{"host":"5jrzbyi7mr38r3qm","time":1607869729,"event":{"mods":["Abigail Mod","AchievementEnabler","Aspiration","Astrologer","Bard","Bartender","BaseMod","BetterRewards","Colored Map","Colored Powertips","Conspire","Downfall","Friendly Minions","GifTheSpireLib","Gold Saver","Halation","Hermit","Hubris","Jedi Mod","Jorbs\u0027s Wanderer Trilogy","Kiyohime????","Koishi","Mad Scientist","Magitek Elite","Marisa????????","Minty Spire (QoL Compilation)","Nova Terra(??·??)","Prisma Mod","READ ME - Guardian Mod","Rare Cards Sparkle","Relic Stats","Remilia??????","RumiaBox-????????","Shop Mod","Small Relic Pack","Spikes Relics","StSLib","Stuff the Spire","Td1madao Mod","The Administrix","The Alterego","The Animator","The Blackbeard","The Bug Knight","The Cursed","The Disciple","The Forsaken","The Gatherer","The Hierophant","The Mystic","The Necromancer","The Poker Player","The Runesmith","The Sage","The Showman","The Valiant","The Witch","TheBandit","TheSwordswoman","vexMod"],"gold_per_floor":[736,754,771,771,339,363,463,502,549,593,618,618,618,673,673,802,802,820,833,833,847,615,615,496,537,587,587,587,587,603,626,626,750,750,775,675,463,463],"floor_reached":37,"playtime":3220,"items_purged":["TheCursedMod:Strike_TheCursed","TheCursedMod:SmokeScreen","TheCursedMod:Strike_TheCursed"],"score":447,"play_id":"767d0a50-0179-421e-aef9-453ec34712a5","local_time":"20201213142849","is_ascension_mode":false,"campfire_choices":[{"data":"TheCursedMod:Grudge","floor":13,"key":"SMITH"},{"data":"TheCursedMod:SpitefulPlan","floor":15,"key":"SMITH"},{"data":"TheCursedMod:AntiAging","floor":23,"key":"SMITH"},{"floor":29,"key":"REST"},{"data":"TheCursedMod:ForbiddenAlchemy","floor":32,"key":"SMITH"}],"circlet_count":0,"master_deck":["TheCursedMod:Strike_TheCursed","TheCursedMod:Strike_TheCursed","TheCursedMod:Defend_TheCursed","TheCursedMod:Defend_TheCursed","TheCursedMod:Defend_TheCursed","TheCursedMod:Defend_TheCursed","TheCursedMod:CursedWand","TheCursedMod:CleanUpWorkshop","TheCursedMod:Dregs","TheCursedMod:SpitefulPlan+1","TheCursedMod:BloodBarrier","TheCursedMod:SpitefulStrike+1","jedi:LeechingStrike","TheCursedMod:HellfireBreathing","TheCursedMod:CursedShiv","TheCursedMod:Grudge+1","TheCursedMod:CursedBoomerang","TheCursedMod:AntiAging+1","TheCursedMod:BloodBarrier","Bandage Up","expansioncontent:CaCaw","Gluttony_TH","TheCursedMod:StunningStrike","TheCursedMod:NeowsMight"],"relics":["TheCursedMod:BlackMagic101","Golden Idol","hubris:OldNail","Cleaning_Rag","Eternal Feather","Nunchaku","Silver_Glasses","Membership Card","Whetstone","Pantograph","hubris:ToyBattleship","TheCursedMod:OminousMark","RollingBoulder","jedi:arcanewood"],"acts_visited":["Exordium","TheCity","TheBeyond"],"potions_floor_usage":[11,16,16,16,16,16,18,18,18,19,21,21,21,21,21,21,21,25,25,30,30,31,31,33,33,33,33,33],"damage_taken":[{"damage":0,"enemies":"2 Louse","floor":1,"turns":3},{"damage":3,"enemies":"Jaw Worm","floor":2,"turns":5},{"damage":6,"enemies":"Cultist","floor":3,"turns":6},{"damage":2,"enemies":"3 Louse","floor":6,"turns":4},{"damage":1,"enemies":"HollowMod:MossKnight","floor":8,"turns":10},{"damage":18,"enemies":"Lagavulin","floor":10,"turns":5},{"damage":5,"enemies":"Looter","floor":11,"turns":3},{"damage":29,"enemies":"Hexaghost","floor":16,"turns":9},{"damage":23,"enemies":"Spheric Guardian","floor":18,"turns":4},{"damage":8,"enemies":"3 Byrds","floor":19,"turns":5},{"damage":28,"enemies":"3 Cultists","floor":21,"turns":6},{"damage":60,"enemies":"Gremlin Leader","floor":25,"turns":10},{"damage":6,"enemies":"Centurion and Healer","floor":30,"turns":6},{"damage":13,"enemies":"Snecko","floor":31,"turns":5},{"damage":65,"enemies":"Champ","floor":33,"turns":11},{"damage":15,"enemies":"Orb Walker","floor":35,"turns":5}],"seed_played":"-9191744825791430137","potions_obtained":[{"floor":3,"key":"Swift Potion"},{"floor":6,"key":"LiquidBronze"},{"floor":10,"key":"SneckoOil"},{"floor":16,"key":"SpeedPotion"},{"floor":25,"key":"Strength Potion"},{"floor":30,"key":"ColorlessPotion"},{"floor":31,"key":"Fruit Juice"},{"floor":33,"key":"jedi:wingpotion"}],"is_trial":false,"path_per_floor":["M","M","M","?","$","M","?","E","T","E","M","?","R","T","R","B",null,"M","M","?","M","$","R","$","E","T","?","?","R","M","M","R","B",null,"M","NS","$"],"character_chosen":"THE_CURSED","items_purchased":["jedi:LeechingStrike","TheCursedMod:HellfireBreathing","TheCursedMod:CursedShiv","TheCursedMod:Grudge","Membership Card","LiquidMemories","Whetstone","expansioncontent:CaCaw","RollingBoulder","jedi:arcanewood"],"campfire_rested":1,"item_purchase_floors":[5,5,5,5,22,22,24,24,37,37],"current_hp_per_floor":[82,79,73,53,53,57,57,62,62,46,47,47,59,59,71,48,82,67,67,55,39,39,51,51,2,2,17,17,63,69,77,92,61,117,110,110,110,110],"gold":463,"neow_bonus":"TEN_PERCENT_HP_BONUS","is_daily":false,"chose_seed":false,"campfire_upgraded":4,"win_rate":0.0,"timestamp":1607869729,"path_taken":["M","M","M","?","$","M","?","E","T","E","?","?","R","?","R","BOSS","M","M","?","?","$","R","?","E","T","?","?","R","?","M","R","BOSS","M","NS","$"],"items_purchased_type":["Card","Card","Card","Card","Relic","Potion","Relic","Card","Relic","Relic"],"build_version":"2020-11-30","purchased_purges":3,"victory":false,"max_hp_per_floor":[82,82,82,82,82,82,82,82,82,82,82,82,82,82,82,82,82,84,86,86,88,88,88,88,91,91,106,106,106,106,114,114,117,117,120,120,120,120],"relic_stats":{"Nunchaku":[16],"counters":[16,97],"Golden Idol":109,"Pantograph":22,"Eternal Feather":66,"Whetstone":["TheCursedMod:SpitefulStrike","TheCursedMod:SurpriseAttack"],"obtain_stats":[{"TheCursedMod:BlackMagic101":0,"Golden Idol":4,"Eternal Feather":10,"Whetstone":24,"Cleaning_Rag":9,"Silver_Glasses":17,"Nunchaku":14,"TheCursedMod:OminousMark":34,"Pantograph":25,"RollingBoulder":37,"hubris:ToyBattleship":26,"Membership Card":22,"jedi:arcanewood":37,"hubris:OldNail":8},{"TheCursedMod:BlackMagic101":0,"Golden Idol":3,"Eternal Feather":6,"Whetstone":11,"Cleaning_Rag":5,"Silver_Glasses":8,"Nunchaku":7,"TheCursedMod:OminousMark":15,"Pantograph":12,"RollingBoulder":16,"hubris:ToyBattleship":12,"Membership Card":11,"jedi:arcanewood":16,"hubris:OldNail":5},{"TheCursedMod:BlackMagic101":0,"Golden Idol":14,"Eternal Feather":33,"Whetstone":60,"Cleaning_Rag":28,"Silver_Glasses":45,"Nunchaku":36,"TheCursedMod:OminousMark":92,"Pantograph":70,"RollingBoulder":97,"hubris:ToyBattleship":70,"Membership Card":60,"jedi:arcanewood":97,"hubris:OldNail":28}]},"card_choices":[{"not_picked":["TheCursedMod:Torture","TheCursedMod:Obscuration"],"picked":"TheCursedMod:SpitefulPlan","floor":1},{"not_picked":["TheCursedMod:CursedAmulet","TheCursedMod:VitalStrike"],"picked":"TheCursedMod:BloodBarrier","floor":2},{"not_picked":["TheCursedMod:SoulCrush","TheCursedMod:CircleOfCorruption"],"picked":"TheCursedMod:SpitefulStrike","floor":3},{"not_picked":["TheCursedMod:CursedStaff","TheCursedMod:EmpowerCircles"],"picked":"TheCursedMod:CursedBoomerang","floor":6},{"not_picked":["TheCursedMod:CursedBlade","TheCursedMod:CircleOfAbyss"],"picked":"TheCursedMod:SurpriseAttack","floor":8},{"not_picked":["TheCursedMod:Obscuration","TheCursedMod:WearCloak"],"picked":"TheCursedMod:ForbiddenAlchemy","floor":10},{"not_picked":["TheCursedMod:CursedStaff","TheCursedMod:CursedBlade"],"picked":"TheCursedMod:SmokeScreen","floor":11},{"not_picked":["TheCursedMod:CursedRelics","TheCursedMod:Neurasthenia"],"picked":"TheCursedMod:AntiAging","floor":16},{"not_picked":["TheCursedMod:CursedStaff","TheCursedMod:WearCloak","TheCursedMod:TacticalStrike"],"picked":"SKIP","floor":18},{"not_picked":["TheCursedMod:CursedShiv+1","TheCursedMod:CircleOfAmplification"],"picked":"TheCursedMod:BloodBarrier","floor":19},{"not_picked":["TheCursedMod:AshesToAshes","TheCursedMod:CursedAmulet","TheCursedMod:SmokeScreen"],"picked":"SKIP","floor":21},{"not_picked":["TheCursedMod:CursedMace","TheCursedMod:CircleOfCorruption","TheCursedMod:CursedStaff"],"picked":"SKIP","floor":25},{"not_picked":["TheCursedMod:RapidMovement","TheCursedMod:Hemoplague"],"picked":"TheCursedMod:StunningStrike","floor":30},{"not_picked":["TheCursedMod:VitalStrike","TheCursedMod:CircleOfFlame+1","TheCursedMod:Stretching"],"picked":"SKIP","floor":31},{"not_picked":["TheCursedMod:ForbiddenAlchemy","TheCursedMod:ShockAndAwe"],"picked":"TheCursedMod:NeowsMight","floor":33},{"not_picked":["TheCursedMod:CircleOfCorruption+1","TheCursedMod:SmokeScreen","TheCursedMod:Obscuration"],"picked":"SKIP","floor":35}],"player_experience":447266,"relics_obtained":[{"floor":8,"key":"hubris:OldNail"},{"floor":9,"key":"Cleaning_Rag"},{"floor":10,"key":"Eternal Feather"},{"floor":14,"key":"Nunchaku"},{"floor":25,"key":"Pantograph"},{"floor":26,"key":"hubris:ToyBattleship"}],"event_choices":[{"damage_healed":0,"gold_gain":0,"player_choice":"Take Damage","damage_taken":20,"relics_obtained":["Golden Idol"],"max_hp_gain":0,"max_hp_loss":0,"event_name":"Golden Idol","floor":4,"gold_loss":0},{"damage_healed":0,"gold_gain":100,"player_choice":"Pray","damage_taken":0,"max_hp_gain":0,"max_hp_loss":0,"event_name":"Golden Shrine","floor":7,"gold_loss":0},{"damage_healed":0,"gold_gain":0,"player_choice":"Leave","damage_taken":0,"max_hp_gain":0,"max_hp_loss":0,"event_name":"conspire:Investor","floor":12,"gold_loss":0},{"damage_healed":0,"gold_gain":0,"player_choice":"CARD ","damage_taken":12,"max_hp_gain":0,"max_hp_loss":0,"event_name":"Knowing Skull","floor":20,"potions_obtained":[],"gold_loss":0,"cards_obtained":["Bandage Up"]}],"is_beta":false,"boss_relics":[{"not_picked":["jedi:battlestandard","vexMod:RockOfEvil"],"picked":"Silver_Glasses"},{"not_picked":["vexMod:CursedCompass","Runic Dome"],"picked":"TheCursedMod:OminousMark"}],"items_purged_floors":[5,22,37],"is_endless":false,"potions_floor_spawned":[3,6,10,16,19,25,30,31,33],"ascension_level":0}}