{"host":"kos1s9q8ffr8fqos","time":1607824057,"event":{"mods":["2.2 Compatiblity","AchievementEnabler","AlwaysNeverKeys","Astrologer","BaseMod","Bestiary","Better Altar","Better Match","Better Note","Better Sensory Stone","Better Skull","Better Third Choice","Better Vampires","Colored Map","Colored Powertips","Curses Come First","Hermit","Infinite Spire","Jorbs\u0027s Wanderer Trilogy","Minty Spire (QoL Compilation)","Quick Restart","Random Character Button","Relic Stats","Shop Mod","StSLib","The Blue Laboratory","The Disciple","The Hierophant"],"gold_per_floor":[113,113,38,38,38,64,82,82,82,102,114,132,159,159,171,183,183],"floor_reached":16,"playtime":504,"items_purged":["Regret"],"score":270,"play_id":"94482f13-2b35-4bb7-90b3-78f0f588a524","local_time":"20201212194737","is_ascension_mode":true,"campfire_choices":[{"data":"Conserve Battery","floor":8,"key":"SMITH"},{"floor":15,"key":"REST"},{"data":"Dualcast","floor":15,"key":"SMITH"}],"circlet_count":0,"master_deck":["AscendersBane","Strike_B+1","Strike_B","Strike_B+1","Strike_B","Defend_B","Defend_B","Defend_B","Defend_B","Zap+1","Dualcast+1","Leap","Storm","Conserve Battery+1","Amplify","Force Field"],"relics":["Cracked Core","NeowsBlessing","infinitespire:Magic Flask","Centennial Puzzle","Whetstone","Bottled Tornado","Turnip","MawBank"],"acts_visited":["Exordium"],"potions_floor_usage":[13,13],"damage_taken":[{"damage":0,"enemies":"Cultist","floor":1,"turns":1},{"damage":0,"enemies":"Gremlin Nob","floor":6,"turns":1},{"damage":0,"enemies":"2 Louse","floor":7,"turns":1},{"damage":8,"enemies":"Small Slimes","floor":10,"turns":4},{"damage":0,"enemies":"Red Slaver","floor":11,"turns":4},{"damage":8,"enemies":"3 Louse","floor":12,"turns":4},{"damage":16,"enemies":"Lagavulin","floor":13,"turns":7},{"damage":48,"enemies":"The Guardian","floor":16,"turns":14}],"seed_played":"7206552004262544376","potions_obtained":[{"floor":11,"key":"blueLaboratory:SystemWipe"},{"floor":12,"key":"blueLaboratory:BiasPotion"},{"floor":13,"key":"blueLaboratory:PyrophylliteBrew"}],"is_trial":false,"path_per_floor":["M","?","$","?","?","E","M","R","T","M","M","M","E","?","R","B"],"character_chosen":"DEFECT","items_purchased":[],"campfire_rested":1,"item_purchase_floors":[],"current_hp_per_floor":[64,64,64,59,59,59,59,59,59,51,51,43,27,27,48,0,0],"gold":183,"neow_bonus":"THREE_ENEMY_KILL","is_daily":false,"chose_seed":false,"campfire_upgraded":2,"win_rate":0.0,"timestamp":1607824057,"path_taken":["M","?","$","?","?","E","M","R","T","M","?","M","E","?","R","BOSS"],"items_purchased_type":[],"build_version":"2020-11-30","purchased_purges":1,"victory":false,"max_hp_per_floor":[71,71,71,71,71,71,71,71,71,71,71,71,71,71,71,71,71],"relic_stats":{"Centennial Puzzle":[12],"counters":[8,36],"Turnip":[0],"Whetstone":["Strike_B","Strike_B"],"MawBank":24,"obtain_stats":[{"Centennial Puzzle":4,"NeowsBlessing":0,"Turnip":13,"infinitespire:Magic Flask":2,"Whetstone":6,"Bottled Tornado":9,"Cracked Core":0,"MawBank":14},{"Centennial Puzzle":1,"NeowsBlessing":0,"Turnip":7,"infinitespire:Magic Flask":1,"Whetstone":2,"Bottled Tornado":3,"Cracked Core":0,"MawBank":7},{"Centennial Puzzle":1,"NeowsBlessing":0,"Turnip":22,"infinitespire:Magic Flask":1,"Whetstone":2,"Bottled Tornado":3,"Cracked Core":0,"MawBank":22}]},"card_choices":[{"not_picked":["Heatsinks","Turbo"],"picked":"Leap","floor":1},{"not_picked":["Force Field","Streamline"],"picked":"Storm","floor":6},{"not_picked":["Coolheaded","Beam Cell"],"picked":"Conserve Battery","floor":7},{"not_picked":["Stack","Compile Driver","Go for the Eyes"],"picked":"SKIP","floor":10},{"not_picked":["Compile Driver","Redo"],"picked":"Amplify","floor":11},{"not_picked":["Sunder","Coolheaded","Gash"],"picked":"SKIP","floor":12},{"not_picked":["Sweeping Beam","Rebound"],"picked":"Force Field","floor":13}],"player_experience":1215886,"relics_obtained":[{"floor":6,"key":"Whetstone"},{"floor":9,"key":"Bottled Tornado"},{"floor":13,"key":"Turnip"},{"floor":14,"key":"MawBank"}],"event_choices":[{"damage_healed":0,"gold_gain":0,"player_choice":"Box","damage_taken":0,"relics_obtained":["infinitespire:Magic Flask"],"max_hp_gain":0,"max_hp_loss":0,"event_name":"Big Fish","floor":2,"gold_loss":0,"cards_obtained":["Regret"]},{"damage_healed":0,"gold_gain":0,"player_choice":"Relic ","damage_taken":5,"max_hp_gain":0,"max_hp_loss":0,"event_name":"betterThird:BetterScrap","floor":4,"gold_loss":0,"cards_obtained":["Flechettes"]},{"damage_healed":0,"gold_gain":0,"player_choice":"Upgraded","damage_taken":0,"max_hp_gain":0,"max_hp_loss":0,"event_name":"Upgrade Shrine","floor":5,"gold_loss":0,"cards_upgraded":["Zap"]}],"is_beta":false,"boss_relics":[],"items_purged_floors":[3],"is_endless":false,"potions_floor_spawned":[11,12,13],"killed_by":"The Guardian","ascension_level":20}}