{"host":"mszes4kzl3qk0fcx","time":1607826326,"event":{"mods":["BaseMod","Minty Spire (QoL Compilation)","StSLib","The Administrix","The Animator"],"gold_per_floor":[128,143,114,139,139,139,34,64,133,133,133],"floor_reached":10,"playtime":834,"items_purged":[],"score":69,"play_id":"7c663c7e-e358-4245-8d70-67c9a8c28648","local_time":"20201212212526","is_ascension_mode":true,"campfire_choices":[{"floor":6,"key":"RECALL"}],"circlet_count":0,"master_deck":["animator:Strike_Overlord","animator:Defend_Overlord","animator:Strike","animator:Strike","animator:Strike","animator:Defend","animator:Defend","animator:Defend","animator:Cocytus","animator:Demiurge","animator:Viivi","animator:Evileye","animator:Evileye","animator:Arpeggio","animator:Shalltear"],"relics":["animator:TheMissingPiece","animator:PurgingStone","Fusion Hammer","Omamori","Paper Frog"],"acts_visited":["Exordium"],"potions_floor_usage":[8,8],"damage_taken":[{"damage":3,"enemies":"Jaw Worm","floor":1,"turns":4},{"damage":0,"enemies":"2 Louse","floor":2,"turns":3},{"damage":0,"enemies":"Cultist","floor":4,"turns":3},{"damage":36,"enemies":"3 Sentries","floor":8,"turns":13},{"damage":31,"enemies":"Lagavulin","floor":10,"turns":5}],"seed_played":"674787089491112658","potions_obtained":[{"floor":2,"key":"animator:FalseLifePotion"},{"floor":4,"key":"Dexterity Potion"}],"is_trial":false,"path_per_floor":["M","M","?","M","?","R","$","E","T","E"],"character_chosen":"THE_ANIMATOR","items_purchased":["animator:Evileye","animator:Arpeggio"],"campfire_rested":0,"item_purchase_floors":[7,7],"current_hp_per_floor":[63,63,63,63,63,63,63,28,28,0,0],"gold":133,"neow_bonus":"BOSS_RELIC","is_daily":false,"chose_seed":false,"campfire_upgraded":0,"win_rate":0.0,"timestamp":1607826326,"path_taken":["M","M","?","M","?","R","?","E","T","E"],"items_purchased_type":["Card","Card"],"build_version":"2020-11-30","purchased_purges":0,"victory":false,"max_hp_per_floor":[66,66,66,66,66,66,66,67,67,67,67],"card_choices":[{"not_picked":["animator:Alexander","animator:Yoichi"],"picked":"animator:Viivi","floor":1},{"not_picked":["animator:Rider","animator:Shinoa","animator:LeleiLaLalena"],"picked":"SKIP","floor":2},{"not_picked":["animator:Caster","animator:Elesis"],"picked":"animator:Evileye","floor":4},{"not_picked":["animator:Demiurge","animator:Entoma"],"picked":"animator:Shalltear","floor":8}],"player_experience":494755,"relics_obtained":[{"floor":8,"key":"Omamori"},{"floor":9,"key":"Paper Frog"}],"event_choices":[{"damage_healed":0,"gold_gain":0,"player_choice":"Left Gold","damage_taken":0,"max_hp_gain":0,"max_hp_loss":0,"event_name":"World of Goop","floor":3,"gold_loss":29},{"damage_healed":0,"gold_gain":0,"player_choice":"Leave","damage_taken":0,"max_hp_gain":0,"max_hp_loss":0,"event_name":"The Cleric","floor":5,"gold_loss":0}],"is_beta":false,"boss_relics":[],"items_purged_floors":[],"is_endless":false,"potions_floor_spawned":[2,4],"killed_by":"Lagavulin","ascension_level":1}}