{"host":"oumbqh1z6oj8ya5w","time":1607899515,"event":{"mods":["A Magickal Journey","AchievementEnabler","Act Like it!","Aspiration","Astrologer","BaseMod","Better Note","Conjunction","Gensokyo","Googly Eyes","Hallownest","Hyrulean Relics","Jedi Mod","Koishi","Marisa????????","Minty Spire (QoL Compilation)","Pale of the Ancients","Rare Cards Sparkle","Reimu??????","SCP261 Mod","SacredBarkPlus","StSLib","The Bladedancer","The Blue Laboratory","The Bug Knight","The Death Knight","The Forsaken","The Servant 0.9.4","The Spell Scribe","Uncapped"],"gold_per_floor":[110,125,125,138,149,174,174,31,31,31,43,43,76,42,42,42,42],"floor_reached":16,"playtime":629,"items_purged":[],"score":128,"play_id":"e976652a-9555-4597-8933-a911b00f69f3","local_time":"20201213224515","is_ascension_mode":true,"campfire_choices":[{"floor":7,"key":"REST"},{"data":"Potential","floor":12,"key":"SMITH"},{"floor":15,"key":"REST"}],"circlet_count":0,"master_deck":["Strike_S","Strike_S","Strike_S","Strike_S","Defend_S","Defend_S","Defend_S","Defend_S","KidneyShot","Exchange","Defy","Potential+1","TimeWarp","SoulSculpture","Alleviate","MoonPhase","Sabotage","RealityMarble"],"relics":["Uniform","NeowsBlessing","Bronze Scales","Boot","WingedGreaves","Mummified Hand"],"acts_visited":["Exordium"],"potions_floor_usage":[16],"damage_taken":[{"damage":0,"enemies":"Gensokyo:3_Fairies","floor":1,"turns":1},{"damage":0,"enemies":"Gensokyo:2_Kodama","floor":2,"turns":1},{"damage":0,"enemies":"Gensokyo:Gryphon","floor":4,"turns":1},{"damage":21,"enemies":"Gensokyo:LivingMonolith","floor":5,"turns":4},{"damage":31,"enemies":"Gensokyo:Mamizou","floor":6,"turns":9},{"damage":2,"enemies":"Gensokyo:Python_and_Kodama","floor":11,"turns":4},{"damage":16,"enemies":"Gensokyo:Cirno","floor":13,"turns":7},{"damage":61,"enemies":"Gensokyo:Reimu","floor":16,"turns":12}],"seed_played":"462724451975890326","potions_obtained":[{"floor":6,"key":"blueLaboratory:HorrorPotion"},{"floor":11,"key":"blueLaboratory:ImpenetrablePotion"},{"floor":13,"key":"blueLaboratory:PhilterOfMotion"}],"is_trial":false,"path_per_floor":["M","M","$","M","M","E","R","$","T","?","M","R","E","$","R","B"],"character_chosen":"THE_SERVANT","items_purchased":["Boot","RealityMarble"],"campfire_rested":2,"item_purchase_floors":[8,14],"current_hp_per_floor":[65,65,65,65,44,13,32,32,32,52,50,50,34,34,53,0,0],"gold":42,"neow_bonus":"THREE_ENEMY_KILL","is_daily":false,"chose_seed":false,"campfire_upgraded":1,"win_rate":0.0,"timestamp":1607899515,"path_taken":["M","M","?","M","?","E","R","$","T","?","M","R","E","?","R","BOSS"],"items_purchased_type":["Relic","Card"],"build_version":"2020-11-30","purchased_purges":0,"victory":false,"max_hp_per_floor":[65,65,65,65,65,65,65,65,65,65,65,65,65,65,65,65,65],"card_choices":[{"not_picked":["Revamp","Unruled"],"picked":"Defy","floor":1},{"not_picked":["RealityMarble","Defy"],"picked":"Potential","floor":2},{"not_picked":["Defy","Potential"],"picked":"TimeWarp","floor":4},{"not_picked":["StarChef","WasteNot"],"picked":"SoulSculpture","floor":5},{"not_picked":["TimeTheft","Hightail"],"picked":"Alleviate","floor":6},{"not_picked":["Read","Defy"],"picked":"MoonPhase","floor":11},{"not_picked":["Collapse","Replace"],"picked":"Sabotage","floor":13}],"player_experience":583826,"relics_obtained":[{"floor":6,"key":"Bronze Scales"},{"floor":9,"key":"WingedGreaves"},{"floor":13,"key":"Mummified Hand"}],"event_choices":[],"is_beta":false,"boss_relics":[],"items_purged_floors":[],"is_endless":false,"potions_floor_spawned":[6,11,13],"killed_by":"Gensokyo:Reimu","ascension_level":4}}