{"host":"p7j7o00jacnw7qzt","time":1607880485,"event":{"mods":["BaseMod","Colored Map","Colored Powertips","DeckTracker","Highlight Path","Minty Spire (QoL Compilation)","Relic Stats"],"gold_per_floor":[109,69,81,6,6,6,38,50,50,50,50,81,81,99,99,173,173,186,236,253,128,147,175,175,175,175,175,9,9,9,19,19,19,19],"floor_reached":33,"playtime":968,"items_purged":["Strike_G","Strike_G"],"score":592,"play_id":"de4c1804-05c0-498f-96d3-245f54e38dd9","local_time":"20201213122805","is_ascension_mode":true,"campfire_choices":[{"data":"Neutralize","floor":6.0,"key":"SMITH"},{"data":"Bouncing Flask","floor":13.0,"key":"SMITH"},{"data":"Catalyst","floor":15.0,"key":"SMITH"},{"data":"Blade Dance","floor":24,"key":"SMITH"},{"floor":27,"key":"REST"},{"data":"Blade Dance","floor":32,"key":"SMITH"}],"circlet_count":0,"master_deck":["AscendersBane","Strike_G","Strike_G","Strike_G","Defend_G","Defend_G","Defend_G","Defend_G","Defend_G","Survivor","Neutralize+1","Bouncing Flask+1","Backflip","Catalyst+1","Bullet Time","Blade Dance+1","Accuracy+1","Blade Dance+1","Escape Plan","Envenom"],"relics":["Ring of the Snake","NeowsBlessing","HornCleat","Mummified Hand","Paper Crane","Sozu","Potion Belt","Enchiridion","Dream Catcher","Medical Kit"],"acts_visited":["Exordium","TheCity"],"potions_floor_usage":[23],"damage_taken":[{"damage":0.0,"enemies":"Jaw Worm","floor":1.0,"turns":1.0},{"damage":0.0,"enemies":"Cultist","floor":3.0,"turns":1.0},{"damage":0.0,"enemies":"Gremlin Nob","floor":7.0,"turns":1.0},{"damage":0.0,"enemies":"2 Louse","floor":8.0,"turns":3.0},{"damage":24.0,"enemies":"Lagavulin","floor":12.0,"turns":7.0},{"damage":1.0,"enemies":"Looter","floor":14.0,"turns":3.0},{"damage":1.0,"enemies":"Hexaghost","floor":16.0,"turns":8.0},{"damage":0,"enemies":"Spheric Guardian","floor":18,"turns":4},{"damage":2,"enemies":"Shell Parasite","floor":20,"turns":2},{"damage":16,"enemies":"Shelled Parasite and Fungi","floor":22,"turns":4},{"damage":5,"enemies":"Book of Stabbing","floor":23,"turns":4},{"damage":7,"enemies":"Sentry and Sphere","floor":31,"turns":5},{"damage":65,"enemies":"Automaton","floor":33,"turns":6}],"seed_played":"-2174357166304388344","potions_obtained":[{"floor":1.0,"key":"SkillPotion"},{"floor":2.0,"key":"Fruit Juice"},{"floor":2.0,"key":"AttackPotion"},{"floor":14.0,"key":"BlessingOfTheForge"},{"floor":16.0,"key":"Dexterity Potion"}],"is_trial":false,"path_per_floor":["M","?","M","$","?","R","E","M","T","?","$","E","R","M","R","B",null,"M","?","M","$","M","E","R","?","T","R","$","T","?","M","R","B"],"character_chosen":"THE_SILENT","items_purchased":["Blade Dance","Medical Kit"],"campfire_rested":1,"item_purchase_floors":[21,28],"current_hp_per_floor":[59,64,64,64,64,64,64,64,64,64,64,40,40,39,39,38,63,63,63,61,61,45,40,40,19,19,40,40,40,20,13,13,0,0],"gold":19,"neow_bonus":"THREE_ENEMY_KILL","is_daily":false,"chose_seed":false,"campfire_upgraded":5,"win_rate":0.0,"timestamp":1607880485,"path_taken":["M","?","?","$","?","R","E","M","T","?","?","E","R","M","R","BOSS","M","?","M","$","M","E","R","?","T","R","$","?","?","M","R","BOSS"],"items_purchased_type":["Card","Relic"],"build_version":"2020-11-30","purchased_purges":2,"victory":false,"max_hp_per_floor":[66,71,71,71,71,71,71,71,71,71,71,71,71,71,71,71,71,71,71,71,71,71,71,71,71,71,71,71,71,76,76,76,76,76],"relic_stats":{"Sozu":2,"Dream Catcher":1,"counters":[13,49],"Mummified Hand":[8],"Medical Kit":[0],"obtain_stats":[{"Sozu":17,"Potion Belt":23,"Dream Catcher":26,"HornCleat":7,"NeowsBlessing":0,"Mummified Hand":9,"Enchiridion":25,"Paper Crane":12,"Medical Kit":28,"Ring of the Snake":0},{"Sozu":7,"Potion Belt":11,"Dream Catcher":11,"HornCleat":3,"NeowsBlessing":0,"Mummified Hand":4,"Enchiridion":11,"Paper Crane":5,"Medical Kit":11,"Ring of the Snake":0},{"Sozu":24,"Potion Belt":38,"Dream Catcher":38,"HornCleat":3,"NeowsBlessing":0,"Mummified Hand":6,"Enchiridion":38,"Paper Crane":13,"Medical Kit":38,"Ring of the Snake":0}],"Ring of the Snake":[26]},"card_choices":[{"not_picked":["Underhanded Strike","Bane","Cloak And Dagger"],"picked":"SKIP","floor":1.0},{"not_picked":["Slice","Setup","Cloak And Dagger"],"picked":"SKIP","floor":3.0},{"not_picked":["Concentrate","Adrenaline"],"picked":"Bouncing Flask","floor":7.0},{"not_picked":["Cloak And Dagger","Expertise"],"picked":"Backflip","floor":8.0},{"not_picked":["Dash","Dodge and Roll","Quick Slash"],"picked":"SKIP","floor":12.0},{"not_picked":["Prepared","Dagger Spray"],"picked":"Catalyst","floor":14.0},{"not_picked":["After Image","Phantasmal Killer"],"picked":"Bullet Time","floor":16.0},{"not_picked":["Dodge and Roll","Outmaneuver"],"picked":"Blade Dance","floor":18},{"not_picked":["Flying Knee+1","Dash"],"picked":"Accuracy+1","floor":20},{"not_picked":["Flechettes","Bane"],"picked":"Escape Plan","floor":22},{"not_picked":["Bouncing Flask","Dagger Spray","Eviscerate"],"picked":"SKIP","floor":23},{"not_picked":["Deflect","Sucker Punch"],"picked":"Envenom","floor":27},{"not_picked":["Bouncing Flask","Dagger Throw","Blade Dance"],"picked":"SKIP","floor":31}],"player_experience":831832,"relics_obtained":[{"floor":7.0,"key":"HornCleat"},{"floor":9.0,"key":"Mummified Hand"},{"floor":12.0,"key":"Paper Crane"},{"floor":23,"key":"Potion Belt"},{"floor":25,"key":"Enchiridion"},{"floor":26,"key":"Dream Catcher"}],"event_choices":[{"damage_healed":0.0,"max_hp_gain":0.0,"max_hp_loss":0.0,"gold_gain":0.0,"event_name":"The Woman in Blue","player_choice":"Bought 3 Potions","floor":2.0,"gold_loss":0.0,"damage_taken":0.0},{"damage_healed":0.0,"max_hp_gain":0.0,"max_hp_loss":0.0,"gold_gain":0.0,"event_name":"Liars Game","player_choice":"Ignored","floor":5.0,"gold_loss":0.0,"damage_taken":0.0},{"damage_healed":0.0,"max_hp_gain":0.0,"max_hp_loss":0.0,"gold_gain":0.0,"event_name":"The Cleric","player_choice":"Leave","floor":10.0,"gold_loss":0.0,"damage_taken":0.0},{"damage_healed":0,"gold_gain":50,"player_choice":"Stole From Cult","damage_taken":0,"max_hp_gain":0,"max_hp_loss":0,"event_name":"Nest","floor":19,"gold_loss":0},{"damage_healed":0,"gold_gain":0,"player_choice":"Obtained Book","damage_taken":21,"max_hp_gain":0,"max_hp_loss":0,"event_name":"Cursed Tome","floor":25,"gold_loss":0},{"damage_healed":0,"gold_gain":0,"player_choice":"Shed Blood","damage_taken":25,"max_hp_gain":5,"max_hp_loss":0,"event_name":"Forgotten Altar","floor":30,"gold_loss":0}],"is_beta":false,"boss_relics":[{"not_picked":["Astrolabe","Busted Crown"],"picked":"Sozu"}],"items_purged_floors":[4,21],"is_endless":false,"potions_floor_spawned":[1,7,14,16,18,31],"killed_by":"Automaton","ascension_level":20}}