{"host":"kv06jx36eid0zw4n","time":1607882597,"event":{"mods":["AchievementEnabler","Act Like it!","Aspiration","BaseMod","Beaked The Cultist","Better Note","Better Skull","Better Third Choice","BetterRewards","Block Reminder","CCEM","Colored Map","Conspire","Curses Come First","Dota2Spire","Elementarium","Energized Spire","Friendly Minions","Gensokyo","GifTheSpireLib","Glutton Mod","GungeonMod","Halation","Hallownest","Hermit","Hubris","Infinite Spire","Key Reminder","KomeijiMod","Lobotomy","LobotomyExtend","Menagerie","Mimic Mod","Minty Spire (QoL Compilation)","MostiFishMod","Pale of the Ancients","Quarter Circle Forward PUNCH!","Rare Cards Sparkle","Replay The Spire","RumiaBox-????????","Small Relic Pack","Spicy Shops","StSLib","Stuff the Spire","The Blue Laboratory","The Cursed","The Factory","Trackpad","Uncapped","Wandering Minibosses","[IsaacMod]????","vexMod"],"gold_per_floor":[118,133,18,31,41,72,72,82,116,455,540,540,567,567,567,670,670,681,698,998,998,1009,1009,1035,1051,1051,1051,1064,1082,1094,1104,1119,1119,1119,1214,1214,1225,1225,1200,1218,1218,1248,1248,1278,1301,1301,1311,1331,1366,1366,1366,1466,1466,1466],"floor_reached":53,"playtime":4179,"items_purged":[],"score":1350,"play_id":"ca06399a-0ee6-4960-9a31-27515d90850f","local_time":"20201213190317","is_ascension_mode":true,"campfire_choices":[{"floor":7,"key":"RECALL"},{"data":"MostiFishMod:WinterMarkForm","floor":12,"key":"SMITH"},{"data":"StuffTheSpire:Python","floor":15,"key":"SMITH"},{"floor":23,"key":"REST"},{"data":"MostiFishMod:SpreadingSpore","floor":27,"key":"SMITH"},{"data":"Accuracy","floor":33,"key":"SMITH"},{"data":"hubris:Rewind","floor":43,"key":"SMITH"},{"data":"After Image","floor":46,"key":"SMITH"},{"data":"Flying Knee","floor":51,"key":"SMITH"}],"circlet_count":0,"master_deck":["AscendersBane","Strike_G","Strike_G","Strike_G","Strike_G","Strike_G","Survivor","Neutralize","Dagger Throw","StuffTheSpire:Incantation","StuffTheSpire:Python+1","MostiFishMod:WinterMarkForm+1","StuffTheSpire:ReptileScales","Dagger Spray","Leg Sweep","Backflip","StuffTheSpire:ReptileScales","Hallownest:skillLeafShield","Hallownest:skillLeafShield","Hallownest:skillLeafShield","Hallownest:skillLeafShield","Hallownest:skillLeafShield","MostiFishMod:SpreadingSpore+1","Footwork","StuffTheSpire:ReptileScales","Noxious Fumes","Bane","Choke","Terror","Acrobatics","Caltrops","Trip","Metamorphosis","Noxious Fumes+1","Accuracy+1","Caltrops","Toxin Wave","StuffTheSpire:ReptileScales","Prepared+1","MostiFishMod:FrostNova+1","PiercingWail","DemoMod:Elimentaler","After Image+1","conspire:PoisonWeapons","Blade Dance","hubris:Rewind+1","infinitespire:Oblivion","Bane","Corpse Explosion","StuffTheSpire:MirrorStance","Deadly Poison","Flying Knee+1","Dagger Throw+1","MostiFishMod:Volcan"],"relics":["Ring of the Snake","DaveBox","HushsDoor","FeatherPendant","DeathBook","Tough Bandages","Question Card","LetterFromLob","Dota2Spire:DrumOfEndurance","wanderingMiniBosses:LockLocket","Happy Flower","ImportantClient","aspiration:SecretTechniqueScroll","hubris:NiceRug","infinitespire:PuzzleCube","Quantum Egg","CCEMRelics:HistoryBook","Chameleon Ring","hubris:EmptyBottle","Replay:Bottled Snecko","Tiny Chest","DemoMod:RatBoots","DemoMod:PartiallyEatenCheese","Ring of Chaos","DemoMod:ResourcefulSack","DemoMod:GlassGuonStoneRelic","WristBlade","WingedGreaves","Hallownest:KingsIdolRelic","MagicDraw1","StuffTheSpire:GrapeVine","Ccalipers","Bottled Flame","Philosopher\u0027s Stone"],"acts_visited":["Hallownest:Greenpath","Elementarium:Elementarium","DemoMod:Maze","Hallownest:KingdomsEdge","Menagerie:Menagerie"],"potions_floor_usage":[6,10,16,16,20,20,22,22,24,24,24,28,42,47,49,52],"damage_taken":[{"damage":0,"enemies":"Hallownest:2_Baldur","floor":1,"turns":2},{"damage":0,"enemies":"Hallownest:monsterHuskGuard","floor":2,"turns":3},{"damage":0,"enemies":"2_ Uuma","floor":4,"turns":2},{"damage":0,"enemies":"Hallownest:1_Ooma_and_2_Uuma","floor":5,"turns":1},{"damage":6,"enemies":"Hallownest:eliteVengeflyKing","floor":6,"turns":4},{"damage":0,"enemies":"Hallownest:monsterMossCharger","floor":8,"turns":2},{"damage":0,"enemies":"Hallownest:Guard_and_Warrior","floor":9,"turns":3},{"damage":0,"enemies":"Hallownest:Guard_and_Warrior","floor":10,"turns":13},{"damage":15,"enemies":"Hallownest:eliteMossKnight","floor":13,"turns":3},{"damage":7,"enemies":"Hallownest:BossFalseKnight","floor":16,"turns":3},{"damage":2,"enemies":"Elementarium:Cyclone","floor":18,"turns":3},{"damage":0,"enemies":"Elementarium:2_ELEMENTALS","floor":19,"turns":2},{"damage":74,"enemies":"hubris:Merchant","floor":20,"turns":9},{"damage":8,"enemies":"Elementarium:VoidBeast","floor":22,"turns":1},{"damage":0,"enemies":"Nightmare","floor":24,"turns":4},{"damage":0,"enemies":"Elementarium:Hydrostalker","floor":25,"turns":3},{"damage":0,"enemies":"DemoMod:4_Bullet_Kins","floor":28,"turns":4},{"damage":0,"enemies":"DemoMod:2_Veteran_bullet_kins_and_red_shotgun_kin","floor":29,"turns":2},{"damage":0,"enemies":"DemoMod:Veteran_shot_gun_kin_and_blue_shotgun_kin_with_gunsinger","floor":30,"turns":2},{"damage":0,"enemies":"DemoMod:Red_and_blue_shotgun_kin_with_gunsinger","floor":31,"turns":2},{"damage":10,"enemies":"DemoMod:Veteran_shot_gun_kin_and_blue_shotgun_kin","floor":32,"turns":1},{"damage":12,"enemies":"DemoMod:ResourcefulRat","floor":35,"turns":7},{"damage":0,"enemies":"Hallownest:2_Littles","floor":37,"turns":1},{"damage":0,"enemies":"Hallownest:3_Siblings","floor":40,"turns":1},{"damage":0,"enemies":"Hallownest:eliteCollector","floor":42,"turns":2},{"damage":0,"enemies":"Nightmare","floor":44,"turns":6},{"damage":0,"enemies":"Hallownest:2_Great","floor":47,"turns":1},{"damage":0,"enemies":"Hallownest:Shield_Sturdy","floor":48,"turns":1},{"damage":0,"enemies":"Hallownest:eliteCollector","floor":49,"turns":3},{"damage":0,"enemies":"Hallownest:BossHollowKnight","floor":52,"turns":5}],"seed_played":"7144401280396811983","potions_obtained":[{"floor":2,"key":"blueLaboratory:ArtificerPotion"},{"floor":8,"key":"Fire Potion"},{"floor":10,"key":"Swift Potion"},{"floor":13,"key":"blueLaboratory:FruitPunch"},{"floor":16,"key":"blueLaboratory:BubblePotion"},{"floor":19,"key":"SpeedPotion"},{"floor":20,"key":"Energy Potion"},{"floor":20,"key":"BlessingOfTheForge"},{"floor":22,"key":"PowerPotion"},{"floor":25,"key":"FearPotion"},{"floor":28,"key":"blueLaboratory:EnragingPotion"},{"floor":35,"key":"DemoMod:LeadSkinPotion"},{"floor":42,"key":"blueLaboratory:BottleOfVodka"},{"floor":49,"key":"Explosive Potion"}],"is_trial":false,"path_per_floor":["M","M","$","M","M","E","R","M","MIM","M","?","R","E","?","R","B",null,"M","M","$","?","M","R","NM","M","T","R","M","M","M","M","M","R","B","B",null,"M","AVR","?","M","?","E","R","NM","T","R","M","M","E","T","R","B",null],"character_chosen":"THE_SILENT","items_purchased":["DemoMod:GnawedKey","Footwork"],"campfire_rested":1,"item_purchase_floors":[3,17],"current_hp_per_floor":[63,63,63,63,63,57,57,57,57,57,42,42,27,27,27,22,58,56,56,15,15,7,28,37,41,63,63,69,69,69,69,59,59,59,59,67,67,67,67,67,67,67,67,70,70,70,70,70,70,70,70,70,70,70],"gold":1466,"neow_bonus":"ONE_RARE_RELIC","is_daily":false,"chose_seed":false,"campfire_upgraded":7,"win_rate":0.0,"timestamp":1607882597,"path_taken":["M","M","$","M","M","E","R","M","MIM","M","?","R","E","?","R","BOSS","M","M","$","?","M","R","NM","?","T","R","M","M","M","M","M","R","BOSS","BOSS","M","AVR","?","M","?","E","R","NM","T","R","M","M","E","?","R","BOSS"],"items_purchased_type":["Relic","Card"],"build_version":"2020-11-30","purchased_purges":0,"victory":false,"max_hp_per_floor":[70,70,70,70,70,70,70,70,70,70,70,70,70,70,70,72,70,70,70,70,70,70,70,70,70,70,70,70,70,70,70,70,70,70,70,70,70,70,70,70,70,70,70,70,70,70,70,70,70,70,70,70,70,70],"card_choices":[{"not_picked":[],"picked":"Bomb","floor":0},{"not_picked":["Acrobatics","hubris:TrickCloak"],"picked":"Dagger Throw","floor":1},{"not_picked":["Quick Slash","hubris:Sniper","Prepared"],"picked":"StuffTheSpire:Incantation","floor":2},{"not_picked":["Backflip","Flechettes","StuffTheSpire:Injection"],"picked":"StuffTheSpire:Python","floor":4},{"not_picked":["ReplayTheSpireMod:Shiv Toss","Dagger Throw","Footwork"],"picked":"MostiFishMod:WinterMarkForm","floor":5},{"not_picked":["conspire:PoisonWeapons","Deadly Poison","Quick Slash"],"picked":"StuffTheSpire:ReptileScales","floor":6},{"not_picked":["Flying Knee","Replay:Poison Smokescreen","ReplayTheSpireMod:Shiv Toss"],"picked":"Dagger Spray","floor":8},{"not_picked":["StuffTheSpire:BumpUp","Acrobatics","Dagger Spray"],"picked":"Leg Sweep","floor":9},{"not_picked":["MostiFishMod:HiddenBlade","hubris:TrickCloak","Dodge and Roll"],"picked":"Backflip","floor":10},{"not_picked":["Flying Knee","PiercingWail","Quick Slash"],"picked":"StuffTheSpire:ReptileScales","floor":13},{"not_picked":["ReplayTheSpireMod:From All Sides","Venomology","Storm of Steel"],"picked":"MostiFishMod:SpreadingSpore","floor":16},{"not_picked":["Deadly Poison","Quick Slash","StuffTheSpire:BumpUp+1"],"picked":"StuffTheSpire:ReptileScales","floor":18},{"not_picked":["Quick Slash","Hidden Blade","Well Laid Plans"],"picked":"Noxious Fumes","floor":19},{"not_picked":[],"picked":"Bane","floor":20},{"not_picked":[],"picked":"Choke","floor":20},{"not_picked":[],"picked":"Terror","floor":20},{"not_picked":[],"picked":"Acrobatics","floor":20},{"not_picked":[],"picked":"Caltrops","floor":20},{"not_picked":[],"picked":"Trip","floor":20},{"not_picked":[],"picked":"Metamorphosis","floor":20},{"not_picked":["StuffTheSpire:Python","Dash","MostiFishMod:PoisonShield+1"],"picked":"Noxious Fumes+1","floor":22},{"not_picked":["Cloak And Dagger","Backflip","Bane"],"picked":"Accuracy","floor":24},{"not_picked":["Calculated Gamble","Setup","Cloak And Dagger"],"picked":"Caltrops","floor":25},{"not_picked":["Predator","MostiFishMod:Opportunism","Calculated Gamble+1"],"picked":"Toxin Wave","floor":28},{"not_picked":["Outmaneuver","StuffTheSpire:BumpUp","Dodge and Roll"],"picked":"StuffTheSpire:ReptileScales","floor":29},{"not_picked":["Dodge and Roll","Acrobatics","Blade Dance+1"],"picked":"Prepared+1","floor":30},{"not_picked":["MostiFishMod:PerfectParry","Leg Sweep","Malaise"],"picked":"MostiFishMod:FrostNova+1","floor":31},{"not_picked":["Blade Dance","Dodge and Roll","Sneak Up"],"picked":"PiercingWail","floor":32},{"not_picked":[],"picked":"DemoMod:Elimentaler","floor":35},{"not_picked":["Atom Bomb","Malaise","MostiFishMod:LethalBlade"],"picked":"After Image","floor":35},{"not_picked":["Bane+1","Deadly Poison","Backflip"],"picked":"conspire:PoisonWeapons","floor":36},{"not_picked":["Predator","StuffTheSpire:Repulse+1","hubris:Sniper+1"],"picked":"Blade Dance","floor":37},{"not_picked":["Acrobatics","MostiFishMod:ThornCasing","Deadly Poison"],"picked":"Bane","floor":40},{"not_picked":["Infinite Blades","StuffTheSpire:Repulse","Dodge and Roll"],"picked":"Corpse Explosion","floor":42},{"not_picked":["StuffTheSpire:Injection","Hidden Blade","Dagger Throw+1"],"picked":"StuffTheSpire:MirrorStance","floor":44},{"not_picked":["Skewer","StuffTheSpire:BumpUp","ReplayTheSpireMod:Necrosis"],"picked":"Deadly Poison","floor":47},{"not_picked":["StuffTheSpire:BumpUp+1","Backflip+1","Outmaneuver+1"],"picked":"Flying Knee","floor":48},{"not_picked":["StuffTheSpire:Fury","StuffTheSpire:FinalStruggle","Well Laid Plans"],"picked":"Dagger Throw+1","floor":49},{"not_picked":["Die Die Die","MostiFishMod:Opportunism","MostiFishMod:UniGreen"],"picked":"MostiFishMod:Volcan","floor":52}],"player_experience":1601400,"relics_obtained":[{"floor":1,"key":"Question Card"},{"floor":1,"key":"LetterFromLob"},{"floor":6,"key":"Dota2Spire:DrumOfEndurance"},{"floor":10,"key":"wanderingMiniBosses:LockLocket"},{"floor":13,"key":"Happy Flower"},{"floor":16,"key":"ImportantClient"},{"floor":20,"key":"infinitespire:PuzzleCube"},{"floor":20,"key":"Quantum Egg"},{"floor":20,"key":"CCEMRelics:HistoryBook"},{"floor":20,"key":"Chameleon Ring"},{"floor":20,"key":"hubris:EmptyBottle"},{"floor":20,"key":"Replay:Bottled Snecko"},{"floor":24,"key":"Tiny Chest"},{"floor":36,"key":"DemoMod:RatBoots"},{"floor":36,"key":"DemoMod:PartiallyEatenCheese"},{"floor":36,"key":"Ring of Chaos"},{"floor":36,"key":"DemoMod:ResourcefulSack"},{"floor":42,"key":"MagicDraw1"},{"floor":44,"key":"StuffTheSpire:GrapeVine"},{"floor":45,"key":"Ccalipers"},{"floor":49,"key":"Bottled Flame"}],"event_choices":[],"is_beta":false,"boss_relics":[{"not_picked":["Busted Crown","hubris:CrackedHourglass"],"picked":"aspiration:SecretTechniqueScroll"},{"not_picked":[]},{"not_picked":[]},{"not_picked":["OneHitWonderSystem","trackpad:RiggedDice"],"picked":"Philosopher\u0027s Stone"},{"not_picked":[]}],"items_purged_floors":[],"is_endless":true,"potions_floor_spawned":[2,8,10,13,16,19,22,25,28,31,35,42,49],"ascension_level":12}}