{"host":"ki5kvxn974a96omm","time":1607819457,"event":{"mods":["BaseMod","Better Altar","Better Match","Better Note","Better Sensory Stone","Better Skull","Colored Map","Colored Powertips","Highlight Path","Minty Spire (QoL Compilation)","Random Character Button","Relic Sorter","StSLib"],"gold_per_floor":[114,114,124,124,136,161,161,236,283,296,266,276,13,24,24,102,102,112,112,31,43,43,70,70,98,98,98,111,111,143,21,21,100,100,117,133,52,77,0,0,16,49,75,106,120,155,155,175,175,175,175],"floor_reached":50,"playtime":4191,"items_purged":["Strike_G","Pain"],"score":1142,"play_id":"17029593-e049-4506-a11a-cf39b4778720","local_time":"20201212193057","is_ascension_mode":true,"campfire_choices":[{"floor":7.0,"key":"REST"},{"floor":15.0,"key":"REST"},{"floor":24,"key":"REST"},{"floor":29,"key":"REST"},{"data":"Footwork","floor":32,"key":"SMITH"},{"floor":40,"key":"RECALL"},{"floor":47,"key":"REST"},{"data":"Catalyst","floor":49,"key":"SMITH"}],"circlet_count":0,"master_deck":["AscendersBane","Strike_G","Strike_G","Defend_G","Defend_G","Defend_G","Survivor","Neutralize","Night Terror","Crippling Poison","Eviscerate","Backflip","Deadly Poison","Prepared","PiercingWail","Calculated Gamble","Skewer","Footwork+1","Grand Finale","Backstab+1","Grand Finale+1","Malaise+1","Distraction","Catalyst+1","Dodge and Roll","Ghostly","Ghostly","Ghostly","Prepared+1","Calculated Gamble+1","Dodge and Roll+1","Terror+1","Backflip+1","Corpse Explosion+1","Tactician+1","Heel Hook"],"relics":["Ring of the Snake","Pen Nib","Regal Pillow","TwistedFunnel","Astrolabe","Toxic Egg 2","Matryoshka","Oddly Smooth Stone","Anchor","WarpedTongs","Bottled Flame","Busted Crown","Potion Belt","Red Mask","Letter Opener","Strawberry","Happy Flower","Frozen Egg 2"],"acts_visited":["Exordium","TheCity","TheBeyond"],"potions_floor_usage":[23,33,44,44,50],"damage_taken":[{"damage":2.0,"enemies":"2 Louse","floor":1.0,"turns":6.0},{"damage":0.0,"enemies":"Small Slimes","floor":3.0,"turns":3.0},{"damage":7.0,"enemies":"Cultist","floor":5.0,"turns":4.0},{"damage":44.0,"enemies":"Lagavulin","floor":6.0,"turns":8.0},{"damage":2.0,"enemies":"Red Slaver","floor":10.0,"turns":4.0},{"damage":12.0,"enemies":"Exordium Thugs","floor":12.0,"turns":5.0},{"damage":1.0,"enemies":"Looter","floor":14.0,"turns":3.0},{"damage":18.0,"enemies":"Hexaghost","floor":16.0,"turns":11.0},{"damage":18.0,"enemies":"Spheric Guardian","floor":18.0,"turns":4.0},{"damage":0.0,"enemies":"Shell Parasite","floor":21.0,"turns":7.0},{"damage":37,"enemies":"Gremlin Leader","floor":23,"turns":7},{"damage":16,"enemies":"Slavers","floor":25,"turns":10},{"damage":9,"enemies":"Snake Plant","floor":28,"turns":5},{"damage":9,"enemies":"Book of Stabbing","floor":30,"turns":7},{"damage":15,"enemies":"Champ","floor":33,"turns":6},{"damage":1,"enemies":"Orb Walker","floor":35,"turns":3},{"damage":0,"enemies":"3 Darklings","floor":36,"turns":2},{"damage":0,"enemies":"Transient","floor":41,"turns":5},{"damage":0,"enemies":"Nemesis","floor":42,"turns":7},{"damage":2,"enemies":"Reptomancer","floor":44,"turns":6},{"damage":0,"enemies":"4 Shapes","floor":45,"turns":4},{"damage":18,"enemies":"Giant Head","floor":46,"turns":9},{"damage":0,"enemies":"Sphere and 2 Shapes","floor":48,"turns":4},{"damage":51,"enemies":"Time Eater","floor":50,"turns":13}],"seed_played":"8981587460946248601","potions_obtained":[{"floor":5.0,"key":"LiquidMemories"},{"floor":11.0,"key":"ColorlessPotion"},{"floor":11.0,"key":"Fruit Juice"},{"floor":12.0,"key":"Explosive Potion"},{"floor":14.0,"key":"PowerPotion"},{"floor":16.0,"key":"SteroidPotion"},{"floor":19.0,"key":"Block Potion"},{"floor":25,"key":"CunningPotion"},{"floor":28,"key":"FearPotion"},{"floor":35,"key":"Weak Potion"},{"floor":41,"key":"Weak Potion"},{"floor":42,"key":"BlessingOfTheForge"}],"is_trial":false,"path_per_floor":["M","?","M","?","M","E","R","?","T","M","?","M","$","M","R","B",null,"M","?","$","M","?","E","R","E","T","?","M","R","E","$","R","B",null,"M","M","$","T","?","R","M","E","T","E","M","E","R","M","R","B"],"character_chosen":"THE_SILENT","items_purchased":["TwistedFunnel","Skewer","Catalyst","Backflip+1","Tactician+1"],"campfire_rested":5,"item_purchase_floors":[13,13,20,31,37],"current_hp_per_floor":[57,57,57,62,55,11,32,21,21,19,19,7,7,11,48,30,65,47,47,47,47,38,1,27,11,11,11,2,28,19,19,19,4,30,29,29,29,29,29,29,29,29,36,34,34,16,44,44,44,0,0],"gold":175,"neow_bonus":"ONE_RANDOM_RARE_CARD","is_daily":false,"chose_seed":false,"campfire_upgraded":2,"win_rate":0.0,"timestamp":1607819457,"path_taken":["M","?","M","?","M","E","R","?","T","M","?","M","$","?","R","BOSS","M","?","?","M","?","E","R","E","T","?","M","R","E","$","R","BOSS","M","M","$","?","?","R","M","E","T","E","M","E","R","M","R","BOSS"],"items_purchased_type":["Relic","Card","Card","Card","Card"],"build_version":"2020-11-30","purchased_purges":2,"victory":false,"max_hp_per_floor":[66,66,66,71,71,71,71,71,71,71,71,71,71,76,76,76,76,76,76,76,76,38,38,38,38,38,38,38,38,38,38,38,38,38,38,38,38,38,38,38,38,38,45,45,45,45,45,45,45,45,45],"card_choices":[{"not_picked":["Bane","Dagger Throw"],"picked":"Crippling Poison","floor":1.0},{"not_picked":["Bane","Deflect"],"picked":"Backflip","floor":3.0},{"not_picked":["Heel Hook","Underhanded Strike"],"picked":"Deadly Poison","floor":5.0},{"not_picked":["Accuracy","Predator"],"picked":"Prepared","floor":6.0},{"not_picked":["Deadly Poison","Dagger Throw"],"picked":"PiercingWail","floor":10.0},{"not_picked":["Backflip","Backstab"],"picked":"Calculated Gamble","floor":12.0},{"not_picked":["Dagger Spray","Blur"],"picked":"Footwork","floor":14.0},{"not_picked":["Bullet Time","Unload"],"picked":"Grand Finale","floor":16.0},{"not_picked":["Poisoned Stab","Backstab"],"picked":"Distraction","floor":18.0},{"not_picked":["Flying Knee","Deflect"],"picked":"Dodge and Roll","floor":21.0},{"not_picked":["Bouncing Flask+1","Deflect+1"],"picked":"Prepared+1","floor":23},{"not_picked":["Footwork","Deadly Poison+1"],"picked":"Calculated Gamble+1","floor":25},{"not_picked":["Dagger Throw","Deadly Poison+1"],"picked":"Dodge and Roll+1","floor":28},{"not_picked":["Glass Knife","Skewer"],"picked":"Terror+1","floor":30},{"not_picked":["Phantasmal Killer+1","A Thousand Cuts"],"picked":"Corpse Explosion+1","floor":33},{"not_picked":["Deadly Poison+1"],"picked":"SKIP","floor":35},{"not_picked":["Caltrops"],"picked":"SKIP","floor":36},{"not_picked":["Slice"],"picked":"SKIP","floor":41},{"not_picked":["Dagger Throw"],"picked":"SKIP","floor":42},{"not_picked":[],"picked":"Heel Hook","floor":44},{"not_picked":["Bouncing Flask+1"],"picked":"SKIP","floor":45},{"not_picked":["Flying Knee"],"picked":"SKIP","floor":46},{"not_picked":["Outmaneuver+1"],"picked":"SKIP","floor":48}],"player_experience":1597992,"relics_obtained":[{"floor":6.0,"key":"Pen Nib"},{"floor":9.0,"key":"Regal Pillow"},{"floor":23,"key":"Toxic Egg 2"},{"floor":25,"key":"Matryoshka"},{"floor":26,"key":"Oddly Smooth Stone"},{"floor":26,"key":"Anchor"},{"floor":30,"key":"Bottled Flame"},{"floor":38,"key":"Potion Belt"},{"floor":42,"key":"Letter Opener"},{"floor":43,"key":"Strawberry"},{"floor":44,"key":"Happy Flower"},{"floor":46,"key":"Frozen Egg 2"}],"event_choices":[{"damage_healed":0.0,"max_hp_gain":0.0,"max_hp_loss":0.0,"gold_gain":0.0,"cards_transformed":["Defend_G"],"event_name":"Living Wall","player_choice":"Change","floor":2.0,"gold_loss":0.0,"damage_taken":0.0,"cards_obtained":["Eviscerate"]},{"damage_healed":0.0,"max_hp_gain":5.0,"max_hp_loss":0.0,"gold_gain":0.0,"event_name":"Big Fish","player_choice":"Donut","floor":4.0,"gold_loss":0.0,"damage_taken":0.0},{"damage_healed":0.0,"max_hp_gain":0.0,"max_hp_loss":0.0,"gold_gain":75.0,"event_name":"World of Goop","player_choice":"Gather Gold","floor":8.0,"gold_loss":0.0,"damage_taken":11.0},{"damage_healed":0.0,"max_hp_gain":0.0,"max_hp_loss":0.0,"gold_gain":0.0,"event_name":"The Woman in Blue","player_choice":"Bought 2 Potions","floor":11.0,"gold_loss":0.0,"damage_taken":0.0},{"damage_healed":0.0,"max_hp_gain":0.0,"max_hp_loss":0.0,"gold_gain":0.0,"event_name":"Lab","player_choice":"Got Potions","floor":19.0,"gold_loss":0.0,"damage_taken":0.0},{"damage_healed":0.0,"max_hp_gain":0.0,"max_hp_loss":38.0,"gold_gain":0.0,"event_name":"Ghosts","player_choice":"Became a Ghost","floor":22.0,"gold_loss":0.0,"damage_taken":0.0,"cards_obtained":["Ghostly","Ghostly","Ghostly"]},{"damage_healed":0,"gold_gain":0,"player_choice":"Rummage","damage_taken":0,"relics_obtained":["WarpedTongs"],"max_hp_gain":0,"max_hp_loss":0,"event_name":"Accursed Blacksmith","floor":27,"gold_loss":0,"cards_obtained":["Pain"]},{"damage_healed":0,"gold_gain":0,"player_choice":"Paid","damage_taken":0,"relics_obtained":["Red Mask"],"max_hp_gain":0,"max_hp_loss":0,"event_name":"Tomb of Lord Red Mask","floor":39,"gold_loss":77}],"is_beta":false,"boss_relics":[{"not_picked":["SacredBark","Fusion Hammer"],"picked":"Astrolabe"},{"not_picked":["Philosopher\u0027s Stone","Cursed Key"],"picked":"Busted Crown"}],"items_purged_floors":[13,31],"is_endless":false,"potions_floor_spawned":[5,12,14,16,25,28,35,41,42],"killed_by":"Time Eater","ascension_level":15}}