{"host":"dntw6kil9p09eemm","time":1607889508,"event":{"mods":["BaseMod","Colored Powertips","Downfall","Minty Spire (QoL Compilation)","StSLib"],"gold_per_floor":[99,99,115,415,429,449,495,348,198,223,237,237,255,275,285,380,380,380,405,405,405,417,417,417,431,477,511,522,532,532,632,642,739,739,664,674,674,674,674,674,699,699,730,730,740,750,750,800,811,811,811,811,811,811,811],"floor_reached":56,"playtime":472,"items_purged":[],"score":1771,"play_id":"1e4b7ff7-2789-436d-bb4a-b3554614aa36","local_time":"20201214045828","is_ascension_mode":false,"campfire_choices":[{"floor":1.0,"key":"RECALL"},{"floor":9.0,"key":"REST"},{"floor":18.0,"key":"REST"},{"floor":23.0,"key":"REST"},{"floor":35.0,"key":"REST"},{"floor":38.0,"key":"REST"},{"floor":44.0,"key":"REST"},{"floor":54.0,"key":"REST"}],"circlet_count":0,"master_deck":["champ:Strike+1","champ:Strike+1","champ:Strike+1","champ:Strike+1","champ:Defend+1","champ:Defend+1","champ:Defend+1","champ:Defend+1","champ:Taunt"],"relics":["champ:ChampionCrown","Membership Card","downfall:HeartBlessingRed","downfall:HeartBlessingBlue","Whetstone","Molten Egg 2","Happy Flower","Bag of Preparation","downfall:HeartBlessingGreen","Bag of Marbles","Meat on the Bone"],"acts_visited":["Exordium","TheCity","TheBeyond","TheEnding"],"potions_floor_usage":[],"damage_taken":[{"damage":0.0,"enemies":"2 Louse","floor":3.0,"turns":1.0},{"damage":0.0,"enemies":"downfall:FleeingMerchant","floor":4.0,"turns":1.0},{"damage":0.0,"enemies":"Cultist","floor":5.0,"turns":1.0},{"damage":0.0,"enemies":"Jaw Worm","floor":6.0,"turns":1.0},{"damage":0.0,"enemies":"Gremlin Nob","floor":10.0,"turns":1.0},{"damage":0.0,"enemies":"Large Slime","floor":11.0,"turns":1.0},{"damage":0.0,"enemies":"Lots of Slimes","floor":13.0,"turns":1.0},{"damage":0.0,"enemies":"Exordium Thugs","floor":14.0,"turns":1.0},{"damage":0.0,"enemies":"Large Slime","floor":15.0,"turns":1.0},{"damage":0.0,"enemies":"downfall:Silent","floor":16.0,"turns":1.0},{"damage":0.0,"enemies":"Slavers","floor":19.0,"turns":1.0},{"damage":0.0,"enemies":"3 Byrds","floor":22.0,"turns":1.0},{"damage":0.0,"enemies":"Chosen","floor":25.0,"turns":1.0},{"damage":0.0,"enemies":"Gremlin Leader","floor":27.0,"turns":1.0},{"damage":0.0,"enemies":"Snake Plant","floor":28.0,"turns":1.0},{"damage":0.0,"enemies":"Centurion and Healer","floor":29.0,"turns":1.0},{"damage":0.0,"enemies":"Chosen and Byrds","floor":32.0,"turns":1.0},{"damage":0.0,"enemies":"downfall:Ironclad","floor":33.0,"turns":1.0},{"damage":0.0,"enemies":"Orb Walker","floor":36.0,"turns":1.0},{"damage":0.0,"enemies":"3 Darklings","floor":39.0,"turns":1.0},{"damage":0.0,"enemies":"Nemesis","floor":43.0,"turns":1.0},{"damage":0.0,"enemies":"Spire Growth","floor":45.0,"turns":1.0},{"damage":0.0,"enemies":"Jaw Worm Horde","floor":46.0,"turns":1.0},{"damage":0.0,"enemies":"Mind Bloom Boss Battle","floor":48.0,"turns":1.0},{"damage":0.0,"enemies":"Transient","floor":49.0,"turns":1.0},{"damage":0.0,"enemies":"downfall:Defect","floor":50.0,"turns":1.0},{"damage":0.0,"enemies":"downfall:CharBossMerchant","floor":52.0,"turns":1.0},{"damage":0.0,"enemies":"The Guardian","floor":56.0,"turns":1.0}],"seed_played":"6129677225058392560","potions_obtained":[],"is_trial":false,"path_per_floor":["R","?","M","$","M","M","T","$","R","E","M","?","M","M","M","B",null,"R","E","?","?","M","R","T","M","T","E","M","M","?","?","M","B",null,"R","M","?","R","M","?","T","$","E","R","M","M","?","?","M","B",null,"E","$","R","B","M"],"character_chosen":"THE_CHAMP","items_purchased":["Membership Card"],"campfire_rested":7,"item_purchase_floors":[8],"current_hp_per_floor":[99,99,99,99,99,99,99,99,109,109,109,109,109,109,109,109,109,109,109,109,109,109,109,109,109,109,109,109,109,109,109,109,109,109,109,109,109,109,109,109,109,109,109,109,109,109,109,109,109,109,109,109,109,109,109],"gold":821,"neow_bonus":"TEN_PERCENT_HP_BONUS","is_daily":false,"chose_seed":false,"campfire_upgraded":0,"win_rate":0.0,"timestamp":1607889508,"path_taken":["R","?","M","?","M","M","T","$","R","E","M","?","M","M","M","BOSS","R","E","?","?","?","R","T","M","?","E","M","?","?","?","M","BOSS","R","M","?","R","M","?","T","?","E","R","M","M","?","?","M","BOSS","E","$","R","BOSS"],"items_purchased_type":["Relic"],"build_version":"2020-11-30","purchased_purges":0,"victory":true,"max_hp_per_floor":[99,99,99,99,99,99,99,99,109,109,109,109,109,109,109,109,109,109,109,109,109,109,109,109,109,109,109,109,109,109,109,109,109,109,109,109,109,109,109,109,109,109,109,109,109,109,109,109,109,109,109,109,109,109,109],"card_choices":[{"not_picked":["champ:Circumvent","champ:EnGarde","champ:Shatter"],"picked":"SKIP","floor":3.0},{"not_picked":["champ:FaceSlap","champ:BladeFlurry","champ:FocusedBerserking"],"picked":"SKIP","floor":4.0},{"not_picked":["champ:EndlessRage","champ:DefensiveShout","champ:BladeFlurry"],"picked":"SKIP","floor":5.0},{"not_picked":["champ:PreciseThrust","champ:Backstep","champ:FanOfKnives"],"picked":"SKIP","floor":6.0},{"not_picked":["champ:AdrenalArmor","champ:MurderStrike","champ:EnragedBash"],"picked":"SKIP","floor":10.0},{"not_picked":["champ:EnGarde","champ:PerfectedStrike","champ:TornadoPunch"],"picked":"SKIP","floor":11.0},{"not_picked":["champ:FanOfKnives","champ:PerfectedStrike","champ:Encircle"],"picked":"SKIP","floor":13.0},{"not_picked":["champ:Encircle","champ:BringItOn","champ:StanceDance"],"picked":"SKIP","floor":14.0},{"not_picked":["champ:BringItOn","champ:HeartStrike","champ:DefensiveShout"],"picked":"SKIP","floor":15.0},{"not_picked":["champ:IronFortress","champ:BringItOn","champ:RisingSlash"],"picked":"SKIP","floor":19.0},{"not_picked":["champ:GutPunch","champ:StanceDance","champ:DefensiveShout+1"],"picked":"SKIP","floor":22.0},{"not_picked":["champ:FalseCounter","champ:PreciseThrust+1","champ:AdrenalArmor+1"],"picked":"SKIP","floor":25.0},{"not_picked":["champ:Backstep+1","champ:PreciseThrust+1","champ:AdrenalArmor+1"],"picked":"SKIP","floor":27.0},{"not_picked":["champ:PreciseThrust+1","champ:FanOfKnives+1","champ:Circumvent"],"picked":"SKIP","floor":28.0},{"not_picked":["champ:DeathBlow+1","champ:VampiricStrike+1","champ:CrookedStrike+1"],"picked":"SKIP","floor":29.0},{"not_picked":["champ:FanOfKnives+1","champ:StanceDance","champ:CrookedStrike+1"],"picked":"SKIP","floor":32.0},{"not_picked":["champ:RisingSlash+1","champ:CrookedStrike+1","champ:Circumvent"],"picked":"SKIP","floor":36.0},{"not_picked":["champ:FightOn","champ:TornadoPunch+1","champ:FocusedDefense"],"picked":"SKIP","floor":39.0},{"not_picked":["champ:BringItOn+1","champ:IronFortress","champ:Circumvent"],"picked":"SKIP","floor":43.0},{"not_picked":["champ:RecklessLeap+1","champ:BerserkersShout+1","champ:Shatter+1"],"picked":"SKIP","floor":45.0},{"not_picked":["champ:Backstep+1","champ:Duel+1","champ:HoldFirm"],"picked":"SKIP","floor":46.0},{"not_picked":["champ:ArenaPreparation","champ:Backstep+1","champ:FlashCut+1"],"picked":"SKIP","floor":49.0},{"not_picked":["champ:Duel+1","champ:PreciseThrust+1","champ:Devastate+1"],"picked":"SKIP","floor":52.0},{"not_picked":["champ:DefensiveShout","champ:DeathBlow+1","champ:Encircle+1"],"picked":"SKIP","floor":56},{"not_picked":["champ:DefensiveShout","champ:DeathBlow+1","champ:Encircle+1"],"picked":"SKIP","floor":56}],"player_experience":293881,"relics_obtained":[{"floor":19.0,"key":"Whetstone"},{"floor":24.0,"key":"Molten Egg 2"},{"floor":26.0,"key":"Happy Flower"},{"floor":27.0,"key":"Bag of Preparation"},{"floor":41.0,"key":"Bag of Marbles"},{"floor":43.0,"key":"Meat on the Bone"}],"event_choices":[{"damage_healed":0.0,"max_hp_gain":0.0,"max_hp_loss":0.0,"gold_gain":0.0,"event_name":"Transmorgrifier","player_choice":"Ignored","floor":2.0,"gold_loss":0.0,"damage_taken":0.0},{"damage_healed":0.0,"max_hp_gain":0.0,"max_hp_loss":0.0,"gold_gain":0.0,"event_name":"Back to Basics","player_choice":"Simplicity","floor":20.0,"gold_loss":0.0,"damage_taken":0.0,"cards_upgraded":["champ:Strike","champ:Strike","champ:Defend","champ:Defend","champ:Defend","champ:Defend"]},{"damage_healed":0.0,"max_hp_gain":0.0,"max_hp_loss":0.0,"gold_gain":0.0,"event_name":"Upgrade Shrine","player_choice":"Ignored","floor":21.0,"gold_loss":0.0,"damage_taken":0.0},{"cards_removed":["champ:Execute"],"damage_healed":0.0,"max_hp_gain":0.0,"max_hp_loss":0.0,"gold_gain":0.0,"event_name":"Falling","player_choice":"Removed Attack","floor":37.0,"gold_loss":0.0,"damage_taken":0.0}],"is_beta":false,"boss_relics":[{"not_picked":["SacredBark","Fusion Hammer","Empty Cage"]},{"not_picked":["Runic Pyramid","SlaversCollar","Calling Bell"]}],"items_purged_floors":[],"is_endless":false,"potions_floor_spawned":[5,11,13,15,22,29,32,36,39,43,52],"ascension_level":0}}