{"host":"x0ovlu53kkkog8rv","time":1607835154,"event":{"mods":["BaseMod","Colored Map","Minty Spire (QoL Compilation)","Quick Restart","SuperFastMode"],"gold_per_floor":[115,115,126,51,51,51,51,15,40,40,59,72,72,84,84,179,179,189,209,54,54,54,54,66,77,127,226,326,326,336,353,353,453,453,472,472,487,511,511,521,441,451,451,501,518,418,435,116,116,116],"floor_reached":51,"playtime":3959,"items_purged":["Strike_P","DeceiveReality","Vigilance","EmptyBody"],"score":714,"play_id":"54a377a3-8b80-4cc2-a642-db4b540b7262","local_time":"20201213135234","is_ascension_mode":false,"campfire_choices":[{"data":"FearNoEvil","floor":6,"key":"SMITH"},{"floor":10,"key":"REST"},{"data":"Judgement","floor":15,"key":"SMITH"},{"data":"Scrawl","floor":23,"key":"SMITH"},{"data":"Crescendo","floor":29,"key":"SMITH"},{"data":"Crescendo","floor":32,"key":"SMITH"},{"data":"Vault","floor":49,"key":"SMITH"}],"circlet_count":0,"master_deck":["Eruption+1","Judgement+1","FearNoEvil+1","Adaptation+1","Scrawl+1","InnerPeace","Crescendo+1","Crescendo+1","TalkToTheHand+1","Adaptation+1","Vault+1"],"relics":["PureWater","Lizard Tail","Vajra","Pandora\u0027s Box","TheAbacus","Tiny Chest","Unceasing Top","The Courier","Busted Crown","Orichalcum","Bottled Flame","CaptainsWheel","PrismaticShard"],"acts_visited":["Exordium","TheCity","TheBeyond"],"potions_floor_usage":[16,16,50,50],"damage_taken":[{"damage":1,"enemies":"Cultist","floor":1,"turns":4},{"damage":0,"enemies":"2 Louse","floor":3,"turns":1},{"damage":0,"enemies":"Jaw Worm","floor":11,"turns":1},{"damage":2,"enemies":"Looter","floor":12,"turns":2},{"damage":8,"enemies":"Lots of Slimes","floor":14,"turns":3},{"damage":27,"enemies":"Hexaghost","floor":16,"turns":8},{"damage":3,"enemies":"2 Thieves","floor":18,"turns":2},{"damage":5,"enemies":"3 Byrds","floor":19,"turns":3},{"damage":0,"enemies":"Snake Plant","floor":24,"turns":2},{"damage":0,"enemies":"3 Cultists","floor":25,"turns":2},{"damage":1,"enemies":"Colosseum Slavers","floor":28,"turns":2},{"damage":0,"enemies":"Colosseum Nobs","floor":28,"turns":1},{"damage":0,"enemies":"Cultist and Chosen","floor":30,"turns":1},{"damage":0,"enemies":"Centurion and Healer","floor":31,"turns":1},{"damage":0,"enemies":"Automaton","floor":33,"turns":2},{"damage":0,"enemies":"Orb Walker","floor":35,"turns":2},{"damage":0,"enemies":"3 Darklings","floor":37,"turns":1},{"damage":0,"enemies":"Maw","floor":40,"turns":2},{"damage":0,"enemies":"Spire Growth","floor":42,"turns":1},{"damage":0,"enemies":"Mind Bloom Boss Battle","floor":44,"turns":1},{"damage":0,"enemies":"Transient","floor":45,"turns":2},{"damage":0,"enemies":"Maw","floor":47,"turns":1},{"damage":0,"enemies":"Awakened One","floor":50,"turns":3}],"seed_played":"-2666527279514636621","potions_obtained":[{"floor":11,"key":"Fire Potion"},{"floor":12,"key":"Fire Potion"},{"floor":16,"key":"LiquidBronze"},{"floor":24,"key":"LiquidBronze"},{"floor":25,"key":"Ancient Potion"}],"is_trial":false,"path_per_floor":["M","?","M","$","?","R","?","$","T","R","M","M","?","M","R","B",null,"M","M","$","?","$","R","M","M","T","?","?","R","M","M","R","B",null,"M","?","M","T","?","M","$","M","T","?","M","$","M","$","R","B",null],"character_chosen":"WATCHER","items_purchased":["Adaptation","TheAbacus","Swift Potion","PrismaticShard","FearPotion"],"campfire_rested":1,"item_purchase_floors":[8,20,48,48,48],"current_hp_per_floor":[71,57,57,57,54,54,47,47,47,68,68,66,66,58,58,31,72,69,64,64,64,64,64,64,64,64,64,63,63,63,63,63,63,72,72,82,82,82,82,82,82,82,82,82,82,82,82,82,82,82],"gold":116,"neow_bonus":"ONE_RANDOM_RARE_CARD","is_daily":false,"chose_seed":false,"campfire_upgraded":6,"win_rate":0.0,"timestamp":1607835154,"path_taken":["M","?","M","$","?","R","?","$","T","R","?","M","?","M","R","BOSS","M","?","$","?","$","R","M","M","T","?","?","R","M","M","R","BOSS","M","?","M","?","?","M","$","M","T","?","M","$","M","$","R","BOSS"],"items_purchased_type":["Card","Relic","Potion","Relic","Potion"],"build_version":"2020-11-30","purchased_purges":4,"victory":true,"max_hp_per_floor":[72,72,72,72,72,72,72,72,72,72,72,72,72,72,72,72,72,72,72,72,72,72,72,72,72,72,72,72,72,72,72,72,72,72,72,82,82,82,82,82,82,82,82,82,82,82,82,82,82,82],"card_choices":[{"not_picked":["Prostrate","DeceiveReality"],"picked":"FearNoEvil","floor":1},{"not_picked":["CutThroughFate","EmptyFist","SignatureMove"],"picked":"SKIP","floor":3},{"not_picked":["BowlingBash","ThirdEye","InnerPeace"],"picked":"SKIP","floor":11},{"not_picked":["Wallop","ThirdEye","WheelKick"],"picked":"SKIP","floor":12},{"not_picked":["Study","PathToVictory","MasterReality"],"picked":"SKIP","floor":14},{"not_picked":["Brilliance","DeusExMachina"],"picked":"Scrawl","floor":16},{"not_picked":["FlurryOfBlows","EmptyFist+1"],"picked":"TalkToTheHand+1","floor":18},{"not_picked":["FollowUp","Perseverance+1","Wallop+1"],"picked":"SKIP","floor":19},{"not_picked":["Evaluate","CarveReality","EmptyBody"],"picked":"SKIP","floor":24},{"not_picked":["BowlingBash+1","JustLucky+1"],"picked":"Adaptation+1","floor":25},{"not_picked":["Pray+1","Wallop+1","ThirdEye"],"picked":"SKIP","floor":30},{"not_picked":["Study+1","FlyingSleeves+1","CrushJoints+1"],"picked":"SKIP","floor":31},{"not_picked":["DeusExMachina","Establishment"],"picked":"Vault","floor":33},{"not_picked":["ReachHeaven"],"picked":"SKIP","floor":35},{"not_picked":["FollowUp"],"picked":"SKIP","floor":37},{"not_picked":["CrushJoints"],"picked":"SKIP","floor":40},{"not_picked":["Prostrate"],"picked":"SKIP","floor":42},{"not_picked":["Halt"],"picked":"SKIP","floor":45},{"not_picked":["Weave"],"picked":"SKIP","floor":47}],"player_experience":190182,"relics_obtained":[{"floor":9,"key":"Vajra"},{"floor":26,"key":"Tiny Chest"},{"floor":28,"key":"Unceasing Top"},{"floor":28,"key":"The Courier"},{"floor":38,"key":"Orichalcum"},{"floor":43,"key":"Bottled Flame"},{"floor":44,"key":"CaptainsWheel"}],"event_choices":[{"damage_healed":0,"gold_gain":0,"player_choice":"Entered Light","damage_taken":14,"max_hp_gain":0,"max_hp_loss":0,"event_name":"Shining Light","floor":2,"gold_loss":0,"cards_upgraded":["Eruption","Defend_P"]},{"damage_healed":0,"gold_gain":0,"player_choice":"Success","damage_taken":3,"relics_obtained":["Lizard Tail"],"max_hp_gain":0,"max_hp_loss":0,"event_name":"Scrap Ooze","floor":5,"gold_loss":0},{"cards_removed":["Defend_P"],"damage_healed":0,"gold_gain":0,"player_choice":"Card Removal","damage_taken":7,"max_hp_gain":0,"max_hp_loss":0,"event_name":"Golden Wing","floor":7,"gold_loss":0},{"damage_healed":0,"gold_gain":0,"player_choice":"Upgraded","damage_taken":0,"max_hp_gain":0,"max_hp_loss":0,"event_name":"Upgrade Shrine","floor":13,"gold_loss":0,"cards_upgraded":["Adaptation"]},{"damage_healed":0,"gold_gain":99,"player_choice":"Stole From Cult","damage_taken":0,"max_hp_gain":0,"max_hp_loss":0,"event_name":"Nest","floor":27,"gold_loss":0},{"damage_healed":0,"gold_gain":0,"player_choice":"Fight","damage_taken":0,"max_hp_gain":0,"max_hp_loss":0,"event_name":"Colosseum","floor":28,"gold_loss":0},{"damage_healed":0,"gold_gain":0,"player_choice":"Fought Nobs","damage_taken":0,"max_hp_gain":0,"max_hp_loss":0,"event_name":"Colosseum","floor":28,"gold_loss":0},{"cards_removed":["DevaForm"],"damage_healed":0,"gold_gain":0,"player_choice":"Offered Rare","damage_taken":0,"max_hp_gain":10,"max_hp_loss":0,"event_name":"Bonfire Elementals","floor":36,"gold_loss":0},{"damage_healed":0,"gold_gain":0,"player_choice":"Memory 1","damage_taken":0,"max_hp_gain":0,"max_hp_loss":0,"event_name":"SensoryStone","floor":39,"gold_loss":0},{"damage_healed":0,"gold_gain":0,"player_choice":"Fight","damage_taken":0,"max_hp_gain":0,"max_hp_loss":0,"event_name":"MindBloom","floor":44,"gold_loss":0}],"is_beta":false,"boss_relics":[{"not_picked":["Cursed Key","Fusion Hammer"],"picked":"Pandora\u0027s Box"},{"not_picked":["Astrolabe","Runic Pyramid"],"picked":"Busted Crown"}],"items_purged_floors":[4,41,46,48],"is_endless":false,"potions_floor_spawned":[11,12,16,24,25,28,28,37,45],"ascension_level":0}}