{"host":"ysfsqg56rsjwjc5s","time":1607853424,"event":{"mods":["AchievementEnabler","Act Like it!","Ascension Reborn","BaseMod","Better Third Choice","BetterRewards","Colored Map","Colored Powertips","Curses Come First","Energized Spire","Gold Saver","Hallownest","Hubris","Minty Spire (QoL Compilation)","Permanent Neow","Quick Restart","Replay The Spire","Spicy Shops","StSLib","The Bladedancer","The Construct","The Disciple","??????REMEMod"],"gold_per_floor":[123,140,158,185,10,10,48,71,71,109,109,109,131,150,150,265,265,282,73,222,241,241,282,282,282,282,282,349,349,349,366,366,484,484,504,320,344,160,176,176,176,96,179,132,132,174,191,209,209,335],"floor_reached":51,"playtime":2743,"items_purged":["Shame","Injury"],"score":1014,"play_id":"c7388ca6-62a9-489b-9a81-af440d3cf602","local_time":"20201213035704","is_ascension_mode":true,"campfire_choices":[{"data":"Crow Ritual","floor":6,"key":"SMITH"},{"data":"blademaster:AspectOfWind","floor":11,"key":"SMITH"},{"floor":15,"key":"REST"},{"data":"blademaster:DancingEdge","floor":24,"key":"SMITH"},{"data":"blademaster:EyeOfTheStorm","floor":27,"key":"SMITH"},{"data":"blademaster:ColdBlood","floor":29,"key":"SMITH"},{"data":"Hallownest:pwrSporeShroom","floor":32,"key":"SMITH"},{"data":"blademaster:AncestralHealing","floor":41,"key":"SMITH"},{"data":"blademaster:CombatPrep","floor":45,"key":"SMITH"},{"data":"blademaster:FlockOfBlades","floor":49,"key":"SMITH"}],"circlet_count":0,"master_deck":["AscendersBane","blademaster:Strike+1","blademaster:Strike+1","blademaster:Strike+1","blademaster:Strike+1","blademaster:Defend+1","blademaster:Defend+1","blademaster:Defend+1","blademaster:Defend+1","blademaster:RagingBlow+1","blademaster:HighVoltage+1","Crow Ritual+1","blademaster:TraverseCut+1","blademaster:CombatPrep+1","blademaster:LightningCrash","blademaster:BloodyBlow+1","blademaster:DancingEdge+1","Poisoned Strike","blademaster:Vortex","blademaster:AspectOfWind+1","blademaster:SharpBlades+1","blademaster:Gust","blademaster:AwakeningStrike+1","blademaster:CombatPrep+1","blademaster:AwakeningDefend","blademaster:ColdBlood+1","blademaster:Stability+1","blademaster:EyeOfTheStorm+1","blademaster:Discharge","blademaster:KiBarrier+1","blademaster:AirSlash+1","Hallownest:pwrSporeShroom+1","blademaster:Blockade","blademaster:FuryOfTheElements+1","blademaster:Breeze+1","Flash of Steel+1","blademaster:Overcharge","blademaster:SlyStabs","blademaster:ParryingStrike+1","blademaster:AncestralHealing+1","blademaster:DragonStrike+1","blademaster:Stability+1","Hallownest:attackMasterDashSlash+1","Poisoned Strike+1","blademaster:Hailwind+1","blademaster:Hailwind+1","blademaster:FlockOfBlades+1","blademaster:CombatPrep+1","blademaster:AwakeningStrike+1","blademaster:RagingBlow+1"],"relics":["blademaster:DancersAmulet","REME_ComplimentaryCards","Replay:Bottled Flurry","Mercury Hourglass","hubris:Metronome","ReplayFunnel","Mummified Hand","hubris:Teleporter","energizedSpire:EnergizedDie","Membership Card","Shuriken","Molten Egg 2","Eternal Feather","hubris:CrystalStatue","Replay:Rubber Ducky","Nunchaku","hubris:GlazedTorus","energizedSpire:MagnifyingGlass","Omamori","Pantograph","Bag of Marbles","Pet Ghost","Turnip","ReplayTheSpireMod:Ninjato","ReplayTheSpireMod:CursedCoin","hubris:MysteriousPyramids","Ginger","REME_HourglassOfDeath","Pondfish Scales"],"acts_visited":["Exordium","Exordium","Hallownest:CityofTears"],"potions_floor_usage":[],"damage_taken":[{"damage":0,"enemies":"Cultist","floor":1,"turns":3},{"damage":0,"enemies":"2 Louse","floor":2,"turns":2},{"damage":1,"enemies":"Jaw Worm","floor":3,"turns":2},{"damage":0,"enemies":"Looter","floor":4,"turns":2},{"damage":6,"enemies":"Gremlin Nob","floor":7,"turns":3},{"damage":0,"enemies":"Exordium Thugs","floor":8,"turns":3},{"damage":14,"enemies":"3 Sentries","floor":10,"turns":4},{"damage":0,"enemies":"3 Louse","floor":13,"turns":2},{"damage":0,"enemies":"Blue Slaver","floor":14,"turns":1},{"damage":0,"enemies":"Slime Boss","floor":16,"turns":3},{"damage":0,"enemies":"Hallownest:Flukemon_and_Top","floor":18,"turns":3},{"damage":0,"enemies":"Hallownest:2_Mistakes","floor":21,"turns":3},{"damage":2,"enemies":"Hallownest:Warrior_and_Youth","floor":22,"turns":3},{"damage":0,"enemies":"Hallownest:eliteSoulWarrior","floor":23,"turns":3},{"damage":0,"enemies":"Hallownest:Glutton_and_Coward","floor":28,"turns":1},{"damage":0,"enemies":"Hallownest:2_Flukemon","floor":31,"turns":4},{"damage":22,"enemies":"Hallownest:BossGrimm","floor":33,"turns":4},{"damage":0,"enemies":"Hallownest:2_Littles","floor":35,"turns":2},{"damage":0,"enemies":"Hallownest:Shield_Heavy","floor":37,"turns":3},{"damage":0,"enemies":"Hallownest:2_Wandering_and_1_Horned","floor":39,"turns":3},{"damage":4,"enemies":"Hallownest:eliteCollector","floor":40,"turns":3},{"damage":0,"enemies":"Hallownest:StalkingDevout","floor":46,"turns":3},{"damage":0,"enemies":"Hallownest:2_Soldiers_and_1_Guardian","floor":47,"turns":2},{"damage":1,"enemies":"Hallownest:Slobbering_and_Violent","floor":48,"turns":3},{"damage":0,"enemies":"Hallownest:BossGreyPrinceZote","floor":50,"turns":4}],"seed_played":"4197896918405249478","potions_obtained":[{"floor":1,"key":"Adrenaline Potion"},{"floor":2,"key":"Weak Potion"},{"floor":10,"key":"LiquidMemories"},{"floor":13,"key":"LiquidBronze"}],"is_trial":false,"path_per_floor":["M","M","M","M","$","R","E","M","T","E","R","?","M","M","R","B",null,"M","$","?","M","M","E","R","?","T","R","M","R","?","M","R","B",null,"M","$","M","$","M","E","R","?","T","$","R","E","M","M","R","B",null],"character_chosen":"THE_BLADEMASTER","items_purchased":["blademaster:DancingEdge","Poisoned Strike","Replay:Bottled Flurry","Membership Card","Shuriken","Flash of Steel+1","blademaster:Overcharge","Omamori","Bag of Marbles","blademaster:ParryingStrike+1","blademaster:AncestralHealing","ReplayTheSpireMod:CursedCoin","hubris:MysteriousPyramids","Ginger","Poisoned Strike+1","blademaster:Hailwind+1"],"campfire_rested":1,"item_purchase_floors":[5,5,5,19,19,36,36,36,38,38,38,44,44,44,44,44],"current_hp_per_floor":[71,71,70,70,70,70,64,64,64,50,50,34,34,34,57,57,78,78,78,78,78,76,76,78,78,78,78,78,78,74,78,78,62,78,78,78,78,78,78,78,78,78,78,78,78,78,78,78,78,78],"gold":335,"neow_bonus":"TEN_PERCENT_HP_BONUS","is_daily":false,"chose_seed":false,"campfire_upgraded":9,"win_rate":0.0,"timestamp":1607853424,"path_taken":["M","M","M","M","?","R","E","M","T","E","R","?","M","M","R","BOSS","M","$","?","M","M","E","R","?","T","R","?","R","?","M","R","BOSS","M","$","M","$","M","E","R","?","T","$","R","E","M","M","R","BOSS"],"items_purchased_type":["Card","Card","Relic","Relic","Relic","Card","Card","Relic","Relic","Card","Card","Relic","Relic","Relic","Card","Card"],"build_version":"2020-11-30","purchased_purges":2,"victory":true,"max_hp_per_floor":[78,78,78,78,78,78,78,78,78,78,78,78,78,78,78,78,78,78,78,78,78,78,78,78,78,78,78,78,78,78,78,78,78,78,78,78,78,78,78,78,78,78,78,78,78,78,78,78,78,78],"card_choices":[{"not_picked":["blademaster:DaggerAndCloak+1","blademaster:LeechingStrike"],"picked":"blademaster:TraverseCut","floor":1},{"not_picked":["blademaster:ThunderSlash+1","blademaster:TraverseCut"],"picked":"blademaster:CombatPrep+1","floor":2},{"not_picked":["blademaster:DragonStrike","blademaster:Sunder"],"picked":"blademaster:LightningCrash","floor":3},{"not_picked":["blademaster:Cut","blademaster:DaggerAndCloak"],"picked":"blademaster:BloodyBlow","floor":4},{"not_picked":["blademaster:LeechingStrike","blademaster:AspectOfWind+1"],"picked":"blademaster:Vortex","floor":7},{"not_picked":["blademaster:Sharpen","blademaster:Cut"],"picked":"blademaster:AspectOfWind","floor":7},{"not_picked":["blademaster:EyeOfTheStorm","blademaster:LeechingStrike"],"picked":"blademaster:SharpBlades+1","floor":8},{"not_picked":["blademaster:LeechingStrike","blademaster:BloodyBlow"],"picked":"blademaster:Gust","floor":10},{"not_picked":["blademaster:Flurry+1","blademaster:Slice"],"picked":"blademaster:AwakeningStrike+1","floor":10},{"not_picked":["blademaster:DragonStrike+1","blademaster:Sunder"],"picked":"blademaster:CombatPrep","floor":13},{"not_picked":["blademaster:DancingEdge","blademaster:TraverseCut"],"picked":"blademaster:AwakeningDefend","floor":14},{"not_picked":["blademaster:RagingBlow","blademaster:LightningDraw"],"picked":"blademaster:ColdBlood","floor":16},{"not_picked":["blademaster:ThunderSlash","blademaster:Frontflip"],"picked":"blademaster:Stability+1","floor":18},{"not_picked":["blademaster:Quickstep","blademaster:AspectOfLightning"],"picked":"blademaster:EyeOfTheStorm","floor":21},{"not_picked":["blademaster:BrainBloom","blademaster:DaggerAndCloak"],"picked":"blademaster:Discharge","floor":22},{"not_picked":["blademaster:Sunder+1","blademaster:Sharpen+1"],"picked":"blademaster:KiBarrier+1","floor":23},{"not_picked":["blademaster:OneTrickPony","blademaster:ColdBlood"],"picked":"blademaster:AirSlash+1","floor":28},{"not_picked":["blademaster:Vortex+1","blademaster:Stability"],"picked":"blademaster:Blockade","floor":31},{"not_picked":["blademaster:EnchantedCuirass","blademaster:Flash+1"],"picked":"blademaster:FuryOfTheElements+1","floor":33},{"not_picked":["blademaster:Momentum","blademaster:AirSlash+1"],"picked":"blademaster:Breeze+1","floor":35},{"not_picked":["blademaster:AirSlash+1","blademaster:FuriousStrike+1"],"picked":"blademaster:SlyStabs","floor":37},{"not_picked":["blademaster:Momentum","blademaster:BladeMastery"],"picked":"blademaster:DragonStrike+1","floor":39},{"not_picked":["blademaster:CombatPrep","blademaster:Quickstep+1"],"picked":"blademaster:Stability+1","floor":40},{"not_picked":["blademaster:Stormstrike+1","blademaster:Flurry+1"],"picked":"blademaster:FlockOfBlades","floor":46},{"not_picked":["blademaster:Sunder+1","blademaster:Stormstrike+1"],"picked":"blademaster:CombatPrep+1","floor":47},{"not_picked":["blademaster:BladeCross+1","blademaster:Rupture"],"picked":"blademaster:AwakeningStrike+1","floor":48},{"not_picked":["blademaster:ColdBlood","blademaster:Empower"],"picked":"blademaster:RagingBlow+1","floor":50}],"player_experience":71505,"relics_obtained":[{"floor":7,"key":"Mercury Hourglass"},{"floor":7,"key":"blademaster:FuryEveryTurnPerk"},{"floor":9,"key":"hubris:Metronome"},{"floor":9,"key":"ReplayFunnel"},{"floor":10,"key":"Mummified Hand"},{"floor":10,"key":"blademaster:RandomBladePerk"},{"floor":16,"key":"hubris:Teleporter"},{"floor":16,"key":"blademaster:RandomStancePerk"},{"floor":22,"key":"Molten Egg 2"},{"floor":22,"key":"blademaster:BleedingMoreDamagePerk"},{"floor":23,"key":"Eternal Feather"},{"floor":23,"key":"blademaster:OnAttackedChargePerk"},{"floor":26,"key":"hubris:CrystalStatue"},{"floor":26,"key":"Replay:Rubber Ducky"},{"floor":28,"key":"Nunchaku"},{"floor":28,"key":"blademaster:StanceHealPerk"},{"floor":33,"key":"hubris:GlazedTorus"},{"floor":33,"key":"blademaster:WindChargePerk"},{"floor":37,"key":"Pantograph"},{"floor":37,"key":"blademaster:LightningChargePerk"},{"floor":40,"key":"Pet Ghost"},{"floor":40,"key":"blademaster:DextrousPerk"},{"floor":43,"key":"Turnip"},{"floor":43,"key":"ReplayTheSpireMod:Ninjato"},{"floor":46,"key":"REME_HourglassOfDeath"},{"floor":46,"key":"blademaster:BonusComboPerk"},{"floor":50,"key":"Pondfish Scales"},{"floor":50,"key":"blademaster:ComboEveryTurnPerk"}],"event_choices":[{"damage_healed":50,"gold_gain":0,"player_choice":"Upgrade","damage_taken":16,"max_hp_gain":0,"max_hp_loss":78,"event_name":"betterThird:BetterShining","floor":12,"gold_loss":0,"cards_upgraded":["blademaster:TraverseCut","blademaster:BloodyBlow"]}],"is_beta":false,"boss_relics":[{"not_picked":["Busted Crown","Ectoplasm"],"picked":"energizedSpire:EnergizedDie"},{"not_picked":["Snecko Eye","Cursed Key"],"picked":"energizedSpire:MagnifyingGlass"}],"items_purged_floors":[36,38],"is_endless":false,"potions_floor_spawned":[1,2,10,13,16,18,23,28,33,46,48],"ascension_level":0}}