{"host":"2se5dq1do2gp0x9k","time":1607824591,"event":{"mods":["AchievementEnabler","BaseMod","Block Reminder","Colored Map","Colored Powertips","Minty Spire (QoL Compilation)","Relic Stats","StSLib","SuperFastMode"],"gold_per_floor":[111,131,141,141,66,66,92,92,92,92,108,108,120,139,139,216,216,229,206,224,124,141,66,66,66],"floor_reached":24,"playtime":925,"items_purged":["Strike_B","Reprogram+1"],"score":400,"play_id":"da6ec361-f9cc-4388-b52e-d895dc13a661","local_time":"20201212175631","is_ascension_mode":true,"campfire_choices":[{"data":"Lockon","floor":6.0,"key":"SMITH"},{"data":"Recycle","floor":8.0,"key":"SMITH"},{"data":"Zap","floor":10.0,"key":"SMITH"},{"data":"Chill","floor":12.0,"key":"SMITH"},{"floor":15.0,"key":"REST"}],"circlet_count":0,"master_deck":["AscendersBane","Defend_B","Defend_B","Defend_B","Zap+1","Dualcast","Cold Snap","Lockon+1","Chill+1","Seek","Recycle+1","Undo","Coolheaded","Conserve Battery","Multi-Cast","Sunder+1","Defragment+1","Darkness+1","Compile Driver+1","Consume"],"relics":["Cracked Core","NeowsBlessing","Du-Vu Doll","Bird Faced Urn","Astrolabe"],"acts_visited":["Exordium","TheCity"],"potions_floor_usage":[24],"damage_taken":[{"damage":0.0,"enemies":"Cultist","floor":1.0,"turns":1.0},{"damage":0.0,"enemies":"Small Slimes","floor":2.0,"turns":1.0},{"damage":0.0,"enemies":"Jaw Worm","floor":3.0,"turns":1.0},{"damage":31.0,"enemies":"Gremlin Nob","floor":7.0,"turns":4.0},{"damage":11.0,"enemies":"Exordium Wildlife","floor":11.0,"turns":5.0},{"damage":0.0,"enemies":"2 Fungi Beasts","floor":13.0,"turns":3.0},{"damage":0.0,"enemies":"Gremlin Gang","floor":14.0,"turns":5.0},{"damage":30.0,"enemies":"The Guardian","floor":16.0,"turns":13.0},{"damage":15,"enemies":"Shell Parasite","floor":18,"turns":6},{"damage":14,"enemies":"2 Thieves","floor":19,"turns":4},{"damage":1,"enemies":"Snecko","floor":20,"turns":3},{"damage":4,"enemies":"3 Cultists","floor":22,"turns":6},{"damage":49,"enemies":"Book of Stabbing","floor":24,"turns":4}],"seed_played":"4567019867232467953","potions_obtained":[{"floor":3.0,"key":"ColorlessPotion"},{"floor":11.0,"key":"Weak Potion"},{"floor":14.0,"key":"DistilledChaos"},{"floor":18,"key":"SteroidPotion"},{"floor":20,"key":"Block Potion"}],"is_trial":false,"path_per_floor":["M","M","M","?","$","R","E","R","T","R","M","R","M","M","R","B",null,"M","M","M","$","M","?","E"],"character_chosen":"DEFECT","items_purchased":[],"campfire_rested":1,"item_purchase_floors":[],"current_hp_per_floor":[64,64,64,64,64,64,33,33,33,33,22,22,22,22,43,13,57,44,32,33,33,31,31,0,0],"gold":66,"neow_bonus":"THREE_ENEMY_KILL","is_daily":false,"chose_seed":false,"campfire_upgraded":4,"win_rate":0.0,"timestamp":1607824591,"path_taken":["M","M","?","?","$","R","E","R","T","R","M","R","M","M","R","BOSS","M","?","M","$","M","?","E"],"items_purchased_type":[],"build_version":"2020-11-30","purchased_purges":2,"victory":false,"max_hp_per_floor":[71,71,71,71,71,71,71,71,71,71,71,71,71,71,71,71,71,71,71,71,71,71,71,71,71],"relic_stats":{"counters":[13,56],"Bird Faced Urn":[10],"Astrolabe":["Reprogram","Sunder","Defragment"],"obtain_stats":[{"Du-Vu Doll":7,"NeowsBlessing":0,"Bird Faced Urn":9,"Astrolabe":17,"Cracked Core":0},{"Du-Vu Doll":4,"NeowsBlessing":0,"Bird Faced Urn":4,"Astrolabe":8,"Cracked Core":0},{"Du-Vu Doll":7,"NeowsBlessing":0,"Bird Faced Urn":7,"Astrolabe":33,"Cracked Core":0}]},"card_choices":[{"not_picked":["Double Energy","Beam Cell"],"picked":"Cold Snap","floor":1.0},{"not_picked":["Recycle","Turbo"],"picked":"Lockon","floor":2.0},{"not_picked":["Barrage","Turbo","Redo"],"picked":"SKIP","floor":3.0},{"not_picked":["Fusion","Turbo"],"picked":"Recycle","floor":7.0},{"not_picked":["Fusion","Chill"],"picked":"Undo","floor":11.0},{"not_picked":["Lockon","Doom and Gloom"],"picked":"Coolheaded","floor":13.0},{"not_picked":["Steam Power","Stack"],"picked":"Conserve Battery","floor":14.0},{"not_picked":["Core Surge","Hyperbeam"],"picked":"Multi-Cast","floor":16.0},{"not_picked":["Go for the Eyes","Redo","Sweeping Beam"],"picked":"SKIP","floor":18},{"not_picked":["Go for the Eyes","Steam Power"],"picked":"Darkness+1","floor":19},{"not_picked":["Beam Cell","Ball Lightning"],"picked":"Compile Driver+1","floor":20},{"not_picked":["Leap","Ball Lightning"],"picked":"Consume","floor":22}],"player_experience":3608754,"relics_obtained":[{"floor":7.0,"key":"Du-Vu Doll"},{"floor":9.0,"key":"Bird Faced Urn"}],"event_choices":[{"damage_healed":0.0,"max_hp_gain":0.0,"max_hp_loss":0.0,"gold_gain":0.0,"event_name":"Match and Keep!","player_choice":"2 cards matched","floor":4.0,"gold_loss":0.0,"damage_taken":0.0,"cards_obtained":["Chill","Seek"]},{"cards_removed":["Defend_B"],"damage_healed":0,"gold_gain":0,"player_choice":"Gave Gold","damage_taken":0,"max_hp_gain":0,"max_hp_loss":0,"event_name":"Beggar","floor":23,"gold_loss":75}],"is_beta":false,"boss_relics":[{"not_picked":["SacredBark","SlaversCollar"],"picked":"Astrolabe"}],"items_purged_floors":[5,21],"is_endless":false,"potions_floor_spawned":[3,11,13,14,18,20],"killed_by":"Book of Stabbing","ascension_level":20}}