{"host":"ceopyqoizwrgii5g","time":1607862565,"event":{"mods":["Act Like it!","Aspiration","BaseMod","BetterRewards","CapriCore","Conspire","Dota2Spire","GungeonMod","Hallownest","Hermit","Infinite Spire","Luminous","Marisa（霧雨　魔理沙）","Minty Spire (QoL Compilation)","Permanent Neow","Quick Restart","Reimu（博???）","Remilia（蕾米莉?）","Replay The Spire","Robot Space Explorer","RumiaBox-露米?的神秘盒子","Shop Mod","Spicy Shops","StSLib","SuperFastMode","The Bug Knight","The Runesmith","TheWitcher","Transform Curses","WarShipGirlsR/??少女R mod","Youmu（魂魄妖?）","【?方二次?作】八云紫mod","【功能Mod】混沌之?修复?丁"],"gold_per_floor":[110,110,110,31,48,73,73,105,130,143,175,175,250,250,250,346,346,359,359,359,359,376,411,411,437,437,437,455,466,477,487,507,507,507,605,605,622,632,645,657,657,684,684,704,756,756,788,799,849,884,884,884],"floor_reached":53,"playtime":1428,"items_purged":["Strike_RM","Strike_RM","Strike_RM","Defend_RM","Defend_RM","Defend_RM"],"score":1690,"play_id":"600f8238-6659-4109-adca-522ce2639729","local_time":"20201213202925","is_ascension_mode":true,"campfire_choices":[{"data":"CharismaGuard","floor":7,"key":"SMITH"},{"data":"ForecastOfChange","floor":12,"key":"SMITH"},{"data":"MastersStateliness","floor":15,"key":"SMITH"},{"data":"HeartBreak","floor":27,"key":"SMITH"},{"floor":33,"key":"REST"},{"data":"MastersStateliness","floor":43,"key":"SMITH"},{"data":"ScarletMeister","floor":51,"key":"SMITH"}],"circlet_count":0,"master_deck":["Strike_RM","Defend_RM","RedMoon","ScarletShoot","MastersStateliness","BombardNight","MastersStateliness","RedRainbow","CharismaGuard","MastersStateliness+1","MastersStateliness","MastersStateliness+1","CharismaGuard+1","DiffusionOfMisfortune","RedRainbow","EternalNight","DiffusionOfMisfortune","ForecastOfChange+1","HeartBreak+1","LeisurelyOfLord+1","CharismaGuard","BombardNight","VampireFantasy+1","DiffusionOfMisfortune+1","VampirishNight","ScarletMeister+1","ScarletDream+1","MastersStateliness+1","BloodHunter+1","RedNightlessCastle","BloodHunter+1"],"relics":["ScarletHat","MerchantsRug","ZombieArmy","Gremlin Food","conspire:TreasureMap","Tiny Chest","Sling","Darkstone Periapt","Bag of Marbles","Dota2Spire:BattleFury","ReplayTheSpireMod:CursedCoin","HandDrill","aspiration:TomeofQuesting","DemoMod:WhiteGuonStone","TentaclePot:ReiMu","GodSword1","Blue Candle","Oddly Smooth Stone","aspiration:Lifesprig","Nunchaku","Frozen Eye","Medical Kit","AddBug","SecretRecord","SecretRecord","SecretRecord","SecretRecord","SecretRecord","SecretRecord","SecretRecord"],"acts_visited":["Exordium","TheCity","TheCity","TheBeyond"],"potions_floor_usage":[],"damage_taken":[{"damage":0,"enemies":"Small Slimes","floor":1,"turns":1},{"damage":0,"enemies":"2 Louse","floor":5,"turns":2},{"damage":0,"enemies":"Lagavulin","floor":6,"turns":3},{"damage":0,"enemies":"Gremlin Nob","floor":8,"turns":3},{"damage":0,"enemies":"Jaw Worm","floor":10,"turns":2},{"damage":0,"enemies":"3 Sentries","floor":11,"turns":3},{"damage":0,"enemies":"Slime Boss","floor":16,"turns":3},{"damage":0,"enemies":"Chosen","floor":18,"turns":3},{"damage":0,"enemies":"Spheric Guardian","floor":22,"turns":2},{"damage":0,"enemies":"Gremlin Leader","floor":23,"turns":3},{"damage":0,"enemies":"Book of Stabbing","floor":25,"turns":3},{"damage":0,"enemies":"DemoMod:4_Bullet_Kins","floor":28,"turns":1},{"damage":10,"enemies":"DemoMod:Veteran_shot_gun_kin_and_red_shotgun_kin","floor":29,"turns":1},{"damage":10,"enemies":"DemoMod:Veteran_shot_gun_kin_and_blue_shotgun_kin","floor":30,"turns":2},{"damage":12,"enemies":"DemoMod:Red_and_blue_shotgun_kin_with_gunsinger","floor":31,"turns":1},{"damage":16,"enemies":"DemoMod:Veteran_shot_gun_kin_and_blue_shotgun_kin_with_gunsinger","floor":32,"turns":1},{"damage":12,"enemies":"DemoMod:ResourcefulRat","floor":35,"turns":7},{"damage":12,"enemies":"3 Shapes","floor":37,"turns":3},{"damage":0,"enemies":"Orb Walker","floor":38,"turns":1},{"damage":0,"enemies":"Transient","floor":39,"turns":4},{"damage":0,"enemies":"Writhing Mass","floor":40,"turns":2},{"damage":0,"enemies":"Giant Head","floor":42,"turns":3},{"damage":0,"enemies":"Jaw Worm Horde","floor":44,"turns":2},{"damage":0,"enemies":"Nemesis","floor":47,"turns":5},{"damage":0,"enemies":"Spire Growth","floor":48,"turns":3},{"damage":0,"enemies":"Orin","floor":49,"turns":2},{"damage":0,"enemies":"Nightmare","floor":50,"turns":2},{"damage":0,"enemies":"Donu and Deca","floor":52,"turns":4}],"seed_played":"237492249624149906","potions_obtained":[{"floor":8,"key":"DistilledChaos"},{"floor":10,"key":"Explosive Potion"}],"is_trial":false,"path_per_floor":["M","?","?","$","M","E","R","E","T","M","E","R","?","T","R","B",null,"M","?","?","?","M","E","T","E","T","R","M","M","M","M","M","R","B","B",null,"M","M","M","M","?","E","R","M","T","?","E","M","?","NM","R","B",null],"character_chosen":"REMILIA","items_purchased":["MerchantsRug","DemoMod:GnawedKey","ZombieArmy","Lee\u0027s Waffle","Gremlin Food","conspire:TreasureMap","MastersStateliness","BombardNight","Tiny Chest","Sling","Darkstone Periapt","Bag of Marbles","Dota2Spire:BattleFury","MastersStateliness","ReplayTheSpireMod:CursedCoin","HandDrill","aspiration:TomeofQuesting","DemoMod:WhiteGuonStone","TentaclePot:ReiMu","RedRainbow","GodSword1","Blue Candle","CharismaGuard","Oddly Smooth Stone","MastersStateliness","aspiration:Lifesprig","Nunchaku","Frozen Eye","Medical Kit","CharismaGuard"],"campfire_rested":1,"item_purchase_floors":[0,0,0,0,0,0,0,0,0,0,0,0,0,0,0,0,0,0,0,0,0,0,0,0,0,0,0,0,0,4],"current_hp_per_floor":[100,100,100,100,100,100,100,100,100,100,100,100,89,89,89,89,97,100,100,100,100,100,100,100,100,100,100,100,90,80,68,52,82,93,100,100,88,88,100,100,100,100,100,100,100,100,100,100,100,100,100,100],"gold":884,"neow_bonus":"","is_daily":false,"chose_seed":false,"campfire_upgraded":6,"win_rate":0.0,"timestamp":1607862565,"path_taken":["M","?","?","$","M","E","R","E","T","M","E","R","?","?","R","BOSS","M","?","?","?","M","E","?","E","T","R","M","M","M","M","M","R","BOSS","BOSS","M","M","M","M","?","E","R","M","T","?","E","M","?","NM","R","BOSS"],"items_purchased_type":["Relic","Relic","Relic","Relic","Relic","Relic","Card","Card","Relic","Relic","Relic","Relic","Relic","Card","Relic","Relic","Relic","Relic","Relic","Card","Relic","Relic","Card","Relic","Card","Relic","Relic","Relic","Relic","Card"],"build_version":"2020-11-30","purchased_purges":6,"victory":true,"max_hp_per_floor":[100,100,100,100,100,100,100,100,100,100,100,100,100,100,100,100,100,100,100,100,100,100,100,100,100,100,100,100,100,100,100,100,100,100,100,100,100,100,100,100,100,100,100,100,100,100,100,100,100,100,100,100],"card_choices":[{"not_picked":["Stigmanizer","BloodHunter"],"picked":"MastersStateliness","floor":1},{"not_picked":["ScarletDevil","VampireKiss"],"picked":"DiffusionOfMisfortune","floor":5},{"not_picked":["BloodAndWine","EndlessAdversity"],"picked":"RedRainbow","floor":6},{"not_picked":["HunterOfTheNight","KillingBlow"],"picked":"EternalNight","floor":8},{"not_picked":["AfternoonTea","UltimateOffering"],"picked":"DiffusionOfMisfortune","floor":10},{"not_picked":["FitfulNightmare","StarOfDavid"],"picked":"ForecastOfChange","floor":11},{"not_picked":["BloodyHallows","EquivalentExchange"],"picked":"HeartBreak","floor":16},{"not_picked":["UnderTheZenith","UnstableMagic","ScarletDevil"],"picked":"SKIP","floor":18},{"not_picked":["DiffusionOfMisfortune","BloodHunter","CutThroughFate"],"picked":"SKIP","floor":22},{"not_picked":["FitfulNightmare","Dagger Throw","Stigmanizer"],"picked":"SKIP","floor":23},{"not_picked":["EquivalentExchange","Acrobatics"],"picked":"CharismaGuard","floor":25},{"not_picked":["BloodyMagicSquare","EndlessAdversity"],"picked":"BombardNight","floor":28},{"not_picked":["Septette","Stigmanizer+1"],"picked":"VampireFantasy+1","floor":29},{"not_picked":["ScarletImprint+1","VampireSweep+1"],"picked":"DiffusionOfMisfortune+1","floor":30},{"not_picked":["RedMagic","FavorOfDestiny","BlasphemousPunishment+1"],"picked":"SKIP","floor":31},{"not_picked":["Maim","CeilingFear"],"picked":"VampirishNight","floor":32},{"not_picked":["CurseOfVladTepes","DemonKingCradle"],"picked":"ScarletMeister","floor":35},{"not_picked":["ScarletGensokyo+1","FavorOfDestiny"],"picked":"ScarletDream+1","floor":36},{"not_picked":["ScarletDevil","BombardNight","Stigmanizer+1"],"picked":"SKIP","floor":37},{"not_picked":["Septette+1","CharismaGuard"],"picked":"MastersStateliness","floor":38},{"not_picked":["ScarletDevil","ScarletDream+1","UnderTheZenith"],"picked":"SKIP","floor":39},{"not_picked":["StarOfDavid","NightDance","FavorOfDestiny+1"],"picked":"SKIP","floor":40},{"not_picked":["ScarletGensokyo+1","NightDance+1"],"picked":"BloodHunter+1","floor":42},{"not_picked":["StarOfDavid","DevilSight+1","UnstableMagic+1"],"picked":"SKIP","floor":44},{"not_picked":["ChaoticDestiny","DiffusionOfMisfortune","ScarletDevil"],"picked":"SKIP","floor":47},{"not_picked":["ChainGang","CharismaGuard","TwelveNightmare+1"],"picked":"SKIP","floor":48},{"not_picked":["CharismaGuard","LeisurelyOfLord+1"],"picked":"RedNightlessCastle","floor":49},{"not_picked":["ScarletDevil","StarOfDavid"],"picked":"BloodHunter+1","floor":50}],"player_experience":289926,"relics_obtained":[{"floor":1,"key":"AddBug"},{"floor":6,"key":"conspire:DecoderRing"},{"floor":9,"key":"aspiration:HiddenCompartment"},{"floor":10,"key":"SecretRecord"},{"floor":11,"key":"RuthlessExorcism:ReiMu"},{"floor":14,"key":"conspire:GiftBox"},{"floor":16,"key":"SecretRecord"},{"floor":23,"key":"WingedGreaves"},{"floor":24,"key":"Dota2Spire:OctarineCore"},{"floor":25,"key":"SecretRecord"},{"floor":25,"key":"FossilizedHelix"},{"floor":30,"key":"SecretRecord"},{"floor":36,"key":"DemoMod:RatBoots"},{"floor":36,"key":"aspiration:MobileForge"},{"floor":36,"key":"Coffee Dripper"},{"floor":36,"key":"DemoMod:ResourcefulSack"},{"floor":36,"key":"DemoMod:PartiallyEatenCheese"},{"floor":38,"key":"SecretRecord"},{"floor":42,"key":"aspiration:FetidBarrel"},{"floor":45,"key":"Matryoshka"},{"floor":47,"key":"Dota2Spire:ArmletOfMordiggian"},{"floor":48,"key":"SecretRecord"},{"floor":49,"key":"CatCart"},{"floor":50,"key":"TypeBBloodRedTea"}],"event_choices":[{"damage_healed":0,"gold_gain":75,"player_choice":"Gather Gold","damage_taken":11,"max_hp_gain":0,"max_hp_loss":0,"event_name":"World of Goop","floor":13,"gold_loss":0},{"damage_healed":0,"gold_gain":0,"player_choice":"Read","damage_taken":0,"max_hp_gain":0,"max_hp_loss":0,"event_name":"The Library","floor":20,"gold_loss":0,"cards_obtained":["LeisurelyOfLord"]},{"cards_removed":["Sloth_TH"],"damage_healed":0,"gold_gain":0,"player_choice":"Purged","damage_taken":0,"max_hp_gain":0,"max_hp_loss":0,"event_name":"Purifier","floor":21,"gold_loss":0},{"damage_healed":0,"gold_gain":0,"player_choice":"Ignored","damage_taken":0,"max_hp_gain":0,"max_hp_loss":0,"event_name":"Tomb of Lord Red Mask","floor":46,"gold_loss":0},{"damage_healed":0,"gold_gain":0,"player_choice":"Fight","damage_taken":0,"max_hp_gain":0,"max_hp_loss":0,"event_name":"OrinTheCat","floor":49,"gold_loss":0}],"is_beta":false,"boss_relics":[{"not_picked":["aspiration:PoetsPen","conspire:SlowCooker"],"picked":"Replay:Grab Bag"},{"not_picked":[]}],"items_purged_floors":[0,0,0,0,0,0],"is_endless":false,"potions_floor_spawned":[8,10,11,28,31,32,35,42,44,47,49],"ascension_level":8}}