{"host":"2s5c6uii15wgtvvf","time":1607887448,"event":{"mods":["Bard","BaseMod","Bestiary","CapriCore","Downfall","Friendly Minions","Hermit","HololiveMod","Jorbs\u0027s Wanderer Trilogy","Lobotomy","LobotomyExtend","Marisa????????","Minty Spire (QoL Compilation)","Remilia??????","Robot Space Explorer","Shade Mod","StSLib","Td1madao Mod","The Animator","The Cursed","The Gatherer","The Hayseed","The Hierophant","The Immortal","The Mystic","The Necromancer","The Runesmith","The Senshi","The Servant 0.9.4","TheHeartMod","WarShipGirlsR/????R mod","Yohane!","??????REMEMod"],"gold_per_floor":[117,128,128,128,141,141,93,104,104,104,136,147,147,165,165,165,165],"floor_reached":16,"playtime":1006,"items_purged":[],"score":102,"play_id":"6b95dfa8-395b-4d20-94c2-16c3e3967111","local_time":"20201213192408","is_ascension_mode":false,"campfire_choices":[{"data":"theHeart:TranquilRhythm","floor":6,"key":"SMITH"},{"data":"theHeart:QuantumEntanglement","floor":15,"key":"SMITH"}],"circlet_count":0,"master_deck":["theHeart:BloodDrop","theHeart:Scab","theHeart:theHeartDefend","theHeart:theHeartDefend","theHeart:theHeartDefend","theHeart:theHeartDefend","theHeart:theHeartCommonAttack","theHeart:theHeartCommonAttack","theHeart:theHeartCommonAttack","theHeart:theHeartCommonAttack","theHeart:theHeartCommonAttack","BeautyBeast","theHeart:TentacleWhip","FairyFestival","theHeart:TranquilRhythm+1","WallGazer","theHeart:HighDecibelBeat","theHeart:Arrhythmia","Porccubus","theHeart:Hemoblastosis","Wellcheers","theHeart:Arrhythmia","theHeart:QuantumEntanglement+1","OSAHOGD","theHeart:HeartBurn"],"relics":["theHeart:BeatOfDeath","REME_ComplimentaryCards","CogitoBucket","LetterFromLob","InkBottle","Gremlin Horn","ResearcherNote"],"acts_visited":["Exordium"],"potions_floor_usage":[11,16],"damage_taken":[{"damage":2,"enemies":"Small Slimes","floor":1,"turns":4},{"damage":0,"enemies":"Jaw Worm","floor":2,"turns":6},{"damage":4,"enemies":"Cultist","floor":5,"turns":4},{"damage":19,"enemies":"Blue Slaver","floor":8,"turns":6},{"damage":21,"enemies":"3 Sentries","floor":11,"turns":12},{"damage":11,"enemies":"Exordium Thugs","floor":12,"turns":5},{"damage":4,"enemies":"Exordium Wildlife","floor":14,"turns":4},{"damage":59,"enemies":"Hexaghost","floor":16,"turns":14}],"seed_played":"4977328197586308491","potions_obtained":[{"floor":2,"key":"PowerPotion"},{"floor":11,"key":"Strength Potion"}],"is_trial":false,"path_per_floor":["M","M","?","?","M","R","$","M","T","M","E","M","?","M","R","B"],"character_chosen":"THE_HEART","items_purchased":["theHeart:Arrhythmia"],"campfire_rested":0,"item_purchase_floors":[7],"current_hp_per_floor":[73,73,75,75,72,72,72,59,59,59,50,44,44,45,45,5,5],"gold":165,"neow_bonus":"","is_daily":false,"chose_seed":false,"campfire_upgraded":2,"win_rate":0.0,"timestamp":1607887448,"path_taken":["M","M","?","?","M","R","?","?","T","M","E","M","?","M","R","BOSS"],"items_purchased_type":["Card"],"build_version":"2020-11-30","purchased_purges":0,"victory":false,"max_hp_per_floor":[75,75,75,75,75,75,75,75,75,75,75,75,75,75,75,75,75],"card_choices":[{"not_picked":["HeroicMonk","Wellcheers"],"picked":"BeautyBeast","floor":1},{"not_picked":["theHeart:PainfulStabs","theHeart:Cleanse"],"picked":"theHeart:TentacleWhip","floor":1},{"not_picked":["MHz","PunishingBird"],"picked":"FairyFestival","floor":2},{"not_picked":["theHeart:ElementalCharge","theHeart:Tachycardia"],"picked":"theHeart:TranquilRhythm","floor":2},{"not_picked":["Woodsman","SpiderBud"],"picked":"WallGazer","floor":5},{"not_picked":["theHeart:Antibiotics","theHeart:Cleanse"],"picked":"theHeart:HighDecibelBeat","floor":5},{"not_picked":["Rudolta","Scorched"],"picked":"Porccubus","floor":8},{"not_picked":["theHeart:Tachycardia","theHeart:TentacleWhip"],"picked":"theHeart:Hemoblastosis","floor":8},{"not_picked":["OldLady","SingingMachine"],"picked":"Wellcheers","floor":11},{"not_picked":["theHeart:CapillaryExchange","theHeart:Cleanse"],"picked":"theHeart:Arrhythmia","floor":11},{"not_picked":["theHeart:Tachycardia","theHeart:CapillaryExchange"],"picked":"theHeart:QuantumEntanglement","floor":12},{"not_picked":["BlackArmy","FieryBird"],"picked":"OSAHOGD","floor":14},{"not_picked":["theHeart:Pacemaker","theHeart:Tachycardia"],"picked":"theHeart:HeartBurn","floor":14}],"player_experience":93875,"relics_obtained":[{"floor":1,"key":"LetterFromLob"},{"floor":9,"key":"InkBottle"},{"floor":11,"key":"Gremlin Horn"}],"event_choices":[{"damage_healed":0,"gold_gain":0,"player_choice":"Leave","damage_taken":0,"max_hp_gain":0,"max_hp_loss":0,"event_name":"The Cleric","floor":4,"gold_loss":0}],"is_beta":false,"boss_relics":[],"items_purged_floors":[],"is_endless":false,"potions_floor_spawned":[2,11],"killed_by":"Hexaghost","ascension_level":0}}