{"host":"ifd7sfhtlbe34qll","time":1607841434,"event":{"mods":["2.2 Compatiblity","BaseMod","Block Reminder","Colored Map","Downfall","Highlight Path","Minty Spire (QoL Compilation)","Potion Indicator Mod","Quick Restart","Random Character Button","Relic Stats","StSLib"],"gold_per_floor":[99,199,199,215,21,21,101,130,140,65,82,82,98,10,21,118,118,118,128,161,161,161,161,209,222,249,174,174,174,187,44,57,154,154,154,165,182,107,157,157,157,172,182,208,224,74,59,73,91,91],"floor_reached":51,"playtime":4656,"items_purged":[],"score":1392,"play_id":"bee62a2c-832d-4e3d-b81d-6a3bfeb5b237","local_time":"20201213003714","is_ascension_mode":false,"campfire_choices":[{"data":"champ:Taunt","floor":1.0,"key":"SMITH"},{"data":"champ:GladiatorsShout","floor":6.0,"key":"SMITH"},{"data":"champ:GladiatorStyle","floor":10.0,"key":"SMITH"},{"data":"champ:StrikeOfGenius","floor":18.0,"key":"SMITH"},{"data":"champ:FocusedGladiator","floor":21.0,"key":"SMITH"},{"floor":27.0,"key":"REST"},{"floor":35.0,"key":"RECALL"},{"data":"champ:VampiricStrike","floor":38.0,"key":"SMITH"}],"circlet_count":0,"master_deck":["champ:Strike+1","champ:Defend+1","champ:Defend+1","champ:Defend+1","champ:Defend+1","champ:Execute","champ:Taunt+1","champ:EnragedBash","champ:ViciousMockery","champ:GladiatorsShout+1","champ:FanOfKnives","champ:BringItOn","champ:FocusedGladiator+1","champ:GladiatorStyle+1","champ:LastStand","champ:DancingMaster","champ:IronFortress","champ:BerserkersShout","champ:BladeFlurry","champ:StrikeOfGenius+1","champ:CalledShot+1","champ:HeartStrike","champ:TornadoPunch+1","champ:DefensiveShout+1","champ:Lariat+1","champ:VampiricStrike+1","champ:GladiatorsShout","champ:GladiatorStyle+1"],"relics":["champ:ChampionCrown","CloakClasp","Membership Card","Smiling Mask","downfall:HeartBlessingBlue","Oddly Smooth Stone","Sozu","Centennial Puzzle","Enchiridion","Orichalcum","Kunai","downfall:HeartBlessingGreen","Bottled Lightning","Busted Crown","downfall:HeartBlessingRed","Shovel","Mummified Hand","Gremlin Horn"],"acts_visited":["Exordium","TheCity","TheBeyond"],"potions_floor_usage":[],"damage_taken":[{"damage":61.0,"enemies":"downfall:Silent","floor":2.0,"turns":10.0},{"damage":9.0,"enemies":"2 Louse","floor":4.0,"turns":4.0},{"damage":14.0,"enemies":"downfall:FleeingMerchant","floor":5.0,"turns":4.0},{"damage":40.0,"enemies":"Lagavulin","floor":8.0,"turns":7.0},{"damage":0.0,"enemies":"Cultist","floor":9.0,"turns":4.0},{"damage":8.0,"enemies":"Small Slimes","floor":11.0,"turns":3.0},{"damage":9.0,"enemies":"Gremlin Gang","floor":13.0,"turns":3.0},{"damage":14.0,"enemies":"downfall:FleeingMerchant","floor":14.0,"turns":4.0},{"damage":22.0,"enemies":"Exordium Thugs","floor":15.0,"turns":5.0},{"damage":29.0,"enemies":"downfall:Ironclad","floor":16.0,"turns":8.0},{"damage":55.0,"enemies":"Shell Parasite","floor":19.0,"turns":8.0},{"damage":40.0,"enemies":"Gremlin Leader","floor":20.0,"turns":6.0},{"damage":0.0,"enemies":"Chosen","floor":25.0,"turns":3.0},{"damage":29.0,"enemies":"Slavers","floor":26.0,"turns":6.0},{"damage":28.0,"enemies":"Centurion and Healer","floor":30.0,"turns":8.0},{"damage":16.0,"enemies":"downfall:FleeingMerchant","floor":31.0,"turns":4.0},{"damage":11.0,"enemies":"Snake Plant","floor":32.0,"turns":3.0},{"damage":34.0,"enemies":"downfall:Defect","floor":33.0,"turns":6.0},{"damage":34.0,"enemies":"Orb Walker","floor":36.0,"turns":4.0},{"damage":31.0,"enemies":"3 Darklings","floor":37.0,"turns":5.0},{"damage":72.0,"enemies":"Mind Bloom Boss Battle","floor":39.0,"turns":9.0},{"damage":48.0,"enemies":"Transient","floor":42.0,"turns":5.0},{"damage":25.0,"enemies":"Sphere and 2 Shapes","floor":43.0,"turns":2.0},{"damage":16.0,"enemies":"Nemesis","floor":44.0,"turns":3.0},{"damage":26.0,"enemies":"4 Shapes","floor":45.0,"turns":8.0},{"damage":20.0,"enemies":"downfall:FleeingMerchant","floor":47.0,"turns":4.0},{"damage":24.0,"enemies":"Spire Growth","floor":48.0,"turns":4.0},{"damage":71.0,"enemies":"Sphere and 2 Shapes","floor":49.0,"turns":6.0},{"damage":37,"enemies":"downfall:Watcher","floor":50,"turns":9}],"seed_played":"7462665350586021857","potions_obtained":[{"floor":8.0,"key":"BlessingOfTheForge"},{"floor":9.0,"key":"EntropicBrew"},{"floor":11.0,"key":"Block Potion"}],"is_trial":false,"path_per_floor":["R","?","?","M","$","R","T","E","M","R","M","?","M","$","M","B",null,"R","M","E","R","?","?","T","M","E","R","?","?","M","$","M","B",null,"R","M","M","R","?","?","T","M","M","E","M","?","$","M","M","B",null],"character_chosen":"THE_CHAMP","items_purchased":["Membership Card","champ:FanOfKnives","champ:BringItOn","Oddly Smooth Stone","Bottled Lightning"],"campfire_rested":1,"item_purchase_floors":[5,5,5,14,31],"current_hp_per_floor":[99,63,63,63,63,63,63,44,44,54,54,54,47,47,35,17,109,109,98,91,91,75,75,75,75,51,83,83,61,61,61,50,52,114,114,114,110,110,114,114,114,114,114,114,114,124,124,118,101,115],"gold":91,"neow_bonus":"TEN_PERCENT_HP_BONUS","is_daily":false,"chose_seed":false,"campfire_upgraded":6,"win_rate":0.0,"timestamp":1607841434,"path_taken":["R","?","?","M","$","R","T","E","?","R","M","?","?","?","M","BOSS","R","M","E","R","?","?","T","M","E","R","?","?","M","?","M","BOSS","R","M","M","R","?","?","T","?","M","E","M","?","$","M","M","BOSS"],"items_purchased_type":["Relic","Card","Card","Relic","Relic"],"build_version":"2020-11-30","purchased_purges":0,"victory":true,"max_hp_per_floor":[99,99,99,99,99,99,99,99,99,109,109,109,109,109,109,109,109,109,109,109,109,109,109,109,109,109,109,109,114,114,114,114,114,114,114,114,114,114,114,114,114,114,114,114,114,124,124,124,124,124],"relic_stats":{"Sozu":0,"Centennial Puzzle":[47],"Busted Crown":20,"Shovel":0,"Gremlin Horn":[5,5],"counters":[29,155],"Mummified Hand":[62],"CloakClasp":[393],"Kunai":[23],"Orichalcum":[72],"Smiling Mask":0,"obtain_stats":[{"downfall:HeartBlessingRed":38,"Gremlin Horn":44,"Oddly Smooth Stone":14,"Enchiridion":22,"champ:ChampionCrown":0,"downfall:HeartBlessingGreen":27,"CloakClasp":2,"Orichalcum":24,"Smiling Mask":8,"Sozu":17,"Centennial Puzzle":20,"Busted Crown":34,"Shovel":39,"downfall:HeartBlessingBlue":10,"Mummified Hand":41,"Membership Card":5,"Kunai":26,"Bottled Lightning":31},{"downfall:HeartBlessingRed":20,"Gremlin Horn":24,"Oddly Smooth Stone":8,"Enchiridion":12,"champ:ChampionCrown":0,"downfall:HeartBlessingGreen":14,"CloakClasp":1,"Orichalcum":12,"Smiling Mask":4,"Sozu":10,"Centennial Puzzle":12,"Busted Crown":18,"Shovel":21,"downfall:HeartBlessingBlue":5,"Mummified Hand":21,"Membership Card":3,"Kunai":14,"Bottled Lightning":16},{"downfall:HeartBlessingRed":105,"Gremlin Horn":124,"Oddly Smooth Stone":39,"Enchiridion":66,"champ:ChampionCrown":0,"downfall:HeartBlessingGreen":75,"CloakClasp":10,"Orichalcum":66,"Smiling Mask":25,"Sozu":52,"Centennial Puzzle":66,"Busted Crown":96,"Shovel":114,"downfall:HeartBlessingBlue":29,"Mummified Hand":114,"Membership Card":18,"Kunai":75,"Bottled Lightning":87}]},"card_choices":[{"not_picked":["champ:Backstep","champ:StanceDance"],"picked":"champ:EnragedBash","floor":2.0},{"not_picked":["champ:Backstep","champ:Duel"],"picked":"champ:ViciousMockery","floor":4.0},{"not_picked":["champ:DefensiveStyle","champ:BringItOn"],"picked":"champ:GladiatorsShout","floor":5.0},{"not_picked":["champ:GladiatorsShout","champ:FanOfKnives"],"picked":"champ:FocusedGladiator","floor":8.0},{"not_picked":["champ:AdrenalArmor","champ:FocusedGladiator"],"picked":"champ:GladiatorStyle","floor":9.0},{"not_picked":["champ:BringItOn","champ:FightOn"],"picked":"champ:LastStand","floor":11.0},{"not_picked":["champ:Encircle","champ:FanOfKnives"],"picked":"champ:IronFortress","floor":13.0},{"not_picked":["champ:Encircle","champ:BringItOn"],"picked":"champ:BerserkersShout","floor":14.0},{"not_picked":["champ:AdrenalArmor","champ:TornadoPunch"],"picked":"champ:BladeFlurry","floor":15.0},{"not_picked":["champ:Devastate","champ:HoldFirm"],"picked":"champ:StrikeOfGenius","floor":16.0},{"not_picked":["champ:ArenaPreparation","champ:RecklessLeap"],"picked":"champ:CalledShot+1","floor":19.0},{"not_picked":["champ:EnGarde","champ:FalseCounter+1"],"picked":"champ:HeartStrike","floor":20.0},{"not_picked":["champ:EnragedBash","champ:FlashCut"],"picked":"champ:TornadoPunch+1","floor":25.0},{"not_picked":["champ:CrookedStrike+1","champ:ShieldThrow","champ:GladiatorsShout"],"picked":"SKIP","floor":26.0},{"not_picked":["champ:AdrenalArmor+1","champ:Encircle"],"picked":"champ:DefensiveShout+1","floor":30.0},{"not_picked":["champ:CrookedStrike","champ:Backstep"],"picked":"champ:Lariat+1","floor":31.0},{"not_picked":["champ:GladiatorsShout","champ:GutPunch","champ:TornadoPunch+1"],"picked":"SKIP","floor":32.0},{"not_picked":["champ:CrownThrow","champ:CheapShot"],"picked":"champ:VampiricStrike","floor":33.0},{"not_picked":["champ:FanOfKnives"],"picked":"SKIP","floor":36.0},{"not_picked":["champ:TornadoPunch+1"],"picked":"SKIP","floor":37.0},{"not_picked":[],"picked":"champ:GladiatorsShout","floor":42.0},{"not_picked":[],"picked":"champ:GladiatorStyle+1","floor":43.0},{"not_picked":["champ:Backstep"],"picked":"SKIP","floor":44.0},{"not_picked":["champ:Lariat"],"picked":"SKIP","floor":45.0},{"not_picked":["champ:BerserkerStyle+1"],"picked":"SKIP","floor":47.0},{"not_picked":["champ:CrookedStrike"],"picked":"SKIP","floor":48.0},{"not_picked":["champ:CalledShot"],"picked":"SKIP","floor":49.0}],"player_experience":1527174,"relics_obtained":[{"floor":2.0,"key":"CloakClasp"},{"floor":8.0,"key":"Smiling Mask"},{"floor":20.0,"key":"Centennial Puzzle"},{"floor":22.0,"key":"Enchiridion"},{"floor":24.0,"key":"Orichalcum"},{"floor":26.0,"key":"Kunai"},{"floor":39.0,"key":"Shovel"},{"floor":41.0,"key":"Mummified Hand"},{"floor":44.0,"key":"Gremlin Horn"}],"event_choices":[{"cards_removed":["champ:Strike"],"damage_healed":0.0,"max_hp_gain":0.0,"max_hp_loss":0.0,"gold_gain":0.0,"event_name":"Purifier","player_choice":"Purged","floor":3.0,"gold_loss":0.0,"damage_taken":0.0},{"damage_healed":0.0,"max_hp_gain":0.0,"max_hp_loss":0.0,"gold_gain":0.0,"cards_transformed":["champ:Strike"],"event_name":"Transmorgrifier","player_choice":"Transformed","floor":12.0,"gold_loss":0.0,"damage_taken":0.0,"cards_obtained":["champ:DancingMaster"]},{"damage_healed":0.0,"max_hp_gain":0.0,"max_hp_loss":0.0,"gold_gain":0.0,"event_name":"Back to Basics","player_choice":"Simplicity","floor":28.0,"gold_loss":0.0,"damage_taken":0.0,"cards_upgraded":["champ:Strike","champ:Defend","champ:Defend","champ:Defend","champ:Defend"]}],"is_beta":false,"boss_relics":[{"not_picked":["Calling Bell","Runic Pyramid"],"picked":"Sozu"},{"not_picked":["SacredBark","Pandora\u0027s Box"],"picked":"Busted Crown"}],"items_purged_floors":[],"is_endless":false,"potions_floor_spawned":[8,9,11,15,19,30,33,37,45,48],"ascension_level":0}}