{"host":"y1qks9cbebtax51i","time":1607842838,"event":{"mods":["BaseMod","Better Match","Better Silent Start","BetterRewards","Colorless Booster Pack","Conspire","Downfall","Energized Spire","Exacting","GifTheSpireLib","Gremlin Mod","GungeonMod","Halation","Hubris","Hyrulean Relics","Infinite Spire","Magitek Elite","Minty Spire (QoL Compilation)","Rare Cards Sparkle","Replay The Spire","SacredBarkPlus","Small Relic Pack","Spikes Relics","Spire Birthday Party","StSLib","Stuff the Spire","The Construct","The Disciple","Trackpad","Useless Jewels Mod","everything is the same but u backflip on backflip","vexMod"],"gold_per_floor":[133,133,147,147,62,62,74,74,127,152,152,169,169,188,188,289,289,279,10,10,10,28,28,28],"floor_reached":23,"playtime":783,"items_purged":[],"score":236,"play_id":"9f871cd8-ce7a-40c5-aa62-3a74f89d5ff6","local_time":"20201213020038","is_ascension_mode":true,"campfire_choices":[{"data":"Zap","floor":6,"key":"SMITH"},{"data":"Leap","floor":8,"key":"SMITH"},{"floor":15,"key":"REST"}],"circlet_count":0,"master_deck":["Strike_B","Strike_B","Strike_B","Defend_B","Defend_B","Defend_B","Defend_B","Zap+1","Dualcast","RefreshScreen","hubris:PowerSurge","Stack","expansioncontent:SlimeTackle","hubris:PowerSurge","Leap+1","Sunder","Consume","Leap","Biased Cognition","Streamline","Replay:Bootleg Shield Generator","Metamorphosis","ReplayTheSpireMod:Calculation Training"],"relics":["Cracked Core","Ring of Shattering","StuffTheSpire:Mouthbags","StuffTheSpire:DarkSteelAnvil","halation:YellowSoulGem","Inserter"],"acts_visited":["Exordium","TheCity"],"potions_floor_usage":[16,18],"damage_taken":[{"damage":0,"enemies":"conspire:RoseBush","floor":1,"turns":3},{"damage":10,"enemies":"Small Slimes","floor":3,"turns":3},{"damage":0,"enemies":"Jaw Worm","floor":7,"turns":3},{"damage":36,"enemies":"3 Sentries","floor":10,"turns":7},{"damage":15,"enemies":"2 Fungi Beasts","floor":12,"turns":2},{"damage":0,"enemies":"Large Slime","floor":14,"turns":3},{"damage":13,"enemies":"Fading Forest","floor":16,"turns":11},{"damage":15,"enemies":"2 Thieves","floor":18,"turns":4},{"damage":12,"enemies":"Chosen","floor":22,"turns":3},{"damage":39,"enemies":"Replay:Snechameleon","floor":23,"turns":3}],"seed_played":"8884581237913295125","potions_obtained":[{"floor":3,"key":"ColorlessPotion"},{"floor":10,"key":"Strength Potion"},{"floor":16,"key":"sneckomod:MuddlingPotion"}],"is_trial":false,"path_per_floor":["M","?","M","?","$","R","M","R","T","E","?","M","?","M","R","B",null,"M","$","?","?","M","E"],"character_chosen":"DEFECT","items_purchased":["expansioncontent:SlimeTackle","Replay:Bootleg Shield Generator","Metamorphosis"],"campfire_rested":1,"item_purchase_floors":[5,19,19],"current_hp_per_floor":[75,75,65,65,65,65,65,65,65,29,29,14,14,14,36,31,64,49,49,49,49,37,0,0],"gold":28,"neow_bonus":"TRANSFORM_CARD","is_daily":false,"chose_seed":false,"campfire_upgraded":2,"win_rate":0.0,"timestamp":1607842838,"path_taken":["M","?","M","?","$","R","M","R","T","E","?","M","?","M","R","BOSS","M","$","?","?","M","E"],"items_purchased_type":["Card","Card","Card"],"build_version":"2020-11-30","purchased_purges":0,"victory":false,"max_hp_per_floor":[75,75,75,75,75,75,75,75,75,75,75,75,75,75,75,75,75,75,75,75,75,75,75,75],"card_choices":[{"not_picked":["Panic Button","Gash"],"picked":"hubris:PowerSurge","floor":1},{"not_picked":["Coolheaded","hubris:DoWhile"],"picked":"Stack","floor":3},{"not_picked":["ReplayTheSpireMod:System Scan","StuffTheSpire:NuclearReactor"],"picked":"hubris:PowerSurge","floor":7},{"not_picked":["Lockon","FTL"],"picked":"Sunder","floor":10},{"not_picked":["Streamline","Darkness"],"picked":"Consume","floor":12},{"not_picked":["Crystallizer","StuffTheSpire:Plugnplay"],"picked":"Leap","floor":14},{"not_picked":["StuffTheSpire:LaunchingStrike","StuffTheSpire:EventHorizon"],"picked":"Biased Cognition","floor":16},{"not_picked":["Compile Driver","Beam Cell+1"],"picked":"Streamline","floor":18},{"not_picked":["StuffTheSpire:SnapShoot","Auto Shields"],"picked":"ReplayTheSpireMod:Calculation Training","floor":22}],"player_experience":974788,"relics_obtained":[{"floor":4,"key":"Ring of Shattering"},{"floor":9,"key":"StuffTheSpire:Mouthbags"},{"floor":10,"key":"StuffTheSpire:DarkSteelAnvil"}],"event_choices":[{"damage_healed":0,"gold_gain":0,"player_choice":"Searched \u00270\u0027 times","damage_taken":0,"max_hp_gain":0,"max_hp_loss":0,"event_name":"Dead Adventurer","floor":13,"gold_loss":0},{"damage_healed":0,"gold_gain":0,"player_choice":"Ignored","damage_taken":0,"max_hp_gain":0,"max_hp_loss":0,"event_name":"Ghosts","floor":21,"gold_loss":0}],"is_beta":false,"boss_relics":[{"not_picked":["halation:SmartPhone","conspire:SeveredTorchhead"],"picked":"Inserter"}],"items_purged_floors":[],"is_endless":false,"potions_floor_spawned":[3,10,16],"killed_by":"Replay:Snechameleon","ascension_level":5}}