{"host":"ks12kfi5c4d9hdxy","time":1607891721,"event":{"mods":["BaseMod","Conspire","GifTheSpireLib","HololiveMod","Koishi","LagranYue(拉格朗・月)","Marisa（F雨　魔理沙）","Minty Spire (QoL Compilation)","Reimu（博丽灵梦）","Remilia（蕾米莉亚）","Replay The Spire","RumiaBox-露米娅的神秘盒子","StSLib","SuperFastMode","The Administrix","The Servant 0.9.4","Youmu（魂魄妖梦）","Yuyuko","【功能Mod】混沌之环修复补丁","【功能Mod】聪明的最终Boss","篝火指南"],"gold_per_floor":[117,117,117,67,67,99,99,127,196,234,234,258,258,271,271,342,342,356,398,448,462,464,464],"floor_reached":22,"playtime":483,"items_purged":[],"score":455,"play_id":"c68cbbbb-2029-4580-8962-61ecd0159fd5","local_time":"20201214043521","is_ascension_mode":true,"campfire_choices":[{"data":"UpSweep","floor":7.0,"key":"SMITH"},{"data":"MasterSpark","floor":11,"key":"SMITH"},{"floor":15,"key":"REST"}],"circlet_count":0,"master_deck":["AscendersBane","Strike_MRS","Strike_MRS","Strike_MRS","Defend_MRS","Defend_MRS+1","Defend_MRS","Defend_MRS","MasterSpark+1","UpSweep+1","WitchLeyline","conspire:SpireCoStock","JA","ShootingEcho","SuperNova","ShootingEcho"],"relics":["MiniHakkero","LagranYue:RandomDrawCardRelic","NeowsBlessing","Boot","Blue Candle","conspire:BottledYoYo","Dream Catcher","MagicDraw2","Sozu"],"acts_visited":["Exordium","TheCity"],"potions_floor_usage":[10,16,16],"damage_taken":[{"damage":0.0,"enemies":"Cultist","floor":1.0,"turns":1.0},{"damage":0.0,"enemies":"3 Sentries","floor":6.0,"turns":2.0},{"damage":0.0,"enemies":"Gremlin Nob","floor":8.0,"turns":1.0},{"damage":26,"enemies":"3 Sentries","floor":10,"turns":6},{"damage":36,"enemies":"Gremlin Nob","floor":12,"turns":4},{"damage":0,"enemies":"Jaw Worm","floor":14,"turns":3},{"damage":2,"enemies":"Slime Boss","floor":16,"turns":7},{"damage":21,"enemies":"Shell Parasite","floor":18,"turns":4},{"damage":8,"enemies":"Chosen","floor":19,"turns":4},{"damage":30,"enemies":"Snake Plant","floor":21,"turns":4},{"damage":4,"enemies":"Centurion and Healer","floor":22,"turns":3}],"seed_played":"-8625261111524711234","potions_obtained":[{"floor":6.0,"key":"LiquidMemories"},{"floor":8.0,"key":"SpeedPotion"},{"floor":12,"key":"Dexterity Potion"},{"floor":14,"key":"DistilledChaos"}],"is_trial":false,"path_per_floor":["M","?","?","?","?","E","R","E","T","E","R","E","?","M","R","B",null,"M","M","?","M","M"],"character_chosen":"MARISA","items_purchased":[],"campfire_rested":1,"item_purchase_floors":[],"current_hp_per_floor":[63,68,68,68,68,68,68,68,68,42,42,6,6,6,28,26,63,42,34,34,4,0,0],"gold":464,"neow_bonus":"THREE_ENEMY_KILL","is_daily":false,"chose_seed":false,"campfire_upgraded":2,"win_rate":0.0,"timestamp":1607891721,"path_taken":["M","?","?","?","?","E","R","E","T","E","R","E","?","?","R","BOSS","M","M","?","M","?"],"items_purchased_type":[],"build_version":"2020-11-30","purchased_purges":0,"victory":false,"max_hp_per_floor":[70,75,75,75,75,75,75,75,75,75,75,75,75,75,75,75,75,75,75,75,75,75,75],"card_choices":[{"not_picked":["SporeBomb","UnstableBomb"],"picked":"WitchLeyline","floor":1.0},{"not_picked":["ChargingUp","6A"],"picked":"JA","floor":6.0},{"not_picked":["DC","GalacticHalo","UnstableBomb"],"picked":"SKIP","floor":8.0},{"not_picked":["StarBarrage","DoubleSpark","JA"],"picked":"SKIP","floor":10},{"not_picked":["GalacticHalo","Acceleration","SporeBomb"],"picked":"SKIP","floor":12},{"not_picked":["NonDirectionalLaser","BlazeAway","DoubleSpark"],"picked":"SKIP","floor":14},{"not_picked":["Acceleration","WitchLeyline"],"picked":"ShootingEcho","floor":15},{"not_picked":["BlazingStar","StarDustReverie"],"picked":"SuperNova","floor":16},{"not_picked":["GrandCross","6A","MysteriousBeam"],"picked":"SKIP","floor":18},{"not_picked":["NonDirectionalLaser","WitchOfGreed","MachineGunSpark"],"picked":"SKIP","floor":19},{"not_picked":["IllusionStar","GravityBeat"],"picked":"ShootingEcho","floor":21}],"player_experience":455601,"relics_obtained":[{"floor":6.0,"key":"Boot"},{"floor":8.0,"key":"Blue Candle"},{"floor":9.0,"key":"conspire:BottledYoYo"},{"floor":10,"key":"Dream Catcher"},{"floor":12,"key":"MagicDraw2"}],"event_choices":[{"damage_healed":0.0,"max_hp_gain":5.0,"max_hp_loss":0.0,"gold_gain":0.0,"event_name":"Big Fish","player_choice":"Donut","floor":2.0,"gold_loss":0.0,"damage_taken":0.0},{"damage_healed":0.0,"max_hp_gain":0.0,"max_hp_loss":0.0,"gold_gain":0.0,"event_name":"conspire:Investor","player_choice":"Invest 1","floor":4.0,"gold_loss":0.0,"damage_taken":0.0},{"cards_removed":["Strike_MRS"],"damage_healed":0,"gold_gain":0,"player_choice":"Purged","damage_taken":0,"max_hp_gain":0,"max_hp_loss":0,"event_name":"Purifier","floor":13,"gold_loss":0},{"damage_healed":0,"gold_gain":50,"player_choice":"Pray","damage_taken":0,"max_hp_gain":0,"max_hp_loss":0,"event_name":"Golden Shrine","floor":20,"gold_loss":0}],"is_beta":false,"boss_relics":[{"not_picked":["Ring of Chaos","Kintsugi"],"picked":"Sozu"}],"items_purged_floors":[],"is_endless":false,"potions_floor_spawned":[6,8,12,14,19,21],"killed_by":"Centurion and Healer","ascension_level":15}}