{"host":"dlyy4wv9zatha4f7","time":1607879701,"event":{"mods":["BaseMod","Better Third Choice","Colored Map","GifTheSpireLib","Infinite Spire","Minty Spire (QoL Compilation)","StSLib","SuperFastMode","Unceasing Turn Reminder"],"gold_per_floor":[116,116,35,210,226,226,241,273,273,305,305,98,116,116,116,217,217,235,235,254,268,282,314,314,343,366,35,35,45,118,152,152,250,250,267,617,617,662,662,662,311,311,311,311,311,2,2,28,28,28],"floor_reached":51,"playtime":2028,"items_purged":["Doubt","Regret","Strike_B","Strike_B"],"score":1105,"play_id":"b83bf8a0-ef16-4649-bf0b-613b6dd2aa44","local_time":"20201213191501","is_ascension_mode":true,"campfire_choices":[{"data":"Zap","floor":6.0,"key":"SMITH"},{"data":"Defragment","floor":11.0,"key":"SMITH"},{"data":"Loop","floor":15.0,"key":"SMITH"},{"floor":24,"key":"REST"},{"data":"Defragment","floor":28,"key":"SMITH"},{"data":"Capacitor","floor":32,"key":"SMITH"},{"data":"Echo Form","floor":40,"key":"SMITH"},{"data":"Storm","floor":42,"key":"SMITH"},{"floor":45,"key":"REST"},{"data":"infinitespire:Gouge","floor":45,"key":"SMITH"},{"data":"infinitespire:SevenWalls","floor":47,"key":"SMITH"},{"data":"Seek","floor":49,"key":"SMITH"}],"circlet_count":0,"master_deck":["Strike_B","Defend_B","Defend_B","Defend_B","Zap+1","Dualcast","FTL","Defragment+1","Scrape","FTL","Leap","Loop+1","Bandage Up","Go for the Eyes","Electrodynamics","Capacitor+1","Undo","Ball Lightning","Chill","Beam Cell","Chill","Defragment+1","Ball Lightning","Scrape","Echo Form+1","Finesse","Thinking Ahead","Flash of Steel","Storm+1","FTL","infinitespire:Fortify","infinitespire:Gouge+1","infinitespire:SevenWalls+1","Seek+1"],"relics":["Cracked Core","Ancient Tea Set","infinitespire:EmpoweringShard","Pantograph","Shuriken","Boot","StoneCalendar","infinitespire:Cupcake","infinitespire:FocusingShard","InkBottle","Kunai","Juzu Bracelet","Happy Flower","infinitespire:Eraser","HornCleat","Runic Pyramid","Old Coin","Akabeko","Lantern","infinitespire:Magic Flask","Empty Cage","infinitespire:CheckeredPen","Omamori"],"acts_visited":["Exordium","TheCity","TheBeyond"],"potions_floor_usage":[21,31,33,33,50,50,50],"damage_taken":[{"damage":7.0,"enemies":"Jaw Worm","floor":1.0,"turns":3.0},{"damage":1.0,"enemies":"Cultist","floor":5.0,"turns":3.0},{"damage":10.0,"enemies":"2 Louse","floor":7.0,"turns":2.0},{"damage":16.0,"enemies":"Gremlin Nob","floor":8.0,"turns":3.0},{"damage":27.0,"enemies":"3 Sentries","floor":10.0,"turns":6.0},{"damage":8.0,"enemies":"Large Slime","floor":13.0,"turns":4.0},{"damage":22.0,"enemies":"Hexaghost","floor":16.0,"turns":7.0},{"damage":17,"enemies":"2 Thieves","floor":18,"turns":4},{"damage":0,"enemies":"Chosen","floor":20,"turns":3},{"damage":15,"enemies":"Snecko","floor":21,"turns":4},{"damage":8,"enemies":"Cultist and Chosen","floor":22,"turns":4},{"damage":45,"enemies":"Slavers","floor":23,"turns":6},{"damage":10,"enemies":"Gremlin Leader","floor":25,"turns":5},{"damage":0,"enemies":"Chosen and Byrds","floor":29,"turns":3},{"damage":8,"enemies":"Book of Stabbing","floor":31,"turns":4},{"damage":3,"enemies":"Automaton","floor":33,"turns":6},{"damage":3,"enemies":"Orb Walker","floor":35,"turns":3},{"damage":0,"enemies":"Mind Bloom Boss Battle","floor":36,"turns":5},{"damage":0,"enemies":"Giant Head","floor":48,"turns":5},{"damage":16,"enemies":"Donu and Deca","floor":50,"turns":4}],"seed_played":"-4940631875452226730","potions_obtained":[{"floor":1.0,"key":"CultistPotion"},{"floor":7.0,"key":"Fruit Juice"},{"floor":10.0,"key":"PowerPotion"},{"floor":20,"key":"Regen Potion"},{"floor":25,"key":"Weak Potion"},{"floor":29,"key":"Swift Potion"},{"floor":31,"key":"LiquidBronze"},{"floor":35,"key":"ColorlessPotion"}],"is_trial":false,"path_per_floor":["M","?","$","?","M","R","M","E","T","E","R","$","M","?","R","B",null,"M","?","M","M","M","E","R","E","T","$","R","M","T","E","R","B",null,"M","?","?","T","?","R","$","R","T","AVR","R","$","R","E","R","B",null],"character_chosen":"DEFECT","items_purchased":["Defragment","Loop","Bandage Up","Happy Flower","Defragment","Storm","FTL","PotionOfCapacity","infinitespire:CheckeredPen","Dexterity Potion"],"campfire_rested":2,"item_purchase_floors":[3,12,12,27,27,41,41,41,46,46],"current_hp_per_floor":[61,61,61,61,60,60,50,39,39,12,12,12,8,8,8,15,64,51,51,55,56,52,11,35,29,29,29,29,33,33,31,31,57,74,75,80,70,70,70,70,70,70,70,70,80,80,80,80,80,68],"gold":28,"neow_bonus":"RANDOM_COMMON_RELIC","is_daily":false,"chose_seed":false,"campfire_upgraded":10,"win_rate":0.0,"timestamp":1607879701,"path_taken":["M","?","?","?","M","R","M","E","T","E","R","$","M","?","R","BOSS","M","?","M","M","M","E","R","E","T","$","R","M","?","E","R","BOSS","M","?","?","?","?","R","?","R","T","AVR","R","$","R","E","R","BOSS"],"items_purchased_type":["Card","Card","Card","Relic","Card","Card","Card","Potion","Relic","Potion"],"build_version":"2020-11-30","purchased_purges":4,"victory":true,"max_hp_per_floor":[75,75,75,75,75,75,75,80,80,80,80,80,80,80,80,80,80,80,80,80,80,80,80,80,80,80,80,80,80,80,80,80,80,80,80,80,80,80,80,80,80,80,80,80,80,80,80,80,80,80],"card_choices":[{"not_picked":["Rebound","Coolheaded"],"picked":"FTL","floor":1.0},{"not_picked":["Redo","Hello World"],"picked":"Scrape","floor":5.0},{"not_picked":["Rip and Tear","Doom and Gloom"],"picked":"FTL","floor":7.0},{"not_picked":["Rebound","Streamline"],"picked":"Leap","floor":8.0},{"not_picked":["Double Energy","Stack","Redo"],"picked":"SKIP","floor":10.0},{"not_picked":["Capacitor","Rebound"],"picked":"Go for the Eyes","floor":13.0},{"not_picked":["Buffer","Multi-Cast"],"picked":"Electrodynamics","floor":16.0},{"not_picked":["Hologram","Gash"],"picked":"Capacitor","floor":18},{"not_picked":["Melter","Barrage"],"picked":"Undo","floor":20},{"not_picked":["Gash","Fusion"],"picked":"Ball Lightning","floor":21},{"not_picked":["Aggregate","Steam+1"],"picked":"Chill","floor":22},{"not_picked":["Capacitor","Streamline"],"picked":"Beam Cell","floor":23},{"not_picked":["Aggregate+1","Gash"],"picked":"Chill","floor":25},{"not_picked":["Barrage","Gash"],"picked":"Ball Lightning","floor":29},{"not_picked":["Streamline","Sweeping Beam+1"],"picked":"Scrape","floor":31},{"not_picked":["Meteor Strike","Multi-Cast"],"picked":"Echo Form","floor":33},{"not_picked":["Barrage","Conserve Battery","Sweeping Beam+1"],"picked":"SKIP","floor":35},{"not_picked":["Trip","The Bomb"],"picked":"Finesse","floor":37},{"not_picked":["Magnetism","Dramatic Entrance"],"picked":"Thinking Ahead","floor":37},{"not_picked":["Metamorphosis","Panacea"],"picked":"Flash of Steel","floor":37},{"not_picked":["Hologram+1","Leap"],"picked":"Seek","floor":48}],"player_experience":2207724,"relics_obtained":[{"floor":2.0,"key":"infinitespire:EmpoweringShard"},{"floor":8.0,"key":"Pantograph"},{"floor":9.0,"key":"Shuriken"},{"floor":10.0,"key":"Boot"},{"floor":23,"key":"InkBottle"},{"floor":25,"key":"Kunai"},{"floor":26,"key":"Juzu Bracelet"},{"floor":30,"key":"infinitespire:Eraser"},{"floor":31,"key":"HornCleat"},{"floor":36,"key":"Old Coin"},{"floor":38,"key":"Akabeko"},{"floor":43,"key":"Lantern"},{"floor":48,"key":"Omamori"}],"event_choices":[{"damage_healed":0.0,"max_hp_gain":0.0,"max_hp_loss":0.0,"gold_gain":0.0,"event_name":"Wheel of Change","player_choice":"Relic","floor":2.0,"gold_loss":0.0,"damage_taken":0.0},{"damage_healed":0.0,"max_hp_gain":0.0,"max_hp_loss":0.0,"gold_gain":175.0,"event_name":"betterThird:BetterSerpent","player_choice":"AGREE","floor":4.0,"gold_loss":0.0,"damage_taken":35.0},{"damage_healed":0.0,"max_hp_gain":0.0,"max_hp_loss":0.0,"gold_gain":0.0,"event_name":"Big Fish","player_choice":"Box","floor":14.0,"gold_loss":0.0,"damage_taken":0.0,"relics_obtained":["StoneCalendar"],"cards_obtained":["Regret"]},{"damage_healed":0,"gold_gain":0,"player_choice":"Opened","damage_taken":0,"relics_obtained":["infinitespire:FocusingShard"],"max_hp_gain":0,"max_hp_loss":0,"event_name":"The Mausoleum","floor":19,"gold_loss":0},{"damage_healed":0,"gold_gain":0,"player_choice":"Fight","damage_taken":0,"max_hp_gain":0,"max_hp_loss":0,"event_name":"MindBloom","floor":36,"gold_loss":0},{"damage_healed":0,"gold_gain":0,"player_choice":"Memory 3","damage_taken":10,"max_hp_gain":0,"max_hp_loss":0,"event_name":"SensoryStone","floor":37,"gold_loss":0},{"damage_healed":0,"gold_gain":0,"player_choice":"Ignored","damage_taken":0,"max_hp_gain":0,"max_hp_loss":0,"event_name":"Tomb of Lord Red Mask","floor":39,"gold_loss":0}],"is_beta":false,"boss_relics":[{"not_picked":["Astrolabe","Velvet Choker"],"picked":"infinitespire:Cupcake"},{"not_picked":["Philosopher\u0027s Stone","Tiny House"],"picked":"Runic Pyramid"}],"items_purged_floors":[12,27,41,44],"is_endless":false,"potions_floor_spawned":[1,7,10,20,25,29,31,35],"ascension_level":9}}