{"host":"6qo42zgaknezulyg","time":1607834946,"event":{"mods":["2.2 Compatiblity","BaseMod","Keyboard Shortcuts","Minty Spire (QoL Compilation)","Permanent Neow","Quick Restart","StSLib","SuperFastMode","The Cursed"],"gold_per_floor":[112,122,139,151,161,161,161,161,161,161,172,191,211,246,246,350,350,366,306,318,29,29,29,57,71,122,221,221,234,234,250,250,351,351,365,384,40,40,55,55,67,67,67,80,105,118,118,118,118,118],"floor_reached":51,"playtime":3435,"items_purged":["TheCursedMod:Defend_TheCursed"],"score":1100,"play_id":"bf26185c-2229-494f-95d7-042c4ff4baee","local_time":"20201213134906","is_ascension_mode":true,"campfire_choices":[{"data":"TheCursedMod:DarkBarrier","floor":6.0,"key":"SMITH"},{"data":"TheCursedMod:Torture","floor":8.0,"key":"SMITH"},{"data":"TheCursedMod:CursedStaff","floor":15.0,"key":"SMITH"},{"data":"TheCursedMod:VoidForm","floor":23.0,"key":"SMITH"},{"floor":30.0,"key":"REST"},{"data":"TheCursedMod:CursedStaff","floor":32.0,"key":"SMITH"},{"data":"TheCursedMod:ManaBullet","floor":40.0,"key":"SMITH"},{"data":"TheCursedMod:CursedArmor","floor":42.0,"key":"SMITH"},{"data":"TheCursedMod:CleanUpWorkshop","floor":47,"key":"SMITH"},{"data":"TheCursedMod:CursedRelics","floor":49,"key":"SMITH"}],"circlet_count":0,"master_deck":["TheCursedMod:Defend_TheCursed","TheCursedMod:Defend_TheCursed","TheCursedMod:CursedWand","TheCursedMod:CleanUpWorkshop+1","TheCursedMod:Dregs","Parasite","TheCursedMod:Torture+1","TheCursedMod:SurpriseAttack","TheCursedMod:SurpriseAttack","TheCursedMod:DarkBarrier+1","TheCursedMod:CursedArmor+1","TheCursedMod:SpitefulPray","TheCursedMod:Evocation+1","TheCursedMod:BlessingInDisguise+1","TheCursedMod:CursedStaff+1","TheCursedMod:NeowsMight+1","TheCursedMod:VoidForm+1","TheCursedMod:UltimatePain+1","TheCursedMod:ManaCirculation+1","TheCursedMod:CollectTribute+1","TheCursedMod:FleshFromBone+1","TheCursedMod:ReleasedStrength+1","TheCursedMod:NeowsMight+1","TheCursedMod:CursedAmulet+1","Shame","TheCursedMod:CursedStaff+1","TheCursedMod:Neurasthenia+1","TheCursedMod:Grudge+1","TheCursedMod:SmokeScreen+1","TheCursedMod:ForbiddenAlchemy+1","TheCursedMod:CursedAmulet+1","TheCursedMod:ManaBullet+1","Impatience+1","TheCursedMod:CleanUpWorkshop+1","TheCursedMod:DarkBarrier+1","TheCursedMod:WearCloak+1","TheCursedMod:CursedRelics+1"],"relics":["TheCursedMod:BlackMagic101","TungstenRod","Toxic Egg 2","Eternal Feather","Singing Bowl","Astrolabe","HornCleat","Pen Nib","Akabeko","TheCursedMod:OminousMark","Lizard Tail","Meat on the Bone","InkBottle"],"acts_visited":["Exordium","TheCity","TheBeyond"],"potions_floor_usage":[50,50,50,50,50,50,50,50,50,50,50,50],"damage_taken":[{"damage":1.0,"enemies":"Jaw Worm","floor":1.0,"turns":5.0},{"damage":4.0,"enemies":"Small Slimes","floor":2.0,"turns":4.0},{"damage":0.0,"enemies":"Cultist","floor":3.0,"turns":4.0},{"damage":10.0,"enemies":"Large Slime","floor":4.0,"turns":7.0},{"damage":8.0,"enemies":"Lots of Slimes","floor":5.0,"turns":7.0},{"damage":8.0,"enemies":"Exordium Thugs","floor":11.0,"turns":7.0},{"damage":6.0,"enemies":"Exordium Wildlife","floor":12.0,"turns":6.0},{"damage":15.0,"enemies":"Large Slime","floor":13.0,"turns":12.0},{"damage":0.0,"enemies":"Lagavulin","floor":14.0,"turns":4.0},{"damage":23.0,"enemies":"Hexaghost","floor":16.0,"turns":11.0},{"damage":13.0,"enemies":"Shell Parasite","floor":18.0,"turns":5.0},{"damage":4.0,"enemies":"2 Thieves","floor":19.0,"turns":4.0},{"damage":12.0,"enemies":"Snake Plant","floor":20.0,"turns":4.0},{"damage":40.0,"enemies":"Gremlin Leader","floor":24.0,"turns":9.0},{"damage":4.0,"enemies":"Shelled Parasite and Fungi","floor":25.0,"turns":7.0},{"damage":0.0,"enemies":"Sentry and Sphere","floor":29.0,"turns":3.0},{"damage":0.0,"enemies":"Centurion and Healer","floor":31.0,"turns":6.0},{"damage":50.0,"enemies":"Collector","floor":33.0,"turns":11.0},{"damage":15.0,"enemies":"3 Darklings","floor":35.0,"turns":18.0},{"damage":0.0,"enemies":"3 Shapes","floor":36.0,"turns":7.0},{"damage":0.0,"enemies":"Sphere and 2 Shapes","floor":39.0,"turns":4.0},{"damage":5.0,"enemies":"Maw","floor":41.0,"turns":8.0},{"damage":21.0,"enemies":"Spire Growth","floor":44.0,"turns":5.0},{"damage":0.0,"enemies":"Nemesis","floor":45.0,"turns":7.0},{"damage":0,"enemies":"Sphere and 2 Shapes","floor":46,"turns":6},{"damage":0,"enemies":"Donu and Deca","floor":50,"turns":7}],"seed_played":"-9027385312632931643","potions_obtained":[{"floor":3.0,"key":"Block Potion"},{"floor":11.0,"key":"LiquidMemories"},{"floor":12.0,"key":"ColorlessPotion"},{"floor":29.0,"key":"SkillPotion"},{"floor":31.0,"key":"Energy Potion"},{"floor":39.0,"key":"Energy Potion"},{"floor":41.0,"key":"SteroidPotion"}],"is_trial":false,"path_per_floor":["M","M","M","M","M","R","?","R","T","T","M","M","M","E","R","B",null,"M","M","M","$","?","R","E","M","T","?","?","M","R","M","R","B",null,"M","M","$","?","M","R","M","R","T","M","E","M","R","?","R","B",null],"character_chosen":"THE_CURSED","items_purchased":["TheCursedMod:NeowsMight+1","TheCursedMod:CursedAmulet+1","Lizard Tail","TheCursedMod:ManaBullet"],"campfire_rested":1,"item_purchase_floors":[21,21,37,37],"current_hp_per_floor":[67,63,63,53,45,45,45,45,45,45,37,31,16,16,28,5,58,45,41,31,31,31,46,6,4,4,4,4,4,42,42,57,7,61,46,48,48,48,50,68,63,83,83,64,66,66,87,87,87,87],"gold":118,"neow_bonus":"ONE_RARE_RELIC","is_daily":false,"chose_seed":false,"campfire_upgraded":9,"win_rate":0.0,"timestamp":1607834946,"path_taken":["M","M","M","M","M","R","?","R","T","?","M","M","M","E","R","BOSS","M","M","M","$","?","R","E","M","T","?","?","M","R","M","R","BOSS","M","?","$","?","?","R","M","R","T","M","E","M","R","?","R","BOSS"],"items_purchased_type":["Card","Card","Relic","Card"],"build_version":"2020-11-30","purchased_purges":1,"victory":true,"max_hp_per_floor":[75,75,75,75,75,75,75,75,75,75,75,75,75,75,75,75,75,75,75,77,77,77,77,77,79,79,79,79,79,79,79,79,79,79,79,81,81,81,83,83,83,83,83,85,87,87,87,87,87,87],"card_choices":[{"not_picked":["TheCursedMod:TacticalStrike","TheCursedMod:SmokeScreen"],"picked":"TheCursedMod:Torture","floor":1.0},{"not_picked":["TheCursedMod:SpitefulStrike","TheCursedMod:FuryStrike"],"picked":"TheCursedMod:SurpriseAttack","floor":2.0},{"not_picked":["TheCursedMod:RavingStaff","TheCursedMod:SmokeScreen"],"picked":"TheCursedMod:SurpriseAttack","floor":3.0},{"not_picked":["TheCursedMod:AshesToAshes","TheCursedMod:StingEye"],"picked":"TheCursedMod:DarkBarrier","floor":4.0},{"not_picked":["TheCursedMod:Obscuration","TheCursedMod:FleshFromBone"],"picked":"TheCursedMod:CursedArmor","floor":5.0},{"not_picked":["TheCursedMod:CursedShiv","TheCursedMod:Stretching+1"],"picked":"TheCursedMod:Evocation+1","floor":11.0},{"not_picked":["TheCursedMod:Obscuration+1","TheCursedMod:Stretching+1"],"picked":"TheCursedMod:BlessingInDisguise+1","floor":12.0},{"not_picked":["TheCursedMod:CursedMace","TheCursedMod:WearCloak+1"],"picked":"TheCursedMod:CursedStaff","floor":13.0},{"not_picked":["TheCursedMod:SurpriseAttack","TheCursedMod:ReleasedKnowledge+1"],"picked":"TheCursedMod:NeowsMight+1","floor":14.0},{"not_picked":["TheCursedMod:ForbiddenAlchemy+1","TheCursedMod:CircleOfAbyss+1"],"picked":"TheCursedMod:VoidForm","floor":16.0},{"not_picked":["TheCursedMod:CursedShiv","TheCursedMod:Torture+1"],"picked":"TheCursedMod:FleshFromBone+1","floor":18.0},{"not_picked":["TheCursedMod:CursedAmulet+1","TheCursedMod:CursedMace"],"picked":"TheCursedMod:ReleasedStrength+1","floor":19.0},{"not_picked":["TheCursedMod:CircleOfBlood+1","TheCursedMod:Stigma","TheCursedMod:RavingStaff"],"picked":"Singing Bowl","floor":20.0},{"not_picked":["TheCursedMod:CircleOfAmplification+1","TheCursedMod:Stretching+1"],"picked":"TheCursedMod:CursedStaff","floor":24.0},{"not_picked":["TheCursedMod:CircleOfCorruption+1","TheCursedMod:RavingStaff","TheCursedMod:CursedShiv"],"picked":"Singing Bowl","floor":25.0},{"not_picked":["TheCursedMod:SpitefulPray+1","TheCursedMod:CursedRelics"],"picked":"TheCursedMod:Grudge+1","floor":29.0},{"not_picked":["TheCursedMod:VitalStrike","TheCursedMod:Stigma"],"picked":"TheCursedMod:SmokeScreen+1","floor":31.0},{"not_picked":["TheCursedMod:VoidForm","TheCursedMod:OutForBlood"],"picked":"TheCursedMod:ForbiddenAlchemy+1","floor":33.0},{"not_picked":["TheCursedMod:Stigma","TheCursedMod:Torture+1"],"picked":"TheCursedMod:CursedAmulet+1","floor":35.0},{"not_picked":["TheCursedMod:CircleOfBlood+1","TheCursedMod:HellsGateOpen","TheCursedMod:Wield"],"picked":"Singing Bowl","floor":36.0},{"not_picked":["TheCursedMod:CursedStaff","TheCursedMod:RavingStaff+1","TheCursedMod:SmokeScreen+1"],"picked":"Singing Bowl","floor":39.0},{"not_picked":["TheCursedMod:CursedMace+1","TheCursedMod:ReleasedKnowledge+1"],"picked":"TheCursedMod:DarkBarrier+1","floor":41.0},{"not_picked":["TheCursedMod:PrepareRite+1","TheCursedMod:VitalStrike","TheCursedMod:CircleOfBlood+1"],"picked":"Singing Bowl","floor":44.0},{"not_picked":["TheCursedMod:CursedAmulet+1","TheCursedMod:Evocation+1","TheCursedMod:VitalStrike"],"picked":"Singing Bowl","floor":45.0},{"not_picked":["TheCursedMod:SaltUponWound+1","TheCursedMod:TroublousMinions+1"],"picked":"TheCursedMod:WearCloak+1","floor":46}],"player_experience":749473,"relics_obtained":[{"floor":9.0,"key":"Toxic Egg 2"},{"floor":10.0,"key":"Eternal Feather"},{"floor":14.0,"key":"Singing Bowl"},{"floor":24.0,"key":"Pen Nib"},{"floor":26.0,"key":"Akabeko"},{"floor":43.0,"key":"Meat on the Bone"},{"floor":45.0,"key":"InkBottle"}],"event_choices":[{"damage_healed":0.0,"max_hp_gain":0.0,"max_hp_loss":0.0,"gold_gain":0.0,"cards_transformed":["TheCursedMod:Strike_TheCursed"],"event_name":"Living Wall","player_choice":"Change","floor":7.0,"gold_loss":0.0,"damage_taken":0.0,"cards_obtained":["TheCursedMod:SpitefulPray"]},{"damage_healed":0.0,"max_hp_gain":0.0,"max_hp_loss":0.0,"gold_gain":0.0,"event_name":"Addict","player_choice":"Stole Relic","floor":22.0,"gold_loss":0.0,"damage_taken":0.0,"relics_obtained":["HornCleat"],"cards_obtained":["Shame"]},{"damage_healed":0.0,"max_hp_gain":0.0,"max_hp_loss":0.0,"gold_gain":99.0,"event_name":"Nest","player_choice":"Stole From Cult","floor":27.0,"gold_loss":0.0,"damage_taken":0.0},{"damage_healed":0.0,"max_hp_gain":0.0,"max_hp_loss":0.0,"gold_gain":0.0,"cards_transformed":["TheCursedMod:Defend_TheCursed"],"event_name":"Transmorgrifier","player_choice":"Transformed","floor":28.0,"gold_loss":0.0,"damage_taken":0.0,"cards_obtained":["TheCursedMod:Neurasthenia"]},{"damage_healed":0.0,"max_hp_gain":0.0,"max_hp_loss":0.0,"gold_gain":0.0,"event_name":"Match and Keep!","player_choice":"2 cards matched","floor":38.0,"gold_loss":0.0,"damage_taken":0.0,"cards_obtained":["Impatience","TheCursedMod:CleanUpWorkshop"]},{"damage_healed":0,"gold_gain":0,"player_choice":"1 cards matched","damage_taken":0,"max_hp_gain":0,"max_hp_loss":0,"event_name":"Match and Keep!","floor":48,"gold_loss":0,"cards_obtained":["TheCursedMod:CursedRelics"]}],"is_beta":false,"boss_relics":[{"not_picked":["Fusion Hammer","TheCursedMod:FourLeafCloverCharm"],"picked":"Astrolabe"},{"not_picked":["SlaversCollar","SacredBark"],"picked":"TheCursedMod:OminousMark"}],"items_purged_floors":[21],"is_endless":false,"potions_floor_spawned":[3,11,12,29,31,39,41,46],"ascension_level":7}}