{"host":"st1kg310ms6sytc5","time":1607852935,"event":{"mods":["Act Like it!","BaseMod","CapriCore","Downfall","Friendly Minions","Minty Spire (QoL Compilation)","Relic Stats","StSLib","SuperFastMode"],"gold_per_floor":[99,116,145,157,175,175,201,232,157,190,208,41,69,54,76,76,76],"floor_reached":16,"playtime":857,"items_purged":["hexamod:HeatCrush"],"score":128,"play_id":"cf16b24c-91b6-4a96-872d-2022249fcf1c","local_time":"20201213174855","is_ascension_mode":true,"campfire_choices":[{"data":"hexamod:Sear","floor":1,"key":"SMITH"},{"data":"hexamod:Float","floor":6,"key":"SMITH"},{"data":"hexamod:ChargedBarrage","floor":9,"key":"SMITH"}],"circlet_count":0,"master_deck":["hexamod:Strike","hexamod:Strike","hexamod:Strike","hexamod:Defend","hexamod:Defend","hexamod:Defend","hexamod:Defend","hexamod:Sear+1","hexamod:Float+1","hexamod:ChargedBarrage+1","hexamod:Again","hexamod:ThirdSeal","hexamod:FastForward","hexamod:SecondSeal","hexamod:SearingWound","hexamod:InspiringFlames","hexamod:PhantomCloak","hexamod:SearingWound","hexamod:GhostflameBarrier","hexamod:GhostShield","hexamod:ExtraCrispy"],"relics":["hexamod:SpiritBrand","Boot","Question Card","downfall:HeartBlessingBlue","Mummified Hand"],"acts_visited":["Exordium"],"potions_floor_usage":[8,10],"damage_taken":[{"damage":0,"enemies":"Cultist","floor":2,"turns":3},{"damage":15,"enemies":"3 Sentries","floor":3,"turns":10},{"damage":0,"enemies":"2 Louse","floor":4,"turns":4},{"damage":0,"enemies":"Jaw Worm","floor":5,"turns":3},{"damage":1,"enemies":"Gremlin Nob","floor":8,"turns":3},{"damage":27,"enemies":"3 Sentries","floor":10,"turns":10},{"damage":12,"enemies":"Lots of Slimes","floor":11,"turns":6},{"damage":0,"enemies":"downfall:FleeingMerchant","floor":12,"turns":4},{"damage":2,"enemies":"Blue Slaver","floor":13,"turns":4},{"damage":1,"enemies":"downfall:FleeingMerchant","floor":14,"turns":4},{"damage":2,"enemies":"2 Fungi Beasts","floor":15,"turns":4},{"damage":21,"enemies":"downfall:Defect","floor":16,"turns":4}],"seed_played":"732081995708078755","potions_obtained":[{"floor":2,"key":"GamblersBrew"},{"floor":5,"key":"DuplicationPotion"},{"floor":8,"key":"LiquidMemories"},{"floor":11,"key":"Ancient Potion"},{"floor":15,"key":"Energy Potion"}],"is_trial":false,"path_per_floor":["R","M","E","M","M","R","T","E","R","E","M","$","M","$","M","B"],"character_chosen":"THE_SPIRIT","items_purchased":["hexamod:SearingWound"],"campfire_rested":0,"item_purchase_floors":[12],"current_hp_per_floor":[70,70,55,55,55,55,55,54,64,37,25,25,23,22,20,0,0],"gold":76,"neow_bonus":"REMOVE_CARD","is_daily":false,"chose_seed":false,"campfire_upgraded":3,"win_rate":0.0,"timestamp":1607852935,"path_taken":["R","M","E","?","M","R","T","E","R","E","M","?","M","$","M","BOSS"],"items_purchased_type":["Card"],"build_version":"2020-11-30","purchased_purges":1,"victory":false,"max_hp_per_floor":[70,70,70,70,70,70,70,70,80,80,80,80,80,80,80,80,80],"relic_stats":{"counters":[12,59],"Mummified Hand":[12],"Boot":[2],"Question Card":11,"obtain_stats":[{"downfall:HeartBlessingBlue":9,"Mummified Hand":10,"Boot":3,"Question Card":8,"hexamod:SpiritBrand":0},{"downfall:HeartBlessingBlue":5,"Mummified Hand":6,"Boot":2,"Question Card":5,"hexamod:SpiritBrand":0},{"downfall:HeartBlessingBlue":23,"Mummified Hand":33,"Boot":13,"Question Card":23,"hexamod:SpiritBrand":0}]},"card_choices":[{"not_picked":["hexamod:AdvancingGuard","hexamod:ThermalTransfer"],"picked":"hexamod:ChargedBarrage","floor":2},{"not_picked":["hexamod:Incineration","hexamod:Haunt","hexamod:SuperheatedStrike"],"picked":"SKIP","floor":3},{"not_picked":["hexamod:HeatMetal","hexamod:CatchUp"],"picked":"hexamod:Again","floor":4},{"not_picked":["hexamod:Hexaguard","hexamod:ShieldOfDarkness"],"picked":"hexamod:ThirdSeal","floor":5},{"not_picked":["hexamod:SpectersWail","hexamod:DynamicBlow"],"picked":"hexamod:FastForward","floor":8},{"not_picked":["hexamod:SpectralSpark","hexamod:ThermalTransfer"],"picked":"hexamod:HeatCrush","floor":8},{"not_picked":["hexamod:WildfireWeapon","hexamod:BacktrackSmack","hexamod:GhostOfSpireFuture"],"picked":"hexamod:SecondSeal","floor":10},{"not_picked":["hexamod:Firestarter","hexamod:GhostLash","hexamod:HeatShield"],"picked":"hexamod:SearingWound","floor":10},{"not_picked":["hexamod:HauntingEcho","hexamod:FastForward","hexamod:Haunt"],"picked":"hexamod:InspiringFlames","floor":11},{"not_picked":["hexamod:NightmareGuise","hexamod:GhostOfSpireFuture","hexamod:BacktrackSmack","hexamod:ThermalTransfer"],"picked":"SKIP","floor":11},{"not_picked":["hexamod:AdvancingGuard","hexamod:Firestarter","hexamod:SpectralSpark"],"picked":"hexamod:PhantomCloak","floor":12},{"not_picked":["hexamod:NightmareGuise","hexamod:SpectralAdrenaline","hexamod:BurningTouch"],"picked":"hexamod:GhostflameBarrier","floor":13},{"not_picked":["hexamod:BacktrackSmack","hexamod:ParanormalForm","hexamod:RainOfEmbers","hexamod:GhostLash"],"picked":"SKIP","floor":13},{"not_picked":["hexamod:GhostLash","hexamod:BacktrackSmack","hexamod:RainOfEmbers"],"picked":"hexamod:GhostShield","floor":14},{"not_picked":["hexamod:HauntingEcho","hexamod:Haunt","hexamod:SpectersWail","hexamod:ThirdSeal"],"picked":"SKIP","floor":14},{"not_picked":["hexamod:AdvancingGuard","hexamod:GhostOfSpirePast","hexamod:HauntingEcho"],"picked":"hexamod:ExtraCrispy","floor":15},{"not_picked":["hexamod:Rewind","hexamod:EmpoweredFlame","hexamod:DynamicBlow","hexamod:ThermalTransfer"],"picked":"SKIP","floor":15}],"player_experience":1468312,"relics_obtained":[{"floor":3,"key":"Boot"},{"floor":8,"key":"Question Card"},{"floor":10,"key":"Mummified Hand"}],"event_choices":[],"is_beta":false,"boss_relics":[],"items_purged_floors":[12],"is_endless":false,"potions_floor_spawned":[2,5,8,11,15],"killed_by":"downfall:Defect","ascension_level":1}}