{"host":"lck2g1j0kcwr02ez","time":1607841994,"event":{"mods":["BaseMod","CapriCore","Mari Mod (Legacy)","Mari\u0027s V1 Patch","Minty Spire (QoL Compilation)","Rare Cards Sparkle","StSLib","The Hierophant","The Mystic"],"gold_per_floor":[110,110,129,157,5062,5062,5081,5081,5132,4148,4137,4151,4168,4203,4203,4294,4294,4320,3578,3610,2918,2919,2919,2527,2346,2397,2456,2512,2512,2554,2630,2630,2542,2542,2675,2762,2856,2856,2702,2584,2479,2479,2504,2389,2389,2218,2218,2218,2218,1989,1989,1989,1474,1564,1564],"floor_reached":56,"playtime":3786,"items_purged":["hierophant:Defend_Hierophant","hierophant:Strike_Hierophant","hierophant:Defend_Hierophant","hierophant:Strike_Hierophant","hierophant:Defend_Hierophant","hierophant:Strike_Hierophant"],"score":1459,"play_id":"482e9f93-e08a-4a27-8947-aedea3c93093","local_time":"20201213144634","is_ascension_mode":false,"campfire_choices":[{"data":"Metamorphosis","floor":6,"key":"SMITH"},{"floor":8,"key":"RECALL"},{"data":"Enlightenment","floor":15,"key":"SMITH"},{"data":"Apotheosis","floor":23,"key":"SMITH"},{"data":"Enlightenment","floor":29,"key":"SMITH"},{"data":"hierophant:CursedGold","floor":32,"key":"SMITH"},{"data":"Mind Blast","floor":42,"key":"SMITH"},{"data":"hierophant:Generosity","floor":45,"key":"SMITH"},{"data":"hierophant:WrathOfGod","floor":47,"key":"SMITH"},{"data":"hierophant:Sermon","floor":49,"key":"SMITH"},{"floor":52,"key":"REST"}],"circlet_count":0,"master_deck":["hierophant:Strike_Hierophant","hierophant:Punish+1","hierophant:Defend_Hierophant","hierophant:ChurchCoffers","hierophant:Doubloon+1","hierophant:Remorse","hierophant:FlamingChariot","hierophant:ThreeLashes","hierophant:OrnateBuckler","hierophant:Encroach","Metamorphosis+1","hierophant:WrathOfGod+1","hierophant:FlamingChariot","Enlightenment+1","hierophant:RepressedViolence","hierophant:Sermon+1","hierophant:Doubloon","hierophant:Dazzle","hierophant:FlamingChariot","hierophant:Invocation","Flash of Steel","hierophant:Doubloon","Apotheosis+1","Enlightenment+1","hierophant:Charity","hierophant:Doubloon","hierophant:Batter","hierophant:Shelter","Mind Blast+1","hierophant:CursedGold+1","hierophant:Doubloon+1","hierophant:RustyCrate","hierophant:Doubloon","hierophant:Doubloon","hierophant:ThreeLashes","hierophant:Chorus+1","hierophant:AuricBeam","hierophant:BulkyChest","hierophant:Community+1","hierophant:FieryStrike+1","hierophant:Doubloon+1","hierophant:Generosity+1","hierophant:FlamingChariot+1","hierophant:RustyCrate+1","hierophant:Doubloon+1","hierophant:Doubloon+1","Panacea+1","hierophant:Community","hierophant:ArchangelShield","hierophant:Charity","hierophant:Doubloon+1","hierophant:HolyVerse+1","hierophant:RustyCrate+1","hierophant:Doubloon+1","hierophant:Doubloon+1"],"relics":["hierophant:PropheticMaskRelic","NeowsBlessing","CultistMask","HandDrill","Lantern","Incense Burner","Nunchaku","Orichalcum","White Beast Statue","Frozen Eye","Ornamental Fan","Busted Crown","Bottled Flame","Matryoshka","Membership Card","Ancient Tea Set","Bird Faced Urn","Meat on the Bone","Question Card","Eternal Feather","Mercury Hourglass","CeramicFish","StoneCalendar","SlaversCollar","Toxic Egg 2","Peace Pipe","Oddly Smooth Stone","Omamori","Ginger","The Courier","OrangePellets","HornCleat","Mango","Thread and Needle","Gremlin Horn","Torii","Pen Nib","Turnip","Akabeko","Anchor","InkBottle","Toy Ornithopter","Bag of Preparation","StrikeDummy","Letter Opener","Whetstone","Happy Flower","Pantograph","Bag of Marbles","CaptainsWheel","War Paint","Blood Vial","Centennial Puzzle","Shuriken","Du-Vu Doll","Art of War","Boot","Pear","Strawberry","Vajra","Bronze Scales","Bottled Lightning","Lizard Tail","Kunai","Unceasing Top","hierophant:DonationBoxRelic","Mummified Hand","Bottled Tornado","Blue Candle","Pocketwatch","Calipers","Gambling Chip","FossilizedHelix","Ice Cream","TungstenRod","Sundial","Dead Branch"],"acts_visited":["Exordium","TheCity","TheBeyond","TheEnding"],"potions_floor_usage":[7,10,14,16,16,27,50,55,55,55],"damage_taken":[{"damage":0,"enemies":"2 Louse","floor":1,"turns":1},{"damage":0,"enemies":"Cultist","floor":3,"turns":1},{"damage":0,"enemies":"Small Slimes","floor":4,"turns":1},{"damage":14,"enemies":"Gremlin Nob","floor":7,"turns":3},{"damage":6,"enemies":"2 Fungi Beasts","floor":11,"turns":3},{"damage":5,"enemies":"Looter","floor":12,"turns":2},{"damage":0,"enemies":"Blue Slaver","floor":13,"turns":3},{"damage":15,"enemies":"Lagavulin","floor":14,"turns":2},{"damage":35,"enemies":"The Guardian","floor":16,"turns":4},{"damage":0,"enemies":"Shell Parasite","floor":18,"turns":2},{"damage":9,"enemies":"Chosen","floor":20,"turns":5},{"damage":27,"enemies":"Sentry and Sphere","floor":22,"turns":4},{"damage":12,"enemies":"Chosen and Byrds","floor":27,"turns":2},{"damage":13,"enemies":"Centurion and Healer","floor":28,"turns":4},{"damage":28,"enemies":"Gremlin Leader","floor":30,"turns":5},{"damage":11,"enemies":"Snake Plant","floor":31,"turns":2},{"damage":48,"enemies":"Champ","floor":33,"turns":6},{"damage":5,"enemies":"3 Shapes","floor":35,"turns":3},{"damage":10,"enemies":"Orb Walker","floor":36,"turns":1},{"damage":24,"enemies":"4 Shapes","floor":37,"turns":2},{"damage":4,"enemies":"Writhing Mass","floor":39,"turns":5},{"damage":0,"enemies":"Reptomancer","floor":40,"turns":3},{"damage":0,"enemies":"Mind Bloom Boss Battle","floor":41,"turns":2},{"damage":23,"enemies":"2 Orb Walkers","floor":44,"turns":3},{"damage":31,"enemies":"Maw","floor":46,"turns":6},{"damage":22,"enemies":"Time Eater","floor":50,"turns":3},{"damage":0,"enemies":"Shield and Spear","floor":54,"turns":2},{"damage":0,"enemies":"The Heart","floor":55,"turns":4}],"seed_played":"4645107682554535959","potions_obtained":[{"floor":7,"key":"Weak Potion"},{"floor":12,"key":"DistilledChaos"},{"floor":14,"key":"BlessingOfTheForge"},{"floor":16,"key":"LiquidBronze"},{"floor":22,"key":"DistilledChaos"},{"floor":27,"key":"Ancient Potion"},{"floor":54,"key":"SteroidPotion"}],"is_trial":false,"path_per_floor":["M","?","M","M","$","R","E","R","T","$","M","M","M","E","R","B",null,"M","$","M","$","M","R","$","$","T","M","M","R","E","M","R","B",null,"M","M","M","?","M","E","?","R","T","?","R","M","R","T","R","B",null,"R","$","E","B",null],"character_chosen":"HIEROPHANT","items_purchased":["ColorlessPotion","HandDrill","Lantern","Incense Burner","hierophant:OrnateBuckler","hierophant:Encroach","Energy Potion","Strength Potion","Metamorphosis","hierophant:FlamingChariot","Enlightenment","Orichalcum","White Beast Statue","Frozen Eye","Fruit Juice","AttackPotion","hierophant:RepressedViolence","Flash of Steel","Bottled Flame","Matryoshka","Energy Potion","Membership Card","Apotheosis","Enlightenment","hierophant:Charity","Ancient Tea Set","Bird Faced Urn","hierophant:Batter","Meat on the Bone","Question Card","Mind Blast","Eternal Feather","hierophant:CursedGold","hierophant:RustyCrate","OrangePellets","HornCleat","Mango","Thread and Needle","Gremlin Horn","Torii","Pen Nib","Turnip","Akabeko","Anchor","Panacea+1","InkBottle","Toy Ornithopter","Bag of Preparation","StrikeDummy","Letter Opener","Whetstone","Happy Flower","Pantograph","Bag of Marbles","CaptainsWheel","War Paint","Blood Vial","Centennial Puzzle","Shuriken","Du-Vu Doll","Art of War","Boot","Pear","Strawberry","Vajra","Bronze Scales","Bottled Lightning","Lizard Tail","Kunai","Unceasing Top","hierophant:DonationBoxRelic","Mummified Hand","hierophant:Community","hierophant:ArchangelShield","hierophant:Charity","Bottled Tornado","Blue Candle","Pocketwatch","Calipers","Gambling Chip","FossilizedHelix","Ice Cream","TungstenRod","Sundial","Dead Branch","hierophant:HolyVerse+1","hierophant:RustyCrate+1"],"campfire_rested":1,"item_purchase_floors":[5,5,5,5,5,5,5,5,5,10,10,10,10,10,10,10,10,19,19,19,19,21,21,21,21,21,21,21,24,24,24,25,25,25,53,53,53,53,53,53,53,53,53,53,53,53,53,53,53,53,53,53,53,53,53,53,53,53,53,53,53,53,53,53,53,53,53,53,53,53,53,53,53,53,53,53,53,53,53,53,53,53,53,53,53,53,53],"current_hp_per_floor":[75,75,75,75,75,75,61,61,61,66,60,55,55,40,40,5,80,80,80,71,71,46,46,46,46,46,48,51,72,46,47,68,36,80,75,67,45,45,45,47,49,73,73,54,78,55,80,80,80,60,80,80,111,111,111],"gold":1564,"neow_bonus":"THREE_ENEMY_KILL","is_daily":false,"chose_seed":false,"campfire_upgraded":9,"win_rate":0.0,"timestamp":1607841994,"path_taken":["M","?","M","M","$","R","E","R","T","$","M","?","M","E","R","BOSS","M","?","M","$","M","R","?","$","T","?","?","R","E","M","R","BOSS","M","M","M","?","M","E","?","R","T","?","R","M","R","?","R","BOSS","R","$","E","BOSS"],"items_purchased_type":["Potion","Relic","Relic","Relic","Card","Card","Potion","Potion","Card","Card","Card","Relic","Relic","Relic","Potion","Potion","Card","Card","Relic","Relic","Potion","Relic","Card","Card","Card","Relic","Relic","Card","Relic","Relic","Card","Relic","Card","Card","Relic","Relic","Relic","Relic","Relic","Relic","Relic","Relic","Relic","Relic","Card","Relic","Relic","Relic","Relic","Relic","Relic","Relic","Relic","Relic","Relic","Relic","Relic","Relic","Relic","Relic","Relic","Relic","Relic","Relic","Relic","Relic","Relic","Relic","Relic","Relic","Relic","Relic","Card","Card","Card","Relic","Relic","Relic","Relic","Relic","Relic","Relic","Relic","Relic","Relic","Card","Card"],"build_version":"2020-11-30","purchased_purges":6,"victory":true,"max_hp_per_floor":[75,75,75,75,75,75,75,75,75,80,80,80,80,80,80,80,80,80,80,80,80,80,80,80,80,80,80,80,80,80,80,80,80,80,80,80,80,80,80,80,80,80,80,80,80,80,80,80,80,80,80,80,111,111,111],"card_choices":[{"not_picked":["hierophant:Purify","hierophant:FieryStrike"],"picked":"hierophant:Remorse","floor":1},{"not_picked":["hierophant:Community","hierophant:ThreeLashes"],"picked":"hierophant:FlamingChariot","floor":3},{"not_picked":["hierophant:MintersHammer","hierophant:Doubloon"],"picked":"hierophant:ThreeLashes","floor":4},{"not_picked":["hierophant:Remorse","hierophant:Chorus"],"picked":"hierophant:WrathOfGod","floor":7},{"not_picked":["hierophant:HolyVerse","hierophant:SealAway"],"picked":"hierophant:Sermon","floor":11},{"not_picked":["hierophant:OrnateBuckler","hierophant:PassingBell","hierophant:SealAway"],"picked":"SKIP","floor":12},{"not_picked":["hierophant:PassingBell","hierophant:RepressedViolence"],"picked":"hierophant:Dazzle","floor":13},{"not_picked":["hierophant:PristineSoul","hierophant:Purify"],"picked":"hierophant:FlamingChariot","floor":14},{"not_picked":["hierophant:LocustPlague","hierophant:MintersHammer"],"picked":"hierophant:Invocation","floor":16},{"not_picked":["hierophant:Blessing+1"],"picked":"SKIP","floor":18},{"not_picked":[],"picked":"hierophant:Doubloon","floor":20},{"not_picked":[],"picked":"hierophant:Shelter","floor":22},{"not_picked":["hierophant:Dazzle","hierophant:Smite"],"picked":"SKIP","floor":27},{"not_picked":["hierophant:RepressedViolence+1"],"picked":"hierophant:ThreeLashes","floor":28},{"not_picked":["hierophant:FieryStrike+1"],"picked":"hierophant:Chorus+1","floor":30},{"not_picked":["hierophant:LocustPlague"],"picked":"hierophant:AuricBeam","floor":31},{"not_picked":["hierophant:Kindle"],"picked":"hierophant:BulkyChest","floor":33},{"not_picked":["hierophant:Zeal"],"picked":"hierophant:Community+1","floor":35},{"not_picked":["hierophant:SealAway+1","hierophant:ArchangelShield"],"picked":"SKIP","floor":36},{"not_picked":["hierophant:Zeal+1"],"picked":"hierophant:FieryStrike+1","floor":37},{"not_picked":["hierophant:Repentance","hierophant:Shelter+1"],"picked":"SKIP","floor":39},{"not_picked":["hierophant:Upheaval"],"picked":"hierophant:Generosity","floor":40},{"not_picked":["hierophant:Mercenaries"],"picked":"hierophant:FlamingChariot","floor":41},{"not_picked":["hierophant:Shelter+1"],"picked":"hierophant:RustyCrate+1","floor":46},{"not_picked":["hierophant:OrnateJavelin","hierophant:AuricBeam"],"picked":"SKIP","floor":54}],"player_experience":133252,"relics_obtained":[{"floor":7,"key":"Nunchaku"},{"floor":14,"key":"Ornamental Fan"},{"floor":26,"key":"Mercury Hourglass"},{"floor":26,"key":"CeramicFish"},{"floor":30,"key":"StoneCalendar"},{"floor":40,"key":"Toxic Egg 2"},{"floor":41,"key":"Peace Pipe"},{"floor":43,"key":"Oddly Smooth Stone"},{"floor":43,"key":"Omamori"},{"floor":44,"key":"Ginger"},{"floor":48,"key":"The Courier"}],"event_choices":[{"damage_healed":0,"gold_gain":0,"player_choice":"Trade","damage_taken":0,"relics_obtained":["CultistMask"],"max_hp_gain":0,"max_hp_loss":0,"event_name":"FaceTrader","floor":2,"gold_loss":0},{"damage_healed":0,"gold_gain":0,"player_choice":"Ignored","damage_taken":0,"max_hp_gain":0,"max_hp_loss":0,"event_name":"Tomb of Lord Red Mask","floor":38,"gold_loss":0},{"damage_healed":0,"gold_gain":0,"player_choice":"Fight","damage_taken":0,"max_hp_gain":0,"max_hp_loss":0,"event_name":"MindBloom","floor":41,"gold_loss":0},{"damage_healed":0,"gold_gain":0,"player_choice":"Fight","damage_taken":0,"max_hp_gain":0,"max_hp_loss":0,"event_name":"Mysterious Sphere","floor":44,"gold_loss":0}],"is_beta":false,"boss_relics":[{"not_picked":["Cursed Key","Tiny House"],"picked":"Busted Crown"},{"not_picked":["Calling Bell","Velvet Choker"],"picked":"SlaversCollar"}],"items_purged_floors":[5,10,19,21,24,53],"is_endless":false,"potions_floor_spawned":[7,11,12,13,14,16,18,20,22,27,28,30,31,33,35,36,37,39,41,44,46,54],"ascension_level":0}}