{"host":"ul103bh19qas5vs8","time":1607847251,"event":{"mods":["BaseMod","Downfall","Googly Eyes","Minty Spire (QoL Compilation)","StSLib"],"gold_per_floor":[99,129,129,129,129,129,211,211,230,260,260,27,27,39,50,152,152,77,91,124,124,158,173,198,123,168,203,220,320,334,165,184,279,279,204,222,222,122,153,153,227,255,266,266,280,34,34,0,11,11,11,38,17,17,17],"floor_reached":56,"playtime":3104,"items_purged":["Slimebound:Strike_Slimebound","Slimebound:Strike_Slimebound"],"score":1401,"play_id":"7dbe2a81-ab99-478d-b44c-a399512be67e","local_time":"20201213161411","is_ascension_mode":false,"campfire_choices":[{"data":"Slimebound:Split","floor":1.0,"key":"SMITH"},{"data":"Slimebound:Prepare","floor":6.0,"key":"PURGE"},{"floor":18.0,"key":"RECALL"},{"data":"HandOfGreed","floor":21.0,"key":"PURGE"},{"data":"Slimebound:Split","floor":25.0,"key":"SMITH"},{"data":"Slimebound:DuplicatedForm","floor":35.0,"key":"SMITH"},{"data":"Slimebound:SlimeBrawl","floor":37.0,"key":"SMITH"},{"data":"Slimebound:SplitLeeching","floor":40.0,"key":"SMITH"},{"data":"Slimebound:SplitAcid","floor":44.0,"key":"SMITH"},{"data":"Slimebound:SplitLeeching","floor":54,"key":"SMITH"}],"circlet_count":2,"master_deck":["Slimebound:Strike_Slimebound+1","Slimebound:Tackle+1","Slimebound:Defend_Slimebound+1","Slimebound:Defend_Slimebound+1","Slimebound:Defend_Slimebound+1","Slimebound:Defend_Slimebound+1","Slimebound:Split+1","Slimebound:CorrosiveSpit+1","Slimebound:LeechingTouch+1","Slimebound:FinishingTackle+1","Slimebound:MegaLick+1","Slimebound:OneTwoCombo+1","Slimebound:ProtectTheBoss+1","Slimebound:RejuvenatingLick+1","Slimebound:SlimeBrawl+1","expansioncontent:Hexaburn+1","Slimebound:Split+1","Slimebound:SplitLeeching+1","Slimebound:MinionMaster+1","Slimebound:Prepare+1","Slimebound:LevelUp+1","Slimebound:Replication+1","Slimebound:SamplingLick+1","Slimebound:SlimeBrawl+1","Slimebound:GoopTackle+1","Slimebound:LeadByExample+1","Slimebound:DuplicatedForm+1","Slimebound:SplitMire+1","Slimebound:SplitAcid+1","Slimebound:MassRepurpose+1","Slimebound:FirmFortitude+1","Slimebound:SlimeTap+1","Slimebound:Replication+1","Slimebound:SplitAcid","Slimebound:SplitLeeching+1"],"relics":["Slimebound:AbsorbEndCombat","downfall:HeartsMalice","Slimebound:ScrapOozeRelic","downfall:ShatteredFragment","Eternal Feather","Circlet","SlaversCollar","Singing Bowl","Bag of Marbles","Toy Ornithopter","Question Card","Coffee Dripper","Strawberry","The Courier","Ancient Tea Set","Dead Branch"],"acts_visited":["Exordium","TheCity","TheBeyond","TheEnding"],"potions_floor_usage":[55],"damage_taken":[{"damage":0.0,"enemies":"Replay:BlueRogue","floor":2.0,"turns":1.0},{"damage":0.0,"enemies":"2 Louse","floor":4.0,"turns":1.0},{"damage":0.0,"enemies":"Small Slimes","floor":8.0,"turns":1.0},{"damage":9.0,"enemies":"Jaw Worm","floor":9.0,"turns":3.0},{"damage":21.0,"enemies":"Lagavulin","floor":10.0,"turns":5.0},{"damage":14.0,"enemies":"downfall:FleeingMerchant","floor":12.0,"turns":4.0},{"damage":15.0,"enemies":"2 Fungi Beasts","floor":14.0,"turns":2.0},{"damage":13.0,"enemies":"Red Slaver","floor":15.0,"turns":2.0},{"damage":33.0,"enemies":"downfall:Watcher","floor":16.0,"turns":5.0},{"damage":10.0,"enemies":"Spheric Guardian","floor":19.0,"turns":3.0},{"damage":15.0,"enemies":"Centurion and Healer","floor":20.0,"turns":4.0},{"damage":31.0,"enemies":"Replay:Snechameleon","floor":22.0,"turns":4.0},{"damage":12.0,"enemies":"Sentry and Sphere","floor":23.0,"turns":3.0},{"damage":23.0,"enemies":"Book of Stabbing","floor":27.0,"turns":3.0},{"damage":12.0,"enemies":"Snake Plant","floor":28.0,"turns":2.0},{"damage":8.0,"enemies":"3 Cultists","floor":30.0,"turns":3.0},{"damage":40.0,"enemies":"downfall:FleeingMerchant","floor":31.0,"turns":3.0},{"damage":16.0,"enemies":"Centurion and Healer","floor":32.0,"turns":3.0},{"damage":29.0,"enemies":"downfall:Defect","floor":33.0,"turns":4.0},{"damage":28.0,"enemies":"3 Darklings","floor":36.0,"turns":1.0},{"damage":41.0,"enemies":"R_Hoarder","floor":39.0,"turns":4.0},{"damage":52.0,"enemies":"Giant Head","floor":42.0,"turns":4.0},{"damage":18.0,"enemies":"3 Shapes","floor":43.0,"turns":2.0},{"damage":53.0,"enemies":"Writhing Mass","floor":45.0,"turns":3.0},{"damage":12.0,"enemies":"Maw","floor":49.0,"turns":4.0},{"damage":20.0,"enemies":"downfall:Ironclad","floor":50.0,"turns":4.0},{"damage":50.0,"enemies":"downfall:CharBossMerchant","floor":52.0,"turns":4.0},{"damage":53,"enemies":"downfall:NeowBoss","floor":55,"turns":11}],"seed_played":"9113710438177085012","potions_obtained":[{"floor":10.0,"key":"Block Potion"},{"floor":16.0,"key":"Weak Potion"},{"floor":22.0,"key":"Fire Potion"},{"floor":39.0,"key":"Milkshake"},{"floor":52,"key":"hexamod:EctoCoolerPotion"}],"is_trial":false,"path_per_floor":["R","E","?","M","?","R","T","M","M","E","T","$","?","M","M","B",null,"R","M","M","R","E","M","T","R","T","E","M","?","M","$","M","B",null,"R","M","R","$","E","R","T","E","M","R","M","$","?","$","M","B",null,"E","$","R","B",null],"character_chosen":"SLIMEBOUND","items_purchased":["Slimebound:RejuvenatingLick+1","HandOfGreed","Question Card","Blue Doll","Dead Branch","Slimebound:SlimeTap+1","Slimebound:SplitLeeching"],"campfire_rested":0,"item_purchase_floors":[12,12,31,31,46,48,53],"current_hp_per_floor":[60,60,60,60,42,42,42,42,45,40,40,46,46,47,40,37,60,70,68,70,70,51,53,53,68,68,68,72,72,72,56,60,70,74,74,73,74,74,79,81,81,70,80,83,67,67,67,67,83,83,83,63,63,83,83],"gold":17,"neow_bonus":"THREE_ENEMY_KILL","is_daily":false,"chose_seed":false,"campfire_upgraded":7,"win_rate":0.0,"timestamp":1607847251,"path_taken":["R","E","?","M","?","R","T","M","M","E","?","$","?","M","M","BOSS","R","M","M","R","E","M","T","R","?","E","M","?","?","$","M","BOSS","R","M","R","$","E","R","T","E","M","R","M","?","?","?","M","BOSS","E","$","R","BOSS"],"items_purchased_type":["Card","Card","Relic","Undefined","Relic","Card","Card"],"build_version":"2020-11-30","purchased_purges":2,"victory":true,"max_hp_per_floor":[60,60,60,60,60,60,60,60,60,60,60,60,60,60,60,60,60,70,70,70,70,70,70,70,70,70,72,72,72,72,74,74,74,74,74,74,74,74,81,81,81,81,83,83,83,83,83,83,83,83,83,83,83,83,83],"card_choices":[{"not_picked":["Slimebound:Schlurp","Slimebound:LeadByExample"],"picked":"Slimebound:Prepare","floor":2.0},{"not_picked":["Slimebound:FlameTackle","Slimebound:LeechEnergy"],"picked":"Slimebound:LeechingTouch","floor":4.0},{"not_picked":["Slimebound:Gluttony","Slimebound:GrowthPunch"],"picked":"Slimebound:FinishingTackle","floor":8.0},{"not_picked":["Slimebound:DouseInSlime","Slimebound:GrowthPunch"],"picked":"Slimebound:MegaLick","floor":9.0},{"not_picked":["Slimebound:SlimeBarrage","Slimebound:GoopSpray"],"picked":"Slimebound:OneTwoCombo","floor":10.0},{"not_picked":["Slimebound:Schlurp","Slimebound:Overexert"],"picked":"Slimebound:ProtectTheBoss","floor":12.0},{"not_picked":["Slimebound:SlimeSpikes","Slimebound:Schlurp","Slimebound:TongueLash"],"picked":"SKIP","floor":14.0},{"not_picked":["Slimebound:ForwardTackle","Slimebound:LeechingTouch"],"picked":"Slimebound:SplitLeeching","floor":15.0},{"not_picked":["Slimebound:PrepareCrush","Slimebound:OozeBath"],"picked":"Slimebound:MinionMaster","floor":16.0},{"not_picked":["Slimebound:GrowthPunch","Slimebound:HauntingLick"],"picked":"Slimebound:Prepare","floor":19.0},{"not_picked":["Slimebound:SplitBruiser","Slimebound:RejuvenatingLick"],"picked":"Slimebound:LevelUp+1","floor":20.0},{"not_picked":["Slimebound:MegaLick","Slimebound:GoopSpray"],"picked":"Slimebound:Replication","floor":22.0},{"not_picked":["Slimebound:SpikyOuterGoop","Slimebound:LeechingTouch"],"picked":"Slimebound:SamplingLick+1","floor":23.0},{"not_picked":["Slimebound:SamplingLick","Slimebound:Dissolve","Slimebound:LivingWall"],"picked":"Singing Bowl","floor":27.0},{"not_picked":["Slimebound:Dissolve+1","Slimebound:PressTheAttack+1"],"picked":"Slimebound:SlimeBrawl+1","floor":28.0},{"not_picked":["Slimebound:ProtectTheBoss","Slimebound:ForwardTackle"],"picked":"Slimebound:GoopTackle+1","floor":30.0},{"not_picked":["Slimebound:GoopTackle","Slimebound:LivingWall+1","Slimebound:GrowthPunch+1"],"picked":"Singing Bowl","floor":31.0},{"not_picked":["Slimebound:SplitAcid","Slimebound:Equalize","Slimebound:SplitLeeching+1"],"picked":"Slimebound:LeadByExample+1","floor":32.0},{"not_picked":["Slimebound:Teamwork","Slimebound:SlimeSlap","Slimebound:DouseInSlime"],"picked":"Slimebound:DuplicatedForm","floor":33.0},{"not_picked":["Slimebound:SlimeBrawl","Slimebound:Schlurp+1","Slimebound:RainOfGoop"],"picked":"Slimebound:SplitMire+1","floor":36.0},{"not_picked":["Slimebound:RollThrough","Slimebound:FormOfPuddle","Slimebound:GoopSpray"],"picked":"Slimebound:SplitAcid","floor":39.0},{"not_picked":["Slimebound:LeechEnergy+1","Slimebound:MinionMaster","Slimebound:LeechLife"],"picked":"Slimebound:MassRepurpose","floor":42.0},{"not_picked":["Slimebound:SplitLeeching","Slimebound:GoopSpray+1","Slimebound:AcidTongue","Slimebound:Nibble+1"],"picked":"Singing Bowl","floor":43.0},{"not_picked":["Slimebound:RainOfGoop","Slimebound:SpikyOuterGoop","Slimebound:FinishingTackle"],"picked":"Slimebound:FirmFortitude+1","floor":45.0},{"not_picked":["Slimebound:Schlurp","Slimebound:ViciousTackle","Slimebound:SplitBruiser"],"picked":"Slimebound:Replication+1","floor":49.0},{"not_picked":["Slimebound:Dissolve+1","Slimebound:LeechingTouch+1","Slimebound:GoopSpray"],"picked":"Slimebound:SplitAcid","floor":52}],"player_experience":80852,"relics_obtained":[{"floor":2.0,"key":"Bronze Scales"},{"floor":7.0,"key":"Eternal Feather"},{"floor":10.0,"key":"Replay:Multitool"},{"floor":22.0,"key":"Singing Bowl"},{"floor":24.0,"key":"Bag of Marbles"},{"floor":26.0,"key":"ReplayFunnel"},{"floor":27.0,"key":"Toy Ornithopter"},{"floor":39.0,"key":"Strawberry"},{"floor":41.0,"key":"The Courier"},{"floor":42.0,"key":"Ancient Tea Set"},{"floor":52,"key":"Circlet"}],"event_choices":[],"is_beta":false,"boss_relics":[{"not_picked":["Painkiller Herb","ChewingGum"],"picked":"SlaversCollar"},{"not_picked":["Replay:Ancient Bell","Philosopher\u0027s Stone"],"picked":"Coffee Dripper"}],"items_purged_floors":[31,38],"is_endless":false,"potions_floor_spawned":[10,15,16,22,30,32,36,39,45,49,52],"ascension_level":0}}