{"host":"4qkvkh7pd9qr2mca","time":1607880746,"event":{"mods":["AchievementEnabler","BaseMod","Colored Map","Colored Powertips","Highlight Path","Minty Spire (QoL Compilation)","Permanent Neow","Quick Restart","StSLib","SuperFastMode"],"gold_per_floor":[119,131,147,161,236,236,269,269,269,18,18,18,18,44,44,121,121,132,146,46,96,106,139,139,173,243,243,277,277,277],"floor_reached":29,"playtime":1233,"items_purged":["Strike_G"],"score":628,"play_id":"c18be1af-8273-41a4-a02e-ca0de1d874aa","local_time":"20201213183226","is_ascension_mode":true,"campfire_choices":[{"data":"Bouncing Flask","floor":6.0,"key":"SMITH"},{"data":"Adrenaline","floor":8,"key":"SMITH"},{"data":"Footwork","floor":11,"key":"SMITH"},{"data":"Neutralize","floor":13,"key":"SMITH"},{"data":"Well Laid Plans","floor":15,"key":"SMITH"},{"data":"Catalyst","floor":24,"key":"SMITH"},{"floor":27,"key":"REST"}],"circlet_count":0,"master_deck":["AscendersBane","Strike_G","Strike_G","Strike_G","Defend_G","Defend_G","Defend_G","Defend_G","Defend_G","Survivor","Neutralize+1","Adrenaline+1","Blade Dance","Poisoned Stab","Bouncing Flask+1","Well Laid Plans+1","Crippling Poison","Footwork+1","Dagger Spray","Doppelganger","Catalyst+1","Accuracy+1","Deadly Poison","Noxious Fumes","Wraith Form v2","Acrobatics+1","Doppelganger+1"],"relics":["Ring of the Snake","WingedGreaves","InkBottle","Lee\u0027s Waffle","Kunai","WristBlade","Torii","Ancient Tea Set","Toxic Egg 2","Peace Pipe"],"acts_visited":["Exordium","TheCity"],"potions_floor_usage":[7,7,23,23],"damage_taken":[{"damage":7.0,"enemies":"Jaw Worm","floor":1.0,"turns":6.0},{"damage":1.0,"enemies":"2 Louse","floor":2.0,"turns":3.0},{"damage":4.0,"enemies":"Small Slimes","floor":3.0,"turns":3.0},{"damage":0.0,"enemies":"Red Slaver","floor":4.0,"turns":3.0},{"damage":11,"enemies":"Gremlin Nob","floor":7,"turns":3},{"damage":23,"enemies":"3 Sentries","floor":14,"turns":11},{"damage":3,"enemies":"Hexaghost","floor":16,"turns":10},{"damage":6,"enemies":"3 Byrds","floor":18,"turns":5},{"damage":3,"enemies":"Spheric Guardian","floor":19,"turns":3},{"damage":11,"enemies":"Centurion and Healer","floor":22,"turns":9},{"damage":0,"enemies":"Gremlin Leader","floor":23,"turns":5},{"damage":6,"enemies":"Book of Stabbing","floor":25,"turns":5},{"damage":37,"enemies":"Slavers","floor":28,"turns":5},{"damage":24,"enemies":"Chosen and Byrds","floor":29,"turns":3}],"seed_played":"-6669276160811094984","potions_obtained":[{"floor":2.0,"key":"ColorlessPotion"},{"floor":3.0,"key":"Fruit Juice"},{"floor":4.0,"key":"Poison Potion"},{"floor":16,"key":"Poison Potion"},{"floor":22,"key":"Fire Potion"},{"floor":25,"key":"LiquidBronze"},{"floor":28,"key":"SpeedPotion"}],"is_trial":false,"path_per_floor":["M","M","M","M","?","R","E","R","T","$","R","?","R","E","R","B",null,"M","M","$","?","M","E","R","E","T","R","E","M"],"character_chosen":"THE_SILENT","items_purchased":["Footwork","Lee\u0027s Waffle","Deadly Poison"],"campfire_rested":1,"item_purchase_floors":[10,10,20],"current_hp_per_floor":[52,51,52,52,41,41,30,30,30,72,72,65,65,42,42,39,64,58,55,55,55,44,44,44,38,38,59,22,0,0],"gold":277,"neow_bonus":"THREE_RARE_CARDS","is_daily":false,"chose_seed":false,"campfire_upgraded":6,"win_rate":0.0,"timestamp":1607880746,"path_taken":["M","M","M","M","?","R","E","R","T","$","R","?","R","E","R","BOSS","M","M","$","?","?","E","R","E","T","R","E","M"],"items_purchased_type":["Card","Relic","Card"],"build_version":"2020-11-30","purchased_purges":1,"victory":false,"max_hp_per_floor":[60,60,65,65,65,65,65,65,65,72,72,72,72,72,72,72,72,72,72,72,72,72,72,72,72,72,72,72,72,72],"card_choices":[{"not_picked":["Burst","Tools of the Trade"],"picked":"Adrenaline","floor":0.0},{"not_picked":["Cloak And Dagger","Well Laid Plans"],"picked":"Blade Dance","floor":1.0},{"not_picked":["Slice","Deflect"],"picked":"Poisoned Stab","floor":2.0},{"not_picked":["Underhanded Strike","Sucker Punch"],"picked":"Bouncing Flask","floor":3.0},{"not_picked":["Backflip","Caltrops"],"picked":"Well Laid Plans","floor":4.0},{"not_picked":["Poisoned Stab","Dodge and Roll"],"picked":"Crippling Poison","floor":7},{"not_picked":["Bane","Riddle With Holes"],"picked":"Dagger Spray","floor":14},{"not_picked":["Night Terror","Glass Knife"],"picked":"Doppelganger","floor":16},{"not_picked":["Leg Sweep","Cloak And Dagger"],"picked":"Catalyst","floor":18},{"not_picked":["Slice","Dodge and Roll"],"picked":"Accuracy+1","floor":19},{"not_picked":["Underhanded Strike","Prepared"],"picked":"Noxious Fumes","floor":22},{"not_picked":["Caltrops","Dagger Throw"],"picked":"Wraith Form v2","floor":23},{"not_picked":["Setup","PiercingWail"],"picked":"Acrobatics+1","floor":25},{"not_picked":["Dodge and Roll+1","Heel Hook"],"picked":"Doppelganger+1","floor":28}],"player_experience":315414,"relics_obtained":[{"floor":7,"key":"WingedGreaves"},{"floor":9,"key":"InkBottle"},{"floor":14,"key":"Kunai"},{"floor":23,"key":"Torii"},{"floor":25,"key":"Ancient Tea Set"},{"floor":26,"key":"Toxic Egg 2"},{"floor":28,"key":"Peace Pipe"}],"event_choices":[{"damage_healed":0.0,"max_hp_gain":0.0,"max_hp_loss":0.0,"gold_gain":75.0,"event_name":"World of Goop","player_choice":"Gather Gold","floor":5.0,"gold_loss":0.0,"damage_taken":11.0},{"cards_removed":["Strike_G"],"damage_healed":0,"gold_gain":0,"player_choice":"Card Removal","damage_taken":7,"max_hp_gain":0,"max_hp_loss":0,"event_name":"Golden Wing","floor":12,"gold_loss":0},{"damage_healed":0,"gold_gain":50,"player_choice":"Pray","damage_taken":0,"max_hp_gain":0,"max_hp_loss":0,"event_name":"Golden Shrine","floor":21,"gold_loss":0}],"is_beta":false,"boss_relics":[{"not_picked":["Runic Pyramid","Astrolabe"],"picked":"WristBlade"}],"items_purged_floors":[20],"is_endless":false,"potions_floor_spawned":[2,3,4,16,22,25,28],"killed_by":"Chosen and Byrds","ascension_level":20}}