{"host":"cr9rpoy6dx9riis3","time":1607859387,"event":{"mods":["AchievementEnabler","BaseMod","Better Altar","Better Note","Better Sensory Stone","Better Skull","Better Third Choice","Better-Laid Plans","BetterRewards","Block Reminder","Curses Come First","Displayed Cursed Tome","Emptier Cage","Marked Mod","Minty Spire (QoL Compilation)","Permanent Neow","Relic Sorter","StSLib","The Blue Laboratory","Transform Curses"],"gold_per_floor":[113,113,113,123,133,133,165,182,209,243,243,418,434,450,450,555,555,571,589,589,589,589],"floor_reached":21,"playtime":874,"items_purged":[],"score":320,"play_id":"32e53b59-6c58-49b0-94bd-41a142285c30","local_time":"20201213123627","is_ascension_mode":true,"campfire_choices":[{"data":"Offering","floor":6,"key":"SMITH"},{"floor":11,"key":"REST"},{"floor":15,"key":"REST"}],"circlet_count":0,"master_deck":["Strike_R","Strike_R","Strike_R","Strike_R","Strike_R","Defend_R","Defend_R","Defend_R","Defend_R","Bash","Blood for Blood","Offering+1","Combust","Blood for Blood","Rampage","Feed","Doubt","Blood for Blood","Ghostly Armor","Immolate"],"relics":["Burning Blood","MealTicket","Bottled Flame","Akabeko"],"acts_visited":["Exordium","TheCity"],"potions_floor_usage":[7,10,13,16,16],"damage_taken":[{"damage":14,"enemies":"Jaw Worm","floor":1,"turns":4},{"damage":11,"enemies":"Small Slimes","floor":4,"turns":3},{"damage":9,"enemies":"2 Louse","floor":5,"turns":3},{"damage":30,"enemies":"Lagavulin","floor":7,"turns":4},{"damage":14,"enemies":"Exordium Wildlife","floor":8,"turns":4},{"damage":20,"enemies":"3 Sentries","floor":10,"turns":4},{"damage":13,"enemies":"Exordium Thugs","floor":13,"turns":3},{"damage":16,"enemies":"2 Fungi Beasts","floor":14,"turns":3},{"damage":42,"enemies":"Slime Boss","floor":16,"turns":7},{"damage":20,"enemies":"Spheric Guardian","floor":18,"turns":4},{"damage":30,"enemies":"2 Thieves","floor":19,"turns":4},{"damage":50,"enemies":"Sentry and Sphere","floor":21,"turns":5}],"seed_played":"-6008078117979852097","potions_obtained":[{"floor":1,"key":"blueLaboratory:PolymorphPotion"},{"floor":5,"key":"blueLaboratory:BubblePotion"},{"floor":8,"key":"Fire Potion"},{"floor":10,"key":"Dexterity Potion"},{"floor":13,"key":"Block Potion"},{"floor":19,"key":"SpeedPotion"}],"is_trial":false,"path_per_floor":["M","?","?","M","M","R","E","M","T","E","R","?","M","M","R","B",null,"M","M","?","M"],"character_chosen":"IRONCLAD","items_purchased":["Blood for Blood","Offering","Combust"],"campfire_rested":2,"item_purchase_floors":[0,0,0],"current_hp_per_floor":[64,69,62,57,54,54,30,22,22,8,33,33,29,19,45,9,88,74,50,50,0,0],"gold":589,"neow_bonus":"","is_daily":false,"chose_seed":false,"campfire_upgraded":1,"win_rate":0.0,"timestamp":1607859387,"path_taken":["M","?","?","M","M","R","E","?","T","E","R","?","M","M","R","BOSS","M","M","?","M"],"items_purchased_type":["Card","Card","Card"],"build_version":"2020-11-30","purchased_purges":0,"victory":false,"max_hp_per_floor":[80,85,85,85,85,85,85,85,85,85,85,85,88,88,88,88,88,88,88,88,88,88],"card_choices":[{"not_picked":["Sentinel","Heavy Blade","Sever Soul"],"picked":"SKIP","floor":1},{"not_picked":["Uppercut","Clothesline","Entrench"],"picked":"SKIP","floor":4},{"not_picked":["Headbutt","Flame Barrier"],"picked":"Blood for Blood","floor":5},{"not_picked":["Cleave","Flame Barrier"],"picked":"Rampage","floor":7},{"not_picked":["Thunderclap","Shrug It Off","Sentinel"],"picked":"SKIP","floor":8},{"not_picked":["Havoc","Blood for Blood"],"picked":"Feed","floor":10},{"not_picked":["Spot Weakness","Warcry"],"picked":"Blood for Blood","floor":13},{"not_picked":["Metallicize","Sword Boomerang"],"picked":"Ghostly Armor","floor":14},{"not_picked":["Juggernaut","Offering"],"picked":"Immolate","floor":16},{"not_picked":["Heavy Blade","Flex+1","Warcry"],"picked":"SKIP","floor":18},{"not_picked":["Twin Strike","Dark Embrace","Feel No Pain"],"picked":"SKIP","floor":19}],"player_experience":689496,"relics_obtained":[{"floor":9,"key":"MealTicket"},{"floor":10,"key":"Bottled Flame"}],"event_choices":[{"damage_healed":0,"gold_gain":0,"player_choice":"Donut","damage_taken":0,"max_hp_gain":5,"max_hp_loss":0,"event_name":"Big Fish","floor":2,"gold_loss":0},{"damage_healed":0,"gold_gain":0,"player_choice":"Relic ","damage_taken":7,"max_hp_gain":0,"max_hp_loss":0,"event_name":"betterThird:BetterScrap","floor":3,"gold_loss":0,"cards_obtained":["Malaise"]},{"damage_healed":0,"gold_gain":175,"player_choice":"AGREE","damage_taken":243,"max_hp_gain":0,"max_hp_loss":0,"event_name":"betterThird:BetterSerpent","floor":12,"gold_loss":0},{"damage_healed":0,"gold_gain":0,"player_choice":"Ignored","damage_taken":0,"max_hp_gain":0,"max_hp_loss":0,"event_name":"betterNote:BetterNote","floor":20,"gold_loss":0,"cards_obtained":["Spot Weakness"]}],"is_beta":false,"boss_relics":[{"not_picked":["Runic Pyramid","SlaversCollar","Mark of Pain"]}],"items_purged_floors":[],"is_endless":false,"potions_floor_spawned":[1,5,8,10,13,19],"killed_by":"Sentry and Sphere","ascension_level":2}}