{"host":"Pablo","time":1607886943,"event":{"mods":["BaseMod","Colored Map","Minty Spire (QoL Compilation)","StSLib"],"gold_per_floor":[109,125,140,140,160,192,210,235,262,297,310,344,363,380,380,483,483,494,506,506,421,48,48,73,93,93,93,122,221,19,29,29,125,125,141,156,156,0,0,34,34,34,60,60,60],"floor_reached":44,"playtime":3731,"items_purged":["Strike_B"],"score":560,"play_id":"979fb756-ae25-41e2-b0f3-eaf788faf4b0","local_time":"20201213161543","is_ascension_mode":true,"campfire_choices":[{"floor":15,"key":"REST"},{"data":"Strike_B","floor":23,"key":"PURGE"},{"data":"Strike_B","floor":27,"key":"PURGE"},{"data":"Defend_B","floor":32,"key":"PURGE"},{"data":"Defend_B","floor":41,"key":"PURGE"}],"circlet_count":0,"master_deck":["Defend_B+1","Defend_B+1","Zap","Dualcast","Doom and Gloom","Undo","Rebound","Coolheaded","Cold Snap","Hologram","FTL","Leap","Buffer","Steam Power","Seek","Compile Driver+1","Capacitor","White Noise","Seek","Defragment+1","Creative AI+1","Self Repair+1"],"relics":["Fusion Hammer","War Paint","Prayer Wheel","Bag of Marbles","Smiling Mask","MealTicket","SlaversCollar","Frozen Egg 2","Peace Pipe","Du-Vu Doll","Lantern","Runic Pyramid","Red Mask","Gremlin Horn","Regal Pillow"],"acts_visited":["Exordium","TheCity","TheBeyond"],"potions_floor_usage":[10,18,24,24,33,33,33,35],"damage_taken":[{"damage":0,"enemies":"Cultist","floor":1,"turns":4},{"damage":11,"enemies":"Jaw Worm","floor":2,"turns":3},{"damage":0,"enemies":"2 Louse","floor":3,"turns":1},{"damage":10,"enemies":"Looter","floor":5,"turns":3},{"damage":21,"enemies":"Lagavulin","floor":6,"turns":6},{"damage":0,"enemies":"Exordium Wildlife","floor":7,"turns":1},{"damage":8,"enemies":"3 Sentries","floor":8,"turns":4},{"damage":0,"enemies":"Gremlin Nob","floor":10,"turns":3},{"damage":0,"enemies":"2 Fungi Beasts","floor":11,"turns":2},{"damage":6,"enemies":"Lagavulin","floor":12,"turns":5},{"damage":0,"enemies":"Exordium Thugs","floor":13,"turns":3},{"damage":0,"enemies":"Exordium Wildlife","floor":14,"turns":4},{"damage":5,"enemies":"Slime Boss","floor":16,"turns":9},{"damage":1,"enemies":"3 Byrds","floor":18,"turns":5},{"damage":0,"enemies":"Shell Parasite","floor":19,"turns":6},{"damage":9,"enemies":"Gremlin Leader","floor":24,"turns":5},{"damage":26,"enemies":"3 Cultists","floor":25,"turns":5},{"damage":14,"enemies":"Book of Stabbing","floor":28,"turns":5},{"damage":20,"enemies":"Snake Plant","floor":31,"turns":4},{"damage":19,"enemies":"Collector","floor":33,"turns":6},{"damage":68,"enemies":"3 Darklings","floor":35,"turns":10},{"damage":2,"enemies":"Orb Walker","floor":36,"turns":4},{"damage":14,"enemies":"Nemesis","floor":40,"turns":15},{"damage":54,"enemies":"Giant Head","floor":44,"turns":11}],"seed_played":"-7806922615125310962","potions_obtained":[{"floor":2,"key":"FocusPotion"},{"floor":3,"key":"Weak Potion"},{"floor":7,"key":"AttackPotion"},{"floor":11,"key":"PowerPotion"},{"floor":24,"key":"Explosive Potion"},{"floor":28,"key":"DistilledChaos"},{"floor":33,"key":"ColorlessPotion"},{"floor":36,"key":"BlessingOfTheForge"},{"floor":40,"key":"FocusPotion"}],"is_trial":false,"path_per_floor":["M","M","M","?","M","E","M","E","T","E","M","E","M","M","R","B",null,"M","M","?","?","$","R","E","M","T","R","E","?","$","M","R","B",null,"M","M","?","?","$","E","R","$","T","E"],"character_chosen":"DEFECT","items_purchased":["Defragment+1","Peace Pipe","Self Repair+1","LiquidMemories"],"campfire_rested":1,"item_purchase_floors":[22,22,30,30],"current_hp_per_floor":[75,64,64,64,54,33,33,25,25,25,25,19,19,19,41,36,75,74,74,74,74,75,75,66,40,40,40,26,26,41,31,31,22,75,17,25,25,25,40,36,36,51,51,0,0],"gold":60,"neow_bonus":"BOSS_RELIC","is_daily":false,"chose_seed":false,"campfire_upgraded":0,"win_rate":0.0,"timestamp":1607886943,"path_taken":["M","M","M","?","M","E","?","E","T","E","M","E","M","M","R","BOSS","M","?","?","?","$","R","E","M","T","R","E","?","$","M","R","BOSS","M","M","?","?","$","E","R","?","T","E"],"items_purchased_type":["Card","Relic","Card","Potion"],"build_version":"2020-12-07","purchased_purges":1,"victory":false,"max_hp_per_floor":[75,75,75,75,75,75,75,75,75,75,75,75,75,75,75,75,75,75,75,75,75,75,75,75,75,75,75,75,75,75,75,75,75,75,75,75,75,75,75,75,75,75,75,75,75],"card_choices":[{"not_picked":["Redo","Hello World","Hologram"],"picked":"SKIP","floor":1},{"not_picked":["Cold Snap","Scrape"],"picked":"Ball Lightning","floor":2},{"not_picked":["Leap","Scrape"],"picked":"Doom and Gloom","floor":3},{"not_picked":["Hello World","Compile Driver"],"picked":"Undo","floor":5},{"not_picked":["Beam Cell","Rip and Tear"],"picked":"Rebound","floor":6},{"not_picked":["Loop","Steam"],"picked":"Coolheaded","floor":7},{"not_picked":["Thunder Strike","Beam Cell"],"picked":"Cold Snap","floor":8},{"not_picked":["Rebound","Barrage"],"picked":"Hologram","floor":10},{"not_picked":["Rebound","Hologram"],"picked":"FTL","floor":11},{"not_picked":["Gash","Tempest"],"picked":"Leap","floor":11},{"not_picked":["Beam Cell","Undo"],"picked":"Buffer","floor":12},{"not_picked":["Blizzard","Barrage","Stack"],"picked":"SKIP","floor":13},{"not_picked":["Stack","Hologram","Leap"],"picked":"SKIP","floor":13},{"not_picked":["Beam Cell","Go for the Eyes"],"picked":"Steam Power","floor":14},{"not_picked":["Rebound","Compile Driver","Blizzard"],"picked":"SKIP","floor":14},{"not_picked":["Fission","Machine Learning"],"picked":"Seek","floor":16},{"not_picked":["Stack","Gash"],"picked":"Compile Driver+1","floor":18},{"not_picked":["Skim+1","Go for the Eyes"],"picked":"Capacitor","floor":18},{"not_picked":["Barrage","Go for the Eyes"],"picked":"White Noise","floor":19},{"not_picked":["Stack","Cold Snap+1","Ball Lightning+1"],"picked":"SKIP","floor":19},{"not_picked":["Barrage","Rebound"],"picked":"Creative AI+1","floor":24},{"not_picked":["Reprogram","Reinforced Body","Beam Cell+1"],"picked":"SKIP","floor":25},{"not_picked":["Doom and Gloom","Stack","Ball Lightning"],"picked":"SKIP","floor":25},{"not_picked":["Barrage","Gash","Go for the Eyes"],"picked":"SKIP","floor":28},{"not_picked":["Chaos","Hologram","Stack"],"picked":"SKIP","floor":31},{"not_picked":["Streamline","Thunder Strike","Gash"],"picked":"SKIP","floor":31},{"not_picked":["Go for the Eyes+1","Steam Power+1","Force Field"],"picked":"SKIP","floor":35},{"not_picked":["Steam","Streamline","Scrape"],"picked":"SKIP","floor":35},{"not_picked":["Undo","Coolheaded","Cold Snap"],"picked":"SKIP","floor":36},{"not_picked":["Rip and Tear+1","Gash+1","Leap+1"],"picked":"SKIP","floor":36},{"not_picked":["Hologram","Undo+1","Leap"],"picked":"SKIP","floor":40}],"player_experience":31081,"relics_obtained":[{"floor":6,"key":"War Paint"},{"floor":8,"key":"Prayer Wheel"},{"floor":9,"key":"Bag of Marbles"},{"floor":10,"key":"Smiling Mask"},{"floor":12,"key":"MealTicket"},{"floor":24,"key":"Du-Vu Doll"},{"floor":28,"key":"Lantern"},{"floor":40,"key":"Gremlin Horn"},{"floor":43,"key":"Regal Pillow"}],"event_choices":[{"cards_removed":["Strike_B"],"damage_healed":0,"gold_gain":0,"player_choice":"Purged","damage_taken":0,"max_hp_gain":0,"max_hp_loss":0,"event_name":"Purifier","floor":4,"gold_loss":0},{"damage_healed":0,"gold_gain":0,"player_choice":"Read","damage_taken":0,"max_hp_gain":0,"max_hp_loss":0,"event_name":"The Library","floor":20,"gold_loss":0,"cards_obtained":["Seek"]},{"damage_healed":0,"gold_gain":0,"player_choice":"Obtained Relic","damage_taken":0,"relics_obtained":["Frozen Egg 2"],"max_hp_gain":0,"max_hp_loss":0,"event_name":"Addict","floor":21,"gold_loss":85},{"damage_healed":0,"gold_gain":99,"player_choice":"Stole From Cult","damage_taken":0,"max_hp_gain":0,"max_hp_loss":0,"event_name":"Nest","floor":29,"gold_loss":0},{"cards_removed":["Ball Lightning"],"damage_healed":0,"gold_gain":0,"player_choice":"Removed Attack","damage_taken":0,"max_hp_gain":0,"max_hp_loss":0,"event_name":"Falling","floor":37,"gold_loss":0},{"damage_healed":0,"gold_gain":0,"player_choice":"Paid","damage_taken":0,"relics_obtained":["Red Mask"],"max_hp_gain":0,"max_hp_loss":0,"event_name":"Tomb of Lord Red Mask","floor":38,"gold_loss":156}],"is_beta":true,"boss_relics":[{"not_picked":["Runic Dome","Velvet Choker"],"picked":"SlaversCollar"},{"not_picked":["Philosopher\u0027s Stone","Astrolabe"],"picked":"Runic Pyramid"}],"items_purged_floors":[30],"is_endless":false,"potions_floor_spawned":[2,3,7,11,12,14,24,28,33,36,40],"killed_by":"Giant Head","ascension_level":1}}