{"host":"p6y17sixyu8q9v1f","time":1607867626,"event":{"mods":["BaseMod","Colored Map","Minty Spire (QoL Compilation)"],"gold_per_floor":[115,115,115,290,302,302,333,333,333,333,35,35,46,46,46,145,145,162,87,186,186,10,35,55,72,72,102,102,136,11,23,23,23,23],"floor_reached":33,"playtime":1471,"items_purged":["Doubt","Defend_B","Strike_B"],"score":359,"play_id":"db2c1061-872c-49a1-ab67-0a24efdbb417","local_time":"20201213075346","is_ascension_mode":true,"campfire_choices":[{"data":"Streamline","floor":6,"key":"SMITH"},{"data":"Self Repair","floor":8,"key":"SMITH"},{"data":"Dualcast","floor":10,"key":"SMITH"},{"data":"Zap","floor":15,"key":"SMITH"},{"floor":28,"key":"REST"},{"floor":32,"key":"REST"}],"circlet_count":0,"master_deck":["Strike_B+1","Strike_B","Strike_B+1","Defend_B","Defend_B","Zap+1","Dualcast+1","Streamline+1","Self Repair+1","Amplify","Melter","Conserve Battery","Zap+1","Reboot","Creative AI","Conserve Battery","Necronomicurse","Sunder","Self Repair+1","Doom and Gloom+1","Steam+1"],"relics":["Cracked Core","Bronze Scales","Bottled Flame","Blue Candle","Nuclear Battery","Necronomicon","Pantograph","Ginger","Emotion Chip","PreservedInsect"],"acts_visited":["Exordium","TheCity"],"potions_floor_usage":[16,23,27,29,33,33],"damage_taken":[{"damage":2,"enemies":"Jaw Worm","floor":1,"turns":3},{"damage":0,"enemies":"2 Louse","floor":5,"turns":1},{"damage":33,"enemies":"Lagavulin","floor":7,"turns":8},{"damage":0,"enemies":"Small Slimes","floor":13,"turns":2},{"damage":37,"enemies":"Hexaghost","floor":16,"turns":8},{"damage":0,"enemies":"Spheric Guardian","floor":18,"turns":2},{"damage":17,"enemies":"Slavers","floor":23,"turns":3},{"damage":5,"enemies":"Chosen","floor":24,"turns":3},{"damage":18,"enemies":"Snecko","floor":25,"turns":3},{"damage":73,"enemies":"Book of Stabbing","floor":27,"turns":4},{"damage":38,"enemies":"Gremlin Leader","floor":29,"turns":6},{"damage":19,"enemies":"Snake Plant","floor":31,"turns":2},{"damage":105,"enemies":"Champ","floor":33,"turns":7}],"seed_played":"1529352898242169936","potions_obtained":[{"floor":7,"key":"Block Potion"},{"floor":16,"key":"Regen Potion"},{"floor":18,"key":"DuplicationPotion"},{"floor":27,"key":"Explosive Potion"},{"floor":29,"key":"AttackPotion"},{"floor":31,"key":"AttackPotion"}],"is_trial":false,"path_per_floor":["M","?","?","?","M","R","E","R","T","R","$","?","M","?","R","B",null,"M","?","?","?","$","E","M","M","T","E","R","E","$","M","R","B"],"character_chosen":"DEFECT","items_purchased":["Amplify","Melter","Sunder"],"campfire_rested":2,"item_purchase_floors":[11,11,22],"current_hp_per_floor":[73,58,63,63,63,63,37,37,37,37,37,34,54,54,54,27,80,80,80,80,64,64,66,80,80,80,27,51,23,23,34,58,0,0],"gold":23,"neow_bonus":"UPGRADE_CARD","is_daily":false,"chose_seed":false,"campfire_upgraded":4,"win_rate":0.0,"timestamp":1607867626,"path_taken":["M","?","?","?","M","R","E","R","T","R","?","?","M","?","R","BOSS","M","?","?","?","?","E","?","M","T","E","R","E","$","M","R","BOSS"],"items_purchased_type":["Card","Card","Card"],"build_version":"2020-11-30","purchased_purges":3,"victory":false,"max_hp_per_floor":[75,75,80,80,80,80,80,80,80,80,80,80,80,80,80,80,80,80,80,80,80,80,80,80,80,80,80,80,80,80,80,80,80,80],"card_choices":[{"not_picked":["Cold Snap","Compile Driver"],"picked":"Streamline","floor":1},{"not_picked":["Gash","Conserve Battery"],"picked":"Self Repair","floor":5},{"not_picked":["Hyperbeam","Compile Driver","Reinforced Body"],"picked":"SKIP","floor":7},{"not_picked":["Coolheaded","Glacier"],"picked":"Conserve Battery","floor":13},{"not_picked":["Amplify","Meteor Strike"],"picked":"Creative AI","floor":16},{"not_picked":["Melter","Redo"],"picked":"Conserve Battery","floor":18},{"not_picked":["Rip and Tear","Gash+1"],"picked":"Self Repair+1","floor":23},{"not_picked":["Tempest+1","Steam Power","Cold Snap+1"],"picked":"SKIP","floor":24},{"not_picked":["Redo","Gash+1"],"picked":"Doom and Gloom+1","floor":25},{"not_picked":["Melter+1","Go for the Eyes+1"],"picked":"Steam+1","floor":27},{"not_picked":["Double Energy","Gash","Static Discharge"],"picked":"SKIP","floor":29},{"not_picked":["Sweeping Beam","Gash","Compile Driver"],"picked":"SKIP","floor":31}],"player_experience":743101,"relics_obtained":[{"floor":7,"key":"Bronze Scales"},{"floor":9,"key":"Bottled Flame"},{"floor":21,"key":"Necronomicon"},{"floor":23,"key":"Pantograph"},{"floor":26,"key":"Ginger"},{"floor":27,"key":"Emotion Chip"},{"floor":29,"key":"PreservedInsect"}],"event_choices":[{"damage_healed":0,"gold_gain":0,"player_choice":"Entered Light","damage_taken":15,"max_hp_gain":0,"max_hp_loss":0,"event_name":"Shining Light","floor":2,"gold_loss":0,"cards_upgraded":["Strike_B","Strike_B"]},{"damage_healed":0,"gold_gain":0,"player_choice":"Donut","damage_taken":0,"max_hp_gain":5,"max_hp_loss":0,"event_name":"Big Fish","floor":3,"gold_loss":0},{"damage_healed":0,"gold_gain":175,"player_choice":"AGREE","damage_taken":0,"max_hp_gain":0,"max_hp_loss":0,"event_name":"Liars Game","floor":4,"gold_loss":0,"cards_obtained":["Doubt"]},{"damage_healed":0,"gold_gain":0,"player_choice":"Success","damage_taken":3,"relics_obtained":["Blue Candle"],"max_hp_gain":0,"max_hp_loss":0,"event_name":"Scrap Ooze","floor":12,"gold_loss":0},{"damage_healed":0,"gold_gain":0,"player_choice":"2 cards matched","damage_taken":0,"max_hp_gain":0,"max_hp_loss":0,"event_name":"Match and Keep!","floor":14,"gold_loss":0,"cards_obtained":["Zap","Reboot"]},{"cards_removed":["Defend_B"],"damage_healed":0,"gold_gain":0,"player_choice":"Gave Gold","damage_taken":0,"max_hp_gain":0,"max_hp_loss":0,"event_name":"Beggar","floor":19,"gold_loss":75},{"damage_healed":0,"gold_gain":99,"player_choice":"Stole From Cult","damage_taken":0,"max_hp_gain":0,"max_hp_loss":0,"event_name":"Nest","floor":20,"gold_loss":0},{"damage_healed":0,"gold_gain":0,"player_choice":"Obtained Book","damage_taken":16,"max_hp_gain":0,"max_hp_loss":0,"event_name":"Cursed Tome","floor":21,"gold_loss":0}],"is_beta":false,"boss_relics":[{"not_picked":["Runic Dome","Ectoplasm"],"picked":"Nuclear Battery"}],"items_purged_floors":[11,22,30],"is_endless":false,"potions_floor_spawned":[7,16,18,27,29,31],"killed_by":"Champ","ascension_level":4}}