{"host":"l2dnabsh5e0fsksb","time":1607903050,"event":{"mods":["2.2 Compatiblity","BaseMod","Downfall","Minty Spire (QoL Compilation)","Quick Restart","StSLib"],"gold_per_floor":[99,29,59,59,89,189,216,141,161,161,161,178,178,195,209,288,288,288,313,313,50,82,82,107,125,157,7,17,27,27,27,39,111,411,411,334,334,359,359,373,441,466,466,466,476,494,191,202,213,213,213,240,52,52,52],"floor_reached":56,"playtime":2529,"items_purged":["Writhe","Slimebound:Tackle"],"score":2316,"play_id":"94fb655b-b370-4af4-8efb-832bc7452582","local_time":"20201214101410","is_ascension_mode":true,"campfire_choices":[{"floor":1.0,"key":"RECALL"},{"data":"Slimebound:Split","floor":8.0,"key":"SMITH"},{"data":"Slimebound:SplitLeeching","floor":10.0,"key":"SMITH"},{"data":"Slimebound:Darklings","floor":18.0,"key":"SMITH"},{"data":"Slimebound:OneTwoCombo","floor":20.0,"key":"SMITH"},{"data":"Slimebound:SpikyOuterGoop","floor":27.0,"key":"SMITH"},{"data":"Slimebound:SelfFormingGoo","floor":35.0,"key":"SMITH"},{"data":"Slimebound:LevelUp","floor":37.0,"key":"SMITH"},{"floor":39.0,"key":"DIG"},{"data":"expansioncontent:CaCaw","floor":44.0,"key":"SMITH"},{"floor":54,"key":"REST"}],"circlet_count":0,"master_deck":["AscendersBane","Slimebound:Defend_Slimebound","Slimebound:Defend_Slimebound","Slimebound:Defend_Slimebound","Slimebound:Defend_Slimebound","Slimebound:Split+1","Slimebound:CorrosiveSpit","Slimebound:LivingWall","Slimebound:SplitAcid","Slimebound:SplitLeeching+1","Slimebound:PressTheAttack+1","Slimebound:LeechingTouch+1","Slimebound:SplitAcid","Slimebound:FirmFortitude","Slimebound:Darklings+1","Slimebound:LeechEnergy","Slimebound:Prepare","Slimebound:SpikyOuterGoop","Slimebound:OneTwoCombo+1","Slimebound:GoopSpray","Slimebound:PressTheAttack","Slimebound:SplitMire","Slimebound:SplitLeeching","Slimebound:SpikyOuterGoop+1","Slimebound:Split","Slimebound:SplitMire","Slimebound:LeadByExample+1","Slimebound:SplitSpecialist","Slimebound:SplitLeeching+1","Slimebound:Tackle+1","Slimebound:Tackle+1","Slimebound:Tackle+1","Slimebound:SplitMire","Slimebound:SelfFormingGoo+1","CurseOfTheBell","Slimebound:LevelUp+1","Slimebound:Nibble","Slimebound:HauntingLick","Slimebound:SlimeTap","expansioncontent:DonusPower","expansioncontent:Collect","expansioncontent:CaCaw+1","Slimebound:SplitAcid","Slimebound:LivingWall","Slimebound:RainOfGoop","Slimebound:RainOfGoop+1","Slimebound:SplitMire","Slimebound:SamplingLick"],"relics":["Slimebound:AbsorbEndCombat","downfall:HeartsMalice","Anchor","White Beast Statue","Guardian:PocketSentry","downfall:HeartBlessingRed","expansioncontent:StudyCardRelic","Bronze Scales","ClockworkSouvenir","Akabeko","Slimebound:PotencyRelic","downfall:HeartBlessingBlue","downfall:HeartBlessingGreen","Darkstone Periapt","Calling Bell","Pen Nib","Matryoshka","Old Coin","Membership Card","Shuriken","Potion Belt","Shovel","Orichalcum","Strawberry","HornCleat","Lantern","Mummified Hand","Gremlin Horn","TheAbacus","Turnip","Whetstone","Bag of Marbles"],"acts_visited":["Exordium","TheCity","TheBeyond","TheEnding"],"potions_floor_usage":[52,55,55,55,55],"damage_taken":[{"damage":0.0,"enemies":"downfall:FleeingMerchant","floor":2.0,"turns":1.0},{"damage":0.0,"enemies":"Lagavulin","floor":3.0,"turns":1.0},{"damage":0.0,"enemies":"Gremlin Nob","floor":5.0,"turns":1.0},{"damage":4.0,"enemies":"Small Slimes","floor":9.0,"turns":3.0},{"damage":4.0,"enemies":"2 Louse","floor":12.0,"turns":2.0},{"damage":0.0,"enemies":"Cultist","floor":13.0,"turns":1.0},{"damage":12.0,"enemies":"2 Fungi Beasts","floor":14.0,"turns":2.0},{"damage":28.0,"enemies":"Red Slaver","floor":15.0,"turns":3.0},{"damage":77.0,"enemies":"downfall:Defect","floor":16.0,"turns":7.0},{"damage":33.0,"enemies":"Gremlin Leader","floor":19.0,"turns":3.0},{"damage":32.0,"enemies":"downfall:FleeingMerchant","floor":21.0,"turns":4.0},{"damage":28.0,"enemies":"Slavers","floor":22.0,"turns":4.0},{"damage":0.0,"enemies":"Spheric Guardian","floor":25.0,"turns":3.0},{"damage":22.0,"enemies":"Gremlin Leader","floor":26.0,"turns":4.0},{"damage":4.0,"enemies":"Shell Parasite","floor":28.0,"turns":2.0},{"damage":8.0,"enemies":"Chosen and Byrds","floor":29.0,"turns":3.0},{"damage":7.0,"enemies":"Snecko","floor":32.0,"turns":3.0},{"damage":30.0,"enemies":"downfall:Ironclad","floor":33.0,"turns":3.0},{"damage":8.0,"enemies":"downfall:FleeingMerchant","floor":36.0,"turns":3.0},{"damage":20.0,"enemies":"Mind Bloom Boss Battle","floor":38.0,"turns":1.0},{"damage":31.0,"enemies":"3 Darklings","floor":40.0,"turns":3.0},{"damage":20.0,"enemies":"Reptomancer","floor":42.0,"turns":4.0},{"damage":20.0,"enemies":"3 Shapes","floor":45.0,"turns":1.0},{"damage":20.0,"enemies":"Jaw Worm Horde","floor":46.0,"turns":2.0},{"damage":4.0,"enemies":"Writhing Mass","floor":48.0,"turns":4.0},{"damage":0.0,"enemies":"3 Darklings","floor":49.0,"turns":2.0},{"damage":24.0,"enemies":"downfall:Watcher","floor":50.0,"turns":5.0},{"damage":78,"enemies":"downfall:CharBossMerchant","floor":52,"turns":6},{"damage":71,"enemies":"downfall:NeowBoss","floor":55,"turns":20}],"seed_played":"-4229983260275209066","potions_obtained":[{"floor":5.0,"key":"Weak Potion"},{"floor":9.0,"key":"FearPotion"},{"floor":12.0,"key":"Block Potion"},{"floor":15.0,"key":"Fruit Juice"},{"floor":16.0,"key":"BlessingOfTheForge"},{"floor":19.0,"key":"SpeedPotion"},{"floor":21.0,"key":"Energy Potion"},{"floor":22.0,"key":"LiquidMemories"},{"floor":26.0,"key":"Fire Potion"},{"floor":28.0,"key":"DuplicationPotion"},{"floor":29.0,"key":"SkillPotion"},{"floor":33.0,"key":"Slimebound:SlimedPotion"},{"floor":38.0,"key":"Strength Potion"},{"floor":40.0,"key":"SteroidPotion"},{"floor":45.0,"key":"DuplicationPotion"},{"floor":52,"key":"Strength Potion"}],"is_trial":false,"path_per_floor":["R","$","E","?","E","?","T","R","M","R","?","M","M","M","M","B",null,"R","E","R","$","E","?","T","M","E","R","M","M","?","?","M","B",null,"R","$","R","?","R","M","T","E","?","R","M","M","$","M","M","B",null,"E","$","R","B",null],"character_chosen":"SLIMEBOUND","items_purchased":["Slimebound:SplitAcid","Slimebound:SplitLeeching","ClockworkSouvenir","Slimebound:SplitMire","Slimebound:SplitLeeching","Membership Card","Shuriken","Potion Belt","Mummified Hand","Gremlin Horn","Whetstone","Bag of Marbles","Slimebound:SplitMire","Slimebound:SamplingLick"],"campfire_rested":1,"item_purchase_floors":[2,2,21,21,21,36,36,36,47,47,53,53,53,53],"current_hp_per_floor":[54,54,54,54,54,54,54,54,58,58,58,60,60,56,56,24,55,55,54,54,61,57,57,57,59,61,71,75,75,81,81,81,81,87,87,87,87,85,85,68,75,85,75,75,77,85,85,94,94,92,94,58,58,86,94],"gold":52,"neow_bonus":"THREE_ENEMY_KILL","is_daily":false,"chose_seed":false,"campfire_upgraded":8,"win_rate":0.0,"timestamp":1607903050,"path_taken":["R","$","E","?","E","?","T","R","M","R","?","?","M","M","M","BOSS","R","E","R","$","E","?","T","M","E","R","M","?","?","?","M","BOSS","R","$","R","?","R","M","T","E","?","R","M","M","$","M","M","BOSS","E","$","R","BOSS"],"items_purchased_type":["Card","Card","Relic","Card","Card","Relic","Relic","Relic","Relic","Relic","Relic","Relic","Card","Card"],"build_version":"2020-12-13","purchased_purges":2,"victory":true,"max_hp_per_floor":[60,60,60,60,60,60,60,60,60,60,60,60,60,60,60,65,65,65,65,65,65,65,65,65,65,65,75,75,75,81,81,81,81,87,87,87,87,87,87,87,94,94,94,94,94,94,94,94,94,94,94,94,94,94,94],"card_choices":[{"not_picked":["Slimebound:FinishingTackle","Slimebound:ViciousTackle"],"picked":"Slimebound:LivingWall","floor":2.0},{"not_picked":["Slimebound:LeechingTouch","Slimebound:SlimeBrawl"],"picked":"Slimebound:PressTheAttack","floor":3.0},{"not_picked":["Slimebound:Replication","Slimebound:ForwardTackle"],"picked":"Slimebound:LeechingTouch","floor":5.0},{"not_picked":["Slimebound:RollThrough","Slimebound:LeechingTouch"],"picked":"Slimebound:SplitAcid","floor":9.0},{"not_picked":["Slimebound:SplitMire","Slimebound:ViciousTackle"],"picked":"Slimebound:Darklings","floor":12.0},{"not_picked":["Slimebound:ProtectTheBoss","Slimebound:Schlurp"],"picked":"Slimebound:LeechEnergy","floor":13.0},{"not_picked":["Slimebound:ComboTackle","Slimebound:RollThrough"],"picked":"Slimebound:Prepare","floor":14.0},{"not_picked":["Slimebound:TongueLash","Slimebound:BestDefense"],"picked":"Slimebound:SpikyOuterGoop","floor":15.0},{"not_picked":["Slimebound:Teamwork","Slimebound:Darklings"],"picked":"Slimebound:OneTwoCombo","floor":16.0},{"not_picked":["Slimebound:SlimeBrawl","Slimebound:RollThrough"],"picked":"Slimebound:GoopSpray","floor":19.0},{"not_picked":["Slimebound:ForwardTackle+1","Slimebound:ComboTackle"],"picked":"Slimebound:PressTheAttack","floor":21.0},{"not_picked":["Slimebound:DisruptingSlam","Slimebound:Nibble"],"picked":"Slimebound:SpikyOuterGoop","floor":22.0},{"not_picked":["Slimebound:DisruptingSlam","Slimebound:LeechingTouch"],"picked":"Slimebound:SplitMire","floor":25.0},{"not_picked":["Slimebound:ViciousTackle","Slimebound:RejuvenatingLick"],"picked":"Slimebound:LeadByExample+1","floor":26.0},{"not_picked":["Slimebound:LeechingTouch+1","Slimebound:LeechEnergy+1"],"picked":"Slimebound:SplitSpecialist","floor":28.0},{"not_picked":["Slimebound:SlimeSpikes","Slimebound:FirmFortitude"],"picked":"Slimebound:SplitLeeching+1","floor":29.0},{"not_picked":["Slimebound:Dissolve","Slimebound:Schlurp"],"picked":"Slimebound:SplitMire","floor":32.0},{"not_picked":["Slimebound:DouseInSlime","Slimebound:WasteNot"],"picked":"Slimebound:SelfFormingGoo","floor":33.0},{"not_picked":["Slimebound:FinishingTackle","Slimebound:Recycling"],"picked":"Slimebound:LevelUp","floor":36.0},{"not_picked":["Slimebound:ViciousTackle","Slimebound:LeadByExample"],"picked":"Slimebound:Nibble","floor":38.0},{"not_picked":["Slimebound:Schlurp","Slimebound:ViciousTackle"],"picked":"Slimebound:HauntingLick","floor":40.0},{"not_picked":["Slimebound:SplitAcid","Slimebound:LeechingTouch"],"picked":"Slimebound:SlimeTap","floor":42.0},{"not_picked":["expansioncontent:FaceSlap","expansioncontent:AwakenDeath"],"picked":"expansioncontent:DonusPower","floor":43.0},{"not_picked":["expansioncontent:Chronoboost","expansioncontent:PolyBeam"],"picked":"expansioncontent:Collect","floor":43.0},{"not_picked":["expansioncontent:HyperBeam","expansioncontent:DonusPower"],"picked":"expansioncontent:CaCaw","floor":43.0},{"not_picked":["Slimebound:GrowthPunch","Slimebound:ForwardTackle"],"picked":"Slimebound:SplitAcid","floor":45.0},{"not_picked":["Slimebound:GoopTackle","Slimebound:ComboTackle","Slimebound:FinishingTackle"],"picked":"SKIP","floor":46.0},{"not_picked":["Slimebound:SlimeSpikes","Slimebound:RollThrough+1"],"picked":"Slimebound:LivingWall","floor":48.0},{"not_picked":["Slimebound:DouseInSlime","Slimebound:GoopSpray"],"picked":"Slimebound:RainOfGoop","floor":49.0},{"not_picked":["Slimebound:SlimeBarrage","Slimebound:SamplingLick"],"picked":"Slimebound:RainOfGoop+1","floor":52}],"player_experience":1675163,"relics_obtained":[{"floor":3.0,"key":"Anchor"},{"floor":5.0,"key":"White Beast Statue"},{"floor":7.0,"key":"Guardian:PocketSentry"},{"floor":19.0,"key":"Bronze Scales"},{"floor":22.0,"key":"Akabeko"},{"floor":26.0,"key":"Slimebound:PotencyRelic"},{"floor":34.0,"key":"Pen Nib"},{"floor":34.0,"key":"Matryoshka"},{"floor":34.0,"key":"Old Coin"},{"floor":38.0,"key":"Shovel"},{"floor":39.0,"key":"Orichalcum"},{"floor":41.0,"key":"Strawberry"},{"floor":41.0,"key":"HornCleat"},{"floor":42.0,"key":"Lantern"},{"floor":52,"key":"TheAbacus"},{"floor":52,"key":"Turnip"}],"event_choices":[{"damage_healed":0.0,"max_hp_gain":0.0,"max_hp_loss":0.0,"gold_gain":0.0,"cards_transformed":["Slimebound:Strike_Slimebound"],"event_name":"Transmorgrifier","player_choice":"Transformed","floor":11.0,"gold_loss":0.0,"damage_taken":0.0,"cards_obtained":["Slimebound:FirmFortitude"]}],"is_beta":false,"boss_relics":[{"not_picked":["Runic Dome","Fusion Hammer"],"picked":"expansioncontent:StudyCardRelic"},{"not_picked":["Pandora\u0027s Box","SlaversCollar"],"picked":"Calling Bell"}],"items_purged_floors":[36,47],"is_endless":false,"potions_floor_spawned":[5,9,12,13,14,15,16,19,21,22,25,26,28,29,32,33,36,38,40,42,45,46,48,49,52],"ascension_level":13}}