{"host":"2ccem01eblg14btk","time":1607877685,"event":{"mods":["BaseMod","Colored Map","Downfall","Minty Spire (QoL Compilation)","Quick Restart","StSLib"],"gold_per_floor":[99,125,125,139,152,152,152,184,184,213,226,242,0,15,31,131,131,131,231,241,341,351,351,351,351,351,351,371,388,405,98,109,207,207,207,257,292,292,307,93,93,93,94,94,105,18,18,18,36,36],"floor_reached":51,"playtime":3939,"items_purged":[],"score":720,"play_id":"ac50905b-fac0-4c95-90f2-27577c350b3e","local_time":"20201213174125","is_ascension_mode":false,"campfire_choices":[{"data":"champ:Execute","floor":1.0,"key":"SMITH"},{"data":"champ:FanOfKnives","floor":6.0,"key":"SMITH"},{"floor":9.0,"key":"REST"},{"data":"champ:CheapShot","floor":18.0,"key":"SMITH"},{"data":"champ:Shatter","floor":23.0,"key":"SMITH"},{"data":"champ:BerserkerStyle","floor":25.0,"key":"SMITH"},{"data":"champ:Devastate","floor":27.0,"key":"SMITH"},{"data":"1","floor":35,"key":"LIFT"},{"data":"2","floor":42,"key":"LIFT"},{"data":"3","floor":44,"key":"LIFT"}],"circlet_count":0,"master_deck":["champ:Strike+1","champ:Strike+1","champ:Strike+1","champ:Defend+1","champ:Defend+1","champ:Defend+1","champ:Defend+1","champ:Execute+1","champ:Taunt","champ:FanOfKnives+1","champ:GladiatorsShout","champ:BringItOn","champ:StanceDance","champ:FalseCounter","champ:EnragedBash","champ:AdrenalArmor","champ:BerserkersShout","champ:BerserkerStyle+1","champ:Shatter+1","champ:Devastate+1","champ:CheapShot+1","champ:Duel","champ:Duel+1","champ:BerserkerStyle","champ:FalseCounter+1","champ:IgnorePain","champ:Improvising","champ:MurderStrike","CurseOfTheBell","champ:ShieldWall","champ:AdrenalArmor+1","champ:BerserkerStyle+1","champ:AdrenalArmor+1","expansioncontent:Chronoboost","champ:EndlessRage"],"relics":["champ:ChampionCrown","Mercury Hourglass","StoneCalendar","Smiling Mask","Lizard Tail","Lee\u0027s Waffle","Philosopher\u0027s Stone","champ:BlackKnightHelmet","Meat on the Bone","Mango","Strange Spoon","Calling Bell","Girya","HornCleat","Centennial Puzzle","Prayer Wheel","Bottled Lightning","Sling","Mummified Hand","champ:BerserkersGuideToSlaughter"],"acts_visited":["Exordium","TheCity","TheBeyond"],"potions_floor_usage":[33,33,33,40,50,50,50,50,50],"damage_taken":[{"damage":45.0,"enemies":"3 Sentries","floor":2.0,"turns":10.0},{"damage":10.0,"enemies":"Small Slimes","floor":4.0,"turns":3.0},{"damage":8.0,"enemies":"Cultist","floor":5.0,"turns":3.0},{"damage":47.0,"enemies":"Lagavulin","floor":8.0,"turns":6.0},{"damage":23.0,"enemies":"3 Sentries","floor":10.0,"turns":4.0},{"damage":6.0,"enemies":"Jaw Worm","floor":11.0,"turns":2.0},{"damage":6.0,"enemies":"Lots of Slimes","floor":12.0,"turns":3.0},{"damage":24.0,"enemies":"downfall:FleeingMerchant","floor":13.0,"turns":4.0},{"damage":22.0,"enemies":"2 Fungi Beasts","floor":14.0,"turns":3.0},{"damage":34.0,"enemies":"Large Slime","floor":15.0,"turns":5.0},{"damage":57.0,"enemies":"downfall:Watcher","floor":16.0,"turns":8.0},{"damage":72.0,"enemies":"downfall:Watcher","floor":19.0,"turns":7.0},{"damage":27.0,"enemies":"Shell Parasite","floor":20.0,"turns":5.0},{"damage":10.0,"enemies":"Chosen","floor":22.0,"turns":4.0},{"damage":12.0,"enemies":"Sentry and Sphere","floor":28.0,"turns":3.0},{"damage":24.0,"enemies":"3 Cultists","floor":29.0,"turns":5.0},{"damage":61.0,"enemies":"Shelled Parasite and Fungi","floor":30.0,"turns":5.0},{"damage":44,"enemies":"downfall:FleeingMerchant","floor":31,"turns":5},{"damage":29,"enemies":"Snecko","floor":32,"turns":3},{"damage":95,"enemies":"downfall:Silent","floor":33,"turns":7},{"damage":85,"enemies":"Mind Bloom Boss Battle","floor":36,"turns":10},{"damage":85,"enemies":"Nemesis","floor":37,"turns":8},{"damage":23,"enemies":"Orb Walker","floor":39,"turns":4},{"damage":18,"enemies":"downfall:FleeingMerchant","floor":40,"turns":4},{"damage":49,"enemies":"downfall:FleeingMerchant","floor":43,"turns":5},{"damage":25,"enemies":"3 Darklings","floor":45,"turns":3},{"damage":55,"enemies":"Maw","floor":49,"turns":7},{"damage":84,"enemies":"downfall:Defect","floor":50,"turns":5}],"seed_played":"-4570682292743936341","potions_obtained":[{"floor":4.0,"key":"champ:OpenerPotion"},{"floor":8.0,"key":"champ:UltimateStancePotion"},{"floor":10.0,"key":"Strength Potion"},{"floor":19.0,"key":"Strength Potion"},{"floor":22.0,"key":"PowerPotion"},{"floor":33,"key":"GamblersBrew"},{"floor":49,"key":"PowerPotion"}],"is_trial":false,"path_per_floor":["R","E","?","M","M","R","T","E","R","E","M","M","$","M","M","B",null,"R","?","M","?","M","R","T","R","?","R","M","M","M","$","M","B",null,"R","?","E","?","M","?","T","R","$","R","M","$","$","?","M","B",null],"character_chosen":"THE_CHAMP","items_purchased":["Lee\u0027s Waffle","champ:BerserkerStyle","champ:IgnorePain","Strange Spoon","SteroidPotion","Sling","champ:BerserkersGuideToSlaughter","champ:ShieldWall","EntropicBrew","AttackPotion","expansioncontent:Chronoboost"],"campfire_rested":1,"item_purchase_floors":[13,13,31,31,40,40,43,43,43,43,46],"current_hp_per_floor":[99,69,69,64,64,64,64,30,59,41,35,29,106,93,78,36,106,106,77,87,87,87,87,101,101,101,101,101,90,62,54,50,82,120,120,107,61,105,105,105,105,105,86,86,71,71,71,105,105,94],"gold":36,"neow_bonus":"TEN_PERCENT_HP_BONUS","is_daily":false,"chose_seed":false,"campfire_upgraded":6,"win_rate":0.0,"timestamp":1607877685,"path_taken":["R","E","?","M","M","R","T","E","R","E","M","M","$","M","M","BOSS","R","?","M","?","M","R","T","R","?","R","?","M","?","$","M","BOSS","R","?","E","?","M","?","T","R","$","R","?","?","$","?","M","BOSS"],"items_purchased_type":["Relic","Card","Card","Relic","Potion","Relic","Relic","Card","Potion","Potion","Card"],"build_version":"2020-11-30","purchased_purges":0,"victory":true,"max_hp_per_floor":[99,99,99,99,99,99,99,99,99,99,99,99,106,106,106,106,106,106,106,106,106,106,106,120,120,120,120,120,120,120,120,120,120,120,120,120,120,105,105,105,105,105,105,105,105,105,105,105,105,105],"card_choices":[{"not_picked":["champ:Backstep","champ:Circumvent"],"picked":"champ:FanOfKnives","floor":2.0},{"not_picked":["champ:FanOfKnives","champ:FlashCut"],"picked":"champ:GladiatorsShout","floor":4.0},{"not_picked":["champ:PerfectedStrike","champ:FightOn"],"picked":"champ:BringItOn","floor":5.0},{"not_picked":["champ:TornadoPunch","champ:DefensiveStyle"],"picked":"champ:StanceDance","floor":8.0},{"not_picked":["champ:RisingSlash","champ:BringItOn"],"picked":"champ:FalseCounter","floor":10.0},{"not_picked":["champ:Circumvent","champ:FightOn"],"picked":"champ:EnragedBash","floor":11.0},{"not_picked":["champ:DefensiveShout","champ:EnGarde"],"picked":"champ:AdrenalArmor","floor":12.0},{"not_picked":["champ:Backstep","champ:RapidStrikes"],"picked":"champ:BerserkersShout","floor":13.0},{"not_picked":["champ:BerserkersShout","champ:Circumvent"],"picked":"champ:Shatter","floor":14.0},{"not_picked":["champ:RapidStrikes","champ:EnragedBash"],"picked":"champ:Devastate","floor":15.0},{"not_picked":["champ:ShieldThrow","champ:HeavySlash"],"picked":"champ:CheapShot","floor":16.0},{"not_picked":["champ:DefensiveShout","champ:RisingSlash","champ:StanceDance"],"picked":"SKIP","floor":20.0},{"not_picked":["champ:BladeFlurry","champ:Circumvent+1","champ:DefensiveStyle"],"picked":"SKIP","floor":22.0},{"not_picked":["champ:FlashCut","champ:Circumvent"],"picked":"champ:Duel","floor":28.0},{"not_picked":["champ:Encircle","champ:HeartStrike"],"picked":"champ:Duel+1","floor":29.0},{"not_picked":["champ:DeathBlow+1","champ:GladiatorsShout"],"picked":"champ:BerserkerStyle","floor":30.0},{"not_picked":["champ:BerserkersShout","champ:DeathBlow"],"picked":"champ:FalseCounter+1","floor":31},{"not_picked":["champ:StanceDance","champ:PerfectedStrike+1"],"picked":"champ:Improvising","floor":32},{"not_picked":["champ:CrownThrow","champ:CheapShot"],"picked":"champ:MurderStrike","floor":33},{"not_picked":["champ:BerserkerStyle","champ:Duel"],"picked":"champ:ShieldWall","floor":36},{"not_picked":["champ:DefensiveShout","champ:Lariat"],"picked":"champ:AdrenalArmor+1","floor":37},{"not_picked":["champ:CrookedStrike","champ:PerfectedStrike","champ:FocusedDefense+1"],"picked":"SKIP","floor":39},{"not_picked":["champ:AdrenalArmor","champ:Circumvent","champ:FanOfKnives"],"picked":"SKIP","floor":39},{"not_picked":["champ:FanOfKnives","champ:DefensiveShout+1","champ:FlashCut"],"picked":"SKIP","floor":40},{"not_picked":["champ:RecklessLeap","champ:BladeFlurry"],"picked":"champ:BerserkerStyle+1","floor":43},{"not_picked":["champ:GladiatorStyle+1","champ:HoldFirm"],"picked":"champ:AdrenalArmor+1","floor":45},{"not_picked":["champ:FlashCut+1","champ:PreciseThrust","champ:CrookedStrike"],"picked":"SKIP","floor":45},{"not_picked":["champ:RisingSlash","champ:HeartStrike"],"picked":"champ:EndlessRage","floor":49},{"not_picked":["champ:BerserkersShout+1","champ:Riposte","champ:BringItOn+1"],"picked":"SKIP","floor":49}],"player_experience":112676,"relics_obtained":[{"floor":2.0,"key":"Mercury Hourglass"},{"floor":7.0,"key":"StoneCalendar"},{"floor":8.0,"key":"Smiling Mask"},{"floor":10.0,"key":"Lizard Tail"},{"floor":19.0,"key":"champ:BlackKnightHelmet"},{"floor":19.0,"key":"Meat on the Bone"},{"floor":24.0,"key":"Mango"},{"floor":34,"key":"Girya"},{"floor":34,"key":"HornCleat"},{"floor":34,"key":"Centennial Puzzle"},{"floor":36,"key":"Prayer Wheel"},{"floor":37,"key":"Bottled Lightning"},{"floor":41,"key":"Mummified Hand"}],"event_choices":[{"cards_removed":["champ:Strike"],"damage_healed":0.0,"max_hp_gain":0.0,"max_hp_loss":0.0,"gold_gain":0.0,"event_name":"Purifier","player_choice":"Purged","floor":3.0,"gold_loss":0.0,"damage_taken":0.0},{"damage_healed":0.0,"max_hp_gain":0.0,"max_hp_loss":0.0,"gold_gain":0.0,"event_name":"Back to Basics","player_choice":"Simplicity","floor":26.0,"gold_loss":0.0,"damage_taken":0.0,"cards_upgraded":["champ:Strike","champ:Strike","champ:Strike","champ:Defend","champ:Defend","champ:Defend","champ:Defend"]},{"cards_removed":["champ:ShieldWall"],"damage_healed":34,"gold_gain":0,"player_choice":"Offered Uncommon","damage_taken":0,"max_hp_gain":0,"max_hp_loss":0,"event_name":"Bonfire Elementals","floor":48,"gold_loss":0}],"is_beta":false,"boss_relics":[{"not_picked":["Ectoplasm","SacredBark"],"picked":"Philosopher\u0027s Stone"},{"not_picked":["Runic Dome","Fusion Hammer"],"picked":"Calling Bell"}],"items_purged_floors":[],"is_endless":false,"potions_floor_spawned":[4,8,10,15,19,22,33,45,49],"ascension_level":0}}