{"host":"vh33hu3wddwn6yt6","time":1607879518,"event":{"mods":["AchievementEnabler","Act Like it!","Aspiration","BaseMod","Better Altar","Better Match","Better Note","Better Sensory Stone","Better Skull","Better Third Choice","BetterRewards","Downfall","Hubris","Minty Spire (QoL Compilation)","Permanent Neow","Replay The Spire","Shop Mod","Spicy Shops","StSLib","SuperFastMode","The Necromancer","The Poker Player","The Servant 0.9.4"],"gold_per_floor":[99,99,99,24,59,59,59,59,59,86,86,105,121,121,134,233,233,83,94,129,129,76,94,142,142,174,174,191,191,209,228,245,349,349,349,384,395,395,395,411,435,435,464,464,53,38,58,72,85,85],"floor_reached":51,"playtime":1249,"items_purged":[],"score":917,"play_id":"0c0fe423-84e0-473a-bdf1-75f7025e6dbe","local_time":"20201213181158","is_ascension_mode":true,"campfire_choices":[{"floor":1,"key":"RECALL"},{"data":"Negative_Energy_Arrows","floor":4,"key":"SMITH"},{"data":"Siphon_Strength","floor":9,"key":"SMITH"},{"data":"Siphon_Strength","floor":18,"key":"SMITH"},{"data":"Negative_Energy_Mist","floor":21,"key":"SMITH"},{"data":"Negative_Energy_Sphere","floor":25,"key":"SMITH"},{"data":"Summon_Lich","floor":27,"key":"SMITH"},{"data":"Negative_Energy_Mist","floor":35,"key":"SMITH"},{"data":"Negative_Energy_Mist","floor":38,"key":"SMITH"},{"data":"Negative_Energy_Javelin","floor":42,"key":"SMITH"},{"data":"Violent_Necrosis","floor":44,"key":"SMITH"}],"circlet_count":0,"master_deck":["Strike_W","Strike_W","Strike_W","Defend_W+1","Defend_W+1","Defend_W","Defend_W","Negative_Energy_Arrows+1","Bone_Wall","Siphon_Strength+1","Negative_Energy_Mist+1","Negative_Energy_Javelin+1","Siphon_Strength+1","Negative_Energy_Sphere+1","Grasp_Heart","Summon_Undead+1","Summon_Lich+1","Negative_Energy_Mist+1","Negative_Energy_Sphere","Negative_Energy_Mist+1","Negative_Energy_Mist+1","Violent_Necrosis+1","Violent_Necrosis+1","Negative_Energy_Sphere","Summon_Undead_Army+1","Negative_Energy_Javelin"],"relics":["Vampire_Amulet","downfall:HeartsMalice","downfall:HeartBlessingRed","Vajra","hubris:EvacipatedBox","hubris:ScarierMask","downfall:HeartBlessingBlue","downfall:HeartBlessingGreen","Pen Nib","War Paint","Potion Belt","Sozu","Frozen Egg 2","Ancient Tea Set","aspiration:HummingbirdHeart","Lee\u0027s Waffle"],"acts_visited":["Exordium","TheCity","TheBeyond"],"potions_floor_usage":[10,16,33,36,36,45],"damage_taken":[{"damage":0,"enemies":"Small Slimes","floor":2,"turns":1},{"damage":0,"enemies":"Lagavulin","floor":5,"turns":1},{"damage":0,"enemies":"2 Louse","floor":6,"turns":1},{"damage":20,"enemies":"3 Sentries","floor":10,"turns":11},{"damage":0,"enemies":"Cultist","floor":11,"turns":1},{"damage":8,"enemies":"Gremlin Gang","floor":12,"turns":4},{"damage":2,"enemies":"Red Slaver","floor":13,"turns":2},{"damage":7,"enemies":"Lots of Slimes","floor":15,"turns":3},{"damage":0,"enemies":"downfall:Watcher","floor":16,"turns":6},{"damage":1,"enemies":"Chosen","floor":19,"turns":3},{"damage":10,"enemies":"Book of Stabbing","floor":20,"turns":5},{"damage":0,"enemies":"downfall:FleeingMerchant","floor":22,"turns":4},{"damage":14,"enemies":"Shell Parasite","floor":23,"turns":5},{"damage":6,"enemies":"Slavers","floor":26,"turns":3},{"damage":4,"enemies":"Cultist and Chosen","floor":28,"turns":3},{"damage":10,"enemies":"Snecko","floor":30,"turns":4},{"damage":3,"enemies":"Shelled Parasite and Fungi","floor":31,"turns":5},{"damage":0,"enemies":"Centurion and Healer","floor":32,"turns":3},{"damage":6,"enemies":"downfall:Silent","floor":33,"turns":9},{"damage":25,"enemies":"Giant Head","floor":36,"turns":10},{"damage":1,"enemies":"3 Shapes","floor":37,"turns":3},{"damage":7,"enemies":"3 Darklings","floor":40,"turns":4},{"damage":42,"enemies":"Nemesis","floor":43,"turns":9},{"damage":0,"enemies":"downfall:FleeingMerchant","floor":45,"turns":4},{"damage":0,"enemies":"downfall:FleeingMerchant","floor":46,"turns":4},{"damage":0,"enemies":"Writhing Mass","floor":47,"turns":5},{"damage":3,"enemies":"Spire Growth","floor":48,"turns":3},{"damage":0,"enemies":"3 Darklings","floor":49,"turns":4},{"damage":19,"enemies":"downfall:Ironclad","floor":50,"turns":8}],"seed_played":"-4142191801457576369","potions_obtained":[{"floor":5,"key":"Swift Potion"},{"floor":10,"key":"Elixir"},{"floor":13,"key":"PowerPotion"},{"floor":23,"key":"Languid Potion"},{"floor":28,"key":"LiquidBronze"},{"floor":30,"key":"Fire Potion"},{"floor":31,"key":"hexamod:EctoCoolerPotion"}],"is_trial":false,"path_per_floor":["R","M","?","R","E","M","T","?","R","E","M","M","M","$","M","B",null,"R","M","E","R","$","M","T","R","E","R","M","?","M","M","M","B",null,"R","E","M","R","?","M","T","R","E","R","$","$","M","M","M","B",null],"character_chosen":"NECROMANCER","items_purchased":["hubris:EvacipatedBox","Summon_Lich","Summon_Undead_Army+1","Lee\u0027s Waffle"],"campfire_rested":0,"item_purchase_floors":[14,22,45,45],"current_hp_per_floor":[75,75,75,75,75,75,75,75,75,61,61,61,61,42,45,47,75,85,85,77,77,77,65,65,65,63,63,61,61,62,61,63,59,85,85,62,65,65,65,60,60,60,47,47,92,92,92,91,92,75],"gold":85,"neow_bonus":"THREE_ENEMY_KILL","is_daily":false,"chose_seed":false,"campfire_upgraded":10,"win_rate":0.0,"timestamp":1607879518,"path_taken":["R","M","?","R","E","M","T","?","R","E","M","?","?","?","M","BOSS","R","M","E","R","$","?","T","R","E","R","?","?","M","M","M","BOSS","R","E","M","R","?","M","T","R","E","R","?","$","M","M","M","BOSS"],"items_purchased_type":["Relic","Card","Card","Relic"],"build_version":"2020-11-30","purchased_purges":0,"victory":true,"max_hp_per_floor":[75,75,75,75,75,75,75,75,75,75,75,75,75,75,75,75,75,85,85,85,85,85,85,85,85,85,85,85,85,85,85,85,85,85,85,85,85,85,85,85,85,85,85,85,92,92,92,92,92,92],"card_choices":[{"not_picked":["Bones_to_Steel","Scare","Death_March_Dance"],"picked":"SKIP","floor":2},{"not_picked":["Reap_The_Weak","Blood_Wake"],"picked":"Siphon_Strength","floor":5},{"not_picked":["Blood_Shield","Death_March_Dance"],"picked":"Negative_Energy_Mist","floor":6},{"not_picked":["Bones_to_Steel","Scare","Chill_Blood"],"picked":"SKIP","floor":10},{"not_picked":["Chill_Blood","Epidemic","Blood_Shield"],"picked":"SKIP","floor":11},{"not_picked":["Death_Coil","Negative_Energy_Bomb"],"picked":"Negative_Energy_Javelin","floor":12},{"not_picked":["Chill_Blood","Negative_Energy_Javelin"],"picked":"Siphon_Strength","floor":13},{"not_picked":["Blood_Curse","Bone_Bullets"],"picked":"Negative_Energy_Sphere","floor":15},{"not_picked":["Blood_Wake","Requiem"],"picked":"Grasp_Heart","floor":16},{"not_picked":["Negative_Energy_Shield","Consume_Illness","Negative_Energy_Burst"],"picked":"SKIP","floor":19},{"not_picked":["Death_Coil+1","Cloudkill","Death_Knell"],"picked":"SKIP","floor":20},{"not_picked":["Blood_Is_Power","Blood_Whip"],"picked":"Summon_Undead+1","floor":22},{"not_picked":["Pandemic","Bone_Bullets","Thousand_Bone_Knives+1"],"picked":"SKIP","floor":23},{"not_picked":["Shackles_Of_Pain","Scare","Hellfire"],"picked":"SKIP","floor":26},{"not_picked":["Stop_Heart","Blood_for_Blood"],"picked":"Negative_Energy_Mist","floor":28},{"not_picked":["Bone_Armory","Bone_Bullets"],"picked":"Negative_Energy_Sphere","floor":30},{"not_picked":["Pandemic","Summon_Lich"],"picked":"Negative_Energy_Mist+1","floor":31},{"not_picked":["Death_Coil","Shackles_Of_Pain"],"picked":"Negative_Energy_Mist","floor":32},{"not_picked":["Deaths_Shadow","Whirlwind_of_Bones+1","Chill_Blood"],"picked":"SKIP","floor":36},{"not_picked":["Spectral_Walk+1","Bone_Armory+1"],"picked":"Violent_Necrosis+1","floor":37},{"not_picked":["Blood_Whip","Negative_Energy_Shield+1","Toxic_Smoke_Screen"],"picked":"SKIP","floor":40},{"not_picked":["Negative_Energy_Shield","Whirlwind_of_Bones"],"picked":"Violent_Necrosis","floor":43},{"not_picked":["Cloudkill","Bone_Bullets"],"picked":"Negative_Energy_Sphere","floor":45},{"not_picked":["Shackles_Of_Pain","Bone_Armory+1","Blood_Curse+1"],"picked":"SKIP","floor":46},{"not_picked":["Death_Coil+1","Necrotic_Claws+1","Deaths_Shadow+1"],"picked":"SKIP","floor":47},{"not_picked":["Negative_Energy_Shield","Strike_from_Beyond"],"picked":"Negative_Energy_Javelin","floor":48},{"not_picked":["Scare","Bone_Prison+1","Blood_Is_Power+1"],"picked":"SKIP","floor":49}],"player_experience":470113,"relics_obtained":[{"floor":10,"key":"Vajra"},{"floor":20,"key":"Pen Nib"},{"floor":24,"key":"War Paint"},{"floor":26,"key":"Potion Belt"},{"floor":36,"key":"Frozen Egg 2"},{"floor":41,"key":"Ancient Tea Set"},{"floor":43,"key":"aspiration:HummingbirdHeart"}],"event_choices":[{"damage_healed":0,"gold_gain":0,"player_choice":"Ignored","damage_taken":0,"max_hp_gain":0,"max_hp_loss":0,"event_name":"betterNote:BetterNote","floor":29,"gold_loss":0,"cards_obtained":["Strike_S"]},{"cards_removed":["Strike_W"],"damage_healed":0,"gold_gain":0,"player_choice":"Purged","damage_taken":0,"max_hp_gain":0,"max_hp_loss":0,"event_name":"Purifier","floor":39,"gold_loss":0}],"is_beta":false,"boss_relics":[{"not_picked":["aspiration:SecretTechniqueScroll","Coffee Dripper","Ectoplasm"],"picked":"hubris:ScarierMask"},{"not_picked":["hubris:VirtuousBlindfold","hubris:HollowSoul","aspiration:IroncladSkillbook"],"picked":"Sozu"}],"items_purged_floors":[],"is_endless":false,"potions_floor_spawned":[5,10,13,23,28,30,31,36,37,47,48,49],"ascension_level":1}}