{"host":"63rwe7p34ct1i0qu","time":1607836004,"event":{"mods":["BaseMod","DeckTracker","Minty Spire (QoL Compilation)","Permanent Neow","Quick Restart","StSLib"],"gold_per_floor":[20,36,51,106,106,106,106,137,205,205,155,155,189,209,209,304,304,323,323,337,337,357,357,374,384,384,384,384],"floor_reached":27,"playtime":876,"items_purged":[],"score":293,"play_id":"8389d4bc-3718-4d3a-a219-0ff95fc3e91c","local_time":"20201213140644","is_ascension_mode":true,"campfire_choices":[{"data":"Apotheosis","floor":6,"key":"SMITH"},{"floor":10,"key":"REST"},{"data":"Genetic Algorithm","floor":15,"key":"SMITH"},{"floor":23,"key":"REST"}],"circlet_count":0,"master_deck":["Strike_B","Strike_B","Strike_B","Defend_B","Defend_B","Defend_B","Defend_B","Zap","Dualcast","Apotheosis+1","Sunder","Chaos","Ball Lightning","Compile Driver","Chill","Genetic Algorithm+1","Seek","Rebound+1","Static Discharge","Hologram+1","Amplify","Turbo+1"],"relics":["Cracked Core","MealTicket","Bottled Flame","Smiling Mask","Black Star","Omamori"],"acts_visited":["Exordium","TheCity"],"potions_floor_usage":[18,21,22,22,22,22,25],"damage_taken":[{"damage":0,"enemies":"Cultist","floor":1,"turns":3},{"damage":2,"enemies":"Jaw Worm","floor":2,"turns":3},{"damage":0,"enemies":"2 Louse","floor":3,"turns":2},{"damage":24,"enemies":"Lagavulin","floor":8,"turns":6},{"damage":11,"enemies":"Gremlin Nob","floor":13,"turns":3},{"damage":2,"enemies":"Looter","floor":14,"turns":3},{"damage":11,"enemies":"The Guardian","floor":16,"turns":10},{"damage":7,"enemies":"3 Byrds","floor":18,"turns":6},{"damage":17,"enemies":"Spheric Guardian","floor":20,"turns":4},{"damage":0,"enemies":"Snake Plant","floor":21,"turns":1},{"damage":9,"enemies":"Sentry and Sphere","floor":22,"turns":4},{"damage":27,"enemies":"Snecko","floor":24,"turns":6},{"damage":21,"enemies":"Snake Plant","floor":25,"turns":4},{"damage":27,"enemies":"3 Cultists","floor":27,"turns":5}],"seed_played":"-2308975297769803133","potions_obtained":[{"floor":1,"key":"SteroidPotion"},{"floor":2,"key":"SmokeBomb"},{"floor":16,"key":"Regen Potion"},{"floor":18,"key":"ColorlessPotion"},{"floor":19,"key":"EntropicBrew"},{"floor":19,"key":"Explosive Potion"}],"is_trial":false,"path_per_floor":["M","M","M","?","$","R","$","E","T","R","?","?","E","M","R","B",null,"M","?","M","M","M","R","M","M","T","M"],"character_chosen":"DEFECT","items_purchased":[],"campfire_rested":2,"item_purchase_floors":[],"current_hp_per_floor":[68,66,66,66,66,66,66,42,42,64,64,69,58,56,56,45,71,76,76,59,59,50,74,47,26,26,0,0],"gold":384,"neow_bonus":"RANDOM_COLORLESS_2","is_daily":false,"chose_seed":false,"campfire_upgraded":2,"win_rate":0.0,"timestamp":1607836004,"path_taken":["M","?","M","?","$","R","$","E","T","R","?","?","E","M","R","BOSS","M","?","M","?","M","R","M","M","T","?"],"items_purchased_type":[],"build_version":"2020-11-30","purchased_purges":0,"victory":false,"max_hp_per_floor":[75,75,75,75,75,75,75,75,75,75,75,80,80,80,80,80,80,80,80,80,80,80,80,80,80,80,80,80],"card_choices":[{"not_picked":["Panache","Secret Weapon"],"picked":"Apotheosis","floor":0},{"not_picked":["Fusion","Reinforced Body"],"picked":"Sunder","floor":1},{"not_picked":["Ball Lightning","Stack"],"picked":"Chaos","floor":2},{"not_picked":["Conserve Battery","Defragment"],"picked":"Ball Lightning","floor":3},{"not_picked":["Defragment","Barrage"],"picked":"Compile Driver","floor":8},{"not_picked":["Steam","Rip and Tear"],"picked":"Chill","floor":13},{"not_picked":["Ball Lightning","Rip and Tear"],"picked":"Genetic Algorithm","floor":14},{"not_picked":["Hyperbeam","Meteor Strike"],"picked":"Seek","floor":16},{"not_picked":["Glacier","Rip and Tear+1"],"picked":"Rebound+1","floor":18},{"not_picked":["Hologram","Sweeping Beam+1"],"picked":"Static Discharge","floor":20},{"not_picked":["Glacier","Steam"],"picked":"Hologram+1","floor":22},{"not_picked":["Go for the Eyes+1","Rebound"],"picked":"Amplify","floor":24},{"not_picked":["Defragment","Cold Snap"],"picked":"Turbo+1","floor":25}],"player_experience":1278590,"relics_obtained":[{"floor":8,"key":"MealTicket"},{"floor":9,"key":"Bottled Flame"},{"floor":13,"key":"Smiling Mask"},{"floor":26,"key":"Omamori"}],"event_choices":[{"damage_healed":0,"gold_gain":55,"player_choice":"Gained Gold","damage_taken":0,"max_hp_gain":0,"max_hp_loss":0,"event_name":"Golden Wing","floor":4,"gold_loss":0},{"cards_removed":["Strike_B"],"damage_healed":0,"gold_gain":0,"player_choice":"Card Removal","damage_taken":0,"max_hp_gain":0,"max_hp_loss":0,"event_name":"The Cleric","floor":11,"gold_loss":50},{"damage_healed":0,"gold_gain":0,"player_choice":"Donut","damage_taken":0,"max_hp_gain":5,"max_hp_loss":0,"event_name":"Big Fish","floor":12,"gold_loss":0},{"damage_healed":0,"gold_gain":0,"player_choice":"Got Potions","damage_taken":0,"max_hp_gain":0,"max_hp_loss":0,"event_name":"Lab","floor":19,"gold_loss":0}],"is_beta":false,"boss_relics":[{"not_picked":["Pandora\u0027s Box","Philosopher\u0027s Stone"],"picked":"Black Star"}],"items_purged_floors":[],"is_endless":false,"potions_floor_spawned":[1,2,16,18,20,21],"killed_by":"3 Cultists","ascension_level":6}}