{"host":"ek3xvuouaw6vk9if","time":1607846015,"event":{"mods":["BaseMod","Minty Spire (QoL Compilation)","Permanent Neow","Quick Restart","Replay The Spire","StSLib"],"gold_per_floor":[117,129,129,129,129,157,157,183,183,183,217,217,251,261,261,338,338,353,380,50,100,114,142,155,80,105,105,105,105,116,136,136,208,208,226,226,15,28,210,243,243,261,261,261,287,298,311,326,326,326],"floor_reached":51,"playtime":2271,"items_purged":["Strike_G","Strike_G"],"score":1360,"play_id":"77925e7c-76b4-4672-b7d7-8f5941998a24","local_time":"20201213025335","is_ascension_mode":true,"campfire_choices":[{"floor":10,"key":"REST"},{"data":"Blade Dance","floor":12,"key":"SMITH"},{"floor":15,"key":"REST"},{"data":"Replay:Bag of Tricks","floor":29,"key":"SMITH"},{"data":"Backflip","floor":32,"key":"SMITH"},{"data":"Cloak And Dagger","floor":41,"key":"SMITH"},{"data":"Adrenaline","floor":44,"key":"SMITH"},{"data":"Venomology","floor":49,"key":"SMITH"}],"circlet_count":0,"master_deck":["AscendersBane","Strike_G+1","Strike_G","Defend_G","Defend_G","Defend_G","Defend_G","Defend_G","Survivor+1","Neutralize","Storm of Steel+1","Dagger Spray","Blade Dance+1","Tactician","Cloak And Dagger+1","Replay:Bag of Tricks+1","CurseOfTheBell","Venomology+1","Hidden Blade+1","Backflip+1","Adrenaline+1","Escape Plan","Backflip","Blade Dance+1","Dodge and Roll+1","Blur"],"relics":["Ring of the Snake","Du-Vu Doll","Letter Opener","BranchBurnRelic","Toy Ornithopter","Boot","Calling Bell","Bag of Preparation","Kunai","Torii","Red Mask","Lee\u0027s Waffle","Lantern","Happy Flower","Smiling Mask","WristBlade","Pen Nib","Dream Catcher","Mercury Hourglass","Replay:Mystery Machine"],"acts_visited":["Exordium","TheCity","TheBeyond"],"potions_floor_usage":[11,13,16,23,23,24,24,30,30,33,35,35,40,45,47,48,50,50],"damage_taken":[{"damage":0,"enemies":"2 Louse","floor":1,"turns":3},{"damage":0,"enemies":"Small Slimes","floor":2,"turns":2},{"damage":15,"enemies":"3 Sentries","floor":6,"turns":6},{"damage":10,"enemies":"Lagavulin","floor":8,"turns":5},{"damage":20,"enemies":"Gremlin Nob","floor":11,"turns":3},{"damage":19,"enemies":"Lagavulin","floor":13,"turns":5},{"damage":0,"enemies":"Jaw Worm","floor":14,"turns":2},{"damage":28,"enemies":"Slime Boss","floor":16,"turns":11},{"damage":2,"enemies":"Spheric Guardian","floor":18,"turns":4},{"damage":30,"enemies":"Masked Bandits","floor":19,"turns":4},{"damage":0,"enemies":"3 Byrds","floor":22,"turns":3},{"damage":56,"enemies":"Book of Stabbing","floor":23,"turns":7},{"damage":14,"enemies":"Sentry and Sphere","floor":24,"turns":6},{"damage":2,"enemies":"Chosen and Byrds","floor":30,"turns":2},{"damage":6,"enemies":"Snecko","floor":31,"turns":3},{"damage":13,"enemies":"Champ","floor":33,"turns":15},{"damage":1,"enemies":"3 Darklings","floor":35,"turns":2},{"damage":0,"enemies":"Orb Walker","floor":38,"turns":1},{"damage":13,"enemies":"R_Hoarder","floor":40,"turns":4},{"damage":0,"enemies":"3 Darklings","floor":42,"turns":1},{"damage":1,"enemies":"Giant Head","floor":45,"turns":4},{"damage":0,"enemies":"Jaw Worm Horde","floor":46,"turns":2},{"damage":1,"enemies":"Sphere and 2 Shapes","floor":47,"turns":2},{"damage":0,"enemies":"4 Shapes","floor":48,"turns":1},{"damage":12,"enemies":"Donu and Deca","floor":50,"turns":7}],"seed_played":"3498769670041274891","potions_obtained":[{"floor":1,"key":"FearPotion"},{"floor":11,"key":"SteroidPotion"},{"floor":14,"key":"PowerPotion"},{"floor":16,"key":"FairyPotion"},{"floor":22,"key":"EssenceOfSteel"},{"floor":23,"key":"Milkshake"},{"floor":24,"key":"Poison Potion"},{"floor":35,"key":"FearPotion"},{"floor":40,"key":"Poison Potion"}],"is_trial":false,"path_per_floor":["M","M","?","?","?","E","?","E","T","R","E","R","E","M","R","B",null,"M","?","$","?","M","E","M","$","T","?","?","R","M","M","R","B",null,"M","?","$","M","?","E","R","M","T","R","E","M","M","M","R","B",null],"character_chosen":"THE_SILENT","items_purchased":["Lee\u0027s Waffle","Lantern","Pen Nib"],"campfire_rested":2,"item_purchase_floors":[20,20,37],"current_hp_per_floor":[59,59,52,52,32,17,17,7,7,26,15,15,15,15,34,26,56,54,24,73,73,73,22,18,18,18,18,18,18,31,25,25,32,63,72,69,69,69,42,38,38,38,38,38,54,54,58,63,63,67],"gold":326,"neow_bonus":"ONE_RANDOM_RARE_CARD","is_daily":false,"chose_seed":false,"campfire_upgraded":6,"win_rate":0.0,"timestamp":1607846015,"path_taken":["M","M","?","?","?","E","?","E","T","R","E","R","E","?","R","BOSS","M","?","$","?","M","E","?","$","T","?","?","R","M","M","R","BOSS","M","?","$","M","?","E","R","M","T","R","E","?","M","M","R","BOSS"],"items_purchased_type":["Relic","Relic","Relic"],"build_version":"2020-11-30","purchased_purges":2,"victory":true,"max_hp_per_floor":[66,66,66,66,66,66,66,66,66,66,66,66,66,66,66,66,66,66,66,73,73,73,73,73,73,73,73,73,73,73,73,73,73,73,73,69,69,69,69,69,69,69,69,69,69,69,69,69,69,69],"card_choices":[{"not_picked":["ReplayTheSpireMod:Tripwire","PiercingWail"],"picked":"Dagger Spray","floor":1},{"not_picked":["Endless Agony","Noxious Fumes"],"picked":"Blade Dance","floor":2},{"not_picked":["Dagger Spray","Deadly Poison","Sucker Punch"],"picked":"SKIP","floor":6},{"not_picked":["Skewer","Bane","Sucker Punch"],"picked":"SKIP","floor":8},{"not_picked":["Endless Agony","Well Laid Plans","Bouncing Flask"],"picked":"SKIP","floor":11},{"not_picked":["Phantasmal Killer","Leg Sweep"],"picked":"Tactician","floor":13},{"not_picked":["Poisoned Stab","Dodge and Roll"],"picked":"Cloak And Dagger","floor":14},{"not_picked":["Doppelganger","Tools of the Trade"],"picked":"Replay:Bag of Tricks","floor":16},{"not_picked":["Underhanded Strike","Eviscerate+1","Well Laid Plans+1"],"picked":"SKIP","floor":18},{"not_picked":["Infinite Blades","Bouncing Flask"],"picked":"Venomology","floor":22},{"not_picked":["Prepared","Underhanded Strike","Dagger Throw"],"picked":"SKIP","floor":23},{"not_picked":["Dash","Infinite Blades"],"picked":"Hidden Blade+1","floor":24},{"not_picked":["Blade Dance","Cloak And Dagger"],"picked":"Backflip","floor":30},{"not_picked":["PiercingWail","Bouncing Flask","Sneak Up"],"picked":"SKIP","floor":31},{"not_picked":["Grand Finale","Unload"],"picked":"Adrenaline","floor":33},{"not_picked":["Well Laid Plans","Prepared"],"picked":"Escape Plan","floor":35},{"not_picked":["Hidden Blade","Infinite Blades","Distraction"],"picked":"SKIP","floor":38},{"not_picked":["Deflect","Expertise"],"picked":"Backflip","floor":39},{"not_picked":["Outmaneuver+1","Backstab"],"picked":"Blade Dance+1","floor":40},{"not_picked":["Distraction+1","Crippling Poison"],"picked":"Dodge and Roll+1","floor":42},{"not_picked":["Finisher+1","Deflect","Leg Sweep+1"],"picked":"SKIP","floor":45},{"not_picked":["Dodge and Roll","Underhanded Strike","Catalyst"],"picked":"SKIP","floor":46},{"not_picked":["PiercingWail+1","Blade Dance+1","Well Laid Plans"],"picked":"SKIP","floor":47},{"not_picked":["Terror","Caltrops"],"picked":"Blur","floor":48}],"player_experience":464617,"relics_obtained":[{"floor":6,"key":"Du-Vu Doll"},{"floor":8,"key":"Dead Branch"},{"floor":9,"key":"Letter Opener"},{"floor":11,"key":"Toy Ornithopter"},{"floor":13,"key":"Boot"},{"floor":17,"key":"Bag of Preparation"},{"floor":17,"key":"Kunai"},{"floor":17,"key":"Torii"},{"floor":19,"key":"Red Mask"},{"floor":23,"key":"Happy Flower"},{"floor":26,"key":"Smiling Mask"},{"floor":40,"key":"Dream Catcher"},{"floor":43,"key":"Mercury Hourglass"},{"floor":45,"key":"Replay:Mystery Machine"}],"event_choices":[{"cards_removed":["Strike_G"],"damage_healed":0,"gold_gain":0,"player_choice":"Card Removal","damage_taken":7,"max_hp_gain":0,"max_hp_loss":0,"event_name":"Golden Wing","floor":3,"gold_loss":0},{"damage_healed":0,"gold_gain":0,"player_choice":"Grow","damage_taken":0,"max_hp_gain":0,"max_hp_loss":0,"event_name":"Living Wall","floor":4,"gold_loss":0,"cards_upgraded":["Storm of Steel"]},{"damage_healed":0,"gold_gain":0,"player_choice":"Entered Light","damage_taken":20,"max_hp_gain":0,"max_hp_loss":0,"event_name":"Shining Light","floor":5,"gold_loss":0,"cards_upgraded":["Strike_G","Survivor"]},{"damage_healed":0,"gold_gain":0,"player_choice":"Searched \u00270\u0027 times","damage_taken":0,"max_hp_gain":0,"max_hp_loss":0,"event_name":"Dead Adventurer","floor":7,"gold_loss":0},{"damage_healed":0,"gold_gain":0,"player_choice":"Fought Bandits","damage_taken":0,"max_hp_gain":0,"max_hp_loss":0,"event_name":"Masked Bandits","floor":19,"gold_loss":0},{"damage_healed":0,"gold_gain":50,"player_choice":"Pray","damage_taken":0,"max_hp_gain":0,"max_hp_loss":0,"event_name":"Golden Shrine","floor":21,"gold_loss":0},{"damage_healed":0,"gold_gain":0,"player_choice":"Ignored","damage_taken":0,"max_hp_gain":0,"max_hp_loss":0,"event_name":"Vampires","floor":27,"gold_loss":0},{"damage_healed":0,"gold_gain":0,"player_choice":"Max HP","damage_taken":0,"max_hp_gain":0,"max_hp_loss":4,"event_name":"Winding Halls","floor":36,"gold_loss":0}],"is_beta":false,"boss_relics":[{"not_picked":["Empty Cage","Astrolabe"],"picked":"Calling Bell"},{"not_picked":["Coffee Dripper","Velvet Choker"],"picked":"WristBlade"}],"items_purged_floors":[25,37],"is_endless":false,"potions_floor_spawned":[1,11,14,16,22,23,24,33,35,40,48],"ascension_level":16}}