{"host":"1tl36azeqm6yhdgj","time":1607897752,"event":{"mods":["AchievementEnabler","BaseMod","Minty Spire (QoL Compilation)","StSLib","The IronCluck","everything is the same but u backflip on backflip"],"gold_per_floor":[119,129,304,318,334,359,359,387,387,387,419,429,448,466,466,564,564,574,13,28,0,0,0,0,18,42,42,73,73,73,85,85,85,85],"floor_reached":33,"playtime":1213,"items_purged":["Strike_R"],"score":470,"play_id":"d3231741-384b-47c6-9d4d-8a3d4b696cff","local_time":"20201213171552","is_ascension_mode":true,"campfire_choices":[{"data":"Uppercut","floor":7.0,"key":"SMITH"},{"floor":10.0,"key":"REST"},{"floor":15.0,"key":"REST"},{"floor":23.0,"key":"REST"},{"data":"Ghostly","floor":27.0,"key":"SMITH"},{"floor":30,"key":"REST"},{"floor":32,"key":"REST"}],"circlet_count":0,"master_deck":["AscendersBane","Strike_R","Strike_R","Strike_R","Strike_R","Defend_R","Defend_R","Defend_R","Defend_R","Bash","Rampage","Uppercut+1","Cleave","Searing Blow","Thunderclap","Shrug It Off","Anger","Metallicize","Carnage","Dropkick","Double Tap","Rage+1","Panache","Flex","Good Instincts","Infernal Blade","Ghostly+1","Ghostly","Ghostly","Ghostly","Ghostly","Anger+1","Fire Breathing","Reaper"],"relics":["Burning Blood","NeowsBlessing","Oddly Smooth Stone","Kunai","Gremlin Horn","Question Card","Anchor","Sundial"],"acts_visited":["Exordium","TheCity"],"potions_floor_usage":[28],"damage_taken":[{"damage":0.0,"enemies":"Jaw Worm","floor":1.0,"turns":1.0},{"damage":0.0,"enemies":"Small Slimes","floor":2.0,"turns":1.0},{"damage":0.0,"enemies":"2 Louse","floor":4.0,"turns":1.0},{"damage":25.0,"enemies":"Large Slime","floor":5.0,"turns":6.0},{"damage":20.0,"enemies":"Gremlin Nob","floor":6.0,"turns":4.0},{"damage":35.0,"enemies":"Lagavulin","floor":8.0,"turns":5.0},{"damage":28.0,"enemies":"Gremlin Nob","floor":11.0,"turns":5.0},{"damage":4.0,"enemies":"2 Fungi Beasts","floor":12.0,"turns":3.0},{"damage":1.0,"enemies":"Lots of Slimes","floor":13.0,"turns":2.0},{"damage":3.0,"enemies":"Gremlin Gang","floor":14.0,"turns":3.0},{"damage":20.0,"enemies":"Slime Boss","floor":16.0,"turns":9.0},{"damage":36.0,"enemies":"Spheric Guardian","floor":18.0,"turns":7.0},{"damage":13.0,"enemies":"3 Byrds","floor":20.0,"turns":6.0},{"damage":17.0,"enemies":"Snecko","floor":25.0,"turns":8.0},{"damage":20,"enemies":"Book of Stabbing","floor":28,"turns":8},{"damage":1,"enemies":"Chosen and Byrds","floor":31,"turns":7},{"damage":68,"enemies":"Automaton","floor":33,"turns":10}],"seed_played":"6310013470934504326","potions_obtained":[{"floor":1.0,"key":"Explosive Potion"},{"floor":4.0,"key":"GamblersBrew"},{"floor":8.0,"key":"SteroidPotion"},{"floor":11.0,"key":"ColorlessPotion"},{"floor":13.0,"key":"EntropicBrew"},{"floor":20.0,"key":"SkillPotion"},{"floor":31,"key":"EssenceOfSteel"}],"is_trial":false,"path_per_floor":["M","M","?","M","M","E","R","E","T","R","E","M","M","M","R","B",null,"M","$","M","?","?","R","?","M","T","R","E","?","R","M","R","B"],"character_chosen":"IRONCLAD","items_purchased":["Panache","Anchor","Flex","Good Instincts"],"campfire_rested":5,"item_purchase_floors":[19,19,19,19],"current_hp_per_floor":[78,80,80,80,61,47,47,18,18,42,20,22,27,30,54,40,70,40,40,33,33,18,43,42,31,31,31,17,17,29,34,42,0,0],"gold":85,"neow_bonus":"THREE_ENEMY_KILL","is_daily":false,"chose_seed":false,"campfire_upgraded":2,"win_rate":0.0,"timestamp":1607897752,"path_taken":["M","M","?","M","M","E","R","E","T","R","E","M","M","M","R","BOSS","M","$","M","?","?","R","?","?","T","R","E","?","R","M","R","BOSS"],"items_purchased_type":["Card","Relic","Card","Card"],"build_version":"2020-11-30","purchased_purges":1,"victory":false,"max_hp_per_floor":[80,80,80,80,80,80,80,80,80,80,80,80,80,80,80,80,80,80,80,80,80,85,85,42,42,42,42,42,42,42,42,42,42,42],"card_choices":[{"not_picked":["Twin Strike","Shrug It Off"],"picked":"Rampage","floor":1.0},{"not_picked":["Iron Wave","Warcry"],"picked":"Uppercut","floor":2.0},{"not_picked":["Clash","Feel No Pain"],"picked":"Cleave","floor":4.0},{"not_picked":["Iron Wave","Headbutt"],"picked":"Searing Blow","floor":5.0},{"not_picked":["Reckless Charge","Sword Boomerang"],"picked":"Thunderclap","floor":6.0},{"not_picked":["Twin Strike","Sentinel"],"picked":"Shrug It Off","floor":8.0},{"not_picked":["Barricade","Iron Wave"],"picked":"Anger","floor":11.0},{"not_picked":["Anger","Blood for Blood","Wild Strike"],"picked":"Metallicize","floor":12.0},{"not_picked":["Warcry","Body Slam","Blood for Blood"],"picked":"Carnage","floor":13.0},{"not_picked":["Bloodletting","Reckless Charge","Disarm"],"picked":"Dropkick","floor":14.0},{"not_picked":["Limit Break","Fiend Fire","Corruption"],"picked":"Double Tap","floor":16.0},{"not_picked":["Feel No Pain","Rampage","Thunderclap"],"picked":"Rage+1","floor":18.0},{"not_picked":["Thunderclap+1","Rampage+1","Wild Strike"],"picked":"Infernal Blade","floor":20.0},{"not_picked":["Havoc","Clothesline","Pommel Strike"],"picked":"Anger+1","floor":25.0},{"not_picked":["Dark Embrace+1","Shrug It Off","Clash+1"],"picked":"Fire Breathing","floor":28},{"not_picked":["Heavy Blade+1","Blood for Blood","Pommel Strike"],"picked":"Reaper","floor":31}],"player_experience":1919279,"relics_obtained":[{"floor":6.0,"key":"Oddly Smooth Stone"},{"floor":8.0,"key":"Kunai"},{"floor":9.0,"key":"Gremlin Horn"},{"floor":11.0,"key":"Question Card"},{"floor":28,"key":"Sundial"}],"event_choices":[{"damage_healed":0.0,"max_hp_gain":0.0,"max_hp_loss":0.0,"gold_gain":175.0,"event_name":"Liars Game","player_choice":"AGREE","floor":3.0,"gold_loss":0.0,"damage_taken":0.0,"cards_obtained":["Doubt"]},{"damage_healed":0.0,"max_hp_gain":0.0,"max_hp_loss":0.0,"gold_gain":0.0,"event_name":"Masked Bandits","player_choice":"Paid Fearfully","floor":21.0,"gold_loss":28.0,"damage_taken":0.0},{"damage_healed":0.0,"max_hp_gain":5.0,"max_hp_loss":0.0,"gold_gain":0.0,"event_name":"Forgotten Altar","player_choice":"Shed Blood","floor":22.0,"gold_loss":0.0,"damage_taken":20.0},{"damage_healed":0.0,"max_hp_gain":0.0,"max_hp_loss":43.0,"gold_gain":0.0,"event_name":"Ghosts","player_choice":"Became a Ghost","floor":24.0,"gold_loss":0.0,"damage_taken":0.0,"cards_obtained":["Ghostly","Ghostly","Ghostly","Ghostly","Ghostly"]},{"cards_removed":["Doubt"],"damage_healed":0,"gold_gain":0,"player_choice":"Elegance","damage_taken":0,"max_hp_gain":0,"max_hp_loss":0,"event_name":"Back to Basics","floor":29,"gold_loss":0}],"is_beta":false,"boss_relics":[{"not_picked":["Ectoplasm","Runic Pyramid","Fusion Hammer"]}],"items_purged_floors":[19],"is_endless":false,"potions_floor_spawned":[1,4,8,11,13,20,31],"killed_by":"Automaton","ascension_level":11}}