{"host":"lhth1efayex2023z","time":1607896200,"event":{"mods":["BaseMod","Colored Map","Googly Eyes","Minty Spire (QoL Compilation)","StSLib"],"gold_per_floor":[118,193,143,143,157,186,21,49,99,125,155,168,168,188,188,293,293,306,325,340,40,40,66,80,409,409,409,37,56,56,30,30,30,30],"floor_reached":33,"playtime":1095,"items_purged":["Strike_B","Strike_B"],"score":530,"play_id":"cb0b8e28-9315-42e1-b82b-076e9be454e3","local_time":"20201213145000","is_ascension_mode":true,"campfire_choices":[{"data":"Static Discharge","floor":15.0,"key":"SMITH"},{"data":"Dualcast","floor":27.0,"key":"SMITH"},{"data":"Amplify","floor":30,"key":"SMITH"},{"data":"Blizzard","floor":32,"key":"SMITH"}],"circlet_count":0,"master_deck":["AscendersBane","Strike_B","Defend_B","Defend_B","Defend_B","Defend_B","Zap+1","Dualcast+1","FTL","Melter","Static Discharge+1","Biased Cognition","Ball Lightning","Coolheaded+1","Coolheaded","Undo","All For One","Gash","Amplify+1","Storm","RitualDagger","Consume","Electrodynamics","Gash","Self Repair","Blizzard+1","Gash"],"relics":["Cracked Core","NeowsBlessing","Oddly Smooth Stone","FossilizedHelix","Lantern","Vajra","War Paint","Emotion Chip","Singing Bowl","Black Star","Potion Belt","Bottled Tornado","Art of War","Bird Faced Urn","Old Coin","Eternal Feather","Toy Ornithopter"],"acts_visited":["Exordium","TheCity"],"potions_floor_usage":[],"damage_taken":[{"damage":0.0,"enemies":"2 Louse","floor":1.0,"turns":1.0},{"damage":0.0,"enemies":"Small Slimes","floor":5.0,"turns":1.0},{"damage":0.0,"enemies":"Gremlin Nob","floor":6.0,"turns":1.0},{"damage":14.0,"enemies":"Lagavulin","floor":8.0,"turns":5.0},{"damage":0.0,"enemies":"Gremlin Nob","floor":10.0,"turns":3.0},{"damage":0.0,"enemies":"Cultist","floor":12.0,"turns":3.0},{"damage":0.0,"enemies":"Red Slaver","floor":14.0,"turns":3.0},{"damage":24.0,"enemies":"Slime Boss","floor":16.0,"turns":11.0},{"damage":0.0,"enemies":"Spheric Guardian","floor":18.0,"turns":3.0},{"damage":0.0,"enemies":"Chosen","floor":19.0,"turns":5.0},{"damage":11.0,"enemies":"Centurion and Healer","floor":20.0,"turns":5.0},{"damage":19.0,"enemies":"Gremlin Leader","floor":23.0,"turns":5.0},{"damage":8.0,"enemies":"Snake Plant","floor":24.0,"turns":2.0},{"damage":22.0,"enemies":"Book of Stabbing","floor":25.0,"turns":3.0},{"damage":0,"enemies":"Sentry and Sphere","floor":29,"turns":3},{"damage":71,"enemies":"Automaton","floor":33,"turns":6}],"seed_played":"-8077623085541188150","potions_obtained":[{"floor":6.0,"key":"Fruit Juice"},{"floor":8.0,"key":"DistilledChaos"},{"floor":12.0,"key":"Swift Potion"},{"floor":18.0,"key":"FocusPotion"},{"floor":29,"key":"Strength Potion"}],"is_trial":false,"path_per_floor":["M","?","?","?","M","E","$","E","T","E","?","M","T","M","R","B",null,"M","M","M","$","?","E","M","E","T","R","$","M","R","$","R","B"],"character_chosen":"DEFECT","items_purchased":["Biased Cognition","Ball Lightning","Potion Belt","Storm","Gash","Toy Ornithopter","Self Repair","Gash"],"campfire_rested":0,"item_purchase_floors":[7,7,21,21,28,28,28,31],"current_hp_per_floor":[68,57,57,57,57,62,62,48,48,48,48,48,48,50,50,26,68,68,70,59,59,53,36,28,6,6,18,18,24,39,39,54,0,0],"gold":30,"neow_bonus":"THREE_ENEMY_KILL","is_daily":false,"chose_seed":false,"campfire_upgraded":4,"win_rate":0.0,"timestamp":1607896200,"path_taken":["M","?","?","?","?","E","?","E","T","E","?","M","?","M","R","BOSS","M","?","M","$","?","E","M","E","T","R","?","M","R","$","R","BOSS"],"items_purchased_type":["Card","Card","Relic","Card","Card","Relic","Card","Card"],"build_version":"2020-11-30","purchased_purges":2,"victory":false,"max_hp_per_floor":[75,75,75,75,75,80,80,80,80,80,80,80,80,82,82,82,82,82,84,84,84,84,86,86,86,86,86,86,86,86,86,86,86,86],"card_choices":[{"not_picked":["Leap","Hologram"],"picked":"FTL","floor":1.0},{"not_picked":["Barrage","Beam Cell"],"picked":"Melter","floor":5.0},{"not_picked":["Lockon","Compile Driver"],"picked":"Static Discharge","floor":6.0},{"not_picked":["Double Energy","Hello World"],"picked":"Coolheaded","floor":8.0},{"not_picked":["Melter","Beam Cell"],"picked":"Coolheaded","floor":10.0},{"not_picked":["Stack","Sweeping Beam"],"picked":"Undo","floor":12.0},{"not_picked":["Steam Power","Doom and Gloom","Tempest"],"picked":"Singing Bowl","floor":14.0},{"not_picked":["Hyperbeam","Core Surge"],"picked":"All For One","floor":16.0},{"not_picked":["Compile Driver","Turbo+1"],"picked":"Gash","floor":18.0},{"not_picked":["Leap","Glacier","Skim"],"picked":"Singing Bowl","floor":19.0},{"not_picked":["Beam Cell","Force Field"],"picked":"Amplify","floor":20.0},{"not_picked":["Rip and Tear","Glacier","Stack"],"picked":"Singing Bowl","floor":23.0},{"not_picked":["Rebound","Barrage"],"picked":"Consume","floor":24.0},{"not_picked":["Rip and Tear","Redo+1"],"picked":"Electrodynamics","floor":25.0},{"not_picked":["Leap+1","Reinforced Body"],"picked":"Blizzard","floor":29}],"player_experience":350711,"relics_obtained":[{"floor":4.0,"key":"Oddly Smooth Stone"},{"floor":6.0,"key":"FossilizedHelix"},{"floor":8.0,"key":"Lantern"},{"floor":9.0,"key":"Vajra"},{"floor":10.0,"key":"War Paint"},{"floor":13.0,"key":"Singing Bowl"},{"floor":23.0,"key":"Bottled Tornado"},{"floor":23.0,"key":"Art of War"},{"floor":25.0,"key":"Bird Faced Urn"},{"floor":25.0,"key":"Old Coin"},{"floor":26.0,"key":"Eternal Feather"}],"event_choices":[{"damage_healed":0.0,"max_hp_gain":0.0,"max_hp_loss":0.0,"gold_gain":75.0,"event_name":"World of Goop","player_choice":"Gather Gold","floor":2.0,"gold_loss":0.0,"damage_taken":11.0},{"cards_removed":["Strike_B"],"damage_healed":0.0,"max_hp_gain":0.0,"max_hp_loss":0.0,"gold_gain":0.0,"event_name":"The Cleric","player_choice":"Card Removal","floor":3.0,"gold_loss":50.0,"damage_taken":0.0},{"damage_healed":0.0,"max_hp_gain":0.0,"max_hp_loss":0.0,"gold_gain":0.0,"event_name":"Wheel of Change","player_choice":"Relic","floor":4.0,"gold_loss":0.0,"damage_taken":0.0},{"damage_healed":0.0,"max_hp_gain":0.0,"max_hp_loss":0.0,"gold_gain":30.0,"event_name":"Dead Adventurer","player_choice":"Searched \u00272\u0027 times","floor":11.0,"gold_loss":0.0,"damage_taken":0.0,"relics_obtained":["Emotion Chip"]},{"damage_healed":0.0,"max_hp_gain":0.0,"max_hp_loss":0.0,"gold_gain":0.0,"event_name":"Nest","player_choice":"Joined the Cult","floor":22.0,"gold_loss":0.0,"damage_taken":6.0,"cards_obtained":["RitualDagger"]}],"is_beta":false,"boss_relics":[{"not_picked":["Sozu","Inserter"],"picked":"Black Star"}],"items_purged_floors":[21,28],"is_endless":false,"potions_floor_spawned":[6,8,12,18,19,29],"killed_by":"Automaton","ascension_level":10}}