{"host":"k6qwgpygxbgz06bg","time":1607899981,"event":{"mods":["BaseMod","Beaked The Cultist","Better Third Choice","BetterRewards","Clockwork Mod","Colored Map","Downfall","Friendly Minions","Infinite Spire","Marisa????????","Minty Spire (QoL Compilation)","Replay The Spire","StSLib","The Administrix","The Bug Knight","The Cursed","The Gatherer","The Mystic","The Witch"],"gold_per_floor":[99,249,277,277,377,377,403,403,431,356,375,375,390,52,71,167,167,167,167,180,41,59,77,77,94,94,144,144,162,181,208,226,352,352,277,317,341,341],"floor_reached":37,"playtime":2191,"items_purged":["Slimebound:Icky","Writhe"],"score":499,"play_id":"028a38ca-6089-4199-990e-9be229223a25","local_time":"20201213235301","is_ascension_mode":false,"campfire_choices":[{"data":"sneckomod:Unknown","floor":1,"key":"SMITH"},{"data":"sneckomod:UnknownClassGREEN","floor":6,"key":"SMITH"},{"data":"sneckomod:Unknown","floor":8,"key":"SMITH"},{"data":"sneckomod:UnknownStrike","floor":10,"key":"SMITH"},{"data":"sneckomod:Unknown3Cost","floor":18,"key":"SMITH"},{"data":"1","floor":35,"key":"LIFT"}],"circlet_count":0,"master_deck":["sneckomod:Strike","sneckomod:Strike","sneckomod:Defend","sneckomod:Defend","sneckomod:TailWhip","sneckomod:SnekBite","sneckomod:Unknown+1","sneckomod:Unknown+1","sneckomod:QuickBite+1","sneckomod:DiceBlock","sneckomod:UnknownClassGREEN+1","sneckomod:UnknownStrike+1","sneckomod:SoulRoll","sneckomod:Mudshield","sneckomod:UnknownVulnerable","sneckomod:CheapStock","Panache","sneckomod:UnknownClassGUARDIAN","sneckomod:Unknown3Cost+1","sneckomod:UnknownWeak","sneckomod:CheapStock","Magnetism+1","expansioncontent:DefensiveStance","Mayhem","sneckomod:DiceCrush","sneckomod:Nope","sneckomod:UnknownClassCLOCKWORK","infinitespire:Oblivion","sneckomod:MorePower","sneckomod:UnknownRarePower+1","sneckomod:SoulDraw+1","sneckomod:UnknownRareAttack+1","sneckomod:CheapStock","sneckomod:UnknownClassTHE_CHAMP_GRAY","sneckomod:UnknownX+1","sneckomod:Restock","sneckomod:UnknownClassBEAKED_YELLOW+1","sneckomod:UnknownUncommonPower+1"],"relics":["sneckomod:SneckoSoul","downfall:HeartsMalice","Vajra","StrikeDummy","Meat on the Bone","downfall:HeartBlessingBlue","Cursed Key","Girya","TheAbacus","infinitespire:Midas Blood","Nloth\u0027s Gift","beaked:SacredNecklace","downfall:HeartBlessingGreen"],"acts_visited":["Exordium","TheCity","TheBeyond"],"potions_floor_usage":[23,23,27,27,31,33],"damage_taken":[{"damage":0,"enemies":"Gremlin Nob","floor":3,"turns":1},{"damage":0,"enemies":"downfall:Heads","floor":5,"turns":1},{"damage":0,"enemies":"Lagavulin","floor":9,"turns":1},{"damage":0,"enemies":"Jaw Worm","floor":11,"turns":3},{"damage":2,"enemies":"Small Slimes","floor":13,"turns":2},{"damage":0,"enemies":"downfall:FleeingMerchant","floor":14,"turns":4},{"damage":0,"enemies":"2 Louse","floor":15,"turns":2},{"damage":14,"enemies":"downfall:Watcher","floor":16,"turns":5},{"damage":10,"enemies":"Spheric Guardian","floor":20,"turns":4},{"damage":0,"enemies":"downfall:FleeingMerchant","floor":21,"turns":4},{"damage":6,"enemies":"3 Byrds","floor":22,"turns":5},{"damage":24,"enemies":"Snake Plant","floor":23,"turns":3},{"damage":23,"enemies":"Cultist and Chosen","floor":25,"turns":5},{"damage":17,"enemies":"HollowMod:Nosk","floor":27,"turns":5},{"damage":6,"enemies":"Centurion and Healer","floor":29,"turns":5},{"damage":24,"enemies":"Sentry and Sphere","floor":30,"turns":5},{"damage":19,"enemies":"Snake Plant","floor":31,"turns":4},{"damage":0,"enemies":"Snecko","floor":32,"turns":3},{"damage":26,"enemies":"downfall:Silent","floor":33,"turns":8},{"damage":18,"enemies":"Orb Walker","floor":36,"turns":3},{"damage":106,"enemies":"Nightmare","floor":37,"turns":7}],"seed_played":"-3756635073307957325","potions_obtained":[{"floor":3,"key":"FearPotion"},{"floor":11,"key":"ColorlessPotion"},{"floor":12,"key":"LifebloodPotion"},{"floor":12,"key":"champ:CounterPotion"},{"floor":15,"key":"FearPotion"},{"floor":22,"key":"sneckomod:CheatPotion"},{"floor":25,"key":"CultistPotion"},{"floor":27,"key":"infinitespire:BlackPotion"},{"floor":29,"key":"Block Potion"}],"is_trial":false,"path_per_floor":["R","?","E","?","?","R","T","R","E","R","M","?","M","$","M","B",null,"R","?","M","$","M","M","T","M","AVR","E","?","M","M","M","M","B",null,"R","M","NM"],"character_chosen":"THE_SNECKO","items_purchased":["sneckomod:CheapStock","Panache","ReplayTheSpireMod:ShopPack"],"campfire_rested":0,"item_purchase_floors":[14,14,21],"current_hp_per_floor":[90,90,90,90,91,91,91,91,92,102,102,102,100,101,102,89,105,105,105,96,96,90,66,66,56,56,54,54,61,50,43,56,43,114,114,98,0,0],"gold":341,"neow_bonus":"THREE_ENEMY_KILL","is_daily":false,"chose_seed":false,"campfire_upgraded":5,"win_rate":0.0,"timestamp":1607899981,"path_taken":["R","?","E","?","?","R","T","R","E","R","M","?","?","$","M","BOSS","R","?","M","$","M","M","T","M","AVR","E","?","M","?","M","M","BOSS","R","M","NM"],"items_purchased_type":["Card","Card","Relic"],"build_version":"2020-11-30","purchased_purges":2,"victory":false,"max_hp_per_floor":[90,90,90,90,91,91,91,91,92,102,102,102,102,103,104,105,105,105,105,106,106,106,106,106,107,107,110,110,111,112,112,113,114,114,114,116,116,116],"card_choices":[{"not_picked":["sneckomod:UnknownCommonSkill","sneckomod:UnknownCommonAttack"],"picked":"sneckomod:QuickBite","floor":3},{"not_picked":["sneckomod:DiceCrush","sneckomod:UnknownCommonAttack"],"picked":"sneckomod:DiceBlock","floor":5},{"not_picked":["sneckomod:ImprovisedAttack","sneckomod:UnknownCommonAttack"],"picked":"sneckomod:UnknownStrike","floor":9},{"not_picked":["sneckomod:UnknownClassMARISA_DERIVATIONS","sneckomod:SoulDraw"],"picked":"sneckomod:SoulRoll","floor":11},{"not_picked":["sneckomod:UnknownStrike","sneckomod:DefensiveFlair"],"picked":"sneckomod:Mudshield","floor":13},{"not_picked":["sneckomod:UnknownCommonAttack","sneckomod:Unknown1Cost"],"picked":"sneckomod:UnknownVulnerable","floor":14},{"not_picked":["sneckomod:SnakeSap","sneckomod:UnknownBlock"],"picked":"sneckomod:UnknownClassGUARDIAN","floor":15},{"not_picked":["sneckomod:DangerNoodle","sneckomod:SoulExchange"],"picked":"sneckomod:Unknown3Cost","floor":16},{"not_picked":["sneckomod:UnknownBlock","sneckomod:QuickMove"],"picked":"sneckomod:UnknownWeak","floor":20},{"not_picked":["sneckomod:QuickBite","sneckomod:UnknownClassLichGold"],"picked":"sneckomod:CheapStock","floor":21},{"not_picked":["Midas Touch","HandOfGreed"],"picked":"Magnetism","floor":21},{"not_picked":["Replay:Sssssssssstrike","HandOfGreed"],"picked":"expansioncontent:DefensiveStance","floor":21},{"not_picked":["Replay:SS_forest_2","expansioncontent:ChargeUp"],"picked":"Mayhem","floor":21},{"not_picked":["sneckomod:SlitherStrike","sneckomod:DiceBoulder"],"picked":"sneckomod:DiceCrush","floor":22},{"not_picked":["sneckomod:IronFang+1","sneckomod:DiceBoulder"],"picked":"sneckomod:Nope","floor":23},{"not_picked":["sneckomod:UnknownClassMARISA_DERIVATIONS","sneckomod:UnknownCommonSkill+1"],"picked":"sneckomod:UnknownClassCLOCKWORK","floor":25},{"not_picked":["sneckomod:UnknownUncommonPower","sneckomod:ImprovisedAttack"],"picked":"sneckomod:MorePower","floor":27},{"not_picked":["sneckomod:UnknownClassMYSTIC_PURPLE+1","sneckomod:UnknownBlock+1"],"picked":"sneckomod:UnknownRarePower+1","floor":29},{"not_picked":["sneckomod:IronFang+1","sneckomod:UnknownVulnerable"],"picked":"sneckomod:SoulDraw+1","floor":29},{"not_picked":["sneckomod:UnknownVulnerable+1","sneckomod:UnknownExhaust+1"],"picked":"sneckomod:UnknownRareAttack+1","floor":30},{"not_picked":["sneckomod:UnknownClassCLOCKWORK","sneckomod:DiceBlock","sneckomod:Unknown1Cost"],"picked":"SKIP","floor":30},{"not_picked":["sneckomod:DefensiveFlair","sneckomod:DiceBoulder"],"picked":"sneckomod:CheapStock","floor":31},{"not_picked":["sneckomod:UnknownClassMYSTIC_PURPLE","sneckomod:UnknownVulnerable"],"picked":"sneckomod:UnknownClassTHE_CHAMP_GRAY","floor":32},{"not_picked":["sneckomod:UnknownDexterity+1","sneckomod:UnknownUncommonSkill+1"],"picked":"sneckomod:UnknownX+1","floor":33},{"not_picked":["sneckomod:Mudshield","sneckomod:UnknownRareAttack"],"picked":"sneckomod:Restock","floor":33},{"not_picked":["sneckomod:UnknownBlock+1","sneckomod:Unknown1Cost+1"],"picked":"sneckomod:UnknownClassBEAKED_YELLOW+1","floor":36},{"not_picked":["sneckomod:IronFang","sneckomod:RainOfDice+1"],"picked":"sneckomod:UnknownUncommonPower+1","floor":36}],"player_experience":200621,"relics_obtained":[{"floor":3,"key":"Vajra"},{"floor":4,"key":"StrikeDummy"},{"floor":9,"key":"Meat on the Bone"},{"floor":24,"key":"Girya"},{"floor":27,"key":"infinitespire:Midas Blood"}],"event_choices":[{"damage_healed":0,"gold_gain":0,"player_choice":"Got Potions","damage_taken":0,"max_hp_gain":0,"max_hp_loss":0,"event_name":"Lab","floor":12,"gold_loss":0}],"is_beta":false,"boss_relics":[{"not_picked":["Replay:Drink Me","sneckomod:SuperSneckoSoul"],"picked":"Cursed Key"},{"not_picked":["Replay:Grab Bag","Painkiller Herb"],"picked":"beaked:SacredNecklace"}],"items_purged_floors":[14,26],"is_endless":false,"potions_floor_spawned":[3,11,15,20,22,25,27,29],"killed_by":"Nightmare","ascension_level":0}}