{"host":"a484oiac96svwyi6","time":1607834703,"event":{"mods":["2.2 Compatiblity","AchievementEnabler","Act Like it!","Astrologer","BaseMod","Better Altar","Better Match","Better Sensory Stone","Better Skull","Better Third Choice","Better-Laid Plans","BetterRewards","Block Reminder","Clawfect","Colored Map","Colored Powertips","Conjunction","Conspire","Custom Start","Dio Mod","Displayed Cursed Tome","Duelist Mod","GifTheSpireLib","Gold Saver","Googly Eyes","Hallownest","Hubris","Infinite Spire","Ironclad Rager","Jorbs\u0027s Wanderer Trilogy","Melee Mod","Menagerie","Minty Spire (QoL Compilation)","Quick Restart","RNG Fix","Random Character Button","Relic Filter","Relic Sorter","Relic Stats","Replay The Spire","Retaliation","Shop Mod","Small Relic Pack","Spikes Relics","Spire Birthday Party","StSLib","Stuff the Spire","SuperFastMode","The Fake Hero","The Necromancer","The Poker Player","TheHero","Transform Curses","Uncapped","Virulent Crown","[JumpMod]????","everything is the same but u backflip on backflip","vexMod"],"gold_per_floor":[840,850,865,878,890,918,918,936,959,959,989,989,1000,1035,1035,1134,1134,1144,1171,1171,609,609,639,639,669,694,719,318,334,106,116,116,216,216,227,227,254,265,280,308,308,337,337,337,337,348,381,381,381,381],"floor_reached":51,"playtime":1927,"items_purged":[],"score":2104,"play_id":"c5c95fe4-1dd6-4624-905d-87d9fee52c21","local_time":"20201212234503","is_ascension_mode":true,"campfire_choices":[{"data":"dioMod:MudaMudaMuda","floor":7.0,"key":"SMITH"},{"data":"dioMod:MudaMudaMuda","floor":10.0,"key":"SMITH"},{"data":"dioMod:DoubleTime","floor":15.0,"key":"SMITH"},{"data":"dioMod:Minions","floor":24.0,"key":"SMITH"},{"data":"dioMod:DaggerToss","floor":32.0,"key":"SMITH"},{"data":"dioMod:DaggerToss","floor":32.0,"key":"SMITH"},{"data":"dioMod:DoubleTime","floor":41,"key":"SMITH"},{"data":"dioMod:Hiss","floor":41,"key":"SMITH"},{"data":"dioMod:DaggerToss","floor":45,"key":"SMITH"},{"data":"Bite","floor":45,"key":"SMITH"},{"data":"dioMod:CutDeep","floor":49,"key":"SMITH"},{"data":"dioMod:DaggerToss","floor":49,"key":"SMITH"}],"circlet_count":0,"master_deck":["dioMod:Strike","dioMod:Strike","dioMod:Strike","dioMod:Strike","Bite+1","dioMod:Defend","dioMod:Defend","dioMod:Defend","dioMod:Defend","dioMod:DaggerToss+1","dioMod:DaggerToss+1","dioMod:MudaMudaMuda+1","dioMod:MudaMudaMuda+1","dioMod:DaggerToss","dioMod:DaggerToss+1","dioMod:Minions+1","dioMod:Muda","dioMod:Freeze","dioMod:TheWalk+1","dioMod:DarkRebirth+1","dioMod:DaggerSpree","dioMod:Hiss+1","dioMod:DoubleTime+1","dioMod:Muda","dioMod:DaggerToss","dioMod:SevenPageMuda+1","dioMod:DaggerToss+1","dioMod:MudaMudaMuda+1","Panache+1","dioMod:CutDeep+1","dioMod:TheWalk+1","dioMod:FlyAway+1","dioMod:Muda+1","dioMod:MudaMudaMuda+1","dioMod:DoubleTime+1","dioMod:TheWalk+1","dioMod:DoubleTime+1","dioMod:Muda","dioMod:HeavyLifting+1","dioMod:DaggerToss","Madness+1","dioMod:Muda"],"relics":["dioMod:VampireBlood","HowToJump","Question Card","Mummified Hand","SnailShell","Smiling Mask","StuffTheSpire:ForceGauntlet","Golden Egg","conspire:SpecialSausage","Red Mask","StuffTheSpire:PointBlank","vexMod:PaidLearning","Happy Flower","Replay:Arrowhead","StuffTheSpire:Gunfinga","Meat on the Bone","Bottled Lightning","Strange Spoon","DollysMirror","StuffTheSpire:Kangaroo","ReplayTheSpireMod:Shallot","Darkstone Periapt","Shuriken","StuffTheSpire:EmeraldSignet","conspire:TopHat"],"acts_visited":["Exordium","TheCity","TheBeyond"],"potions_floor_usage":[],"damage_taken":[{"damage":2.0,"enemies":"Jaw Worm","floor":1.0,"turns":3.0},{"damage":0.0,"enemies":"Cultist","floor":2.0,"turns":3.0},{"damage":0.0,"enemies":"2 Louse","floor":3.0,"turns":1.0},{"damage":2.0,"enemies":"Looter","floor":4.0,"turns":4.0},{"damage":2.0,"enemies":"Blue Slaver","floor":5.0,"turns":2.0},{"damage":0.0,"enemies":"Lagavulin","floor":6.0,"turns":3.0},{"damage":3.0,"enemies":"Exordium Thugs","floor":8.0,"turns":4.0},{"damage":0.0,"enemies":"Gremlin Nob","floor":11.0,"turns":2.0},{"damage":0.0,"enemies":"Gremlin Gang","floor":13.0,"turns":1.0},{"damage":0.0,"enemies":"Lagavulin","floor":14.0,"turns":3.0},{"damage":22.0,"enemies":"The Guardian","floor":16.0,"turns":4.0},{"damage":0.0,"enemies":"Spheric Guardian","floor":18.0,"turns":3.0},{"damage":0.0,"enemies":"Masked Bandits","floor":19.0,"turns":2.0},{"damage":0.0,"enemies":"theDuelist:KaibaA2","floor":23.0,"turns":1.0},{"damage":0.0,"enemies":"Gremlin Leader","floor":25.0,"turns":1.0},{"damage":0.0,"enemies":"Book of Stabbing","floor":27.0,"turns":1.0},{"damage":0.0,"enemies":"2 Thieves","floor":29.0,"turns":1.0},{"damage":0.0,"enemies":"Snecko","floor":31.0,"turns":2.0},{"damage":8.0,"enemies":"hubris:MusketHawk","floor":33.0,"turns":3.0},{"damage":0.0,"enemies":"3 Shapes","floor":35.0,"turns":1.0},{"damage":0,"enemies":"conspire:MimicChest","floor":37,"turns":1},{"damage":0,"enemies":"Orb Walker","floor":38,"turns":1},{"damage":17,"enemies":"4 Shapes","floor":39,"turns":1},{"damage":0,"enemies":"Nemesis","floor":40,"turns":1},{"damage":8,"enemies":"R_Hoarder","floor":42,"turns":3},{"damage":0,"enemies":"Transient","floor":46,"turns":1},{"damage":0,"enemies":"Nightmare","floor":47,"turns":1},{"damage":0,"enemies":"Donu and Deca","floor":50,"turns":1}],"seed_played":"-3446785246735698627","potions_obtained":[{"floor":1.0,"key":"EntropicBrew"},{"floor":6.0,"key":"EntropicBrew"},{"floor":8.0,"key":"EssenceOfSteel"},{"floor":14.0,"key":"Reflective Coating"},{"floor":18.0,"key":"BlessingOfTheForge"}],"is_trial":false,"path_per_floor":["M","M","M","M","M","E","R","M","T","R","E","?","M","E","R","B",null,"M","?","?","$","?","E","R","E","T","E","$","M","$","M","R","B",null,"M","?","?","M","M","E","R","E","T","?","R","M","NM","$","R","B",null],"character_chosen":"THE_DEFAULT","items_purchased":["dioMod:DaggerToss","dioMod:MudaMudaMuda","Question Card","dioMod:MudaMudaMuda","dioMod:DaggerToss","Mummified Hand","Panache","StuffTheSpire:PointBlank","vexMod:PaidLearning","Bottled Lightning","Strange Spoon","dioMod:MudaMudaMuda","DollysMirror"],"campfire_rested":0,"item_purchase_floors":[0,0,0,0,0,0,21,21,21,28,28,30,30],"current_hp_per_floor":[69,74,75,75,75,75,75,75,75,75,75,75,75,75,75,56,70,75,75,75,75,75,75,75,75,75,75,75,75,75,75,75,70,74,75,75,75,75,70,73,73,70,70,55,55,58,61,61,61,67],"gold":381,"neow_bonus":"","is_daily":false,"chose_seed":false,"campfire_upgraded":12,"win_rate":0.0,"timestamp":1607834703,"path_taken":["M","M","M","M","M","E","R","M","T","R","E","?","M","E","R","BOSS","M","?","?","$","?","E","R","E","T","E","$","M","?","M","R","BOSS","M","?","?","M","M","E","R","E","T","?","R","?","NM","$","R","BOSS"],"items_purchased_type":["Card","Card","Relic","Card","Card","Relic","Card","Relic","Relic","Relic","Relic","Card","Relic"],"build_version":"2020-11-30","purchased_purges":0,"victory":true,"max_hp_per_floor":[75,75,75,75,75,75,75,75,75,75,75,75,75,75,75,75,75,75,75,75,75,75,75,75,75,75,75,75,75,75,75,75,75,75,75,75,75,75,75,75,75,75,75,75,75,75,75,75,75,75],"relic_stats":{"Darkstone Periapt":0,"Strange Spoon":[26],"Happy Flower":[37],"counters":[220,782],"Mummified Hand":[134],"Shuriken":[2],"Question Card":37,"Smiling Mask":0,"obtain_stats":[{"infinitespire:BottledMercury":28,"Golden Egg":14,"StuffTheSpire:Barrel":11,"vexMod:MemoryStick":26,"StuffTheSpire:Rhapsscallions":38,"Whetstone":8,"Ginger":9,"Boot":0,"Sling":5,"Old Coin":23,"Replay:Wanted Poster":17,"Blood Vial":19,"vexMod:InvisibilityCloak":24,"hubris:AstralHammer":0,"Sundial":3,"infinitespire:Golems Mask":24,"MealTicket":20,"Kunai":10,"relicPack:AllForOne":37,"Replay:Bottled Steam":7,"MerchantsRug":0,"Counterbalance":7,"Pen Nib":45,"Akabeko":0,"relicPack:EdsArm":5,"SlaversCollar":34,"dioMod:VampireBlood":0,"Pandora\u0027s Box":34,"conspire:BottledYoYo":46,"vexMod:ImprovementManual":28,"infinitespire:PuzzleCube":42,"vexMod:BigBerry":34,"Lantern":0,"Regal Pillow":14,"Rawhide":11,"StuffTheSpire:EmeraldSignet":43,"Replay:Multitool":40,"Bag of Preparation":27,"StuffTheSpire:GrapeVine":0,"HeavenlyBonsai":32,"Smiling Mask":11,"Pet Ghost":2,"Replay:Rubber Ducky":9,"StuffTheSpire:RunicConfusion":17,"StuffTheSpire:Gunfinga":43,"Shovel":30,"Matryoshka":0,"Toolbox":0,"hubris:FunFungus":9,"Replay:Lucky Slots":28,"Potion Belt":17,"Golden Idol":5,"StuffTheSpire:Expresso":11,"StuffTheSpire:Saxophone":0,"conspire:RunicOctahedron":34,"Omamori":31,"infinitespire:CheckeredPen":0,"hubris:Towel":29,"MawBank":13,"Replay:Arrowhead":25,"Busted Crown":17,"StuffTheSpire:Mouthbags":43,"Ornamental Fan":13,"betterThird:SlimedRelic":3,"Bloody Idol":19,"dioMod:JoestarBlood":17,"Turnip":0,"SpikesRelics:DaevaFist":0,"Durian":9,"Bottled Lightning":28,"ReplayTheSpireMod:Lightbulb":8,"Ice Cream":0,"Gremlin Horn":46,"CeramicFish":40,"Vajra":13,"relicPack:StarArrow":17,"DollysMirror":10,"Strawberry":26,"Philosopher\u0027s Stone":25,"LugNut":5,"conspire:Dentures":27,"Girya":20,"Happy Flower":6,"vexMod:ScavengeHelm":10,"Replay:Grab Bag":17,"StuffTheSpire:ForceGauntlet":11,"Oddly Smooth Stone":0,"infinitespire:Beetle Shell":0,"conspire:SlowCooker":0,"vexMod:PaidLearning":21,"Letter Opener":26,"BlackRope":0,"War Paint":4,"Question Card":24,"WarpedTongs":19,"Bottled Flame":45,"Replay:Baseball":50,"relicPack:KazumaCape":34,"ReplayTheSpireMod:Shallot":37,"Shuriken":8,"StuffTheSpire:DarkSteelAnvil":41,"Simple Rune":42,"Molten Egg 2":0,"ReplayTheSpireMod:TigerMarble":28,"infinitespire:EmpoweringShard":23,"StuffTheSpire:PointBlank":21,"ReplayTheSpireMod:DimensionalGlitch":38,"StuffTheSpire:OldFever":7,"Pocketwatch":40,"Meat on the Bone":27,"ReplayFunnel":0,"Darkstone Periapt":40,"SnailShell":38,"SacredBark":17,"RetroEgg":30,"conspire:SpecialSausage":17,"BrokenLever":0,"hubris:SlimyHat":0,"Juzu Bracelet":26,"Replay:Mystery Machine":6,"Empty Cage":17,"vexMod:Spyglass":0,"conspire:TopHat":47,"ReplayTheSpireMod:EnergyBall":36,"Frozen Eye":14,"Nunchaku":44,"Replay:Bandana":0,"hubris:Icosahedron":19,"Mummified Hand":0,"StuffTheSpire:HeavyRock":6,"MiniBlackHole":26,"Red Mask":19,"Gremlin Food":10,"BargainBundle":0,"HowToJump":0,"Quantum Egg":9,"SuspiciousGoo":0,"vexMod:Dragonfruit":43,"Calling Bell":17,"Strange Spoon":28,"Pondfish Scales":26,"CaptainsWheel":9,"vexMod:BarristanHead":9,"StuffTheSpire:CocoNut":44,"Snack Pack":8,"Bag of Marbles":45,"StuffTheSpire:Kangaroo":34,"FossilizedHelix":42},{"infinitespire:BottledMercury":83,"Golden Egg":202,"StuffTheSpire:Barrel":72,"vexMod:MemoryStick":127,"StuffTheSpire:Rhapsscallions":108,"Whetstone":4,"Ginger":28,"Boot":25,"Sling":96,"Old Coin":81,"Replay:Wanted Poster":8,"Blood Vial":47,"vexMod:InvisibilityCloak":11,"hubris:AstralHammer":139,"Sundial":141,"infinitespire:Golems Mask":104,"MealTicket":176,"Kunai":99,"relicPack:AllForOne":154,"Replay:Bottled Steam":43,"MerchantsRug":66,"Counterbalance":97,"Pen Nib":62,"Akabeko":39,"relicPack:EdsArm":26,"SlaversCollar":55,"dioMod:VampireBlood":0,"Pandora\u0027s Box":153,"conspire:BottledYoYo":161,"vexMod:ImprovementManual":13,"infinitespire:PuzzleCube":188,"vexMod:BigBerry":131,"Lantern":66,"Regal Pillow":146,"Rawhide":28,"StuffTheSpire:EmeraldSignet":217,"Replay:Multitool":19,"Bag of Preparation":105,"StuffTheSpire:GrapeVine":115,"HeavenlyBonsai":152,"Smiling Mask":5,"Pet Ghost":116,"Replay:Rubber Ducky":4,"StuffTheSpire:RunicConfusion":8,"StuffTheSpire:Gunfinga":135,"Shovel":53,"Matryoshka":139,"Toolbox":25,"hubris:FunFungus":43,"Replay:Lucky Slots":105,"Potion Belt":122,"Golden Idol":117,"StuffTheSpire:Expresso":28,"StuffTheSpire:Saxophone":163,"conspire:RunicOctahedron":107,"Omamori":106,"infinitespire:CheckeredPen":115,"hubris:Towel":151,"MawBank":45,"Replay:Arrowhead":207,"Busted Crown":76,"StuffTheSpire:Mouthbags":20,"Ornamental Fan":74,"betterThird:SlimedRelic":1,"Bloody Idol":47,"dioMod:JoestarBlood":147,"Turnip":25,"SpikesRelics:DaevaFist":94,"Durian":171,"Bottled Lightning":208,"ReplayTheSpireMod:Lightbulb":43,"Ice Cream":115,"Gremlin Horn":63,"CeramicFish":157,"Vajra":145,"relicPack:StarArrow":175,"DollysMirror":43,"Strawberry":82,"Philosopher\u0027s Stone":151,"LugNut":141,"conspire:Dentures":36,"Girya":9,"Happy Flower":97,"vexMod:ScavengeHelm":120,"Replay:Grab Bag":8,"StuffTheSpire:ForceGauntlet":200,"Oddly Smooth Stone":25,"infinitespire:Beetle Shell":139,"conspire:SlowCooker":168,"vexMod:PaidLearning":205,"Letter Opener":12,"BlackRope":66,"War Paint":41,"Question Card":35,"WarpedTongs":148,"Bottled Flame":21,"Replay:Baseball":65,"relicPack:KazumaCape":16,"ReplayTheSpireMod:Shallot":213,"Shuriken":71,"StuffTheSpire:DarkSteelAnvil":91,"Simple Rune":91,"Molten Egg 2":94,"ReplayTheSpireMod:TigerMarble":13,"infinitespire:EmpoweringShard":50,"StuffTheSpire:PointBlank":205,"ReplayTheSpireMod:DimensionalGlitch":18,"StuffTheSpire:OldFever":142,"Pocketwatch":110,"Meat on the Bone":208,"ReplayFunnel":94,"Darkstone Periapt":216,"SnailShell":18,"SacredBark":8,"RetroEgg":14,"conspire:SpecialSausage":31,"BrokenLever":94,"hubris:SlimyHat":66,"Juzu Bracelet":104,"Replay:Mystery Machine":118,"Empty Cage":8,"vexMod:Spyglass":66,"conspire:TopHat":219,"ReplayTheSpireMod:EnergyBall":88,"Frozen Eye":45,"Nunchaku":21,"Replay:Bandana":25,"hubris:Icosahedron":9,"Mummified Hand":192,"StuffTheSpire:HeavyRock":3,"MiniBlackHole":35,"Red Mask":205,"Gremlin Food":43,"BargainBundle":139,"HowToJump":0,"Quantum Egg":142,"SuspiciousGoo":163,"vexMod:Dragonfruit":91,"Calling Bell":122,"Strange Spoon":208,"Pondfish Scales":51,"CaptainsWheel":71,"vexMod:BarristanHead":119,"StuffTheSpire:CocoNut":62,"Snack Pack":98,"Bag of Marbles":190,"StuffTheSpire:Kangaroo":211,"FossilizedHelix":60},{"infinitespire:BottledMercury":314,"Golden Egg":753,"StuffTheSpire:Barrel":284,"vexMod:MemoryStick":464,"StuffTheSpire:Rhapsscallions":395,"Whetstone":21,"Ginger":96,"Boot":81,"Sling":356,"Old Coin":309,"Replay:Wanted Poster":32,"Blood Vial":191,"vexMod:InvisibilityCloak":40,"hubris:AstralHammer":507,"Sundial":515,"infinitespire:Golems Mask":379,"MealTicket":654,"Kunai":364,"relicPack:AllForOne":561,"Replay:Bottled Steam":169,"MerchantsRug":269,"Counterbalance":359,"Pen Nib":254,"Akabeko":154,"relicPack:EdsArm":84,"SlaversCollar":227,"dioMod:VampireBlood":0,"Pandora\u0027s Box":559,"conspire:BottledYoYo":586,"vexMod:ImprovementManual":43,"infinitespire:PuzzleCube":708,"vexMod:BigBerry":478,"Lantern":269,"Regal Pillow":532,"Rawhide":96,"StuffTheSpire:EmeraldSignet":779,"Replay:Multitool":57,"Bag of Preparation":383,"StuffTheSpire:GrapeVine":415,"HeavenlyBonsai":552,"Smiling Mask":24,"Pet Ghost":418,"Replay:Rubber Ducky":21,"StuffTheSpire:RunicConfusion":32,"StuffTheSpire:Gunfinga":490,"Shovel":214,"Matryoshka":507,"Toolbox":81,"hubris:FunFungus":169,"Replay:Lucky Slots":383,"Potion Belt":440,"Golden Idol":421,"StuffTheSpire:Expresso":96,"StuffTheSpire:Saxophone":591,"conspire:RunicOctahedron":392,"Omamori":385,"infinitespire:CheckeredPen":415,"hubris:Towel":550,"MawBank":176,"Replay:Arrowhead":764,"Busted Crown":296,"StuffTheSpire:Mouthbags":61,"Ornamental Fan":291,"betterThird:SlimedRelic":3,"Bloody Idol":191,"dioMod:JoestarBlood":538,"Turnip":81,"SpikesRelics:DaevaFist":351,"Durian":629,"Bottled Lightning":765,"ReplayTheSpireMod:Lightbulb":169,"Ice Cream":415,"Gremlin Horn":257,"CeramicFish":569,"Vajra":529,"relicPack:StarArrow":650,"DollysMirror":169,"Strawberry":312,"Philosopher\u0027s Stone":550,"LugNut":515,"conspire:Dentures":140,"Girya":35,"Happy Flower":359,"vexMod:ScavengeHelm":430,"Replay:Grab Bag":32,"StuffTheSpire:ForceGauntlet":749,"Oddly Smooth Stone":81,"infinitespire:Beetle Shell":507,"conspire:SlowCooker":609,"vexMod:PaidLearning":762,"Letter Opener":42,"BlackRope":269,"War Paint":160,"Question Card":137,"WarpedTongs":541,"Bottled Flame":66,"Replay:Baseball":263,"relicPack:KazumaCape":51,"ReplayTheSpireMod:Shallot":773,"Shuriken":281,"StuffTheSpire:DarkSteelAnvil":341,"Simple Rune":341,"Molten Egg 2":351,"ReplayTheSpireMod:TigerMarble":43,"infinitespire:EmpoweringShard":204,"StuffTheSpire:PointBlank":762,"ReplayTheSpireMod:DimensionalGlitch":53,"StuffTheSpire:OldFever":521,"Pocketwatch":400,"Meat on the Bone":765,"ReplayFunnel":351,"Darkstone Periapt":776,"SnailShell":53,"SacredBark":32,"RetroEgg":45,"conspire:SpecialSausage":114,"BrokenLever":351,"hubris:SlimyHat":269,"Juzu Bracelet":379,"Replay:Mystery Machine":424,"Empty Cage":32,"vexMod:Spyglass":269,"conspire:TopHat":781,"ReplayTheSpireMod:EnergyBall":331,"Frozen Eye":176,"Nunchaku":66,"Replay:Bandana":81,"hubris:Icosahedron":35,"Mummified Hand":727,"StuffTheSpire:HeavyRock":14,"MiniBlackHole":137,"Red Mask":762,"Gremlin Food":169,"BargainBundle":507,"HowToJump":0,"Quantum Egg":521,"SuspiciousGoo":591,"vexMod:Dragonfruit":341,"Calling Bell":440,"Strange Spoon":765,"Pondfish Scales":207,"CaptainsWheel":281,"vexMod:BarristanHead":426,"StuffTheSpire:CocoNut":254,"Snack Pack":362,"Bag of Marbles":718,"StuffTheSpire:Kangaroo":771,"FossilizedHelix":249}],"Meat on the Bone":0},"card_choices":[{"not_picked":["dioMod:SadisticLaugh","dioMod:GoodbyeJojo","dioMod:Freeze"],"picked":"dioMod:Minions","floor":1.0},{"not_picked":["dioMod:SecretPlan","dioMod:ComposedMuda","dioMod:BloodShield"],"picked":"dioMod:Muda","floor":2.0},{"not_picked":["dioMod:FlyAway","dioMod:DisarmingVoice","dioMod:LaserVision"],"picked":"dioMod:Freeze","floor":3.0},{"not_picked":["dioMod:ComboFever","dioMod:SlashThroughTime","dioMod:MudaMudaMuda"],"picked":"dioMod:TheWalk","floor":4.0},{"not_picked":["dioMod:DoubleTime","dioMod:FlyAway","dioMod:SadisticLaugh"],"picked":"dioMod:DarkRebirth","floor":5.0},{"not_picked":["dioMod:TripleThreat","dioMod:HeavyLifting","dioMod:SadisticLaugh"],"picked":"dioMod:DaggerSpree","floor":6.0},{"not_picked":["dioMod:DaggerSpree","dioMod:Diversion","dioMod:BloodSuck"],"picked":"dioMod:Hiss","floor":8.0},{"not_picked":["dioMod:HeavyLifting","dioMod:BlendIn","dioMod:ComposedMuda"],"picked":"dioMod:DoubleTime","floor":11.0},{"not_picked":["dioMod:DominatingPresence","dioMod:CautiousMuda","dioMod:WRYYY"],"picked":"dioMod:Muda","floor":13.0},{"not_picked":["dioMod:HeavyLifting","dioMod:SecretPlan","dioMod:GoodbyeJojo"],"picked":"dioMod:DaggerToss","floor":14.0},{"not_picked":["dioMod:Refresh","dioMod:UltimateSacrifice","dioMod:ZaWarudo"],"picked":"dioMod:SevenPageMuda","floor":16.0},{"not_picked":["dioMod:TripleThreat","dioMod:Muda","dioMod:SecretPlan"],"picked":"dioMod:DaggerToss","floor":18.0},{"not_picked":["dioMod:DominatingPresence","dioMod:ComboFever+1","dioMod:CautiousMuda"],"picked":"dioMod:MudaMudaMuda+1","floor":19.0},{"not_picked":["dioMod:CoffinBath","dioMod:WRYYY","dioMod:HeavyLifting"],"picked":"dioMod:CutDeep","floor":23.0},{"not_picked":["dioMod:ComposedMuda","dioMod:BloodShield","dioMod:SecretPlan+1"],"picked":"dioMod:TheWalk","floor":25.0},{"not_picked":["dioMod:BloodTransfusion","dioMod:ComposedMuda+1","dioMod:BlendIn"],"picked":"dioMod:FlyAway+1","floor":27.0},{"not_picked":["dioMod:Minions+1","dioMod:StreetSign","dioMod:ComboFever"],"picked":"dioMod:Muda+1","floor":29.0},{"not_picked":["dioMod:DisarmingVoice","dioMod:StreetSign+1","dioMod:WRYYY","dioMod:HeavyLifting+1"],"picked":"SKIP","floor":31.0},{"not_picked":["dioMod:Regeneration","dioMod:RoadRoller","dioMod:PhantomBlood"],"picked":"dioMod:TheWalk","floor":33.0},{"not_picked":["dioMod:SecretPlan+1","dioMod:StreetSign","dioMod:Diversion+1"],"picked":"dioMod:DoubleTime","floor":35},{"not_picked":["dioMod:BloodSuck","dioMod:WRYYY","dioMod:Roundabout+1"],"picked":"dioMod:Muda","floor":37},{"not_picked":["dioMod:CutDeep+1","dioMod:LaserVision","dioMod:SecretPlan+1"],"picked":"dioMod:HeavyLifting+1","floor":38},{"not_picked":["dioMod:DisarmingVoice+1","dioMod:Roundabout","dioMod:Diversion+1","dioMod:CutDeep"],"picked":"SKIP","floor":39},{"not_picked":["dioMod:DarkRebirth+1","dioMod:DaggerSpree","dioMod:DoubleTime"],"picked":"dioMod:DaggerToss","floor":40},{"not_picked":["dioMod:BloodTransfusion","dioMod:Refresh","dioMod:HeavyLifting+1","dioMod:CoffinBath"],"picked":"SKIP","floor":42},{"not_picked":["dioMod:FlyAway+1","dioMod:Hiss","dioMod:StreetSign"],"picked":"dioMod:Muda","floor":46},{"not_picked":["dioMod:HeavyLifting","dioMod:Diversion+1","dioMod:Muda+1","dioMod:Minions"],"picked":"SKIP","floor":47}],"player_experience":311405,"relics_obtained":[{"floor":6.0,"key":"SnailShell"},{"floor":9.0,"key":"Smiling Mask"},{"floor":11.0,"key":"StuffTheSpire:ForceGauntlet"},{"floor":14.0,"key":"Golden Egg"},{"floor":19.0,"key":"Red Mask"},{"floor":23.0,"key":"Happy Flower"},{"floor":25.0,"key":"Replay:Arrowhead"},{"floor":26.0,"key":"StuffTheSpire:Gunfinga"},{"floor":27.0,"key":"Meat on the Bone"},{"floor":37,"key":"ReplayTheSpireMod:Shallot"},{"floor":40,"key":"Darkstone Periapt"},{"floor":42,"key":"Shuriken"},{"floor":43,"key":"StuffTheSpire:EmeraldSignet"},{"floor":47,"key":"conspire:TopHat"}],"event_choices":[{"damage_healed":4.0,"max_hp_gain":0.0,"max_hp_loss":0.0,"gold_gain":0.0,"event_name":"betterSkull:BetterSkull","player_choice":"LEAVE ","floor":12.0,"gold_loss":0.0,"damage_taken":0.0,"cards_upgraded":[],"relics_obtained":[]},{"damage_healed":0.0,"max_hp_gain":0.0,"max_hp_loss":0.0,"gold_gain":0.0,"event_name":"Masked Bandits","player_choice":"Fought Bandits","floor":19.0,"gold_loss":0.0,"damage_taken":0.0},{"damage_healed":0.0,"max_hp_gain":0.0,"max_hp_loss":0.0,"gold_gain":0.0,"event_name":"conspire:Investor","player_choice":"Leave","floor":20.0,"gold_loss":0.0,"damage_taken":0.0},{"damage_healed":0,"gold_gain":3,"player_choice":"2","damage_taken":0,"max_hp_gain":0,"max_hp_loss":15,"event_name":"betterStone:BetterStone","floor":44,"gold_loss":0}],"is_beta":false,"boss_relics":[{"not_picked":["Empty Cage","dioMod:JoestarBlood"],"picked":"conspire:SpecialSausage"},{"not_picked":["ChewingGum","Pandora\u0027s Box"],"picked":"StuffTheSpire:Kangaroo"}],"items_purged_floors":[],"is_endless":false,"potions_floor_spawned":[1,2,4,6,8,11,14,18,19,23,29,33,37,39,40,42],"ascension_level":9}}