{"host":"qw1m3zcvi888b4j7","time":1607878198,"event":{"mods":["AchievementEnabler","BaseMod","Block Reminder","Colored Map","Colored Powertips","Consume Value Calculator","DeckTracker","Highlight Path","Minty Spire (QoL Compilation)","Quick Restart","Rare Cards Sparkle","Relic Sorter","Relic Stats"],"gold_per_floor":[112,128,146,146,157,157,187,187,237,237,237],"floor_reached":10,"playtime":737,"items_purged":[],"score":71,"play_id":"889573b8-4acf-4163-ba09-a8d5319096d6","local_time":"20201213174958","is_ascension_mode":true,"campfire_choices":[{"floor":6,"key":"RECALL"},{"data":"Armaments","floor":8,"key":"SMITH"}],"circlet_count":0,"master_deck":["Strike_R","Strike_R","Strike_R","Strike_R","Strike_R","Defend_R","Defend_R","Defend_R","Defend_R","Bash","Rage","Armaments+1","Shrug It Off","Regret","Clash","Intimidate"],"relics":["Burning Blood","Meat on the Bone","Orichalcum","Oddly Smooth Stone"],"acts_visited":["Exordium"],"potions_floor_usage":[10],"damage_taken":[{"damage":6,"enemies":"Cultist","floor":1,"turns":3},{"damage":1,"enemies":"Small Slimes","floor":2,"turns":4},{"damage":9,"enemies":"Jaw Worm","floor":3,"turns":6},{"damage":19,"enemies":"Red Slaver","floor":5,"turns":6},{"damage":63,"enemies":"3 Sentries","floor":7,"turns":19},{"damage":50,"enemies":"Lagavulin","floor":10,"turns":9}],"seed_played":"2121131164316778852","potions_obtained":[{"floor":1,"key":"AttackPotion"},{"floor":5,"key":"Ancient Potion"},{"floor":7,"key":"BloodPotion"}],"is_trial":false,"path_per_floor":["M","M","M","?","M","R","E","R","T","E"],"character_chosen":"IRONCLAD","items_purchased":[],"campfire_rested":0,"item_purchase_floors":[],"current_hp_per_floor":[88,88,85,85,72,72,27,27,27,0,0],"gold":237,"neow_bonus":"TEN_PERCENT_HP_BONUS","is_daily":false,"chose_seed":false,"campfire_upgraded":1,"win_rate":0.0,"timestamp":1607878198,"path_taken":["M","M","?","?","M","R","E","R","T","E"],"items_purchased_type":[],"build_version":"2020-11-30","purchased_purges":0,"victory":false,"max_hp_per_floor":[88,88,88,88,88,88,88,88,88,88,88],"relic_stats":{"counters":[6,47],"Orichalcum":[12],"obtain_stats":[{"Oddly Smooth Stone":9,"Orichalcum":7,"Burning Blood":0,"Meat on the Bone":4},{"Oddly Smooth Stone":5,"Orichalcum":5,"Burning Blood":0,"Meat on the Bone":3},{"Oddly Smooth Stone":38,"Orichalcum":38,"Burning Blood":0,"Meat on the Bone":13}],"Burning Blood":25,"Meat on the Bone":12},"card_choices":[{"not_picked":["Carnage","Perfected Strike"],"picked":"Rage","floor":1},{"not_picked":["Dropkick","Battle Trance"],"picked":"Armaments","floor":2},{"not_picked":["Seeing Red","Perfected Strike"],"picked":"Shrug It Off","floor":3},{"not_picked":["Iron Wave","Second Wind"],"picked":"Clash","floor":5},{"not_picked":["Clash","Shrug It Off"],"picked":"Intimidate","floor":7}],"player_experience":38988,"relics_obtained":[{"floor":7,"key":"Orichalcum"},{"floor":9,"key":"Oddly Smooth Stone"}],"event_choices":[{"damage_healed":0,"gold_gain":0,"player_choice":"Box","damage_taken":0,"relics_obtained":["Meat on the Bone"],"max_hp_gain":0,"max_hp_loss":0,"event_name":"Big Fish","floor":4,"gold_loss":0,"cards_obtained":["Regret"]}],"is_beta":false,"boss_relics":[],"items_purged_floors":[],"is_endless":false,"potions_floor_spawned":[1,5,7],"killed_by":"Lagavulin","ascension_level":1}}