{"host":"pf47v7h0307523iy","time":1607882766,"event":{"mods":["BaseMod","Minty Spire (QoL Compilation)"],"gold_per_floor":[116,116,135,135,135,170,9,9,77,92,125,125,145,197,197,197,197],"floor_reached":16,"playtime":892,"items_purged":["Strike_G"],"score":266,"play_id":"0d48c785-81ee-4959-b544-d0998517a7e1","local_time":"20201213200606","is_ascension_mode":true,"campfire_choices":[{"data":"Well Laid Plans","floor":12.0,"key":"SMITH"},{"floor":15,"key":"REST"}],"circlet_count":0,"master_deck":["AscendersBane","Strike_G","Strike_G","Strike_G","Defend_G","Defend_G","Defend_G","Defend_G","Defend_G","Survivor","Neutralize","Predator","Deadly Poison+1","Blade Dance","Well Laid Plans+1","Noxious Fumes"],"relics":["Ring of the Snake","NeowsBlessing","Golden Idol","Ornamental Fan","Orichalcum","The Courier","Blue Candle","Centennial Puzzle"],"acts_visited":["Exordium"],"potions_floor_usage":[13,13,16,16],"damage_taken":[{"damage":0.0,"enemies":"Small Slimes","floor":1.0,"turns":1.0},{"damage":0.0,"enemies":"Jaw Worm","floor":3.0,"turns":1.0},{"damage":0.0,"enemies":"3 Sentries","floor":6.0,"turns":2.0},{"damage":0.0,"enemies":"2 Louse","floor":10.0,"turns":2.0},{"damage":10.0,"enemies":"Gremlin Nob","floor":11.0,"turns":3.0},{"damage":12,"enemies":"Large Slime","floor":13,"turns":8},{"damage":32,"enemies":"Slime Boss","floor":16,"turns":13}],"seed_played":"7035189979321305447","potions_obtained":[{"floor":3.0,"key":"EntropicBrew"},{"floor":11.0,"key":"Swift Potion"}],"is_trial":false,"path_per_floor":["M","?","M","?","?","E","$","?","T","M","E","R","M","T","R","B"],"character_chosen":"THE_SILENT","items_purchased":["GamblersBrew"],"campfire_rested":1,"item_purchase_floors":[7],"current_hp_per_floor":[59,52,52,52,52,52,52,34,34,34,24,24,12,12,30,0,0],"gold":197,"neow_bonus":"THREE_ENEMY_KILL","is_daily":false,"chose_seed":false,"campfire_upgraded":1,"win_rate":0.0,"timestamp":1607882766,"path_taken":["M","?","M","?","?","E","$","?","T","M","E","R","M","?","R","BOSS"],"items_purchased_type":["Potion"],"build_version":"2020-11-30","purchased_purges":1,"victory":false,"max_hp_per_floor":[66,66,66,66,60,60,60,60,60,60,60,60,60,60,60,60,60],"card_choices":[{"not_picked":["Sucker Punch","Dodge and Roll"],"picked":"Predator","floor":1.0},{"not_picked":["Outmaneuver","Quick Slash"],"picked":"Deadly Poison","floor":3.0},{"not_picked":["Malaise","Blur"],"picked":"Blade Dance","floor":6.0},{"not_picked":["Slice","Concentrate","Flechettes"],"picked":"SKIP","floor":10.0},{"not_picked":["Endless Agony","Poisoned Stab"],"picked":"Well Laid Plans","floor":11.0},{"not_picked":["Dagger Throw","Slice"],"picked":"Noxious Fumes","floor":13}],"player_experience":1480388,"relics_obtained":[{"floor":6.0,"key":"Ornamental Fan"},{"floor":9.0,"key":"The Courier"},{"floor":11.0,"key":"Blue Candle"},{"floor":14,"key":"Centennial Puzzle"}],"event_choices":[{"cards_removed":["Strike_G"],"damage_healed":0.0,"max_hp_gain":0.0,"max_hp_loss":0.0,"gold_gain":0.0,"event_name":"Golden Wing","player_choice":"Card Removal","floor":2.0,"gold_loss":0.0,"damage_taken":7.0},{"damage_healed":0.0,"max_hp_gain":0.0,"max_hp_loss":0.0,"gold_gain":0.0,"event_name":"Living Wall","player_choice":"Grow","floor":4.0,"gold_loss":0.0,"damage_taken":0.0,"cards_upgraded":["Deadly Poison"]},{"damage_healed":0.0,"max_hp_gain":0.0,"max_hp_loss":6.0,"gold_gain":0.0,"event_name":"Golden Idol","player_choice":"Lose Max HP","floor":5.0,"gold_loss":0.0,"damage_taken":0.0,"relics_obtained":["Golden Idol"]},{"damage_healed":0.0,"max_hp_gain":0.0,"max_hp_loss":0.0,"gold_gain":0.0,"event_name":"Scrap Ooze","player_choice":"Success","floor":8.0,"gold_loss":0.0,"damage_taken":18.0,"relics_obtained":["Orichalcum"]}],"is_beta":false,"boss_relics":[],"items_purged_floors":[7],"is_endless":false,"potions_floor_spawned":[3,10,11],"killed_by":"Slime Boss","ascension_level":20}}