{"host":"ekstrfwlhr7rhfvs","time":1607866923,"event":{"mods":["BaseMod","Minty Spire (QoL Compilation)","Quick Restart","Replay The Spire","StSLib"],"gold_per_floor":[118,68,68,87,12,12,40,50,50,50,77,77,77,92,92,92,92],"floor_reached":16,"playtime":465,"items_purged":["Strike_R"],"score":200,"play_id":"cb7a5543-ffbb-43a3-bb98-870199b9bb34","local_time":"20201213214203","is_ascension_mode":true,"campfire_choices":[{"data":"Defend_R","floor":6,"key":"SMITH"},{"data":"Impervious","floor":10,"key":"SMITH"},{"data":"Body Slam","floor":12,"key":"SMITH"},{"data":"Defend_R","floor":15,"key":"PURGE"}],"circlet_count":0,"master_deck":["AscendersBane","Strike_R","Strike_R","Defend_R","Defend_R","Defend_R+1","Bash","Impervious+1","Body Slam+1"],"relics":["Burning Blood","NeowsBlessing","Pear","Nunchaku","Replay:Accelerometer","Bird Faced Urn"],"acts_visited":["Exordium"],"potions_floor_usage":[16,16,16],"damage_taken":[{"damage":0,"enemies":"2 Louse","floor":1,"turns":1},{"damage":0,"enemies":"Jaw Worm","floor":4,"turns":1},{"damage":0,"enemies":"Lagavulin","floor":7,"turns":1},{"damage":11,"enemies":"Cultist","floor":8,"turns":5},{"damage":57,"enemies":"3 Sentries","floor":11,"turns":15},{"damage":5,"enemies":"Exordium Wildlife","floor":14,"turns":4},{"damage":29,"enemies":"The Guardian","floor":16,"turns":8}],"seed_played":"-4172823486989728497","potions_obtained":[{"floor":7,"key":"SpeedPotion"},{"floor":8,"key":"CultistPotion"},{"floor":11,"key":"Block Potion"}],"is_trial":false,"path_per_floor":["M","?","T","M","$","R","E","M","T","R","E","R","?","M","R","B"],"character_chosen":"IRONCLAD","items_purchased":[],"campfire_rested":0,"item_purchase_floors":[],"current_hp_per_floor":[78,78,88,90,90,90,90,85,85,85,34,34,27,28,28,0,0],"gold":92,"neow_bonus":"THREE_ENEMY_KILL","is_daily":false,"chose_seed":false,"campfire_upgraded":3,"win_rate":0.0,"timestamp":1607866923,"path_taken":["M","?","?","M","$","R","E","M","T","R","E","R","?","M","R","BOSS"],"items_purchased_type":[],"build_version":"2020-11-30","purchased_purges":1,"victory":false,"max_hp_per_floor":[80,80,90,90,90,90,90,90,90,90,90,90,90,90,90,90,90],"card_choices":[{"not_picked":["ReplayTheSpireMod:Strike From Hell","Armaments","Headbutt"],"picked":"SKIP","floor":1},{"not_picked":["Wild Strike","Infernal Blade","Whirlwind"],"picked":"SKIP","floor":4},{"not_picked":["Brutality","Spot Weakness"],"picked":"Impervious","floor":7},{"not_picked":["Perfected Strike","Cleave","Clash"],"picked":"SKIP","floor":8},{"not_picked":["Iron Wave","Replay:Undeath\u0027s Touch"],"picked":"Body Slam","floor":11},{"not_picked":["Body Slam","Rage","Sword Boomerang"],"picked":"SKIP","floor":14}],"player_experience":419673,"relics_obtained":[{"floor":3,"key":"Pear"},{"floor":7,"key":"Nunchaku"},{"floor":9,"key":"Replay:Accelerometer"},{"floor":11,"key":"Bird Faced Urn"}],"event_choices":[{"cards_removed":["Strike_R"],"damage_healed":0,"gold_gain":0,"player_choice":"Card Removal","damage_taken":0,"max_hp_gain":0,"max_hp_loss":0,"event_name":"The Cleric","floor":2,"gold_loss":50},{"cards_removed":["Strike_R"],"damage_healed":0,"gold_gain":0,"player_choice":"Card Removal","damage_taken":7,"max_hp_gain":0,"max_hp_loss":0,"event_name":"Golden Wing","floor":13,"gold_loss":0}],"is_beta":false,"boss_relics":[],"items_purged_floors":[5],"is_endless":false,"potions_floor_spawned":[7,8,11,14],"killed_by":"The Guardian","ascension_level":10}}