{"host":"oluf6aumjll4vfac","time":1607873948,"event":{"mods":["BaseMod","Colored Map","Colored Powertips","Conspire","Downfall","Minty Spire (QoL Compilation)","Quick Restart","Shop Mod","StSLib","SuperFastMode"],"gold_per_floor":[112,126,139,9,9,9,25,37,61,61,61,79,79,79,79,79,79],"floor_reached":16,"playtime":370,"items_purged":[],"score":142,"play_id":"84f88371-9a79-4604-9dcc-bb708ed2496c","local_time":"20201213233908","is_ascension_mode":false,"campfire_choices":[{"data":"expansioncontent:DefensiveMode","floor":6,"key":"SMITH"},{"data":"Thunderclap","floor":10,"key":"SMITH"},{"floor":15,"key":"REST"}],"circlet_count":0,"master_deck":["conspire:GhostlyStrike","conspire:GhostlyStrike","conspire:GhostlyStrike","conspire:GhostlyStrike","conspire:GhostlyStrike","conspire:GhostlyDefend+1","conspire:GhostlyDefend","conspire:GhostlyDefend+1","conspire:GhostlyDefend","Bash","Clash","Wild Strike","Blood for Blood","expansioncontent:DefensiveMode+1","Decay","Thunderclap+1","Headbutt","Infernal Blade"],"relics":["Burning Blood","NeowsBlessing","Lantern","War Paint"],"acts_visited":["Exordium"],"potions_floor_usage":[12,16],"damage_taken":[{"damage":0,"enemies":"Jaw Worm","floor":1,"turns":1},{"damage":0,"enemies":"Cultist","floor":2,"turns":1},{"damage":2,"enemies":"conspire:RoseBush","floor":3,"turns":1},{"damage":0,"enemies":"3 Louse","floor":7,"turns":3},{"damage":0,"enemies":"2 Fungi Beasts","floor":8,"turns":4},{"damage":23,"enemies":"conspire:2 RoseBushes","floor":12,"turns":3},{"damage":71,"enemies":"The Guardian","floor":16,"turns":7}],"seed_played":"8213055238049109147","potions_obtained":[{"floor":1,"key":"CultistPotion"},{"floor":2,"key":"hexamod:EctoCoolerPotion"},{"floor":12,"key":"DuplicationPotion"}],"is_trial":false,"path_per_floor":["M","M","M","$","?","R","M","M","T","R","$","M","?","?","R","B"],"character_chosen":"IRONCLAD","items_purchased":["Blood for Blood","expansioncontent:DefensiveMode"],"campfire_rested":1,"item_purchase_floors":[4,4],"current_hp_per_floor":[80,80,80,80,80,80,80,80,80,80,80,63,63,45,69,0,0],"gold":79,"neow_bonus":"THREE_ENEMY_KILL","is_daily":false,"chose_seed":false,"campfire_upgraded":2,"win_rate":0.0,"timestamp":1607873948,"path_taken":["M","M","M","$","?","R","?","M","T","R","$","M","?","?","R","BOSS"],"items_purchased_type":["Card","Card"],"build_version":"2020-11-30","purchased_purges":0,"victory":false,"max_hp_per_floor":[80,80,80,80,80,80,80,80,80,80,80,80,80,80,80,80,80],"card_choices":[{"not_picked":["Ghostly Armor","Fire Breathing"],"picked":"Clash","floor":1},{"not_picked":["Body Slam","Dark Embrace","Sword Boomerang"],"picked":"SKIP","floor":2},{"not_picked":["Intimidate","True Grit"],"picked":"Wild Strike","floor":3},{"not_picked":["Sword Boomerang","Rage"],"picked":"Thunderclap","floor":7},{"not_picked":["Pommel Strike","Body Slam"],"picked":"Headbutt","floor":8},{"not_picked":["Twin Strike","Body Slam"],"picked":"Infernal Blade","floor":12}],"player_experience":44688,"relics_obtained":[{"floor":9,"key":"Lantern"}],"event_choices":[{"damage_healed":0,"gold_gain":0,"player_choice":"Cursed","damage_taken":0,"max_hp_gain":0,"max_hp_loss":0,"event_name":"Wheel of Change","floor":5,"gold_loss":0,"cards_obtained":["Decay"]},{"damage_healed":0,"gold_gain":0,"player_choice":"Agree","damage_taken":0,"max_hp_gain":0,"max_hp_loss":0,"event_name":"conspire:LoneGhost","floor":13,"gold_loss":0},{"damage_healed":0,"gold_gain":0,"player_choice":"Success","damage_taken":18,"relics_obtained":["War Paint"],"max_hp_gain":0,"max_hp_loss":0,"event_name":"Scrap Ooze","floor":14,"gold_loss":0}],"is_beta":false,"boss_relics":[],"items_purged_floors":[],"is_endless":false,"potions_floor_spawned":[1,2,12],"killed_by":"The Guardian","ascension_level":0}}