{"host":"i0avyit1s6jb1siw","time":1607901098,"event":{"mods":["BaseMod","DeckTracker","Dota2Spire","Highlight Path","Minty Spire (QoL Compilation)","Quick Restart","Replay The Spire","StSLib","SuperFastMode"],"gold_per_floor":[116,126,126,126,7,35,53,53,53,53,53,84,100,110,173,245,245,263,120,120,135,167,201,201,227,227,255,255,275,275,275,275,347,347,359,359,359,369,244,269,285,285,364,393,615,642,657,691,691,691,691,691,691,453,486,486,486],"floor_reached":56,"playtime":1660,"items_purged":["Strike_P","Strike_P","Defend_P","Defend_P"],"score":2583,"play_id":"d7b88ee1-f7ea-428b-91f5-897efb0f1205","local_time":"20201214001138","is_ascension_mode":true,"campfire_choices":[{"data":"ForeignInfluence","floor":8,"key":"SMITH"},{"data":"Scrawl","floor":10,"key":"SMITH"},{"floor":24,"key":"RECALL"},{"floor":28,"key":"REST"},{"floor":32,"key":"REST"},{"floor":49,"key":"REST"},{"floor":53,"key":"REST"}],"circlet_count":0,"master_deck":["AscendersBane","Defend_P","Eruption+1","Vigilance","Scrawl+1","ForeignInfluence+1","EmptyFist","CrushJoints+1","BowlingBash","Wallop","FearNoEvil","InnerPeace","TalkToTheHand","Vault","Tantrum","DeusExMachina","Master of Strategy","Finesse","Study+1","Adaptation"],"relics":["PureWater","Onion Ring","Anchor","Fusion Hammer","Red Mask","Dota2Spire:HeartOfTarrasque","Quantum Egg","Dead Branch","Lizard Tail","TungstenRod","VioletLotus","Dota2Spire:MagicBottle","Dota2Spire:Desolator","Dota2Spire:PhaseBoots","Pocketwatch","Prayer Wheel","Yang"],"acts_visited":["Exordium","TheCity","TheBeyond","TheEnding"],"potions_floor_usage":[22,33],"damage_taken":[{"damage":0,"enemies":"Small Slimes","floor":1,"turns":3},{"damage":0,"enemies":"Jaw Worm","floor":2,"turns":2},{"damage":20,"enemies":"3 Sentries","floor":6,"turns":8},{"damage":0,"enemies":"Cultist","floor":7,"turns":1},{"damage":0,"enemies":"Lagavulin","floor":12,"turns":1},{"damage":0,"enemies":"Large Slime","floor":13,"turns":2},{"damage":0,"enemies":"2 Fungi Beasts","floor":14,"turns":1},{"damage":0,"enemies":"Slime Boss","floor":16,"turns":2},{"damage":0,"enemies":"2 Thieves","floor":18,"turns":3},{"damage":0,"enemies":"Chosen","floor":21,"turns":2},{"damage":0,"enemies":"Masked Bandits","floor":22,"turns":2},{"damage":0,"enemies":"Replay:Snechameleon","floor":23,"turns":2},{"damage":0,"enemies":"Slavers","floor":25,"turns":2},{"damage":0,"enemies":"Replay:Snechameleon","floor":27,"turns":2},{"damage":0,"enemies":"3 Cultists","floor":29,"turns":5},{"damage":57,"enemies":"Automaton","floor":33,"turns":10},{"damage":0,"enemies":"Orb Walker","floor":35,"turns":2},{"damage":0,"enemies":"3 Darklings","floor":38,"turns":2},{"damage":31,"enemies":"R_Hoarder","floor":40,"turns":7},{"damage":0,"enemies":"Spire Growth","floor":41,"turns":3},{"damage":24,"enemies":"Reptomancer","floor":44,"turns":3},{"damage":0,"enemies":"R_Hoarder","floor":46,"turns":5},{"damage":0,"enemies":"Transient","floor":47,"turns":7},{"damage":0,"enemies":"Giant Head","floor":48,"turns":3},{"damage":7,"enemies":"Donu and Deca","floor":50,"turns":5},{"damage":4,"enemies":"Awakened One","floor":51,"turns":5},{"damage":0,"enemies":"Shield and Spear","floor":55,"turns":1},{"damage":138,"enemies":"The Heart","floor":56,"turns":6}],"seed_played":"-1394980671806809169","potions_obtained":[{"floor":2,"key":"Swift Potion"},{"floor":6,"key":"Ancient Potion"},{"floor":12,"key":"SteroidPotion"},{"floor":23,"key":"EssenceOfSteel"},{"floor":27,"key":"LifebloodPotion"},{"floor":38,"key":"BlessingOfTheForge"}],"is_trial":false,"path_per_floor":["M","M","?","?","$","E","M","R","T","R","$","E","M","M","R","B",null,"M","$","?","M","?","E","R","E","T","E","R","M","?","T","R","B",null,"M","?","?","M","$","E","M","?","T","E","?","E","M","E","R","B","B",null,"R","$","E","B"],"character_chosen":"WATCHER","items_purchased":["CrushJoints+1","FearNoEvil","Adaptation"],"campfire_rested":4,"item_purchase_floors":[5,19,54],"current_hp_per_floor":[43,43,43,43,43,23,23,23,23,23,23,23,23,23,23,23,57,57,57,57,57,57,65,65,65,65,65,76,76,76,76,76,19,62,62,62,53,53,53,22,28,28,28,4,4,12,28,28,49,46,46,66,72,72,72,0,0],"gold":486,"neow_bonus":"TRANSFORM_TWO_CARDS","is_daily":false,"chose_seed":false,"campfire_upgraded":2,"win_rate":0.0,"timestamp":1607901098,"path_taken":["M","M","?","?","$","E","M","R","T","R","$","E","?","M","R","BOSS","M","$","?","M","?","E","R","E","T","E","R","M","?","?","R","BOSS","M","?","?","M","$","E","M","?","T","E","?","E","?","E","R","BOSS","BOSS","R","$","E","BOSS"],"items_purchased_type":["Card","Card","Card"],"build_version":"2020-11-30","purchased_purges":4,"victory":false,"max_hp_per_floor":[68,68,68,68,68,68,68,68,68,68,68,68,68,68,68,68,68,68,68,68,68,68,76,76,76,76,76,76,76,76,76,76,76,76,76,72,72,72,72,72,72,72,72,72,72,72,72,72,72,72,72,72,72,72,72,72,72],"card_choices":[{"not_picked":["DeceiveReality","Replay:AtTheReady","Replay:Battleflow"],"picked":"SKIP","floor":1},{"not_picked":["Replay:ManipulateFuture","JustLucky"],"picked":"EmptyFist","floor":2},{"not_picked":["EmptyFist","PathToVictory","Protect"],"picked":"SKIP","floor":6},{"not_picked":["EmptyMind","CutThroughFate","Pray"],"picked":"SKIP","floor":7},{"not_picked":["Alpha","JustLucky"],"picked":"BowlingBash","floor":12},{"not_picked":["Replay:ManipulateFuture","Collect","Protect"],"picked":"SKIP","floor":13},{"not_picked":["Evaluate","Replay:Battleflow"],"picked":"Wallop","floor":14},{"not_picked":["LikeWater","Fasting2+1","Prostrate"],"picked":"SKIP","floor":18},{"not_picked":["CutThroughFate","FollowUp","FearNoEvil"],"picked":"SKIP","floor":21},{"not_picked":["Protect","Consecrate"],"picked":"InnerPeace","floor":22},{"not_picked":["Replay:Battleflow","CutThroughFate"],"picked":"TalkToTheHand","floor":23},{"not_picked":["Evaluate","CrushJoints"],"picked":"TalkToTheHand","floor":25},{"not_picked":["FollowUp","BowlingBash+1"],"picked":"Vault","floor":27},{"not_picked":["Perseverance","Wireheading"],"picked":"Tantrum","floor":29},{"not_picked":["ConjureBlade","Ragnarok"],"picked":"DeusExMachina","floor":33},{"not_picked":["Weave+1","Consecrate","SashWhip"],"picked":"SKIP","floor":35},{"not_picked":["Survey Options","Crow Ritual"],"picked":"Master of Strategy","floor":37},{"not_picked":["Replay:Bootleg Shield Generator","Replay:Sssssssssshield"],"picked":"Finesse","floor":37},{"not_picked":["FlurryOfBlows","ThirdEye"],"picked":"Study+1","floor":38},{"not_picked":["ThirdEye+1","SpiritShield","Sanctity+1"],"picked":"SKIP","floor":40},{"not_picked":["Crescendo+1","CarveReality","Tantrum+1"],"picked":"SKIP","floor":41},{"not_picked":["Replay:ManipulateFuture+1","FearNoEvil+1","EmptyBody+1"],"picked":"SKIP","floor":44},{"not_picked":["BowlingBash","Protect+1","Consecrate"],"picked":"SKIP","floor":46},{"not_picked":["JustLucky+1","Wish","BowlingBash"],"picked":"SKIP","floor":47},{"not_picked":["Halt","FollowUp","LikeWater"],"picked":"SKIP","floor":48},{"not_picked":["Replay:AtTheReady","Vengeance","SpiritShield"],"picked":"SKIP","floor":55}],"player_experience":2069981,"relics_obtained":[{"floor":6,"key":"Onion Ring"},{"floor":12,"key":"Anchor"},{"floor":22,"key":"Red Mask"},{"floor":23,"key":"Dota2Spire:HeartOfTarrasque"},{"floor":25,"key":"Quantum Egg"},{"floor":26,"key":"Dead Branch"},{"floor":27,"key":"Lizard Tail"},{"floor":31,"key":"TungstenRod"},{"floor":40,"key":"Dota2Spire:MagicBottle"},{"floor":43,"key":"Dota2Spire:Desolator"},{"floor":44,"key":"Dota2Spire:PhaseBoots"},{"floor":46,"key":"Pocketwatch"},{"floor":48,"key":"Prayer Wheel"},{"floor":55,"key":"Yang"}],"event_choices":[{"cards_removed":["Strike_P"],"damage_healed":0,"gold_gain":0,"player_choice":"Purged","damage_taken":0,"max_hp_gain":0,"max_hp_loss":0,"event_name":"Purifier","floor":4,"gold_loss":0},{"damage_healed":0,"gold_gain":0,"player_choice":"Ignored","damage_taken":0,"max_hp_gain":0,"max_hp_loss":0,"event_name":"Ghosts","floor":20,"gold_loss":0},{"damage_healed":0,"gold_gain":0,"player_choice":"Fought Bandits","damage_taken":0,"max_hp_gain":0,"max_hp_loss":0,"event_name":"Masked Bandits","floor":22,"gold_loss":0},{"damage_healed":0,"gold_gain":0,"player_choice":"Ignored","damage_taken":0,"max_hp_gain":0,"max_hp_loss":0,"event_name":"Vampires","floor":30,"gold_loss":0},{"damage_healed":0,"gold_gain":0,"player_choice":"Max HP","damage_taken":0,"max_hp_gain":0,"max_hp_loss":4,"event_name":"Winding Halls","floor":36,"gold_loss":0},{"damage_healed":0,"gold_gain":0,"player_choice":"Memory 3","damage_taken":10,"max_hp_gain":0,"max_hp_loss":0,"event_name":"SensoryStone","floor":37,"gold_loss":0},{"cards_removed":["TalkToTheHand"],"damage_healed":0,"gold_gain":0,"player_choice":"Removed Attack","damage_taken":0,"max_hp_gain":0,"max_hp_loss":0,"event_name":"Falling","floor":42,"gold_loss":0},{"damage_healed":0,"gold_gain":222,"player_choice":"Wore Mask","damage_taken":0,"max_hp_gain":0,"max_hp_loss":0,"event_name":"Tomb of Lord Red Mask","floor":45,"gold_loss":0}],"is_beta":false,"boss_relics":[{"not_picked":["Replay:Ancient Bell","Replay:Bronze Core"],"picked":"Fusion Hammer"},{"not_picked":["Kintsugi","Abe\u0027s Treasure"],"picked":"VioletLotus"}],"items_purged_floors":[5,19,39,54],"is_endless":false,"potions_floor_spawned":[2,6,12,13,18,23,27,29,38,41,46,48],"killed_by":"The Heart","ascension_level":20}}