{"host":"pletss163z7s8pvv","time":1607828620,"event":{"mods":["AchievementEnabler","BaseMod","Colored Map","Colored Powertips","Minty Spire (QoL Compilation)"],"gold_per_floor":[114,114,129,129,3,33,48,48,73,73,73,24,39,54,54,154,154,169,25,40,55,55,55,55,70,120,135,135,135,150,165,165,265,265,280,295,295,345,345,345,345],"floor_reached":40,"playtime":1215,"items_purged":["Pain"],"score":438,"play_id":"5dbbe518-2591-4d4c-9343-78b02eb4b6fc","local_time":"20201212210340","daily_mods":["Specialized","Colorless Cards","Binary"],"is_ascension_mode":false,"campfire_choices":[{"floor":8,"key":"REST"},{"data":"PathToVictory","floor":10,"key":"SMITH"},{"data":"PathToVictory","floor":15,"key":"SMITH"},{"floor":24,"key":"REST"},{"floor":28,"key":"REST"},{"floor":32,"key":"REST"}],"circlet_count":0,"master_deck":["Strike_P","Strike_P","Strike_P","Strike_P","Defend_P","Defend_P","Defend_P","Defend_P","Eruption","Vigilance","ThirdEye","ThirdEye","ThirdEye","ThirdEye","EmptyFist","FollowUp","PathToVictory+1","Flash of Steel","PathToVictory+1","Eruption","FlurryOfBlows","PathToVictory","CrushJoints","Devotion","Consecrate+1","DevaForm","Blind","Crescendo","FlyingSleeves","ClearTheMind","SashWhip+1","Prostrate","MentalFortress+1","Secret Weapon","Establishment","SignatureMove+1","Wallop","Sadistic Nature","Panacea+1"],"relics":["HolyWater","WarpedTongs","Strawberry","Akabeko","Pantograph","MutagenicStrength","Dream Catcher","Philosopher\u0027s Stone","Dead Branch"],"acts_visited":["Exordium","TheCity","TheBeyond"],"potions_floor_usage":[25,33,33,33],"damage_taken":[{"damage":1,"enemies":"Small Slimes","floor":1,"turns":4},{"damage":6,"enemies":"Cultist","floor":3,"turns":3},{"damage":11,"enemies":"Lagavulin","floor":6,"turns":7},{"damage":0,"enemies":"2 Louse","floor":7,"turns":1},{"damage":9,"enemies":"Exordium Thugs","floor":13,"turns":4},{"damage":0,"enemies":"Lots of Slimes","floor":14,"turns":4},{"damage":2,"enemies":"Slime Boss","floor":16,"turns":4},{"damage":3,"enemies":"Chosen","floor":18,"turns":3},{"damage":0,"enemies":"Shell Parasite","floor":20,"turns":3},{"damage":36,"enemies":"Shelled Parasite and Fungi","floor":21,"turns":5},{"damage":28,"enemies":"Chosen and Byrds","floor":25,"turns":6},{"damage":4,"enemies":"Centurion and Healer","floor":27,"turns":4},{"damage":6,"enemies":"3 Cultists","floor":30,"turns":4},{"damage":19,"enemies":"Snecko","floor":31,"turns":4},{"damage":67,"enemies":"Automaton","floor":33,"turns":10},{"damage":0,"enemies":"Orb Walker","floor":35,"turns":2},{"damage":26,"enemies":"3 Darklings","floor":36,"turns":5},{"damage":23,"enemies":"Mind Bloom Boss Battle","floor":38,"turns":7},{"damage":52,"enemies":"Reptomancer","floor":40,"turns":4}],"seed_played":"4834798368356638827","potions_obtained":[{"floor":1,"key":"Weak Potion"},{"floor":13,"key":"Strength Potion"},{"floor":14,"key":"Block Potion"},{"floor":27,"key":"ColorlessPotion"},{"floor":30,"key":"Strength Potion"},{"floor":35,"key":"SpeedPotion"}],"is_trial":false,"path_per_floor":["M","?","M","?","$","E","M","R","T","R","?","$","M","M","R","B",null,"M","$","M","M","?","?","R","M","T","M","R","?","M","M","R","B",null,"M","M","?","?","?","E"],"character_chosen":"WATCHER","items_purchased":["PathToVictory","FlurryOfBlows","DevaForm"],"campfire_rested":4,"item_purchase_floors":[5,12,19],"current_hp_per_floor":[71,72,66,66,66,62,62,79,79,79,79,79,70,70,70,68,79,76,76,76,40,40,40,63,35,35,31,54,54,48,29,52,10,79,79,53,53,55,55,3,3],"gold":345,"neow_bonus":"","is_daily":true,"chose_seed":false,"campfire_upgraded":2,"win_rate":0.0,"timestamp":1607828620,"path_taken":["M","?","?","?","?","E","?","R","T","R","?","?","M","M","R","BOSS","M","$","M","M","?","?","R","M","T","M","R","?","M","M","R","BOSS","M","M","?","?","?","E"],"items_purchased_type":["Card","Card","Card"],"build_version":"2020-11-30","purchased_purges":1,"victory":false,"max_hp_per_floor":[72,72,72,72,72,79,79,79,79,79,79,79,79,79,79,79,79,79,79,79,79,79,79,79,79,79,79,79,79,79,79,79,79,79,79,79,79,79,79,79,79],"card_choices":[{"not_picked":["Halt"],"picked":"EmptyFist","floor":1},{"not_picked":["CrushJoints"],"picked":"FollowUp","floor":3},{"not_picked":["Finesse"],"picked":"Flash of Steel","floor":6},{"not_picked":["SashWhip"],"picked":"PathToVictory","floor":7},{"not_picked":["SandsOfTime"],"picked":"PathToVictory","floor":13},{"not_picked":["Good Instincts"],"picked":"CrushJoints","floor":14},{"not_picked":["Master of Strategy"],"picked":"Devotion","floor":16},{"not_picked":["Evaluate+1"],"picked":"Consecrate+1","floor":18},{"not_picked":["ClearTheMind"],"picked":"Blind","floor":20},{"not_picked":["SashWhip+1"],"picked":"Crescendo","floor":21},{"not_picked":["CutThroughFate"],"picked":"FlyingSleeves","floor":25},{"not_picked":["SignatureMove"],"picked":"ClearTheMind","floor":27},{"not_picked":["WheelKick"],"picked":"SashWhip+1","floor":28},{"not_picked":["Indignation+1"],"picked":"Prostrate","floor":30},{"not_picked":["CutThroughFate"],"picked":"MentalFortress+1","floor":31},{"not_picked":["SashWhip"],"picked":"Secret Weapon","floor":32},{"not_picked":["Secret Weapon"],"picked":"Establishment","floor":33},{"not_picked":["JustLucky"],"picked":"SignatureMove+1","floor":35},{"not_picked":["BowlingBash+1"],"picked":"Wallop","floor":36},{"not_picked":["Discovery"],"picked":"Sadistic Nature","floor":37},{"not_picked":["MentalFortress"],"picked":"Panacea+1","floor":38}],"player_experience":379407,"relics_obtained":[{"floor":6,"key":"Strawberry"},{"floor":9,"key":"Akabeko"},{"floor":26,"key":"Dream Catcher"},{"floor":38,"key":"Dead Branch"}],"event_choices":[{"cards_removed":["ThirdEye"],"damage_healed":5,"gold_gain":0,"player_choice":"Offered Common","damage_taken":0,"max_hp_gain":0,"max_hp_loss":0,"event_name":"Bonfire Elementals","floor":2,"gold_loss":0},{"cards_removed":["ThirdEye"],"damage_healed":5,"gold_gain":0,"player_choice":"Offered Special","damage_taken":0,"max_hp_gain":0,"max_hp_loss":0,"event_name":"Bonfire Elementals","floor":2,"gold_loss":0},{"damage_healed":0,"gold_gain":0,"player_choice":"Rummage","damage_taken":0,"relics_obtained":["WarpedTongs"],"max_hp_gain":0,"max_hp_loss":0,"event_name":"Accursed Blacksmith","floor":4,"gold_loss":0,"cards_obtained":["Pain"]},{"damage_healed":0,"gold_gain":0,"player_choice":"1 cards matched","damage_taken":0,"max_hp_gain":0,"max_hp_loss":0,"event_name":"Match and Keep!","floor":11,"gold_loss":0,"cards_obtained":["Eruption"]},{"damage_healed":0,"gold_gain":0,"player_choice":"Opened","damage_taken":0,"relics_obtained":["Pantograph"],"max_hp_gain":0,"max_hp_loss":0,"event_name":"The Mausoleum","floor":22,"gold_loss":0},{"damage_healed":0,"gold_gain":0,"player_choice":"Inject Mutagens","damage_taken":0,"relics_obtained":["MutagenicStrength"],"max_hp_gain":0,"max_hp_loss":0,"event_name":"Drug Dealer","floor":23,"gold_loss":0},{"damage_healed":0,"gold_gain":0,"player_choice":"Ignored","damage_taken":0,"max_hp_gain":0,"max_hp_loss":0,"event_name":"Ghosts","floor":29,"gold_loss":0},{"damage_healed":0,"gold_gain":0,"player_choice":"Memory 1","damage_taken":0,"max_hp_gain":0,"max_hp_loss":0,"event_name":"SensoryStone","floor":37,"gold_loss":0},{"damage_healed":0,"gold_gain":0,"player_choice":"Fight","damage_taken":0,"max_hp_gain":0,"max_hp_loss":0,"event_name":"MindBloom","floor":38,"gold_loss":0},{"damage_healed":0,"gold_gain":0,"player_choice":"Ignored","damage_taken":0,"max_hp_gain":0,"max_hp_loss":0,"event_name":"Transmorgrifier","floor":39,"gold_loss":0}],"is_beta":false,"boss_relics":[{"not_picked":["Tiny House","Empty Cage"],"picked":"HolyWater"},{"not_picked":["Pandora\u0027s Box","Fusion Hammer"],"picked":"Philosopher\u0027s Stone"}],"items_purged_floors":[5],"is_endless":false,"potions_floor_spawned":[1,13,14,20,27,30,35],"killed_by":"Reptomancer","ascension_level":0}}