{"host":"fdq5pmhluajjrf8d","time":1607898502,"event":{"mods":["BaseMod","Minty Spire (QoL Compilation)"],"gold_per_floor":[110,110,127,144,162,193,193,193,193,193,209,284,284,302,302,373,373,391,47,47,47],"floor_reached":20,"playtime":810,"items_purged":[],"score":339,"play_id":"b33627d3-3571-4482-bc4e-124f9b8c7cb0","local_time":"20201213172822","is_ascension_mode":true,"campfire_choices":[{"floor":8,"key":"REST"},{"floor":10,"key":"REST"},{"data":"Hello World","floor":15,"key":"SMITH"}],"circlet_count":0,"master_deck":["AscendersBane","Strike_B","Strike_B+1","Strike_B","Defend_B","Defend_B","Defend_B+1","Zap","Dualcast","Force Field","Hologram","Heatsinks","Sunder","Hello World+1","Rip and Tear","Amplify"],"relics":["Cracked Core","Anchor","Peace Pipe","Mercury Hourglass","Philosopher\u0027s Stone","PreservedInsect","MealTicket"],"acts_visited":["Exordium","TheCity"],"potions_floor_usage":[6,16,16,18],"damage_taken":[{"damage":4,"enemies":"Small Slimes","floor":1,"turns":3},{"damage":0,"enemies":"2 Louse","floor":3,"turns":1},{"damage":1,"enemies":"Cultist","floor":4,"turns":3},{"damage":0,"enemies":"Large Slime","floor":5,"turns":4},{"damage":24,"enemies":"Gremlin Nob","floor":6,"turns":4},{"damage":0,"enemies":"3 Louse","floor":11,"turns":2},{"damage":0,"enemies":"2 Fungi Beasts","floor":14,"turns":2},{"damage":20,"enemies":"Slime Boss","floor":16,"turns":10},{"damage":27,"enemies":"2 Thieves","floor":18,"turns":4},{"damage":33,"enemies":"3 Byrds","floor":20,"turns":3}],"seed_played":"6079448239100241632","potions_obtained":[{"floor":1,"key":"Fire Potion"},{"floor":4,"key":"Strength Potion"},{"floor":6,"key":"ColorlessPotion"},{"floor":16,"key":"SteroidPotion"}],"is_trial":false,"path_per_floor":["M","?","M","M","M","E","?","R","T","R","M","?","?","M","R","B",null,"M","$","M"],"character_chosen":"DEFECT","items_purchased":["PreservedInsect","MealTicket"],"campfire_rested":2,"item_purchase_floors":[19,19],"current_hp_per_floor":[60,55,55,54,54,30,11,30,30,49,49,38,59,59,59,39,58,31,31,0,0],"gold":47,"neow_bonus":"TRANSFORM_TWO_CARDS","is_daily":false,"chose_seed":false,"campfire_upgraded":1,"win_rate":0.0,"timestamp":1607898502,"path_taken":["M","?","M","M","M","E","?","R","T","R","M","?","?","M","R","BOSS","M","$","M"],"items_purchased_type":["Relic","Relic"],"build_version":"2020-11-30","purchased_purges":0,"victory":false,"max_hp_per_floor":[64,64,64,64,64,64,64,64,64,64,64,64,64,64,64,64,64,64,64,64,64],"card_choices":[{"not_picked":["Consume","Sunder"],"picked":"Heatsinks","floor":1},{"not_picked":["Scrape","Hello World","Chill"],"picked":"SKIP","floor":3},{"not_picked":["Turbo","Rebound"],"picked":"Sunder","floor":4},{"not_picked":["Hologram","Coolheaded"],"picked":"Hello World","floor":5},{"not_picked":["Barrage","Fission"],"picked":"Rip and Tear","floor":6},{"not_picked":["Turbo","Consume","Steam"],"picked":"SKIP","floor":11},{"not_picked":["Beam Cell","Streamline","Coolheaded"],"picked":"SKIP","floor":14},{"not_picked":["Rainbow","Multi-Cast"],"picked":"Amplify","floor":16},{"not_picked":["Streamline","Redo","Steam"],"picked":"SKIP","floor":18}],"player_experience":1851978,"relics_obtained":[{"floor":6,"key":"Peace Pipe"},{"floor":9,"key":"Mercury Hourglass"}],"event_choices":[{"damage_healed":0,"gold_gain":0,"player_choice":"Success","damage_taken":5,"relics_obtained":["Anchor"],"max_hp_gain":0,"max_hp_loss":0,"event_name":"Scrap Ooze","floor":2,"gold_loss":0},{"damage_healed":0,"gold_gain":0,"player_choice":"Entered Light","damage_taken":19,"max_hp_gain":0,"max_hp_loss":0,"event_name":"Shining Light","floor":7,"gold_loss":0,"cards_upgraded":["Defend_B","Strike_B"]},{"damage_healed":0,"gold_gain":75,"player_choice":"Gather Gold","damage_taken":11,"max_hp_gain":0,"max_hp_loss":0,"event_name":"World of Goop","floor":12,"gold_loss":0},{"damage_healed":21,"gold_gain":0,"player_choice":"Banana","damage_taken":0,"max_hp_gain":0,"max_hp_loss":0,"event_name":"Big Fish","floor":13,"gold_loss":0}],"is_beta":false,"boss_relics":[{"not_picked":["Runic Dome","Busted Crown"],"picked":"Philosopher\u0027s Stone"}],"items_purged_floors":[],"is_endless":false,"potions_floor_spawned":[1,4,6,11,16],"killed_by":"3 Byrds","ascension_level":19}}