{"host":"yllrlz30c75z9571","time":1607819194,"event":{"mods":["AchievementEnabler","Aspiration","Bard","BaseMod","Beaked The Cultist","Better Altar","Better Match","Better Note","Better Sensory Stone","Better Skull","Better Third Choice","BetterRewards","CCEM","Clawfect","Colored Map","Conspire","Downfall","GifTheSpireLib","Googly Eyes","Halation","Hermit","Highlight Path","Hubris","Hunter ??","Infinite Spire","Jedi Mod","Jorbs\u0027s Wanderer Trilogy","Mad Scientist","Marisa????????","Mimic Mod","Minty Spire (QoL Compilation)","Permanent Neow","Replay The Spire","Shade Mod","Shop Mod","Spicy Shops","StSLib","Stuff the Spire","The Administrix","The Blackbeard","The Bug Knight","The Construct","The Cursed","The Gatherer","The Hierophant","The IronCluck","The Jungle","The Mystic","The Necromancer","The Problem Sleuth","The Runesmith","The Servant 0.9.4","The Spell Scribe","The Witch","Unceasing Turn Reminder","[IsaacMod]????","everything is the same but u backflip on backflip","slay the spire mod where everything is the same but ironclad has a cowboy hat"],"gold_per_floor":[113,113,13,49,49,49,49,84,84,84,84,121,151,4,61,98,98,213,213,246,314,255,255,255,255,289,241,292,270,268,116,116,142,142,17,17,17],"floor_reached":35,"playtime":2065,"items_purged":[],"score":280,"play_id":"3381ffc1-90ac-4478-bb14-18b192a14aa9","local_time":"20201213002634","is_ascension_mode":false,"campfire_choices":[{"data":"conspire:SpireCoStock","floor":9,"key":"SMITH"},{"floor":17,"key":"REST"},{"floor":32,"key":"REST"},{"floor":34,"key":"REST"}],"circlet_count":0,"master_deck":["blackbeard:BlackbeardStrike","blackbeard:BlackbeardStrike","blackbeard:BlackbeardStrike","blackbeard:BlackbeardStrike","blackbeard:IntimidatingStrike","blackbeard:BlackbeardDefend","blackbeard:BlackbeardDefend","blackbeard:BlackbeardDefend","blackbeard:BlackbeardDefend","blackbeard:Cutlass","blackbeard:CannonBarrage","conspire:SpireCoStock","conspire:SpireCoStock+1","blackbeard:CloakAndCannonball","blackbeard:Sharpening","blackbeard:AgileStrike","blackbeard:RearmingStrike","blackbeard:RearmingStrike","blackbeard:BeatUp","blackbeard:BountyHunter","blackbeard:Sword+1","blackbeard:Sword","blackbeard:Fencing","infinitespire:FutureSight","blackbeard:DoubleCannonball","blackbeard:JollyRoger","blackbeard:Dagger","blackbeard:CannonballSupply","blackbeard:RemoveScurvy","blackbeard:RemoveScurvy","blackbeard:TerrorOfTheSeas"],"relics":["blackbeard:LoadTheGoldenCannons","HushsDoor","Durian","hubris:BottledRain","Blood Vial","TuHaoJin","SteamSale","jedi:arcanewood","Toolbox"],"acts_visited":["Exordium","Exordium"],"potions_floor_usage":[13,13,20,20,30,30],"damage_taken":[{"damage":3,"enemies":"Jaw Worm","floor":1,"turns":3},{"damage":0,"enemies":"Small Slimes","floor":4,"turns":3},{"damage":6,"enemies":"Cultist","floor":8,"turns":3},{"damage":16,"enemies":"Blue Slaver","floor":12,"turns":4},{"damage":0,"enemies":"Looter","floor":13,"turns":4},{"damage":13,"enemies":"2 Fungi Beasts","floor":15,"turns":3},{"damage":11,"enemies":"Lots of Slimes","floor":16,"turns":4},{"damage":23,"enemies":"Slime Boss","floor":18,"turns":10},{"damage":37,"enemies":"theJungle:Flameango_and_Byrd","floor":20,"turns":5},{"damage":10,"enemies":"theJungle:5_Spyders","floor":21,"turns":5},{"damage":39,"enemies":"theJungle:2_Flameangoes","floor":22,"turns":5},{"damage":15,"enemies":"theJungle:JungleHuntersEncounter","floor":26,"turns":5},{"damage":0,"enemies":"Snake Plant","floor":27,"turns":1},{"damage":0,"enemies":"theJungle:Lyon","floor":29,"turns":2},{"damage":1,"enemies":"theJungle:Snecko_Cultist_And_Trap","floor":30,"turns":3},{"damage":42,"enemies":"Snake Plant","floor":33,"turns":4},{"damage":47,"enemies":"theJungle:QueenSpyder","floor":35,"turns":8}],"seed_played":"8146743643328520735","potions_obtained":[{"floor":4,"key":"ColorlessPotion"},{"floor":13,"key":"jedi:mysterypotion"},{"floor":15,"key":"Ancient Potion"},{"floor":18,"key":"Fruit Juice"},{"floor":22,"key":"Explosive Potion"},{"floor":26,"key":"Weak Potion"},{"floor":33,"key":"Swift Potion"}],"is_trial":false,"path_per_floor":["M","?","?","M","PTL","PTL","?","M","R","?","T","M","M","$","M","M","R","B",null,"M","M","M","?","AVR","?","M","M","T","M","M","$","R","M","R","B"],"character_chosen":"BLACKBEARD_CLASS","items_purchased":["Blood Vial","jedi:arcanewood","Toolbox","blackbeard:RemoveScurvy"],"campfire_rested":3,"item_purchase_floors":[14,31,31,31],"current_hp_per_floor":[79,84,84,84,84,84,89,83,83,92,92,76,76,76,65,56,83,62,92,60,52,15,15,15,15,2,4,4,6,7,7,36,6,35,0,0,0],"gold":17,"neow_bonus":"TEN_PERCENT_HP_BONUS","is_daily":false,"chose_seed":false,"campfire_upgraded":1,"win_rate":0.0,"timestamp":1607819194,"path_taken":["M","?","?","M","PTL","PTL","?","?","R","?","T","M","M","?","M","?","R","BOSS","M","M","M","?","AVR","?","M","M","T","M","M","$","R","M","R","BOSS"],"items_purchased_type":["Relic","Relic","Relic","Card"],"build_version":"2020-11-30","purchased_purges":0,"victory":false,"max_hp_per_floor":[82,87,87,87,87,87,92,92,92,92,92,92,92,92,92,92,92,92,92,97,97,97,97,97,97,97,97,97,97,97,97,97,97,97,97,97,97],"card_choices":[{"not_picked":["blackbeard:CaptainsCabin","blackbeard:DoubleCannonball"],"picked":"blackbeard:CannonBarrage","floor":1},{"not_picked":["blackbeard:GoldenStrike","blackbeard:Fencing"],"picked":"blackbeard:CloakAndCannonball","floor":4},{"not_picked":["blackbeard:DangerousBlow","blackbeard:SmithingHammer"],"picked":"blackbeard:Sharpening","floor":8},{"not_picked":["blackbeard:CannonBarrage","blackbeard:VengefulSpirit"],"picked":"blackbeard:AgileStrike","floor":12},{"not_picked":["blackbeard:Toast","blackbeard:Sword"],"picked":"blackbeard:RearmingStrike","floor":13},{"not_picked":["blackbeard:Rum","blackbeard:Bandana"],"picked":"blackbeard:RearmingStrike","floor":15},{"not_picked":["blackbeard:DoubleBottom","blackbeard:Toast"],"picked":"blackbeard:BeatUp","floor":16},{"not_picked":["blackbeard:HumongousCannonball","blackbeard:Intoxication"],"picked":"blackbeard:BountyHunter","floor":18},{"not_picked":["blackbeard:SwordDance","blackbeard:WoodenLeg"],"picked":"blackbeard:Sword+1","floor":20},{"not_picked":["blackbeard:DeadlyArsenal","blackbeard:WiseDefense"],"picked":"blackbeard:Sword","floor":21},{"not_picked":["blackbeard:SwordDance","blackbeard:BlindAttacks"],"picked":"blackbeard:Fencing","floor":22},{"not_picked":["blackbeard:DeadlyArsenal","blackbeard:CannonBarrage+1"],"picked":"blackbeard:DoubleCannonball","floor":26},{"not_picked":["blackbeard:RearmingStrike+1","blackbeard:CannonBarrage"],"picked":"blackbeard:JollyRoger","floor":27},{"not_picked":["blackbeard:CatONineTails","blackbeard:Sharpening"],"picked":"blackbeard:Dagger","floor":29},{"not_picked":["blackbeard:Rum","blackbeard:Sword+1"],"picked":"blackbeard:CannonballSupply","floor":30},{"not_picked":["blackbeard:Scrap","blackbeard:Toast"],"picked":"blackbeard:TerrorOfTheSeas","floor":33}],"player_experience":132677,"relics_obtained":[{"floor":2,"key":"Durian"},{"floor":11,"key":"hubris:BottledRain"},{"floor":28,"key":"SteamSale"}],"event_choices":[{"damage_healed":0,"gold_gain":0,"player_choice":"Invest 2","damage_taken":0,"max_hp_gain":0,"max_hp_loss":0,"event_name":"conspire:Investor","floor":3,"gold_loss":0},{"damage_healed":0,"gold_gain":0,"player_choice":"Donut","damage_taken":0,"max_hp_gain":5,"max_hp_loss":0,"event_name":"Big Fish","floor":7,"gold_loss":0},{"damage_healed":0,"gold_gain":0,"player_choice":"Gold","damage_taken":0,"max_hp_gain":0,"max_hp_loss":0,"event_name":"Wheel of Change","floor":25,"gold_loss":0}],"is_beta":false,"boss_relics":[{"not_picked":["MagicMushroom","ChampionBelt"],"picked":"blackbeard:LoadTheGoldenCannons"},{"not_picked":[]}],"items_purged_floors":[],"is_endless":false,"potions_floor_spawned":[4,13,15,18,22,26,33],"killed_by":"theJungle:QueenSpyder","ascension_level":0}}