{"host":"Ilker","time":1607830801,"event":{"mods":["BaseMod","Bestiary","Block Reminder","Colored Map","DeckTracker","Highlight Path","Minty Spire (QoL Compilation)","Quick Restart","Relic Sorter","Relic Stats"],"gold_per_floor":[115,135,145,145,160,160,160,160],"floor_reached":7,"playtime":350,"items_purged":[],"score":85,"play_id":"00a0b596-6e86-4787-8713-ac54130abc78","local_time":"20201213064001","is_ascension_mode":true,"campfire_choices":[{"data":"Immolate","floor":6,"key":"SMITH"}],"circlet_count":0,"master_deck":["AscendersBane","Strike_R","Strike_R","Strike_R","Strike_R","Strike_R","Defend_R","Defend_R","Defend_R","Defend_R","Bash","Offering","Pommel Strike","Bloodletting","Immolate+1"],"relics":["Burning Blood","Spirit Poop"],"acts_visited":["Exordium"],"potions_floor_usage":[5],"damage_taken":[{"damage":12,"enemies":"2 Louse","floor":1,"turns":3},{"damage":6,"enemies":"Cultist","floor":2,"turns":3},{"damage":11,"enemies":"Jaw Worm","floor":3,"turns":3},{"damage":21,"enemies":"Gremlin Gang","floor":5,"turns":6},{"damage":54,"enemies":"Gremlin Nob","floor":7,"turns":3}],"seed_played":"7718937062307092155","potions_obtained":[{"floor":1,"key":"Energy Potion"}],"is_trial":false,"path_per_floor":["M","M","M","?","M","R","E"],"character_chosen":"IRONCLAD","items_purchased":[],"campfire_rested":0,"item_purchase_floors":[],"current_hp_per_floor":[62,62,57,57,42,42,0,0],"gold":160,"neow_bonus":"THREE_RARE_CARDS","is_daily":false,"chose_seed":false,"campfire_upgraded":1,"win_rate":0.0,"timestamp":1607830801,"path_taken":["M","M","M","?","M","R","E"],"items_purchased_type":[],"build_version":"2020-12-07","purchased_purges":0,"victory":false,"max_hp_per_floor":[75,75,75,75,75,75,75,75],"relic_stats":{"counters":[5,18],"obtain_stats":[{"Spirit Poop":4,"Burning Blood":0},{"Spirit Poop":3,"Burning Blood":0},{"Spirit Poop":9,"Burning Blood":0}],"Burning Blood":24},"card_choices":[{"not_picked":["Impervious","Fiend Fire"],"picked":"Offering","floor":0.0},{"not_picked":["Havoc","Flex"],"picked":"Pommel Strike","floor":1},{"not_picked":["Warcry","Wild Strike"],"picked":"Bloodletting","floor":2},{"not_picked":["Flex","Armaments","Cleave"],"picked":"SKIP","floor":3},{"not_picked":["Feel No Pain","Body Slam"],"picked":"Immolate","floor":5}],"player_experience":1653611,"relics_obtained":[],"event_choices":[{"cards_removed":["Injury"],"damage_healed":0,"gold_gain":0,"player_choice":"Offered Curse","damage_taken":0,"relics_obtained":["Spirit Poop"],"max_hp_gain":0,"max_hp_loss":0,"event_name":"Bonfire Elementals","floor":4,"gold_loss":0}],"is_beta":true,"boss_relics":[],"items_purged_floors":[],"is_endless":false,"potions_floor_spawned":[1],"killed_by":"Gremlin Nob","ascension_level":20}}