{"host":"cjhtzh7tp54jdfyv","time":1607870626,"event":{"mods":["BaseMod","Minty Spire (QoL Compilation)"],"gold_per_floor":[364,145,155,167,183,218,218,233,233,6,6,6,6,6],"floor_reached":13,"playtime":709,"items_purged":["Strike_R"],"score":170,"play_id":"65922f3b-7bca-4ab7-a9bd-a95ca1157b2c","local_time":"20201213094346","is_ascension_mode":true,"campfire_choices":[{"data":"Demon Form","floor":7,"key":"SMITH"}],"circlet_count":0,"master_deck":["AscendersBane","Strike_R","Strike_R","Strike_R","Strike_R","Defend_R","Defend_R","Defend_R","Defend_R","Bash","Hemokinesis","Fire Breathing","Demon Form+1","Cleave","Corruption"],"relics":["Burning Blood","OrangePellets","Anchor","Singing Bowl","Shuriken"],"acts_visited":["Exordium"],"potions_floor_usage":[8,13],"damage_taken":[{"damage":2,"enemies":"Cultist","floor":1,"turns":4},{"damage":6,"enemies":"Jaw Worm","floor":3,"turns":4},{"damage":5,"enemies":"2 Louse","floor":4,"turns":2},{"damage":13,"enemies":"Looter","floor":5,"turns":2},{"damage":32,"enemies":"3 Sentries","floor":6,"turns":5},{"damage":15,"enemies":"Exordium Thugs","floor":8,"turns":4},{"damage":26,"enemies":"Gremlin Nob","floor":13,"turns":3}],"seed_played":"-6818651198705435001","potions_obtained":[{"floor":1,"key":"Weak Potion"}],"is_trial":false,"path_per_floor":["M","$","M","M","M","E","R","M","T","$","?","?","E"],"character_chosen":"IRONCLAD","items_purchased":["OrangePellets","Fire Potion","Corruption"],"campfire_rested":0,"item_purchase_floors":[2,2,10],"current_hp_per_floor":[68,68,68,68,61,35,35,26,26,26,48,22,0,0],"gold":6,"neow_bonus":"TWO_FIFTY_GOLD","is_daily":false,"chose_seed":false,"campfire_upgraded":1,"win_rate":0.0,"timestamp":1607870626,"path_taken":["M","$","M","M","M","E","R","M","T","$","?","?","E"],"items_purchased_type":["Relic","Potion","Card"],"build_version":"2020-11-30","purchased_purges":1,"victory":false,"max_hp_per_floor":[68,68,68,68,68,68,68,68,68,68,68,68,68,68],"card_choices":[{"not_picked":["Iron Wave","Pommel Strike"],"picked":"Hemokinesis","floor":1},{"not_picked":["Searing Blow","Twin Strike","Body Slam"],"picked":"SKIP","floor":3},{"not_picked":["Twin Strike","Clothesline","Wild Strike"],"picked":"SKIP","floor":4},{"not_picked":["Burning Pact","Cleave"],"picked":"Fire Breathing","floor":5},{"not_picked":["Body Slam","Anger"],"picked":"Demon Form","floor":6},{"not_picked":["Body Slam","Spot Weakness"],"picked":"Cleave","floor":8}],"player_experience":4235606,"relics_obtained":[{"floor":6,"key":"Anchor"},{"floor":9,"key":"Singing Bowl"}],"event_choices":[{"damage_healed":22,"gold_gain":0,"player_choice":"Banana","damage_taken":0,"max_hp_gain":0,"max_hp_loss":0,"event_name":"Big Fish","floor":11,"gold_loss":0},{"damage_healed":0,"gold_gain":0,"player_choice":"Success","damage_taken":26,"relics_obtained":["Shuriken"],"max_hp_gain":0,"max_hp_loss":0,"event_name":"Scrap Ooze","floor":12,"gold_loss":0}],"is_beta":false,"boss_relics":[],"items_purged_floors":[10],"is_endless":false,"potions_floor_spawned":[1,5],"killed_by":"Gremlin Nob","ascension_level":20}}