{"host":"bg0cyinkrjnqf173","time":1607831774,"event":{"mods":["Aspiration","BaseMod","Beaked The Cultist","Better Third Choice","BetterRewards","Colored Map","Conspire","Defuse TimeMaze Blight","Displayed Cursed Tome","Googly Eyes","Halation","Hubris","Infinite Spire","Jedi Mod","Minty Spire (QoL Compilation)","Permanent Neow","Quick Restart","Rare Cards Sparkle","Relic Sorter","Replay The Spire","Shop Mod","Spicy Shops","Spikes Relics","StSLib","The Bladedancer","The Construct","The Runesmith","The Valiant"],"gold_per_floor":[216,216,216,216,0,26,38,38,108,139,139,139,152,152,152,249,249,265,265,280,290,290,317,242,273,273,273,273,287,287,306,306,410,410,426,426,426,426,426],"floor_reached":38,"playtime":1537,"items_purged":["Strike_B"],"score":465,"play_id":"31b3350a-88d7-4859-bbc4-74fb5c210a76","local_time":"20201212225614","is_ascension_mode":true,"campfire_choices":[{"data":"ReplayTheSpireMod:Dual Polarity","floor":8,"key":"SMITH"},{"data":"Ball Lightning","floor":12,"key":"SMITH"},{"floor":15,"key":"REST"},{"data":"Redo","floor":27,"key":"SMITH"},{"floor":32,"key":"REST"}],"circlet_count":0,"master_deck":["Defend_B","Defend_B","Defend_B","Defend_B","Zap","Dualcast","Leap","Ball Lightning","Ball Lightning+1","ReplayTheSpireMod:Dual Polarity+1","ReplaySort","Panic Button","Echo Form+1","Conserve Battery","Skim","Ball Lightning","Reinforced Body","conspire:SharedLibrary","Redo+1","Barrage+1","Loop","Stack+1","Mirror Shield","Conserve Battery+1","Leap"],"relics":["Cracked Core","halation:EternalFortune","ShockBauble","DataDisk","Huge Egg","infinitespire:SolderingIron","Winged Necklace","aspiration:Lifesprig","AncientExoskeleton","aspiration:Stellarator","halation:PrussianBluePaint","Bronze Scales","aspiration:DSix","Busted Crown","hubris:Towel"],"acts_visited":["Exordium","TheCity","TheBeyond"],"potions_floor_usage":[25,33],"damage_taken":[{"damage":2,"enemies":"2 Louse","floor":1,"turns":2},{"damage":12,"enemies":"Lagavulin","floor":6,"turns":5},{"damage":1,"enemies":"Small Slimes","floor":7,"turns":3},{"damage":16,"enemies":"3 Sentries","floor":10,"turns":6},{"damage":0,"enemies":"conspire:RoseBush","floor":13,"turns":2},{"damage":24,"enemies":"Fading Forest","floor":16,"turns":11},{"damage":0,"enemies":"Chosen","floor":18,"turns":3},{"damage":12,"enemies":"3 Byrds","floor":20,"turns":5},{"damage":1,"enemies":"Centurion and Healer","floor":21,"turns":7},{"damage":18,"enemies":"Nightmare","floor":23,"turns":6},{"damage":0,"enemies":"Gremlin Leader","floor":25,"turns":5},{"damage":29,"enemies":"Sentry and Sphere","floor":29,"turns":5},{"damage":11,"enemies":"3 Cultists","floor":31,"turns":5},{"damage":34,"enemies":"Automaton","floor":33,"turns":8},{"damage":0,"enemies":"Orb Walker","floor":35,"turns":3},{"damage":0,"enemies":"3 Darklings","floor":38,"turns":1}],"seed_played":"-7159662103103065549","potions_obtained":[{"floor":7,"key":"BlessingOfTheForge"},{"floor":10,"key":"Fire Potion"},{"floor":13,"key":"SneckoOil"},{"floor":25,"key":"AttackPotion"}],"is_trial":false,"path_per_floor":["M","?","?","T","$","E","M","R","T","E","?","R","M","$","R","B",null,"M","AVR","M","M","?","NM","$","E","T","R","?","M","$","M","R","B",null,"M","?","?","M"],"character_chosen":"DEFECT","items_purchased":["DataDisk","Ball Lightning"],"campfire_rested":2,"item_purchase_floors":[5,5],"current_hp_per_floor":[73,76,76,76,76,64,63,63,63,47,47,47,47,47,70,63,78,78,78,66,65,65,47,47,47,47,47,47,18,18,7,30,51,78,78,78,78,78,78],"gold":426,"neow_bonus":"HUNDRED_GOLD","is_daily":false,"chose_seed":false,"campfire_upgraded":3,"win_rate":0.0,"timestamp":1607831774,"path_taken":["M","?","?","?","$","E","M","R","T","E","?","R","M","$","R","BOSS","M","AVR","M","M","?","NM","$","E","T","R","?","?","?","M","R","BOSS","M","?","?","M"],"items_purchased_type":["Relic","Card"],"build_version":"2020-11-30","purchased_purges":1,"victory":false,"max_hp_per_floor":[75,78,78,78,78,78,78,78,78,78,78,78,78,78,78,78,78,78,78,78,78,78,78,78,78,78,78,78,78,78,78,78,78,78,78,78,78,78,78],"card_choices":[{"not_picked":["Steam","conspire:Rain"],"picked":"Leap","floor":1},{"not_picked":["Genetic Algorithm","Go for the Eyes"],"picked":"Ball Lightning","floor":6},{"not_picked":["Auto Shields","Panic Button"],"picked":"ReplayTheSpireMod:Dual Polarity","floor":7},{"not_picked":["Reprogram","Coolheaded"],"picked":"ReplaySort","floor":10},{"not_picked":["jedi:overflow","Lockon"],"picked":"Panic Button","floor":13},{"not_picked":["Electrodynamics","jedi:studyfrost"],"picked":"Echo Form","floor":16},{"not_picked":["Recycle","Rebound"],"picked":"Conserve Battery","floor":18},{"not_picked":["Rebound","Hologram"],"picked":"Skim","floor":20},{"not_picked":["Streamline","Leap"],"picked":"Ball Lightning","floor":21},{"not_picked":["Hello World","FTL"],"picked":"Redo","floor":23},{"not_picked":["Core Surge","hubris:PowerSurge"],"picked":"Barrage+1","floor":25},{"not_picked":["ReplayTheSpireMod:Reroute Power","Panic Button"],"picked":"Loop","floor":29},{"not_picked":["jedi:BurstFrost","Fusion"],"picked":"Stack+1","floor":31},{"not_picked":["Hyperbeam","Multi-Cast"],"picked":"Mirror Shield","floor":33},{"not_picked":[],"picked":"Conserve Battery+1","floor":35}],"player_experience":739372,"relics_obtained":[{"floor":4,"key":"ShockBauble"},{"floor":6,"key":"Huge Egg"},{"floor":9,"key":"infinitespire:SolderingIron"},{"floor":10,"key":"Winged Necklace"},{"floor":11,"key":"aspiration:Lifesprig"},{"floor":23,"key":"halation:PrussianBluePaint"},{"floor":25,"key":"Bronze Scales"},{"floor":26,"key":"aspiration:DSix"}],"event_choices":[{"damage_healed":0,"gold_gain":0,"player_choice":"Ignored","damage_taken":216,"max_hp_gain":0,"max_hp_loss":0,"event_name":"betterThird:BetterSerpent","floor":3,"gold_loss":0},{"damage_healed":0,"gold_gain":0,"cards_transformed":["Strike_B","Strike_B"],"player_choice":"Became Test Subject","damage_taken":0,"max_hp_gain":0,"max_hp_loss":0,"event_name":"Drug Dealer","floor":22,"gold_loss":0,"cards_obtained":["Reinforced Body","conspire:SharedLibrary"]},{"damage_healed":0,"gold_gain":0,"player_choice":"Ignored","damage_taken":0,"max_hp_gain":0,"max_hp_loss":0,"event_name":"NoteForYourself","floor":28,"gold_loss":0},{"damage_healed":0,"gold_gain":0,"cards_transformed":["Strike_B"],"player_choice":"Transformed","damage_taken":0,"max_hp_gain":0,"max_hp_loss":0,"event_name":"Transmorgrifier","floor":37,"gold_loss":0,"cards_obtained":["Leap"]}],"is_beta":false,"boss_relics":[{"not_picked":["ReplayTheSpireMod:DimensionalGlitch","Calling Bell"],"picked":"AncientExoskeleton"},{"not_picked":["Fusion Hammer","Snecko Eye"],"picked":"Busted Crown"}],"items_purged_floors":[24],"is_endless":true,"potions_floor_spawned":[7,10,13,18,23,25,31],"killed_by":"3 Darklings","ascension_level":1}}