{"host":"fhujvjnj99vjue08","time":1607877037,"event":{"mods":["2.2 Compatiblity","AchievementEnabler","Aspiration","Astrologer","BaseMod","Beaked The Cultist","BetterRewards","CatGirl Mod","Colored Map","Colored Powertips","Conjunction","Conspire","Custom Start","Friendly Minions","GifTheSpireLib","Googly Eyes","Halation","Highlight Path","Hubris","Hyrulean Relics","Infinite Spire","Magitek Elite","Mimic Mod","Minty Spire (QoL Compilation)","Replay The Spire","Reworked Bosses","Shop Mod","StSLib","Strawberry Spire","Stuff the Spire","The Bug Knight","The Factory","The Gatherer","The Jungle","The Servant 0.9.4","TheBandit","TheFirefly","egg","thorton","vexMod"],"gold_per_floor":[111,111,128,147,165,191,44,74,74,107,107,166,193,193,193,193,193],"floor_reached":16,"playtime":694,"items_purged":[],"score":176,"play_id":"2a8de658-235f-4d87-b2d3-1cd44314eed3","local_time":"20201213163037","is_ascension_mode":true,"campfire_choices":[{"data":"Blade Dance","floor":15,"key":"SMITH"}],"circlet_count":0,"master_deck":["Strike_G","Strike_G","Strike_G","Strike_G","Strike_G","Defend_G","Defend_G","Defend_G","Defend_G","Survivor","Neutralize+1","Underhanded Strike","strawberrySpire:SideSwipe","StuffTheSpire:Sprint","Blade Dance+1","Quick Slash","strawberrySpire:SideSwipe","PiercingWail","Setup","Poisoned Stab+1"],"relics":["Ring of the Snake","NeowsBlessing","Onion Ring","halation:Sosunser","infinitespire:EmpoweringShard","aspiration:TomeofQuesting","HornCleat","halation:EternalFortune","vexMod:InvisibilityCloak","Replay:Rubber Ducky"],"acts_visited":["Exordium"],"potions_floor_usage":[6,8,8,10],"damage_taken":[{"damage":0,"enemies":"2 Louse","floor":1,"turns":1},{"damage":0,"enemies":"Cultist","floor":3,"turns":1},{"damage":0,"enemies":"Small Slimes","floor":4,"turns":1},{"damage":5,"enemies":"Exordium Wildlife","floor":5,"turns":5},{"damage":24,"enemies":"Gremlin Nob","floor":6,"turns":4},{"damage":14,"enemies":"Lagavulin","floor":8,"turns":6},{"damage":2,"enemies":"3 Sentries","floor":10,"turns":8},{"damage":0,"enemies":"Gremlin Nob","floor":12,"turns":1},{"damage":0,"enemies":"Gremlin Nob","floor":13,"turns":3},{"damage":31,"enemies":"The Guardian","floor":16,"turns":3}],"seed_played":"-5113377348396764610","potions_obtained":[{"floor":1,"key":"Adrenaline Potion"},{"floor":5,"key":"Conjunction:LightningMarble"},{"floor":6,"key":"Reflective Coating"},{"floor":8,"key":"Toxic Potion"}],"is_trial":false,"path_per_floor":["M","?","M","M","M","E","$","E","T","E","?","?","E","?","R","B"],"character_chosen":"THE_SILENT","items_purchased":["halation:Sosunser"],"campfire_rested":0,"item_purchase_floors":[7],"current_hp_per_floor":[70,70,70,70,65,41,41,27,27,25,28,28,28,28,28,0,0],"gold":193,"neow_bonus":"THREE_ENEMY_KILL","is_daily":false,"chose_seed":false,"campfire_upgraded":1,"win_rate":0.0,"timestamp":1607877037,"path_taken":["M","?","M","?","M","E","$","E","T","E","?","?","E","?","R","BOSS"],"items_purchased_type":["Relic"],"build_version":"2020-11-30","purchased_purges":0,"victory":false,"max_hp_per_floor":[70,70,70,70,70,70,70,70,70,70,73,73,73,73,73,73,73],"card_choices":[{"not_picked":["Deadly Poison","strawberrySpire:HopSkipAndJump"],"picked":"Underhanded Strike","floor":1},{"not_picked":["strawberrySpire:Grapple","strawberrySpire:SpinKick"],"picked":"strawberrySpire:SideSwipe","floor":3},{"not_picked":["Acrobatics","Reflex"],"picked":"StuffTheSpire:Sprint","floor":4},{"not_picked":["Outmaneuver","Acrobatics"],"picked":"Blade Dance","floor":5},{"not_picked":["StuffTheSpire:BumpUp","StuffTheSpire:Incursion"],"picked":"Quick Slash","floor":6},{"not_picked":["Leg Sweep","Fluid Movement","strawberrySpire:Trickbox"],"picked":"SKIP","floor":8},{"not_picked":["Draining Mist","Acrobatics"],"picked":"strawberrySpire:SideSwipe","floor":10},{"not_picked":["strawberrySpire:Rummage","Dodge and Roll"],"picked":"PiercingWail","floor":12},{"not_picked":["hubris:TrickCloak","Expertise"],"picked":"Setup","floor":13}],"player_experience":294493,"relics_obtained":[{"floor":6,"key":"Onion Ring"},{"floor":8,"key":"infinitespire:EmpoweringShard"},{"floor":9,"key":"aspiration:TomeofQuesting"},{"floor":10,"key":"HornCleat"},{"floor":12,"key":"vexMod:InvisibilityCloak"},{"floor":13,"key":"Replay:Rubber Ducky"}],"event_choices":[{"damage_healed":0,"gold_gain":0,"player_choice":"Upgraded","damage_taken":0,"max_hp_gain":0,"max_hp_loss":0,"event_name":"Upgrade Shrine","floor":2,"gold_loss":0,"cards_upgraded":["Neutralize"]},{"damage_healed":0,"gold_gain":0,"player_choice":"Searched \u00271\u0027 times","damage_taken":0,"max_hp_gain":0,"max_hp_loss":0,"event_name":"Dead Adventurer","floor":12,"gold_loss":0}],"is_beta":false,"boss_relics":[],"items_purged_floors":[],"is_endless":false,"potions_floor_spawned":[1,5,6,8],"killed_by":"The Guardian","ascension_level":3}}