{"host":"63rwe7p34ct1i0qu","time":1607881037,"event":{"mods":["BaseMod","DeckTracker","Minty Spire (QoL Compilation)","Permanent Neow","Quick Restart","StSLib"],"gold_per_floor":[116,25,36,55,72,107,107,120,143,113,113,128,128,148,148,148,148],"floor_reached":16,"playtime":642,"items_purged":[],"score":140,"play_id":"4cb989c8-5629-4e76-9753-6f712adc7930","local_time":"20201214023717","is_ascension_mode":true,"campfire_choices":[{"floor":7,"key":"REST"},{"data":"Zap","floor":15,"key":"SMITH"}],"circlet_count":0,"master_deck":["Strike_B","Strike_B","Strike_B","Strike_B","Defend_B","Defend_B","Defend_B","Defend_B","Zap+1","Dualcast","CurseOfTheBell","Streamline","Self Repair","Turbo","BootSequence","Sunder","Hologram","Storm","Reprogram","White Noise","Rebound+1"],"relics":["Calling Bell","Smiling Mask","InkBottle","Incense Burner","Boot","Bronze Scales","Bag of Preparation","Molten Egg 2"],"acts_visited":["Exordium"],"potions_floor_usage":[4,16],"damage_taken":[{"damage":14,"enemies":"Small Slimes","floor":1,"turns":5},{"damage":0,"enemies":"Jaw Worm","floor":3,"turns":3},{"damage":3,"enemies":"2 Louse","floor":4,"turns":3},{"damage":9,"enemies":"Lots of Slimes","floor":5,"turns":3},{"damage":38,"enemies":"3 Sentries","floor":6,"turns":9},{"damage":12,"enemies":"Red Slaver","floor":8,"turns":4},{"damage":1,"enemies":"Looter","floor":10,"turns":4},{"damage":3,"enemies":"3 Louse","floor":12,"turns":2},{"damage":12,"enemies":"Lots of Slimes","floor":14,"turns":4},{"damage":43,"enemies":"Hexaghost","floor":16,"turns":9}],"seed_played":"-6733826833697103136","potions_obtained":[{"floor":1,"key":"LiquidMemories"},{"floor":6,"key":"Dexterity Potion"},{"floor":8,"key":"LiquidMemories"},{"floor":14,"key":"Dexterity Potion"}],"is_trial":false,"path_per_floor":["M","$","M","M","M","E","R","M","T","M","?","M","T","M","R","B"],"character_chosen":"DEFECT","items_purchased":["Self Repair","Turbo"],"campfire_rested":1,"item_purchase_floors":[2,2],"current_hp_per_floor":[54,54,61,65,63,32,54,49,49,55,52,56,56,51,51,8,8],"gold":148,"neow_bonus":"BOSS_RELIC","is_daily":false,"chose_seed":false,"campfire_upgraded":1,"win_rate":0.0,"timestamp":1607881037,"path_taken":["M","$","M","M","M","E","R","M","T","M","?","M","?","M","R","BOSS"],"items_purchased_type":["Card","Card"],"build_version":"2020-11-30","purchased_purges":0,"victory":false,"max_hp_per_floor":[75,75,75,75,75,75,75,75,75,75,75,75,75,75,75,75,75],"card_choices":[{"not_picked":["Undo","Beam Cell"],"picked":"Streamline","floor":1},{"not_picked":["Static Discharge","Force Field"],"picked":"BootSequence","floor":3},{"not_picked":["Ball Lightning","Genetic Algorithm"],"picked":"Sunder","floor":4},{"not_picked":["Scrape","Redo"],"picked":"Hologram","floor":5},{"not_picked":["Reinforced Body","Force Field"],"picked":"Storm","floor":6},{"not_picked":["Barrage","Turbo","Sweeping Beam"],"picked":"SKIP","floor":8},{"not_picked":["Streamline","Ball Lightning"],"picked":"Reprogram","floor":10},{"not_picked":["Loop","Fission"],"picked":"White Noise","floor":12},{"not_picked":["Scrape+1","Fusion"],"picked":"Rebound+1","floor":14}],"player_experience":751502,"relics_obtained":[{"floor":0,"key":"Smiling Mask"},{"floor":0,"key":"InkBottle"},{"floor":0,"key":"Incense Burner"},{"floor":6,"key":"Boot"},{"floor":9,"key":"Bronze Scales"},{"floor":13,"key":"Molten Egg 2"}],"event_choices":[{"damage_healed":0,"gold_gain":0,"player_choice":"Success","damage_taken":3,"relics_obtained":["Bag of Preparation"],"max_hp_gain":0,"max_hp_loss":0,"event_name":"Scrap Ooze","floor":11,"gold_loss":0}],"is_beta":false,"boss_relics":[],"items_purged_floors":[],"is_endless":false,"potions_floor_spawned":[1,6,8,14],"killed_by":"Hexaghost","ascension_level":7}}