{"host":"3h5qf14xt40jhha0","time":1607896994,"event":{"mods":["AlwaysNeverKeys","BaseMod","Colored Powertips","Minty Spire (QoL Compilation)","Permanent Neow","Relic Stats","StSLib"],"gold_per_floor":[11,11,11,25,44,44,82,30,30,69,0,18,52,76,76,169,169,189,104,104,104,29,68,68,68,68,92,107,147,162,193,193,291,291,305,339,357,366,366,366,388,431,478,271,602,344,384,405,405,405,405,405,405,24,67,67,67],"floor_reached":56,"playtime":3704,"items_purged":["Dualcast","Zap+1","Strike_B+1"],"score":2362,"play_id":"80229cea-5d8f-4784-b720-b97dd5bff001","local_time":"20201213170314","is_ascension_mode":true,"campfire_choices":[{"data":"Go for the Eyes","floor":6.0,"key":"SMITH"},{"floor":15.0,"key":"REST"},{"data":"RitualDagger","floor":24.0,"key":"SMITH"},{"data":"Zap","floor":32.0,"key":"SMITH"},{"data":"Scrape","floor":40.0,"key":"SMITH"},{"floor":49.0,"key":"RECALL"},{"floor":53.0,"key":"REST"}],"circlet_count":0,"master_deck":["AscendersBane","Strike_B+1","Strike_B+1","Strike_B+1","Defend_B+1","Defend_B+1","Defend_B+1","Defend_B+1","Go for the Eyes+1","Rip and Tear","Cold Snap","Hologram+1","Gash","Seek+1","Steam+1","Reboot+1","Leap+1","RitualDagger+1","Scrape+1","BootSequence+1","Self Repair","Steam+1","Chaos+1","Fission+1","Reprogram+1","Madness+1","Madness+1","Blind+1","Conserve Battery+1","Hologram+1","Beam Cell+1","Beam Cell+1","All For One","BootSequence+1","Compile Driver"],"relics":["Cracked Core","Unceasing Top","Golden Idol","StoneCalendar","Nunchaku","Mercury Hourglass","Toxic Egg 2","Shuriken","Sozu","Ice Cream","Omamori","Strawberry","Cables","CeramicFish","Nuclear Battery","Smiling Mask","Boot","Bag of Preparation","Old Coin","Toolbox","Whetstone","Anchor","Bronze Scales"],"acts_visited":["Exordium","TheCity","TheBeyond","TheEnding"],"potions_floor_usage":[56],"damage_taken":[{"damage":4.0,"enemies":"Small Slimes","floor":1.0,"turns":3.0},{"damage":7.0,"enemies":"Jaw Worm","floor":4.0,"turns":4.0},{"damage":1.0,"enemies":"Cultist","floor":5.0,"turns":3.0},{"damage":35.0,"enemies":"3 Sentries","floor":7.0,"turns":7.0},{"damage":7.0,"enemies":"Lagavulin","floor":10.0,"turns":6.0},{"damage":1.0,"enemies":"Exordium Wildlife","floor":12.0,"turns":2.0},{"damage":0.0,"enemies":"Gremlin Nob","floor":13.0,"turns":3.0},{"damage":5.0,"enemies":"2 Fungi Beasts","floor":14.0,"turns":3.0},{"damage":21.0,"enemies":"The Guardian","floor":16.0,"turns":9.0},{"damage":0.0,"enemies":"Chosen","floor":18.0,"turns":2.0},{"damage":0.0,"enemies":"Gremlin Leader","floor":23.0,"turns":5.0},{"damage":1.0,"enemies":"Shell Parasite","floor":27.0,"turns":4.0},{"damage":13.0,"enemies":"Shelled Parasite and Fungi","floor":28.0,"turns":6.0},{"damage":19.0,"enemies":"Slavers","floor":29.0,"turns":4.0},{"damage":0.0,"enemies":"Snake Plant","floor":30.0,"turns":4.0},{"damage":5.0,"enemies":"Gremlin Leader","floor":31.0,"turns":5.0},{"damage":4.0,"enemies":"Collector","floor":33.0,"turns":8.0},{"damage":0.0,"enemies":"Orb Walker","floor":35.0,"turns":1.0},{"damage":0.0,"enemies":"3 Darklings","floor":36.0,"turns":4.0},{"damage":20.0,"enemies":"Sphere and 2 Shapes","floor":41.0,"turns":4.0},{"damage":0.0,"enemies":"Giant Head","floor":42.0,"turns":4.0},{"damage":0.0,"enemies":"Mind Bloom Boss Battle","floor":45.0,"turns":5.0},{"damage":0.0,"enemies":"Reptomancer","floor":47.0,"turns":4.0},{"damage":0.0,"enemies":"Transient","floor":48.0,"turns":6.0},{"damage":0.0,"enemies":"Donu and Deca","floor":50.0,"turns":5.0},{"damage":49.0,"enemies":"Time Eater","floor":51.0,"turns":9.0},{"damage":46.0,"enemies":"Shield and Spear","floor":55.0,"turns":3.0},{"damage":43,"enemies":"The Heart","floor":56,"turns":2}],"seed_played":"-179518332848711882","potions_obtained":[{"floor":7.0,"key":"DuplicationPotion"},{"floor":12.0,"key":"PotionOfCapacity"},{"floor":14.0,"key":"EntropicBrew"},{"floor":16.0,"key":"Strength Potion"}],"is_trial":false,"path_per_floor":["M","?","T","M","M","R","E","$","T","E","?","M","E","M","R","B",null,"M","?","?","?","$","E","R","T","T","M","M","E","M","E","R","B",null,"M","M","?","?","?","R","M","E","T","$","?","$","E","M","R","B","B",null,"R","$","E","B"],"character_chosen":"DEFECT","items_purchased":["Cold Snap","Bag of Preparation","Toolbox","Beam Cell","All For One","Anchor","BootSequence+1"],"campfire_rested":2,"item_purchase_floors":[8,44,46,46,54,54,54],"current_hp_per_floor":[60,60,60,53,52,52,17,17,17,10,10,9,9,4,23,2,49,49,49,49,43,43,43,43,50,50,49,36,24,31,33,33,36,62,69,71,58,58,58,58,45,52,52,52,59,59,66,71,71,71,29,61,71,71,32,0,0],"gold":67,"neow_bonus":"ONE_RARE_RELIC","is_daily":false,"chose_seed":false,"campfire_upgraded":4,"win_rate":0.0,"timestamp":1607896994,"path_taken":["M","?","?","M","?","R","E","$","T","E","?","M","E","M","R","BOSS","M","?","?","?","?","E","R","?","T","M","M","E","M","E","R","BOSS","M","M","?","?","?","R","?","E","T","$","?","$","E","M","R","BOSS","BOSS","R","$","E","BOSS"],"items_purchased_type":["Card","Relic","Relic","Card","Card","Relic","Card"],"build_version":"2020-11-30","purchased_purges":3,"victory":false,"max_hp_per_floor":[71,64,64,64,64,64,64,64,64,64,64,64,64,64,64,64,64,64,64,64,64,64,64,64,71,71,71,71,71,71,71,71,71,71,71,71,71,71,71,71,71,71,71,71,71,71,71,71,71,71,71,71,71,71,71,71,71],"relic_stats":{"counters":[28,123],"Golden Idol":191,"CeramicFish":108,"StoneCalendar":[225],"Bag of Preparation":[14],"Whetstone":["Beam Cell","Beam Cell"],"Smiling Mask":125,"Boot":[9],"Mercury Hourglass":[390],"Cables":[48,26,12,3,7],"Sozu":9,"Nunchaku":[37],"Shuriken":[89],"Bronze Scales":[0],"obtain_stats":[{"Ice Cream":19,"Golden Idol":2,"CeramicFish":31,"StoneCalendar":3,"Omamori":23,"Bag of Preparation":44,"Whetstone":47,"Smiling Mask":42,"Boot":43,"Mercury Hourglass":9,"Cables":29,"Nuclear Battery":34,"Old Coin":45,"Sozu":17,"Nunchaku":7,"Anchor":54,"Shuriken":13,"Strawberry":25,"Bronze Scales":55,"Toolbox":46,"Toxic Egg 2":10,"Cracked Core":0,"Unceasing Top":0},{"Ice Cream":10,"Golden Idol":1,"CeramicFish":16,"StoneCalendar":1,"Omamori":11,"Bag of Preparation":21,"Whetstone":23,"Smiling Mask":21,"Boot":21,"Mercury Hourglass":4,"Cables":14,"Nuclear Battery":17,"Old Coin":22,"Sozu":9,"Nunchaku":4,"Anchor":26,"Shuriken":7,"Strawberry":11,"Bronze Scales":27,"Toolbox":22,"Toxic Egg 2":5,"Cracked Core":0,"Unceasing Top":0},{"Ice Cream":41,"Golden Idol":3,"CeramicFish":69,"StoneCalendar":3,"Omamori":46,"Bag of Preparation":89,"Whetstone":98,"Smiling Mask":89,"Boot":89,"Mercury Hourglass":17,"Cables":60,"Nuclear Battery":77,"Old Coin":94,"Sozu":39,"Nunchaku":17,"Anchor":118,"Shuriken":28,"Strawberry":46,"Bronze Scales":121,"Toolbox":94,"Toxic Egg 2":23,"Cracked Core":0,"Unceasing Top":0}],"Unceasing Top":[184]},"card_choices":[{"not_picked":["Streamline","Double Energy"],"picked":"Rebound","floor":1.0},{"not_picked":["Turbo","Skim","Aggregate"],"picked":"SKIP","floor":4.0},{"not_picked":["Rebound","Double Energy"],"picked":"Go for the Eyes","floor":5.0},{"not_picked":["Chaos","Capacitor"],"picked":"Rip and Tear","floor":7.0},{"not_picked":["Beam Cell","Go for the Eyes"],"picked":"Hologram+1","floor":10.0},{"not_picked":["Heatsinks","Streamline"],"picked":"Gash","floor":12.0},{"not_picked":["Coolheaded+1","Barrage"],"picked":"Seek+1","floor":13.0},{"not_picked":["Storm","Leap+1"],"picked":"Steam+1","floor":14.0},{"not_picked":["Hyperbeam","Thunder Strike"],"picked":"Reboot+1","floor":16.0},{"not_picked":["Sweeping Beam","Cold Snap"],"picked":"Leap+1","floor":18.0},{"not_picked":["Sweeping Beam","Hologram+1"],"picked":"Scrape","floor":23.0},{"not_picked":["Sunder","Stack+1"],"picked":"BootSequence+1","floor":27.0},{"not_picked":["Reinforced Body+1","Storm"],"picked":"Self Repair","floor":28.0},{"not_picked":["Leap+1","Heatsinks+1"],"picked":"Steam+1","floor":29.0},{"not_picked":["Compile Driver","Go for the Eyes"],"picked":"Chaos+1","floor":30.0},{"not_picked":["Turbo+1","Barrage+1","Ball Lightning"],"picked":"SKIP","floor":31.0},{"not_picked":["Amplify+1","Buffer"],"picked":"Fission+1","floor":33.0},{"not_picked":["Rebound+1","Redo+1","Melter"],"picked":"SKIP","floor":35.0},{"not_picked":["Hologram+1","Conserve Battery+1"],"picked":"Reprogram+1","floor":36.0},{"not_picked":["Secret Technique+1","PanicButton+1"],"picked":"Blind+1","floor":38.0},{"not_picked":["Hello World","Glacier+1"],"picked":"Conserve Battery+1","floor":41.0},{"not_picked":["Aggregate+1","Go for the Eyes+1"],"picked":"Hologram+1","floor":42.0},{"not_picked":["Tempest+1","Sweeping Beam"],"picked":"Beam Cell","floor":47.0},{"not_picked":["Turbo+1","Ball Lightning+1","Beam Cell"],"picked":"SKIP","floor":48.0},{"not_picked":["Lockon","Redo+1"],"picked":"Compile Driver","floor":55.0}],"player_experience":1240586,"relics_obtained":[{"floor":3.0,"key":"StoneCalendar"},{"floor":7.0,"key":"Nunchaku"},{"floor":9.0,"key":"Mercury Hourglass"},{"floor":10.0,"key":"Toxic Egg 2"},{"floor":13.0,"key":"Shuriken"},{"floor":23.0,"key":"Omamori"},{"floor":25.0,"key":"Strawberry"},{"floor":29.0,"key":"Cables"},{"floor":31.0,"key":"CeramicFish"},{"floor":42.0,"key":"Smiling Mask"},{"floor":43.0,"key":"Boot"},{"floor":45.0,"key":"Old Coin"},{"floor":47.0,"key":"Whetstone"},{"floor":55.0,"key":"Bronze Scales"}],"event_choices":[{"damage_healed":0.0,"max_hp_gain":0.0,"max_hp_loss":7.0,"gold_gain":0.0,"event_name":"Golden Idol","player_choice":"Lose Max HP","floor":2.0,"gold_loss":0.0,"damage_taken":0.0,"relics_obtained":["Golden Idol"]},{"damage_healed":0.0,"max_hp_gain":0.0,"max_hp_loss":0.0,"gold_gain":0.0,"event_name":"World of Goop","player_choice":"Left Gold","floor":11.0,"gold_loss":69.0,"damage_taken":0.0},{"damage_healed":0.0,"max_hp_gain":0.0,"max_hp_loss":0.0,"gold_gain":0.0,"event_name":"Addict","player_choice":"Obtained Relic","floor":19.0,"gold_loss":85.0,"damage_taken":0.0,"relics_obtained":["Ice Cream"]},{"damage_healed":0.0,"max_hp_gain":0.0,"max_hp_loss":0.0,"gold_gain":0.0,"event_name":"Back to Basics","player_choice":"Simplicity","floor":20.0,"gold_loss":0.0,"damage_taken":0.0,"cards_upgraded":["Strike_B","Strike_B","Strike_B","Strike_B","Defend_B","Defend_B","Defend_B","Defend_B"]},{"damage_healed":0.0,"max_hp_gain":0.0,"max_hp_loss":0.0,"gold_gain":0.0,"event_name":"Nest","player_choice":"Joined the Cult","floor":21.0,"gold_loss":0.0,"damage_taken":6.0,"cards_obtained":["RitualDagger"]},{"damage_healed":0.0,"max_hp_gain":0.0,"max_hp_loss":0.0,"gold_gain":0.0,"event_name":"Winding Halls","player_choice":"Embrace Madness","floor":37.0,"gold_loss":0.0,"damage_taken":13.0,"cards_obtained":["Madness","Madness"]},{"damage_healed":0.0,"max_hp_gain":0.0,"max_hp_loss":0.0,"gold_gain":0.0,"event_name":"SensoryStone","player_choice":"Memory 1","floor":38.0,"gold_loss":0.0,"damage_taken":0.0},{"cards_removed":["Rebound"],"damage_healed":0.0,"max_hp_gain":0.0,"max_hp_loss":0.0,"gold_gain":0.0,"event_name":"Falling","player_choice":"Removed Attack","floor":39.0,"gold_loss":0.0,"damage_taken":0.0},{"damage_healed":0.0,"max_hp_gain":0.0,"max_hp_loss":0.0,"gold_gain":0.0,"event_name":"MindBloom","player_choice":"Fight","floor":45.0,"gold_loss":0.0,"damage_taken":0.0}],"is_beta":false,"boss_relics":[{"not_picked":["Busted Crown","Tiny House"],"picked":"Sozu"},{"not_picked":["Calling Bell","Coffee Dripper"],"picked":"Nuclear Battery"}],"items_purged_floors":[22,44,46],"is_endless":false,"potions_floor_spawned":[7,12,14,16,18,23,28,29,35,41,45,47,55],"killed_by":"The Heart","ascension_level":20}}