{"host":"y30n8hbqlqxhztg8","time":1607850601,"event":{"mods":["A Magickal Journey","AchievementEnabler","BaseMod","BetterRewards","Block Reminder","Colored Map","Conspire","Downfall","GifTheSpireLib","Glutton Mod","Hubris","Infinite Spire","Koishi","Marisa????????","Minty Spire (QoL Compilation)","Prisma Mod","Replay The Spire","Shop Mod","Somnambulant","StSLib","Stuff the Spire","The Factory","The Jungle","[IsaacMod]????"],"gold_per_floor":[217,229,247,247,266,299,56,74,153,249,275,275,286,302,302,406,406,419,438,438,438,449,449,468,468,468],"floor_reached":25,"playtime":796,"items_purged":[],"score":207,"play_id":"a30c711a-02cf-4280-9373-b29833376eab","local_time":"20201213011001","is_ascension_mode":false,"campfire_choices":[{"floor":12,"key":"REST"},{"floor":15,"key":"REST"},{"floor":23,"key":"REST"}],"circlet_count":0,"master_deck":["Strike_MRS","Strike_MRS","Strike_MRS","Strike_MRS","Defend_MRS","Defend_MRS","Defend_MRS","Defend_MRS","MasterSpark","UpSweep","SporeBomb","PowerUp","MysteriousBeam","MachineGunSpark","MagicAbsorber+1","GrandCross","AsteroidBelt+1","NonDirectionalLaser","AbsoluteMagnitude","FinalSpark","GrandCross","MysteriousBeam","UnstableBomb","DoubleSpark"],"relics":["MiniHakkero","HushsDoor","YumHeart","infinitespire:BottledMercury","BelialBook","Toxic Egg 2","SteamSale"],"acts_visited":["Exordium","TheCity"],"potions_floor_usage":[22,25,25],"damage_taken":[{"damage":1,"enemies":"Cultist","floor":1,"turns":3},{"damage":5,"enemies":"2 Louse","floor":2,"turns":2},{"damage":0,"enemies":"Small Slimes","floor":3,"turns":3},{"damage":19,"enemies":"Exordium Wildlife","floor":5,"turns":4},{"damage":16,"enemies":"Gremlin Nob","floor":6,"turns":3},{"damage":7,"enemies":"Blue Slaver","floor":8,"turns":3},{"damage":0,"enemies":"The Mushroom Lair","floor":11,"turns":1},{"damage":10,"enemies":"Looter","floor":13,"turns":2},{"damage":9,"enemies":"Lots of Slimes","floor":14,"turns":2},{"damage":37,"enemies":"The Guardian","floor":16,"turns":5},{"damage":14,"enemies":"2 Thieves","floor":18,"turns":4},{"damage":30,"enemies":"Spheric Guardian","floor":19,"turns":4},{"damage":42,"enemies":"Snake Plant","floor":22,"turns":4},{"damage":20,"enemies":"Chosen and Byrds","floor":24,"turns":3},{"damage":24,"enemies":"Snecko","floor":25,"turns":3}],"seed_played":"7346654261353770176","potions_obtained":[{"floor":1,"key":"BottledSpark"},{"floor":5,"key":"ShroomBrew"},{"floor":8,"key":"LiquidBronze"},{"floor":24,"key":"Doom Potion"}],"is_trial":false,"path_per_floor":["M","M","M","T","M","E","$","M","T","?","?","R","M","M","R","B",null,"M","M","?","?","M","R","M","M"],"character_chosen":"MARISA","items_purchased":["Toxic Egg 2"],"campfire_rested":3,"item_purchase_floors":[7],"current_hp_per_floor":[74,69,69,69,50,59,59,52,52,34,34,56,46,37,59,22,75,61,56,56,56,14,36,16,0,0],"gold":468,"neow_bonus":"HUNDRED_GOLD","is_daily":false,"chose_seed":false,"campfire_upgraded":0,"win_rate":0.0,"timestamp":1607850601,"path_taken":["M","M","?","?","M","E","$","?","T","?","?","R","M","M","R","BOSS","M","M","?","?","M","R","?","?"],"items_purchased_type":["Relic"],"build_version":"2020-11-30","purchased_purges":0,"victory":false,"max_hp_per_floor":[75,75,75,75,75,75,75,75,75,75,75,75,75,75,75,75,75,75,75,75,75,75,75,75,75,75],"card_choices":[{"not_picked":[],"picked":"Bomb","floor":0},{"not_picked":["EventHorizon","Acceleration"],"picked":"SporeBomb","floor":1},{"not_picked":["6A","WitchOfGreed"],"picked":"PowerUp","floor":2},{"not_picked":["AsteroidBelt","ChargeUpSpray"],"picked":"MysteriousBeam","floor":3},{"not_picked":["WitchLeyline","DoubleSpark"],"picked":"MachineGunSpark","floor":5},{"not_picked":["BigCrunch","RefractionSpark"],"picked":"Bomb","floor":6},{"not_picked":["DarkMatter+1","PropBag+1"],"picked":"Bomb","floor":8},{"not_picked":["ShootingEcho","DC"],"picked":"MagicAbsorber+1","floor":10},{"not_picked":["OpenUniverse+1","EnergyRecoil+1"],"picked":"GrandCross","floor":10},{"not_picked":["DarkSpark","ShootTheMoon"],"picked":"Bomb","floor":10},{"not_picked":["BlazeAway+1","DarkSpark"],"picked":"AsteroidBelt+1","floor":11},{"not_picked":["ShootingEcho","MilkyWay+1"],"picked":"NonDirectionalLaser","floor":13},{"not_picked":["6A","WitchOfGreed"],"picked":"AbsoluteMagnitude","floor":14},{"not_picked":["JA","SuperNova"],"picked":"FinalSpark","floor":16},{"not_picked":["OrrerysSun","AsteroidBelt+1"],"picked":"GrandCross","floor":18},{"not_picked":["MagicChant+1","DC"],"picked":"MysteriousBeam","floor":19},{"not_picked":["StarlightTyphoon+1","Robbery"],"picked":"UnstableBomb","floor":22},{"not_picked":["WitchOfGreed","DarkMatter+1"],"picked":"DoubleSpark","floor":24}],"player_experience":42030,"relics_obtained":[{"floor":4,"key":"infinitespire:BottledMercury"},{"floor":6,"key":"BelialBook"},{"floor":9,"key":"SteamSale"}],"event_choices":[{"damage_healed":0,"gold_gain":0,"player_choice":"Fought Mushrooms","damage_taken":0,"max_hp_gain":0,"max_hp_loss":0,"event_name":"Mushrooms_MRS","floor":11,"gold_loss":0}],"is_beta":false,"boss_relics":[{"not_picked":["Runic Dome","Replay:Bronze Core","StuffTheSpire:RunicConfusion"]}],"items_purged_floors":[],"is_endless":false,"potions_floor_spawned":[1,5,8,14,16,18,24],"killed_by":"Snecko","ascension_level":0}}