{"host":"cjhtzh7tp54jdfyv","time":1607876642,"event":{"mods":["BaseMod","Minty Spire (QoL Compilation)"],"gold_per_floor":[111,128,141,156,170,199,216,245,245,245,265,315,328,361,361,439,439,478,516,270,270,160,160,193,193,193],"floor_reached":25,"playtime":1979,"items_purged":["Strike_P"],"score":540,"play_id":"6a71d46f-70b3-4a3b-80cf-fb7b17bbfd3a","local_time":"20201213112402","is_ascension_mode":true,"campfire_choices":[{"data":"Wireheading","floor":10,"key":"SMITH"},{"data":"Tantrum","floor":15,"key":"SMITH"},{"floor":23,"key":"REST"}],"circlet_count":0,"master_deck":["AscendersBane","Strike_P","Strike_P","Strike_P","Defend_P","Defend_P+1","Defend_P","Defend_P","Eruption","Vigilance","FlyingSleeves","CutThroughFate","ReachHeaven","Perseverance+1","Wireheading+1","SandsOfTime","WaveOfTheHand","Tantrum+1","Wish","Indignation+1","Omniscience","Wallop","Swivel","DevaForm+1","Fasting2+1"],"relics":["Cursed Key","Mummified Hand","Bottled Tornado","Frozen Egg 2","Snecko Eye","War Paint"],"acts_visited":["Exordium","TheCity"],"potions_floor_usage":[16],"damage_taken":[{"damage":2.0,"enemies":"Cultist","floor":1.0,"turns":3.0},{"damage":0.0,"enemies":"2 Louse","floor":2.0,"turns":3.0},{"damage":0.0,"enemies":"Jaw Worm","floor":3.0,"turns":3.0},{"damage":0.0,"enemies":"2 Fungi Beasts","floor":4.0,"turns":2.0},{"damage":6.0,"enemies":"Looter","floor":5.0,"turns":3.0},{"damage":5.0,"enemies":"3 Sentries","floor":6.0,"turns":3.0},{"damage":10.0,"enemies":"3 Louse","floor":7.0,"turns":3.0},{"damage":0.0,"enemies":"Gremlin Nob","floor":8.0,"turns":2.0},{"damage":20,"enemies":"Exordium Thugs","floor":11,"turns":3},{"damage":0,"enemies":"Looter","floor":13,"turns":1},{"damage":27,"enemies":"Lagavulin","floor":14,"turns":6},{"damage":19,"enemies":"Hexaghost","floor":16,"turns":7},{"damage":26,"enemies":"2 Thieves","floor":18,"turns":3},{"damage":9,"enemies":"3 Byrds","floor":19,"turns":4},{"damage":20,"enemies":"Gremlin Leader","floor":24,"turns":4},{"damage":23,"enemies":"Centurion and Healer","floor":25,"turns":1}],"seed_played":"830754062919628209","potions_obtained":[{"floor":5.0,"key":"BlessingOfTheForge"},{"floor":6.0,"key":"FearPotion"},{"floor":7.0,"key":"FairyPotion"},{"floor":11,"key":"Strength Potion"},{"floor":19,"key":"Ancient Potion"},{"floor":24,"key":"Ancient Potion"}],"is_trial":false,"path_per_floor":["M","M","M","M","M","E","M","E","T","R","M","?","M","E","R","B",null,"M","M","$","?","?","R","E","M"],"character_chosen":"WATCHER","items_purchased":["DevaForm+1"],"campfire_rested":1,"item_purchase_floors":[20],"current_hp_per_floor":[59,59,59,59,53,48,38,38,38,38,18,12,12,20,20,1,51,25,16,16,16,16,36,16,0,0],"gold":193,"neow_bonus":"BOSS_RELIC","is_daily":false,"chose_seed":false,"campfire_upgraded":2,"win_rate":0.0,"timestamp":1607876642,"path_taken":["M","M","M","M","M","E","M","E","T","R","M","?","M","E","R","BOSS","M","M","$","?","?","R","E","M"],"items_purchased_type":["Card"],"build_version":"2020-11-30","purchased_purges":1,"victory":false,"max_hp_per_floor":[68,68,68,68,68,68,68,68,68,68,68,68,68,68,68,68,68,68,68,68,68,68,68,68,68,68],"card_choices":[{"not_picked":["PathToVictory","JustLucky","Pray"],"picked":"SKIP","floor":1.0},{"not_picked":["FollowUp","JustLucky"],"picked":"FlyingSleeves","floor":2.0},{"not_picked":["Consecrate","FollowUp"],"picked":"CutThroughFate","floor":3.0},{"not_picked":["Consecrate","BowlingBash"],"picked":"ReachHeaven","floor":4.0},{"not_picked":["ClearTheMind","CrushJoints"],"picked":"Perseverance","floor":5.0},{"not_picked":["Crescendo","BowlingBash"],"picked":"Wireheading","floor":6.0},{"not_picked":["BowlingBash","FlurryOfBlows"],"picked":"SandsOfTime","floor":7.0},{"not_picked":["FearNoEvil","Sanctity"],"picked":"WaveOfTheHand","floor":8.0},{"not_picked":["FlurryOfBlows","Wallop"],"picked":"Tantrum","floor":11},{"not_picked":["ThirdEye","InnerPeace"],"picked":"Wish","floor":13},{"not_picked":["JustLucky","FlyingSleeves"],"picked":"Indignation","floor":14},{"not_picked":["SpiritShield","Scrawl"],"picked":"Omniscience","floor":16},{"not_picked":["CutThroughFate","SashWhip"],"picked":"Wallop","floor":18},{"not_picked":["FollowUp","Consecrate"],"picked":"Swivel","floor":19},{"not_picked":["DeusExMachina","PathToVictory"],"picked":"Fasting2+1","floor":24}],"player_experience":4239757,"relics_obtained":[{"floor":6.0,"key":"Mummified Hand"},{"floor":8.0,"key":"Bottled Tornado"},{"floor":14,"key":"Frozen Egg 2"},{"floor":24,"key":"War Paint"}],"event_choices":[{"damage_healed":0,"gold_gain":50,"player_choice":"Touch","damage_taken":6,"max_hp_gain":0,"max_hp_loss":0,"event_name":"FaceTrader","floor":12,"gold_loss":0},{"damage_healed":0,"gold_gain":0,"player_choice":"Smashed Altar","damage_taken":0,"max_hp_gain":0,"max_hp_loss":0,"event_name":"Forgotten Altar","floor":21,"gold_loss":0,"cards_obtained":["Decay"]},{"cards_removed":["Decay"],"damage_healed":0,"gold_gain":0,"player_choice":"Upgrade and Remove","damage_taken":0,"max_hp_gain":0,"max_hp_loss":0,"event_name":"Designer","floor":22,"gold_loss":110,"cards_upgraded":["Indignation"]}],"is_beta":false,"boss_relics":[{"not_picked":["Busted Crown","Sozu"],"picked":"Snecko Eye"}],"items_purged_floors":[20],"is_endless":false,"potions_floor_spawned":[5,6,7,11,19,24],"killed_by":"Centurion and Healer","ascension_level":20}}