{"host":"t5h83eruwt5lxl3o","time":1607830319,"event":{"mods":["AchievementEnabler","Act Like it!","BaseMod","CapriCore","Colored Map","DeckTracker","Hermit","Highlight Path","Koishi","Marisa£¨Ùöéë¡¡Øª×âÞÞ£©","Minty Spire (QoL Compilation)","Permanent Neow","Quick Restart","StSLib","SuperFastMode","The Cursed","The Immortal","everything is the same but u backflip on backflip"],"gold_per_floor":[114,114,130,143,153,153,153,153],"floor_reached":7,"playtime":283,"items_purged":[],"score":47,"play_id":"274e1d33-f13d-4349-a55f-9c18ba785b85","local_time":"20201213123159","is_ascension_mode":true,"campfire_choices":[{"data":"hermit:WideOpen","floor":6,"key":"SMITH"}],"circlet_count":0,"master_deck":["hermit:Strike_Hermit","hermit:Strike_Hermit","hermit:Strike_Hermit","hermit:Strike_Hermit","hermit:Defend_Hermit","hermit:Defend_Hermit","hermit:Defend_Hermit","hermit:Defend_Hermit","hermit:Snapshot","hermit:Covet","hermit:OverwhelmingPower","hermit:WideOpen+1","hermit:Purgatory","hermit:FlashPowder"],"relics":["hermit:Momento","Letter Opener"],"acts_visited":["Exordium"],"potions_floor_usage":[],"damage_taken":[{"damage":12,"enemies":"Jaw Worm","floor":1,"turns":4},{"damage":3,"enemies":"Cultist","floor":3,"turns":4},{"damage":8,"enemies":"2 Louse","floor":4,"turns":3},{"damage":13,"enemies":"Red Slaver","floor":5,"turns":4},{"damage":45,"enemies":"Lagavulin","floor":7,"turns":4}],"seed_played":"7355428916512386505","potions_obtained":[{"floor":5,"key":"PowerPotion"}],"is_trial":false,"path_per_floor":["M","?","M","M","M","R","E"],"character_chosen":"HERMIT","items_purchased":[],"campfire_rested":0,"item_purchase_floors":[],"current_hp_per_floor":[63,63,60,52,39,39,0,0],"gold":153,"neow_bonus":"ONE_RANDOM_RARE_CARD","is_daily":false,"chose_seed":false,"campfire_upgraded":1,"win_rate":0.0,"timestamp":1607830319,"path_taken":["M","?","M","M","?","R","E"],"items_purchased_type":[],"build_version":"2020-11-30","purchased_purges":0,"victory":false,"max_hp_per_floor":[75,75,75,75,75,75,75,75],"card_choices":[{"not_picked":["hermit:HoleUp","hermit:EyeOfTheStorm"],"picked":"hermit:Feint","floor":1},{"not_picked":["hermit:Desperado","hermit:ItchyTrigger"],"picked":"hermit:WideOpen","floor":3},{"not_picked":["hermit:Feint","hermit:Coalescence"],"picked":"hermit:Purgatory","floor":4},{"not_picked":["hermit:HighCaliber","hermit:CalledShot"],"picked":"hermit:FlashPowder","floor":5}],"player_experience":589508,"relics_obtained":[],"event_choices":[{"cards_removed":["hermit:Feint"],"damage_healed":0,"gold_gain":0,"player_choice":"Gave Card","damage_taken":0,"relics_obtained":["Letter Opener"],"max_hp_gain":0,"max_hp_loss":0,"event_name":"WeMeetAgain","floor":2,"gold_loss":0}],"is_beta":false,"boss_relics":[],"items_purged_floors":[],"is_endless":false,"potions_floor_spawned":[5],"killed_by":"Lagavulin","ascension_level":2}}