{"host":"h792lphzw6wlba86","time":1607876292,"event":{"mods":["AchievementEnabler","Aspiration","Bard","BaseMod","Beaked The Cultist","Better Altar","Better Match","Better Note","Better Sensory Stone","Better Skull","Better Third Choice","BetterRewards","CCEM","Clawfect","Colored Map","Conspire","Downfall","GifTheSpireLib","Googly Eyes","Halation","Hermit","Highlight Path","Hubris","Hunter ??","Jedi Mod","Jorbs\u0027s Wanderer Trilogy","Mad Scientist","Marisa????????","Mimic Mod","Minty Spire (QoL Compilation)","Permanent Neow","Replay The Spire","Shade Mod","Shop Mod","Spicy Shops","StSLib","Stuff the Spire","The Administrix","The Blackbeard","The Bug Knight","The Construct","The Cursed","The Disciple","The Gatherer","The Hierophant","The IronCluck","The Jungle","The Mystic","The Necromancer","The Problem Sleuth","The Runesmith","The Servant 0.9.4","The Spell Scribe","The Witch","Unceasing Turn Reminder","everything is the same but u backflip on backflip","slay the spire mod where everything is the same but ironclad has a cowboy hat"],"gold_per_floor":[0,25,25,300,314,314,351,361,361,393,445,461,2,2,22,123,123,48,33,33,50,63,92,118,133,58,89,89,89,108,108,125,125,125],"floor_reached":33,"playtime":2149,"items_purged":["Regret"],"score":293,"play_id":"c290bca0-c83f-43b2-866c-3ce82fe77147","local_time":"20201213101812","is_ascension_mode":false,"campfire_choices":[{"floor":1,"key":"RECALL"},{"data":"champ:StanceDance","floor":3,"key":"SMITH"},{"floor":9,"key":"REST"},{"data":"champ:Lariat","floor":18,"key":"SMITH"},{"data":"champ:Encircle","floor":20,"key":"SMITH"},{"floor":26,"key":"REST"}],"circlet_count":0,"master_deck":["champ:Strike","champ:Strike","champ:Strike","champ:Strike","champ:Defend","champ:Defend","champ:Defend","champ:Defend","champ:Execute+1","champ:Taunt","champ:StanceDance+1","champ:RapidStrikes+1","champ:Encircle+1","champ:BerserkersShout","champ:Lariat+1","champ:IronFortress+1","champ:IronFortress+1","champ:FanOfKnives","champ:MurderStrike","champ:ViciousMockery+1","champ:StanceDance+1","champ:IgnorePain","champ:Encircle","champ:ShieldWall","champ:SkillfulDodge+1","champ:StanceDance+1"],"relics":["champ:ChampionCrown","jedi:kaleidoscope","champ:DefensiveTrainingManual","Whetstone","Pen Nib","hubris:CuriousFeather","Black Star","downfall:HeartBlessingRed","jedi:matchstick","hubris:Zylophone","Gremlin Food","downfall:HeartBlessingGreen","ReplayTheSpireMod:Lightbulb","Simple Rune"],"acts_visited":["Exordium","TheCity"],"potions_floor_usage":[10,16,32],"damage_taken":[{"damage":45,"enemies":"Replay:BlueRogue","floor":2,"turns":6},{"damage":7,"enemies":"Cultist","floor":5,"turns":4},{"damage":34,"enemies":"Small Slimes","floor":7,"turns":8},{"damage":4,"enemies":"Small Slimes","floor":8,"turns":2},{"damage":27,"enemies":"Lagavulin","floor":10,"turns":3},{"damage":10,"enemies":"Jaw Worm","floor":12,"turns":2},{"damage":8,"enemies":"downfall:FleeingMerchant","floor":13,"turns":4},{"damage":12,"enemies":"Large Slime","floor":15,"turns":3},{"damage":25,"enemies":"downfall:Watcher","floor":16,"turns":8},{"damage":13,"enemies":"downfall:FleeingMerchant","floor":19,"turns":4},{"damage":3,"enemies":"Chosen","floor":21,"turns":3},{"damage":31,"enemies":"Chosen and Byrds","floor":22,"turns":5},{"damage":37,"enemies":"Book of Stabbing","floor":23,"turns":5},{"damage":21,"enemies":"Shelled Parasite and Fungi","floor":25,"turns":4},{"damage":65,"enemies":"Gremlin Leader","floor":27,"turns":4},{"damage":8,"enemies":"3 Cultists","floor":30,"turns":4},{"damage":8,"enemies":"Sentry and Sphere","floor":32,"turns":4},{"damage":14,"enemies":"downfall:Ironclad","floor":33,"turns":2}],"seed_played":"-7416144077623112547","potions_obtained":[{"floor":8,"key":"Strength Potion"},{"floor":10,"key":"Venom Potion"},{"floor":12,"key":"Elixir"},{"floor":16,"key":"FearPotion"},{"floor":22,"key":"LiquidMemories"}],"is_trial":false,"path_per_floor":["R","E","R","?","M","?","MIM","M","R","E","T","M","$","?","M","B",null,"R","$","R","M","M","E","T","M","R","E","?","?","M","?","M","B"],"character_chosen":"THE_CHAMP","items_purchased":["champ:IronFortress","hubris:CuriousFeather"],"campfire_rested":2,"item_purchase_floors":[13,13],"current_hp_per_floor":[90,60,60,60,58,58,32,32,59,41,41,33,30,30,28,14,90,90,88,88,87,70,54,54,46,73,28,23,23,17,9,9,0,0],"gold":125,"neow_bonus":"ONE_RARE_RELIC","is_daily":false,"chose_seed":false,"campfire_upgraded":3,"win_rate":0.0,"timestamp":1607876292,"path_taken":["R","E","R","?","?","?","MIM","M","R","E","?","M","$","?","M","BOSS","R","$","R","M","M","E","T","M","R","E","?","?","M","?","M","BOSS"],"items_purchased_type":["Card","Relic"],"build_version":"2020-11-30","purchased_purges":1,"victory":false,"max_hp_per_floor":[90,90,90,90,90,90,90,90,90,90,90,90,90,90,90,90,90,90,90,90,90,90,90,90,90,90,90,90,90,90,90,90,90,90],"card_choices":[{"not_picked":["champ:TornadoPunch","champ:EnragedBash"],"picked":"champ:StanceDance","floor":2},{"not_picked":["champ:Backstep","champ:PreciseThrust"],"picked":"champ:RapidStrikes","floor":5},{"not_picked":["champ:Backstep","champ:RecklessLeap"],"picked":"champ:Encircle","floor":7},{"not_picked":["champ:StanceDance","champ:EnragedBash","champ:BerserkersShout"],"picked":"SKIP","floor":8},{"not_picked":["champ:CrookedStrike","champ:Duel"],"picked":"champ:BerserkersShout","floor":10},{"not_picked":["champ:Haymaker","champ:HeartStrike"],"picked":"champ:Lariat","floor":12},{"not_picked":["champ:RisingSlash","champ:RecklessLeap"],"picked":"champ:IronFortress","floor":13},{"not_picked":["champ:ViciousMockery","champ:Lariat"],"picked":"champ:FanOfKnives","floor":15},{"not_picked":["champ:SwordThrow","champ:Devastate"],"picked":"champ:MurderStrike","floor":16},{"not_picked":["champ:PreciseThrust","champ:BringItOn+1"],"picked":"champ:ViciousMockery+1","floor":19},{"not_picked":["champ:FanOfKnives","champ:Backstep+1"],"picked":"champ:StanceDance+1","floor":21},{"not_picked":["champ:BladeFlurry","champ:FocusedDefense+1"],"picked":"champ:IgnorePain","floor":22},{"not_picked":["champ:BladeFlurry","champ:BringItOn"],"picked":"champ:Encircle","floor":23},{"not_picked":["champ:Riposte","champ:CrookedStrike"],"picked":"champ:ShieldWall","floor":25},{"not_picked":["champ:CrookedStrike","champ:FocusedBerserking"],"picked":"champ:SkillfulDodge+1","floor":27},{"not_picked":["champ:TornadoPunch","champ:BladeFlurry","champ:Backstep"],"picked":"SKIP","floor":30},{"not_picked":["champ:Circumvent","champ:Shatter","champ:BladeFlurry+1"],"picked":"SKIP","floor":32}],"player_experience":591457,"relics_obtained":[{"floor":2,"key":"champ:DefensiveTrainingManual"},{"floor":7,"key":"Whetstone"},{"floor":10,"key":"Pen Nib"},{"floor":23,"key":"jedi:matchstick"},{"floor":23,"key":"hubris:Zylophone"},{"floor":24,"key":"Gremlin Food"},{"floor":27,"key":"ReplayTheSpireMod:Lightbulb"},{"floor":27,"key":"Simple Rune"}],"event_choices":[{"damage_healed":0,"gold_gain":0,"player_choice":"Forge","damage_taken":0,"max_hp_gain":0,"max_hp_loss":0,"event_name":"Accursed Blacksmith","floor":6,"gold_loss":0,"cards_upgraded":["champ:RapidStrikes"]},{"damage_healed":0,"gold_gain":0,"player_choice":"Copied","damage_taken":0,"max_hp_gain":0,"max_hp_loss":0,"event_name":"Duplicator","floor":29,"gold_loss":0,"cards_obtained":["champ:StanceDance"]}],"is_beta":false,"boss_relics":[{"not_picked":["Pandora\u0027s Box","aspiration:RitualDagger"],"picked":"Black Star"}],"items_purged_floors":[13],"is_endless":false,"potions_floor_spawned":[8,10,12,16,22,30,32],"killed_by":"downfall:Ironclad","ascension_level":0}}