{"host":"jxajaf4sdikd2b60","time":1607841372,"event":{"mods":["2.2 Compatiblity","AchievementEnabler","BaseMod","Better Altar","Better Match","Better Note","Better Sensory Stone","Better Skull","Better Third Choice","Better Vampires","BetterRewards","Colored Powertips","Minty Spire (QoL Compilation)","Permanent Neow","Quick Restart","Relic Stats","Slay-I","Spicy Shops","StSLib","Transform Curses"],"gold_per_floor":[117,135,85,85,100,128,128,128,154,154,3,3,22,50,50,152,202,219,219,233,233,148,175,189,239,266,60,60,86,86,19,19,117,117,131,93,103,153,200,200,230,230,230,230,248,259,276,286,286,286,286,286,21,51,51],"floor_reached":56,"playtime":2398,"items_purged":["Strike_P","Strike_P","Strike_P","Eruption","Consecrate"],"score":1528,"play_id":"622c9e97-71c2-456e-9e9e-471156ae3d98","local_time":"20201213013612","is_ascension_mode":true,"campfire_choices":[{"floor":7,"key":"RECALL"},{"floor":10,"key":"REST"},{"data":"BattleHymn","floor":12,"key":"SMITH"},{"data":"BowlingBash","floor":15,"key":"SMITH"},{"floor":28,"key":"REST"},{"data":"Wallop","floor":32,"key":"SMITH"},{"data":"TalkToTheHand","floor":40,"key":"SMITH"},{"data":"Brilliance","floor":42,"key":"SMITH"},{"data":"Wallop","floor":44,"key":"SMITH"},{"floor":49,"key":"REST"},{"floor":52,"key":"REST"}],"circlet_count":0,"master_deck":["Defend_P","Defend_P+1","Defend_P+1","Vigilance+1","Worship+1","Jack Of All Trades+1","Trip+1","Prostrate+1","CarveReality","ThirdEye+1","Wallop+1","FollowUp","BattleHymn+1","Prostrate+1","FollowUp","Vault+1","BowlingBash+1","DeusExMachina+1","Worship+1","ForeignInfluence+1","Brilliance+1","Wallop+1","JustLucky+1","Evaluate+1","Prostrate+1","TalkToTheHand+1","ConjureBlade+1","TalkToTheHand+1","Prostrate+1","ForeignInfluence+1"],"relics":["PureWater","Membership Card","Toxic Egg 2","Centennial Puzzle","Bottled Lightning","DollysMirror","Damaru","Tiny House","Dream Catcher","Mercury Hourglass","Blood Vial","Strawberry","Bottled Flame","Toy Ornithopter","Philosopher\u0027s Stone","HandDrill","Unceasing Top","Torii","Blue Candle","Shuriken","ClockworkSouvenir","Pen Nib","Mummified Hand"],"acts_visited":["Exordium","TheCity","TheBeyond","TheEnding"],"potions_floor_usage":[14,20,24,33,38,39,45,50,55],"damage_taken":[{"damage":0,"enemies":"Small Slimes","floor":1,"turns":1},{"damage":0,"enemies":"Jaw Worm","floor":2,"turns":2},{"damage":0,"enemies":"2 Louse","floor":5,"turns":2},{"damage":0,"enemies":"Lagavulin","floor":6,"turns":4},{"damage":0,"enemies":"Large Slime","floor":13,"turns":3},{"damage":0,"enemies":"Gremlin Nob","floor":14,"turns":3},{"damage":0,"enemies":"Slime Boss","floor":16,"turns":3},{"damage":0,"enemies":"3 Byrds","floor":18,"turns":4},{"damage":8,"enemies":"2 Thieves","floor":20,"turns":4},{"damage":8,"enemies":"Book of Stabbing","floor":23,"turns":2},{"damage":0,"enemies":"Centurion and Healer","floor":24,"turns":2},{"damage":0,"enemies":"Slavers","floor":29,"turns":4},{"damage":0,"enemies":"Collector","floor":33,"turns":2},{"damage":0,"enemies":"Orb Walker","floor":35,"turns":2},{"damage":0,"enemies":"3 Shapes","floor":37,"turns":2},{"damage":0,"enemies":"Mind Bloom Boss Battle","floor":38,"turns":3},{"damage":0,"enemies":"2 Orb Walkers","floor":39,"turns":2},{"damage":0,"enemies":"Giant Head","floor":41,"turns":7},{"damage":0,"enemies":"Transient","floor":45,"turns":6},{"damage":8,"enemies":"Maw","floor":46,"turns":5},{"damage":12,"enemies":"Jaw Worm Horde","floor":47,"turns":2},{"damage":1,"enemies":"Writhing Mass","floor":48,"turns":2},{"damage":33,"enemies":"Time Eater","floor":50,"turns":6},{"damage":0,"enemies":"Shield and Spear","floor":54,"turns":3},{"damage":13,"enemies":"The Heart","floor":55,"turns":6}],"seed_played":"7251794760959080729","potions_obtained":[{"floor":2,"key":"Block Potion"},{"floor":6,"key":"SpeedPotion"},{"floor":13,"key":"Weak Potion"},{"floor":17,"key":"Ambrosia"},{"floor":24,"key":"Swift Potion"},{"floor":33,"key":"Block Potion"},{"floor":37,"key":"AttackPotion"},{"floor":46,"key":"BlessingOfTheForge"},{"floor":48,"key":"SpeedPotion"},{"floor":54,"key":"LiquidBronze"}],"is_trial":false,"path_per_floor":["M","M","?","?","M","E","R","?","T","R","$","R","M","E","R","B",null,"M","?","M","?","?","E","M","T","T","$","R","E","?","$","R","B",null,"M","$","M","?","?","R","E","R","T","R","M","M","M","M","R","B",null,"R","$","E","B",null],"character_chosen":"WATCHER","items_purchased":["Membership Card","Toxic Egg 2","Worship+1","Trip+1","Prostrate+1","CarveReality","Bottled Lightning","DollysMirror","FollowUp","Bottled Flame","Prostrate+1","TalkToTheHand","HandDrill","ClockworkSouvenir","Pen Nib","Fire Potion"],"campfire_rested":4,"item_purchase_floors":[0,0,0,0,0,0,11,11,11,27,31,31,36,53,53,53],"current_hp_per_floor":[40,40,40,26,26,26,26,19,19,40,40,40,40,40,40,40,77,77,77,69,69,69,61,61,61,68,68,84,84,84,84,84,84,84,84,84,84,84,84,84,84,84,84,84,84,76,66,67,84,56,84,84,84,84,75],"gold":51,"neow_bonus":"","is_daily":false,"chose_seed":false,"campfire_upgraded":6,"win_rate":0.0,"timestamp":1607841372,"path_taken":["M","M","?","?","M","E","R","?","T","R","$","R","M","E","R","BOSS","M","?","M","?","?","E","M","?","T","$","R","E","?","$","R","BOSS","M","$","M","?","?","R","E","R","T","R","M","?","M","M","R","BOSS","R","$","E","BOSS"],"items_purchased_type":["Relic","Relic","Card","Card","Card","Card","Relic","Relic","Card","Relic","Card","Card","Relic","Relic","Relic","Potion"],"build_version":"2020-11-30","purchased_purges":5,"victory":true,"max_hp_per_floor":[72,72,72,72,72,72,72,72,72,72,72,72,72,72,72,72,77,77,77,77,77,77,77,77,77,84,84,84,84,84,84,84,84,84,84,84,84,84,84,84,84,84,84,84,84,84,84,84,84,84,84,84,84,84,84],"relic_stats":{"Torii":8,"counters":[25,82],"Blue Candle":[0],"Pen Nib":[3],"Mercury Hourglass":[203],"Blood Vial":4,"Centennial Puzzle":[21],"Dream Catcher":3,"Shuriken":[19],"Mummified Hand":[2],"HandDrill":[20],"obtain_stats":[{"Tiny House":17,"Torii":39,"Blue Candle":41,"Damaru":14,"Pen Nib":53,"Mercury Hourglass":23,"ClockworkSouvenir":53,"Blood Vial":25,"Centennial Puzzle":6,"Dream Catcher":22,"Bottled Flame":27,"DollysMirror":11,"Shuriken":43,"Mummified Hand":54,"Strawberry":26,"Philosopher\u0027s Stone":34,"HandDrill":36,"Membership Card":0,"Bottled Lightning":11,"PureWater":0,"Toxic Egg 2":0,"Toy Ornithopter":29,"Unceasing Top":38},{"Tiny House":7,"Torii":17,"Blue Candle":18,"Damaru":6,"Pen Nib":23,"Mercury Hourglass":10,"ClockworkSouvenir":23,"Blood Vial":11,"Centennial Puzzle":4,"Dream Catcher":9,"Bottled Flame":11,"DollysMirror":4,"Shuriken":18,"Mummified Hand":24,"Strawberry":11,"Philosopher\u0027s Stone":13,"HandDrill":14,"Membership Card":0,"Bottled Lightning":4,"PureWater":0,"Toxic Egg 2":0,"Toy Ornithopter":12,"Unceasing Top":16},{"Tiny House":18,"Torii":45,"Blue Candle":52,"Damaru":15,"Pen Nib":73,"Mercury Hourglass":28,"ClockworkSouvenir":73,"Blood Vial":30,"Centennial Puzzle":9,"Dream Catcher":26,"Bottled Flame":30,"DollysMirror":9,"Shuriken":52,"Mummified Hand":76,"Strawberry":30,"Philosopher\u0027s Stone":36,"HandDrill":38,"Membership Card":0,"Bottled Lightning":9,"PureWater":0,"Toxic Egg 2":0,"Toy Ornithopter":34,"Unceasing Top":43}],"Toy Ornithopter":9,"Unceasing Top":[8]},"card_choices":[{"not_picked":["Sanctity+1","ForeignInfluence+1"],"picked":"Wallop","floor":1},{"not_picked":["Crescendo+1","Halt+1","MentalFortress"],"picked":"SKIP","floor":2},{"not_picked":["Protect+1","SashWhip"],"picked":"FollowUp","floor":5},{"not_picked":["Crescendo+1","ClearTheMind+1"],"picked":"BattleHymn","floor":6},{"not_picked":["WindmillStrike","Protect+1"],"picked":"Vault+1","floor":13},{"not_picked":["FollowUp","EmptyMind+1"],"picked":"BowlingBash","floor":14},{"not_picked":["Devotion","Wish+1"],"picked":"DeusExMachina+1","floor":16},{"not_picked":["LikeWater","EmptyFist"],"picked":"Consecrate","floor":17},{"not_picked":["EmptyBody+1","Meditate+1"],"picked":"Worship+1","floor":18},{"not_picked":["CrushJoints","Consecrate"],"picked":"ForeignInfluence+1","floor":20},{"not_picked":["SashWhip","Worship+1"],"picked":"Brilliance","floor":23},{"not_picked":["BowlingBash","Fasting2"],"picked":"Wallop","floor":24},{"not_picked":["ThirdEye+1","FlurryOfBlows"],"picked":"JustLucky+1","floor":28},{"not_picked":["ThirdEye+1","Tantrum+1","Devotion"],"picked":"SKIP","floor":29},{"not_picked":["Scrawl+1","SpiritShield+1"],"picked":"ConjureBlade+1","floor":33},{"not_picked":["Perseverance+1","FlurryOfBlows","EmptyBody+1"],"picked":"SKIP","floor":35},{"not_picked":["CrushJoints","WheelKick","Perseverance+1"],"picked":"SKIP","floor":37},{"not_picked":["WaveOfTheHand+1","Protect+1"],"picked":"TalkToTheHand+1","floor":38},{"not_picked":["FlurryOfBlows","Wish+1","CrushJoints+1"],"picked":"SKIP","floor":41},{"not_picked":["ReachHeaven","Crescendo+1"],"picked":"Prostrate+1","floor":45},{"not_picked":["CutThroughFate","Crescendo+1","Swivel+1"],"picked":"SKIP","floor":46},{"not_picked":["EmptyFist+1","WaveOfTheHand+1"],"picked":"ForeignInfluence+1","floor":47},{"not_picked":["ClearTheMind+1","ForeignInfluence+1","WreathOfFlame+1"],"picked":"SKIP","floor":48},{"not_picked":["Adaptation","Crescendo+1","Consecrate"],"picked":"SKIP","floor":54}],"player_experience":579619,"relics_obtained":[{"floor":6,"key":"Centennial Puzzle"},{"floor":14,"key":"Damaru"},{"floor":23,"key":"Mercury Hourglass"},{"floor":25,"key":"Blood Vial"},{"floor":26,"key":"Strawberry"},{"floor":29,"key":"Toy Ornithopter"},{"floor":38,"key":"Unceasing Top"},{"floor":39,"key":"Torii"},{"floor":41,"key":"Blue Candle"},{"floor":43,"key":"Shuriken"},{"floor":54,"key":"Mummified Hand"}],"event_choices":[{"cards_removed":["Strike_P"],"damage_healed":0,"gold_gain":0,"player_choice":"Card Removal","damage_taken":0,"max_hp_gain":0,"max_hp_loss":0,"event_name":"The Cleric","floor":3,"gold_loss":50},{"damage_healed":40,"gold_gain":0,"player_choice":"Upgrade","damage_taken":14,"max_hp_gain":0,"max_hp_loss":72,"event_name":"betterThird:BetterShining","floor":4,"gold_loss":0,"cards_upgraded":["Defend_P","Vigilance"]},{"cards_removed":["Defend_P"],"damage_healed":0,"gold_gain":0,"player_choice":"Card Removal","damage_taken":7,"max_hp_gain":0,"max_hp_loss":0,"event_name":"Golden Wing","floor":8,"gold_loss":0},{"cards_removed":["Vault"],"damage_healed":0,"gold_gain":0,"player_choice":"Give","damage_taken":0,"max_hp_gain":0,"max_hp_loss":0,"event_name":"betterNote:BetterNote","floor":19,"gold_loss":0,"cards_obtained":["None"]},{"damage_healed":0,"gold_gain":0,"player_choice":"Ignored","damage_taken":0,"max_hp_gain":0,"max_hp_loss":0,"event_name":"Vampires","floor":21,"gold_loss":0},{"damage_healed":0,"gold_gain":0,"player_choice":"Obtained Relic","damage_taken":0,"relics_obtained":["Dream Catcher"],"max_hp_gain":0,"max_hp_loss":0,"event_name":"Addict","floor":22,"gold_loss":85},{"damage_healed":0,"gold_gain":0,"player_choice":"Read","damage_taken":0,"max_hp_gain":0,"max_hp_loss":0,"event_name":"The Library","floor":30,"gold_loss":0,"cards_obtained":["Evaluate"]},{"damage_healed":0,"gold_gain":0,"player_choice":"Fight","damage_taken":0,"max_hp_gain":0,"max_hp_loss":0,"event_name":"MindBloom","floor":38,"gold_loss":0},{"damage_healed":0,"gold_gain":0,"player_choice":"Fight","damage_taken":0,"max_hp_gain":0,"max_hp_loss":0,"event_name":"Mysterious Sphere","floor":39,"gold_loss":0}],"is_beta":false,"boss_relics":[{"not_picked":["Velvet Choker","Calling Bell"],"picked":"Tiny House"},{"not_picked":["Sozu","Busted Crown"],"picked":"Philosopher\u0027s Stone"}],"items_purged_floors":[0,0,0,27,53],"is_endless":false,"potions_floor_spawned":[2,6,13,24,33,37,46,48,54],"ascension_level":1}}