{"host":"n3yraofadl2d9nwo","time":1607892854,"event":{"mods":["BaseMod","Friendly Minions","Marisa????????","Minty Spire (QoL Compilation)","StSLib","The Animator"],"gold_per_floor":[109,109,122,11,24,24,24,50,50,83,11,11,28,44,44,145,170,194,206,25,50,50,50,61,61,61],"floor_reached":25,"playtime":2181,"items_purged":["animator:HarukoHaruhara","animator:Strike"],"score":211,"play_id":"481d99d0-d854-42a1-93ca-6bfd6679ed5b","local_time":"20201213215414","is_ascension_mode":false,"campfire_choices":[{"data":"animator:Layla","floor":6,"key":"SMITH"},{"data":"animator:Togame","floor":12,"key":"SMITH"},{"data":"animator:IrohaTamaki","floor":15,"key":"SMITH"},{"data":"animator:Kaijin","floor":23,"key":"SMITH"}],"circlet_count":0,"master_deck":["animator:Strike_MadokaMagica","animator:Defend_MadokaMagica+1","animator:Strike","animator:Strike","animator:Defend","animator:Defend","animator:Defend","animator:IrohaTamaki+1","animator:YuiTsuruno+1","Injury","animator:Gillette+1","animator:Layla+1","animator:Togame+1","animator:YuiTsuruno","animator:YuiTsuruno+1","animator:MamiTomoe+1","animator:Yuuichirou+1","animator:IrohaTamaki+1","animator:Gilgamesh+3","animator:YachiyoNanami","animator:KyokoSakura+1","animator:Kaijin+1","Shame","animator:MisaKurobane","animator:Alexander+1"],"relics":["animator:VividPicture","animator:TheMissingPiece","Molten Egg 2","Ginger","Unceasing Top","Strawberry"],"acts_visited":["Exordium","TheCity"],"potions_floor_usage":[10,16,24,25,25],"damage_taken":[{"damage":2,"enemies":"Small Slimes","floor":1,"turns":4},{"damage":0,"enemies":"2 Louse","floor":3,"turns":4},{"damage":0,"enemies":"Jaw Worm","floor":5,"turns":4},{"damage":23,"enemies":"Gremlin Nob","floor":8,"turns":4},{"damage":9,"enemies":"Lagavulin","floor":10,"turns":4},{"damage":0,"enemies":"2 Fungi Beasts","floor":13,"turns":2},{"damage":0,"enemies":"Large Slime","floor":14,"turns":3},{"damage":20,"enemies":"The Guardian","floor":16,"turns":7},{"damage":22,"enemies":"2 Thieves","floor":18,"turns":4},{"damage":5,"enemies":"3 Byrds","floor":19,"turns":4},{"damage":17,"enemies":"Centurion and Healer","floor":24,"turns":4},{"damage":25,"enemies":"animator:HornedBat","floor":25,"turns":4}],"seed_played":"-528847242647646447","potions_obtained":[{"floor":1,"key":"ColorlessPotion"},{"floor":10,"key":"Explosive Potion"},{"floor":13,"key":"Swift Potion"},{"floor":16,"key":"Weak Potion"},{"floor":24,"key":"Fire Potion"}],"is_trial":false,"path_per_floor":["M","?","M","$","M","R","?","E","T","E","$","R","M","M","R","B",null,"M","M","$","?","?","R","M","E"],"character_chosen":"THE_ANIMATOR","items_purchased":["animator:Togame","animator:MamiTomoe+1","animator:Kaijin"],"campfire_rested":0,"item_purchase_floors":[4,11,20],"current_hp_per_floor":[64,69,69,69,69,69,55,32,32,23,23,23,23,23,23,3,71,49,45,45,52,40,40,23,0,0],"gold":61,"neow_bonus":"RANDOM_COLORLESS_2","is_daily":false,"chose_seed":false,"campfire_upgraded":4,"win_rate":0.0,"timestamp":1607892854,"path_taken":["M","?","M","$","M","R","?","E","T","E","?","R","M","M","R","BOSS","M","M","$","?","?","R","M","E"],"items_purchased_type":["Card","Card","Card"],"build_version":"2020-11-30","purchased_purges":2,"victory":false,"max_hp_per_floor":[66,71,71,71,71,71,71,71,71,71,71,71,71,71,71,71,71,71,72,72,79,79,79,79,79,79],"card_choices":[{"not_picked":["animator:Emilia","animator:TakanashiRikka"],"picked":"animator:HarukoHaruhara","floor":0},{"not_picked":["animator:Rider","animator:CrowleyEusford"],"picked":"animator:Gillette","floor":1},{"not_picked":["animator:Emonzaemon","animator:Hakurou"],"picked":"animator:Layla","floor":3},{"not_picked":["animator:TsurugaMeisai","animator:KrulTepes"],"picked":"animator:YuiTsuruno","floor":5},{"not_picked":["animator:IrohaTamaki+1","animator:SuzuneAmano+1"],"picked":"animator:YuiTsuruno+1","floor":8},{"not_picked":["animator:Azekura","animator:Vesta","animator:MaesHughes"],"picked":"SKIP","floor":10},{"not_picked":["animator:Illya","animator:OrikoMikuni"],"picked":"animator:Yuuichirou+1","floor":13},{"not_picked":["animator:Archer","animator:NagisaMomoe"],"picked":"animator:IrohaTamaki+1","floor":14},{"not_picked":["animator:Shizu+1","animator:Father"],"picked":"animator:Gilgamesh+1","floor":16},{"not_picked":["animator:SayakaMiki","animator:MamiTomoe+1"],"picked":"animator:YachiyoNanami","floor":18},{"not_picked":["animator:Millim+1","animator:Caster"],"picked":"animator:KyokoSakura+1","floor":19},{"not_picked":["animator:Konayuki","animator:Millim+1"],"picked":"animator:Alexander+1","floor":24}],"player_experience":821720,"relics_obtained":[{"floor":8,"key":"Molten Egg 2"},{"floor":9,"key":"Ginger"},{"floor":10,"key":"Unceasing Top"}],"event_choices":[{"damage_healed":0,"gold_gain":0,"player_choice":"Donut","damage_taken":0,"max_hp_gain":5,"max_hp_loss":0,"event_name":"Big Fish","floor":2,"gold_loss":0},{"damage_healed":0,"gold_gain":0,"player_choice":"Entered Light","damage_taken":14,"max_hp_gain":0,"max_hp_loss":0,"event_name":"Shining Light","floor":7,"gold_loss":0,"cards_upgraded":["animator:Gillette","animator:YuiTsuruno"]},{"damage_healed":0,"gold_gain":0,"player_choice":"Stole Relic","damage_taken":0,"relics_obtained":["Strawberry"],"max_hp_gain":0,"max_hp_loss":0,"event_name":"Addict","floor":21,"gold_loss":0,"cards_obtained":["Shame"]},{"damage_healed":0,"gold_gain":0,"player_choice":"CARD ","damage_taken":12,"max_hp_gain":0,"max_hp_loss":0,"event_name":"Knowing Skull","floor":22,"potions_obtained":[],"gold_loss":0,"cards_obtained":["animator:MisaKurobane"]}],"is_beta":false,"boss_relics":[{"not_picked":["SacredBark","Tiny House"],"picked":"animator:VividPicture"}],"items_purged_floors":[4,20],"is_endless":false,"potions_floor_spawned":[1,10,13,16,24],"killed_by":"animator:HornedBat","ascension_level":0}}