{"host":"n529wyrjhujcvty3","time":1607864626,"event":{"mods":["Act Like it!","BaseMod","Better Third Choice","Marisa¡]Ãú«B¡@Å]²z¨F¡^","Minty Spire (QoL Compilation)","Shop Mod","StSLib","Td1madao Mod","The Runesmith"],"gold_per_floor":[119,133,133,148,148,148,148,30,57,57,57,74,85,160,160,160,160],"floor_reached":16,"playtime":1498,"items_purged":[],"score":90,"play_id":"2f95a9f5-bf84-4910-a6aa-daa93f1d8885","local_time":"20201213210346","is_ascension_mode":false,"campfire_choices":[{"data":"Double Tap","floor":6.0,"key":"SMITH"},{"data":"Awareness","floor":11.0,"key":"SMITH"},{"data":"Judgment","floor":15,"key":"SMITH"}],"circlet_count":0,"master_deck":["Strike_C","Strike_C","Strike_C","Strike_C","Defend_C","Defend_C","Defend_C","Knight Kick","Chip","Preloading","Sub Weapons","Double Tap+1","Lunge","Awareness+1","Judgment+1","Fixing"],"relics":["Apod","Toy Ornithopter","Bag of Marbles","Blue Candle","Lsj Skin","FossilizedHelix"],"acts_visited":["Exordium"],"potions_floor_usage":[16],"damage_taken":[{"damage":2.0,"enemies":"Small Slimes","floor":1.0,"turns":4.0},{"damage":7.0,"enemies":"Jaw Worm","floor":2.0,"turns":6.0},{"damage":0.0,"enemies":"2 Louse","floor":4.0,"turns":3.0},{"damage":0.0,"enemies":"Large Slime","floor":12.0,"turns":7.0},{"damage":1.0,"enemies":"2 Fungi Beasts","floor":13.0,"turns":7.0},{"damage":36,"enemies":"Hexaghost","floor":16,"turns":14}],"seed_played":"-6626927656875703957","potions_obtained":[{"floor":12.0,"key":"DuplicationPotion"}],"is_trial":false,"path_per_floor":["M","M","?","M","?","R","?","$","T","T","R","M","M","?","R","B"],"character_chosen":"TD1MADAO_CLASS","items_purchased":["Awareness","Judgment"],"campfire_rested":0,"item_purchase_floors":[8,8],"current_hp_per_floor":[68,61,34,34,27,27,27,27,27,27,27,30,33,22,22,0,0],"gold":160,"neow_bonus":"RANDOM_COMMON_RELIC","is_daily":false,"chose_seed":false,"campfire_upgraded":3,"win_rate":0.0,"timestamp":1607864626,"path_taken":["M","M","?","M","?","R","?","$","T","?","R","M","M","?","R","BOSS"],"items_purchased_type":["Card","Card"],"build_version":"2020-11-30","purchased_purges":0,"victory":false,"max_hp_per_floor":[70,70,70,70,70,70,70,70,70,70,70,70,70,70,70,70,70],"card_choices":[{"not_picked":["White Contract","Money Cant Rescue"],"picked":"Preloading","floor":1.0},{"not_picked":["Preloading","Twin Teeth"],"picked":"Sub Weapons","floor":2.0},{"not_picked":["Twin Teeth","Black Execution"],"picked":"Lunge","floor":4.0},{"not_picked":["Machining","E MP"],"picked":"Fixing","floor":12.0},{"not_picked":["Here Defend Chip","Sudden Beat","Black Execution"],"picked":"SKIP","floor":13}],"player_experience":329143,"relics_obtained":[{"floor":9.0,"key":"Lsj Skin"},{"floor":10.0,"key":"FossilizedHelix"}],"event_choices":[{"cards_removed":["Defend_C"],"damage_healed":0.0,"max_hp_gain":0.0,"max_hp_loss":0.0,"gold_gain":0.0,"event_name":"Golden Wing","player_choice":"Card Removal","floor":5.0,"gold_loss":0.0,"damage_taken":7.0},{"damage_healed":0.0,"max_hp_gain":0.0,"max_hp_loss":0.0,"gold_gain":0.0,"event_name":"Dead Adventurer","player_choice":"Searched \u00271\u0027 times","floor":7.0,"gold_loss":0.0,"damage_taken":0.0,"relics_obtained":["Blue Candle"]},{"damage_healed":0,"gold_gain":75,"player_choice":"Gold","damage_taken":11,"max_hp_gain":0,"max_hp_loss":0,"event_name":"betterThird:BetterGoop","floor":14,"gold_loss":0}],"is_beta":false,"boss_relics":[],"items_purged_floors":[],"is_endless":false,"potions_floor_spawned":[12],"killed_by":"Hexaghost","ascension_level":0}}