{"host":"6qo42zgaknezulyg","time":1607847694,"event":{"mods":["2.2 Compatiblity","BaseMod","Keyboard Shortcuts","Minty Spire (QoL Compilation)","Permanent Neow","Quick Restart","StSLib","SuperFastMode","The Cursed"],"gold_per_floor":[119,194,205,218,30,61,61,71,124,153,153,14,30,41,41,140,140,110,110,25,25,25,25,25,25,25,25,25,25,25,25,25,25,25,25,25,25,25,25,25,25,25,25,25,25,25,25,25,25,25],"floor_reached":51,"playtime":2342,"items_purged":["TheCursedMod:Strike_TheCursed","TheCursedMod:Strike_TheCursed"],"score":1138,"play_id":"c6939ae1-1acf-42b3-92dc-60f2c11fd689","local_time":"20201213172134","is_ascension_mode":true,"campfire_choices":[{"data":"TheCursedMod:SpitefulStrike","floor":7.0,"key":"SMITH"},{"floor":11.0,"key":"REST"},{"data":"TheCursedMod:AbyssShockwave","floor":15.0,"key":"SMITH"},{"data":"TheCursedMod:HellsGateOpen","floor":24.0,"key":"SMITH"},{"data":"TheCursedMod:CursedSpellbook","floor":27.0,"key":"SMITH"},{"data":"TheCursedMod:DarkBarrier","floor":30.0,"key":"SMITH"},{"floor":32.0,"key":"REST"},{"data":"TheCursedMod:SpitefulPray","floor":40,"key":"SMITH"},{"floor":42,"key":"REST"},{"data":"TheCursedMod:ManaCirculation","floor":45,"key":"SMITH"},{"data":"TheCursedMod:LuckyCharm","floor":49,"key":"SMITH"}],"circlet_count":0,"master_deck":["AscendersBane","TheCursedMod:Defend_TheCursed","TheCursedMod:Defend_TheCursed","TheCursedMod:CursedWand","TheCursedMod:CleanUpWorkshop","TheCursedMod:Dregs","TheCursedMod:CursedBoomerang","TheCursedMod:SpitefulStrike+1","TheCursedMod:CursedSpellbook+1","TheCursedMod:ReleasedStrength","TheCursedMod:SoulCrush","TheCursedMod:SpitefulPray+1","TheCursedMod:SpitefulStrike","TheCursedMod:BlessingInDisguise","TheCursedMod:CursedAmulet","TheCursedMod:ReleasedStrength","TheCursedMod:NeowsMight","TheCursedMod:SurpriseAttack","TheCursedMod:HellsGateOpen+1","TheCursedMod:ManaCirculation+1","TheCursedMod:CircleOfAmplification","TheCursedMod:LuckyCharm+1","TheCursedMod:DarkBarrier+1","TheCursedMod:CursedAmulet+1","TheCursedMod:CircleOfAbyss","TheCursedMod:NeowsMight","TheCursedMod:BlessingInDisguise+1","TheCursedMod:CursedMace+1","TheCursedMod:Evocation+1"],"relics":["TheCursedMod:BlackMagic101","InkBottle","Dream Catcher","Bag of Preparation","Ectoplasm","Red Mask","Singing Bowl","Thread and Needle","Juzu Bracelet","Du-Vu Doll","TheCursedMod:OminousMark","StrikeDummy","TheCursedMod:Tack"],"acts_visited":["Exordium","TheCity","TheBeyond"],"potions_floor_usage":[50,50],"damage_taken":[{"damage":0.0,"enemies":"2 Louse","floor":1.0,"turns":3.0},{"damage":0.0,"enemies":"Jaw Worm","floor":3.0,"turns":3.0},{"damage":0.0,"enemies":"Small Slimes","floor":4.0,"turns":3.0},{"damage":31.0,"enemies":"Gremlin Nob","floor":6.0,"turns":4.0},{"damage":1.0,"enemies":"Red Slaver","floor":8.0,"turns":2.0},{"damage":12.0,"enemies":"3 Sentries","floor":10.0,"turns":4.0},{"damage":3.0,"enemies":"3 Louse","floor":13.0,"turns":2.0},{"damage":0.0,"enemies":"Large Slime","floor":14.0,"turns":4.0},{"damage":18.0,"enemies":"Hexaghost","floor":16.0,"turns":5.0},{"damage":4.0,"enemies":"2 Thieves","floor":18.0,"turns":2.0},{"damage":0.0,"enemies":"Masked Bandits","floor":19.0,"turns":2.0},{"damage":0.0,"enemies":"Chosen","floor":22.0,"turns":1.0},{"damage":0.0,"enemies":"Slavers","floor":23.0,"turns":3.0},{"damage":0.0,"enemies":"Snecko","floor":28.0,"turns":3.0},{"damage":7.0,"enemies":"Book of Stabbing","floor":29.0,"turns":4.0},{"damage":14.0,"enemies":"Snake Plant","floor":31.0,"turns":2.0},{"damage":40,"enemies":"Automaton","floor":33,"turns":7},{"damage":0,"enemies":"Orb Walker","floor":35,"turns":2},{"damage":2,"enemies":"3 Shapes","floor":36,"turns":4},{"damage":7,"enemies":"Sphere and 2 Shapes","floor":39,"turns":3},{"damage":2,"enemies":"Reptomancer","floor":41,"turns":5},{"damage":0,"enemies":"4 Shapes","floor":44,"turns":3},{"damage":0,"enemies":"3 Darklings","floor":46,"turns":2},{"damage":4,"enemies":"Time Eater","floor":50,"turns":7}],"seed_played":"1176924535799220705","potions_obtained":[{"floor":1.0,"key":"BlessingOfTheForge"},{"floor":4.0,"key":"TheCursedMod:DregsPotion"},{"floor":10.0,"key":"AttackPotion"},{"floor":13.0,"key":"SkillPotion"},{"floor":22.0,"key":"Fire Potion"},{"floor":33,"key":"Strength Potion"},{"floor":41,"key":"Weak Potion"},{"floor":46,"key":"CultistPotion"}],"is_trial":false,"path_per_floor":["M","?","M","M","$","E","R","M","T","E","R","$","M","M","R","B",null,"M","?","?","$","M","E","R","?","T","R","M","E","R","M","R","B",null,"M","M","?","?","M","R","E","R","T","M","R","M","?","?","R","B",null],"character_chosen":"THE_CURSED","items_purchased":["TheCursedMod:ReleasedStrength","TheCursedMod:SoulCrush","TheCursedMod:ReleasedStrength"],"campfire_rested":3,"item_purchase_floors":[5,5,12],"current_hp_per_floor":[68,57,57,57,57,26,26,25,25,13,33,33,30,30,30,12,54,50,50,50,50,52,54,54,54,54,54,54,47,47,35,57,17,60,62,62,62,62,55,55,53,76,76,78,78,80,80,78,78,74],"gold":25,"neow_bonus":"REMOVE_TWO","is_daily":false,"chose_seed":false,"campfire_upgraded":8,"win_rate":0.0,"timestamp":1607847694,"path_taken":["M","?","M","M","$","E","R","M","T","E","R","$","M","M","R","BOSS","M","?","?","$","M","E","R","?","T","R","M","E","R","M","R","BOSS","M","M","?","?","M","R","E","R","T","M","R","M","?","?","R","BOSS"],"items_purchased_type":["Card","Card","Card"],"build_version":"2020-11-30","purchased_purges":2,"victory":true,"max_hp_per_floor":[68,68,68,68,68,68,68,68,68,68,68,68,68,68,68,68,68,68,68,68,68,70,72,72,72,72,72,72,72,72,74,74,74,74,76,78,78,78,78,78,78,78,78,80,80,82,82,78,78,78],"card_choices":[{"not_picked":["TheCursedMod:Mangle","TheCursedMod:HellfireBreathing"],"picked":"TheCursedMod:CursedBoomerang","floor":1.0},{"not_picked":["TheCursedMod:TacticalStrike","TheCursedMod:Stretching"],"picked":"TheCursedMod:SpitefulStrike","floor":3.0},{"not_picked":["TheCursedMod:CircleOfBlood","TheCursedMod:Stretching"],"picked":"TheCursedMod:CursedSpellbook","floor":4.0},{"not_picked":["TheCursedMod:ManaBullet","TheCursedMod:TacticalStrike"],"picked":"TheCursedMod:SpitefulPray","floor":6.0},{"not_picked":["TheCursedMod:FleshFromBone","TheCursedMod:CircleOfFlame"],"picked":"TheCursedMod:SpitefulStrike","floor":8.0},{"not_picked":["TheCursedMod:SurpriseAttack","TheCursedMod:CursedSpellbook"],"picked":"TheCursedMod:BlessingInDisguise","floor":10.0},{"not_picked":["TheCursedMod:CursedSpellbook","TheCursedMod:CursedStaff"],"picked":"TheCursedMod:CursedAmulet","floor":11.0},{"not_picked":["TheCursedMod:CursedBoomerang","TheCursedMod:CursedArmor"],"picked":"TheCursedMod:AbyssShockwave","floor":13.0},{"not_picked":["TheCursedMod:Hemoplague","TheCursedMod:Torture","TheCursedMod:FuryStrike"],"picked":"SKIP","floor":14.0},{"not_picked":["TheCursedMod:DemonicPact","TheCursedMod:AntiAging"],"picked":"TheCursedMod:NeowsMight","floor":16.0},{"not_picked":["TheCursedMod:SpitefulStrike","TheCursedMod:Hemoplague"],"picked":"TheCursedMod:SurpriseAttack","floor":18.0},{"not_picked":["TheCursedMod:Torture","TheCursedMod:Obscuration"],"picked":"TheCursedMod:HellsGateOpen","floor":19.0},{"not_picked":["TheCursedMod:RavingStaff","TheCursedMod:Wield","TheCursedMod:CircleOfWindfury"],"picked":"Singing Bowl","floor":22.0},{"not_picked":["TheCursedMod:EmpowerCircles","TheCursedMod:CircleOfWindfury","TheCursedMod:CursedBlade"],"picked":"Singing Bowl","floor":23.0},{"not_picked":["TheCursedMod:SpitefulStrike","TheCursedMod:CursedBlade"],"picked":"TheCursedMod:LuckyCharm","floor":28.0},{"not_picked":["TheCursedMod:AbyssShockwave+1","TheCursedMod:BloodBarrier"],"picked":"TheCursedMod:DarkBarrier","floor":29.0},{"not_picked":["TheCursedMod:Mangle","TheCursedMod:Torture","TheCursedMod:Hemoplague"],"picked":"Singing Bowl","floor":31.0},{"not_picked":["TheCursedMod:CircleOfFlame+1","TheCursedMod:SurpriseAttack+1"],"picked":"TheCursedMod:CursedAmulet+1","floor":32.0},{"not_picked":["TheCursedMod:ManaCirculation","TheCursedMod:DemonicPact"],"picked":"TheCursedMod:CircleOfAbyss","floor":33},{"not_picked":["TheCursedMod:EmpowerCircles+1","TheCursedMod:ReleasedKnowledge+1","TheCursedMod:SmokeScreen"],"picked":"Singing Bowl","floor":35},{"not_picked":["TheCursedMod:Torture","TheCursedMod:ReleasedKnowledge+1","TheCursedMod:TroublousMinions+1"],"picked":"Singing Bowl","floor":36},{"not_picked":["TheCursedMod:Stigma","TheCursedMod:HellsGateOpen+1"],"picked":"TheCursedMod:BlessingInDisguise+1","floor":39},{"not_picked":["TheCursedMod:Hemoplague","TheCursedMod:AntiAging"],"picked":"TheCursedMod:CursedMace+1","floor":41},{"not_picked":["TheCursedMod:StingEye","TheCursedMod:RavingStaff"],"picked":"TheCursedMod:Evocation+1","floor":42},{"not_picked":["TheCursedMod:CursedSpellbook","TheCursedMod:Obscuration","TheCursedMod:CircleOfBlood"],"picked":"Singing Bowl","floor":44},{"not_picked":["TheCursedMod:CursedStaff","TheCursedMod:BloodBarrier+1","TheCursedMod:Torture+1"],"picked":"Singing Bowl","floor":46}],"player_experience":758382,"relics_obtained":[{"floor":6.0,"key":"InkBottle"},{"floor":9.0,"key":"Dream Catcher"},{"floor":10.0,"key":"Bag of Preparation"},{"floor":19.0,"key":"Red Mask"},{"floor":23.0,"key":"Thread and Needle"},{"floor":26.0,"key":"Juzu Bracelet"},{"floor":29.0,"key":"Du-Vu Doll"},{"floor":41,"key":"StrikeDummy"},{"floor":43,"key":"TheCursedMod:Tack"}],"event_choices":[{"damage_healed":0.0,"max_hp_gain":0.0,"max_hp_loss":0.0,"gold_gain":75.0,"event_name":"World of Goop","player_choice":"Gather Gold","floor":2.0,"gold_loss":0.0,"damage_taken":11.0},{"damage_healed":0.0,"max_hp_gain":0.0,"max_hp_loss":0.0,"gold_gain":0.0,"event_name":"Masked Bandits","player_choice":"Fought Bandits","floor":19.0,"gold_loss":0.0,"damage_taken":0.0},{"damage_healed":0.0,"max_hp_gain":0.0,"max_hp_loss":0.0,"gold_gain":0.0,"event_name":"Addict","player_choice":"Obtained Relic","floor":20.0,"gold_loss":85.0,"damage_taken":0.0,"relics_obtained":["Singing Bowl"]},{"damage_healed":0.0,"max_hp_gain":0.0,"max_hp_loss":0.0,"gold_gain":0.0,"cards_transformed":["TheCursedMod:Strike_TheCursed","TheCursedMod:Defend_TheCursed"],"event_name":"Drug Dealer","player_choice":"Became Test Subject","floor":25.0,"gold_loss":0.0,"damage_taken":0.0,"cards_obtained":["TheCursedMod:ManaCirculation","TheCursedMod:CircleOfAmplification"]},{"damage_healed":0,"gold_gain":222,"player_choice":"Wore Mask","damage_taken":0,"max_hp_gain":0,"max_hp_loss":0,"event_name":"Tomb of Lord Red Mask","floor":37,"gold_loss":0},{"damage_healed":0,"gold_gain":0,"player_choice":"Copied","damage_taken":0,"max_hp_gain":0,"max_hp_loss":0,"event_name":"Duplicator","floor":38,"gold_loss":0,"cards_obtained":["TheCursedMod:NeowsMight"]},{"cards_removed":["TheCursedMod:AbyssShockwave"],"damage_healed":0,"gold_gain":0,"player_choice":"Removed Attack","damage_taken":0,"max_hp_gain":0,"max_hp_loss":0,"event_name":"Falling","floor":47,"gold_loss":0},{"damage_healed":0,"gold_gain":0,"player_choice":"Max HP","damage_taken":0,"max_hp_gain":0,"max_hp_loss":4,"event_name":"Winding Halls","floor":48,"gold_loss":0}],"is_beta":false,"boss_relics":[{"not_picked":["Tiny House","SacredBark"],"picked":"Ectoplasm"},{"not_picked":["Philosopher\u0027s Stone","Sozu"],"picked":"TheCursedMod:OminousMark"}],"items_purged_floors":[5,12],"is_endless":false,"potions_floor_spawned":[1,4,10,13,22,33,36,41,46],"ascension_level":10}}