{"host":"oumbqh1z6oj8ya5w","time":1607898837,"event":{"mods":["A Magickal Journey","AchievementEnabler","Act Like it!","Aspiration","Astrologer","BaseMod","Better Note","Conjunction","Gensokyo","Googly Eyes","Hallownest","Hyrulean Relics","Jedi Mod","Koishi","Marisa????????","Minty Spire (QoL Compilation)","Pale of the Ancients","Rare Cards Sparkle","Reimu??????","SCP261 Mod","SacredBarkPlus","StSLib","The Bladedancer","The Blue Laboratory","The Bug Knight","The Death Knight","The Forsaken","The Servant 0.9.4","The Spell Scribe","Uncapped"],"gold_per_floor":[114,89,169,169,183,183,209,209,209,209,209],"floor_reached":10,"playtime":237,"items_purged":[],"score":75,"play_id":"d90c6001-7493-4b2a-90a6-dfaf38804bfe","local_time":"20201213223357","is_ascension_mode":true,"campfire_choices":[{"data":"Exchange","floor":6,"key":"SMITH"},{"data":"DancingSilver","floor":8,"key":"SMITH"}],"circlet_count":0,"master_deck":["Strike_S","Strike_S","Strike_S","Strike_S","Defend_S","Defend_S","Defend_S","Defend_S","KidneyShot","Exchange+1","Revamp","BottledTime","DualDimension","DancingSilver+1"],"relics":["Uniform","NeowsBlessing","Toy Ornithopter","HornCleat"],"acts_visited":["Exordium"],"potions_floor_usage":[10],"damage_taken":[{"damage":0,"enemies":"Gensokyo:Gryphon","floor":1,"turns":1},{"damage":0,"enemies":"Gensokyo:Python","floor":5,"turns":1},{"damage":3,"enemies":"Gensokyo:Cirno","floor":7,"turns":2},{"damage":59,"enemies":"Gensokyo:Aya","floor":10,"turns":12}],"seed_played":"1621447292790721639","potions_obtained":[{"floor":7,"key":"blueLaboratory:BottleOfVodka"}],"is_trial":false,"path_per_floor":["M","$","?","?","M","R","E","R","T","E"],"character_chosen":"THE_SERVANT","items_purchased":["BottledTime"],"campfire_rested":0,"item_purchase_floors":[2],"current_hp_per_floor":[65,65,65,59,59,59,56,56,56,2,2],"gold":209,"neow_bonus":"THREE_ENEMY_KILL","is_daily":false,"chose_seed":false,"campfire_upgraded":2,"win_rate":0.0,"timestamp":1607898837,"path_taken":["M","$","?","?","M","R","E","R","T","E"],"items_purchased_type":["Card"],"build_version":"2020-11-30","purchased_purges":0,"victory":false,"max_hp_per_floor":[65,65,65,65,65,65,65,65,65,65,65],"card_choices":[{"not_picked":["Unruled","Alleviate"],"picked":"Revamp","floor":1},{"not_picked":["BottledTime","Rearm"],"picked":"DualDimension","floor":5},{"not_picked":["ReturningBlade","ShiftingGears"],"picked":"DancingSilver","floor":7}],"player_experience":583589,"relics_obtained":[{"floor":7,"key":"Toy Ornithopter"},{"floor":9,"key":"HornCleat"}],"event_choices":[],"is_beta":false,"boss_relics":[],"items_purged_floors":[],"is_endless":false,"potions_floor_spawned":[7],"killed_by":"Gensokyo:Aya","ascension_level":4}}