{"host":"ow9msrs9p2ctkx99","time":1607866011,"event":{"mods":["AchievementEnabler","BaseMod","Colored Map","Colored Powertips","Minty Spire (QoL Compilation)","Permanent Neow","Quick Restart","SuperFastMode"],"gold_per_floor":[117,42,56,131,131,131,156,156,156,175,175,175],"floor_reached":11,"playtime":203,"items_purged":["Strike_B"],"score":110,"play_id":"1e295c95-8c39-401f-9260-4724a2e0ac9d","local_time":"20201213142651","is_ascension_mode":true,"campfire_choices":[{"data":"Dualcast","floor":6,"key":"SMITH"}],"circlet_count":0,"master_deck":["AscendersBane","Strike_B","Strike_B","Defend_B","Defend_B","Defend_B","Defend_B","Zap","Dualcast+1","Compile Driver","Cold Snap","Regret","Coolheaded"],"relics":["Cracked Core","Art of War","Smiling Mask","Blood Vial","Emotion Chip"],"acts_visited":["Exordium"],"potions_floor_usage":[7,11],"damage_taken":[{"damage":1,"enemies":"Cultist","floor":1,"turns":3},{"damage":7,"enemies":"Jaw Worm","floor":3,"turns":3},{"damage":18,"enemies":"Lagavulin","floor":7,"turns":8},{"damage":12,"enemies":"2 Louse","floor":10,"turns":2},{"damage":17,"enemies":"3 Sentries","floor":11,"turns":4}],"seed_played":"8715254891961923840","potions_obtained":[{"floor":1,"key":"SkillPotion"},{"floor":10,"key":"Fire Potion"}],"is_trial":false,"path_per_floor":["M","$","M","?","?","R","E","?","T","M","E"],"character_chosen":"DEFECT","items_purchased":[],"campfire_rested":0,"item_purchase_floors":[],"current_hp_per_floor":[67,67,60,49,42,42,24,24,24,14,0,0],"gold":175,"neow_bonus":"RANDOM_COMMON_RELIC","is_daily":false,"chose_seed":false,"campfire_upgraded":1,"win_rate":0.0,"timestamp":1607866011,"path_taken":["M","?","M","?","?","R","E","?","T","M","E"],"items_purchased_type":[],"build_version":"2020-11-30","purchased_purges":1,"victory":false,"max_hp_per_floor":[75,75,75,75,75,75,75,75,75,75,75,75],"card_choices":[{"not_picked":["Reinforced Body","Coolheaded"],"picked":"Compile Driver","floor":1},{"not_picked":["Steam Power","Blizzard","Compile Driver"],"picked":"SKIP","floor":3},{"not_picked":["Beam Cell","Gash"],"picked":"Cold Snap","floor":7},{"not_picked":["All For One","Stack"],"picked":"Coolheaded","floor":10}],"player_experience":1013391,"relics_obtained":[{"floor":7,"key":"Smiling Mask"},{"floor":9,"key":"Emotion Chip"}],"event_choices":[{"damage_healed":0,"gold_gain":75,"player_choice":"Gather Gold","damage_taken":11,"max_hp_gain":0,"max_hp_loss":0,"event_name":"World of Goop","floor":4,"gold_loss":0},{"cards_removed":["Strike_B"],"damage_healed":0,"gold_gain":0,"player_choice":"Card Removal","damage_taken":7,"max_hp_gain":0,"max_hp_loss":0,"event_name":"Golden Wing","floor":5,"gold_loss":0},{"damage_healed":0,"gold_gain":0,"player_choice":"Box","damage_taken":0,"relics_obtained":["Blood Vial"],"max_hp_gain":0,"max_hp_loss":0,"event_name":"Big Fish","floor":8,"gold_loss":0,"cards_obtained":["Regret"]}],"is_beta":false,"boss_relics":[],"items_purged_floors":[2],"is_endless":false,"potions_floor_spawned":[1,10],"killed_by":"3 Sentries","ascension_level":11}}