{"host":"llpusn9usp8rznkj","time":1607837310,"event":{"mods":["2.2 Compatiblity","BaseMod","Colored Map","Colored Powertips","Conspire","Downfall","Hubris","Minty Spire (QoL Compilation)","Rare Cards Sparkle","Replay The Spire","StSLib","The Cursed"],"gold_per_floor":[109,21,21,36,36,36,36,36,36,36,36,48,76,1,1,78,78,98,10,0,0,0,0,0],"floor_reached":23,"playtime":826,"items_purged":["Defend_G"],"score":366,"play_id":"ef10ea6d-70c1-49a4-8f96-6b7f4b61200e","local_time":"20201213002830","is_ascension_mode":true,"campfire_choices":[{"data":"Cloak And Dagger","floor":6.0,"key":"SMITH"},{"data":"Flying Knee","floor":11,"key":"SMITH"},{"floor":15,"key":"REST"}],"circlet_count":0,"master_deck":["AscendersBane","Strike_G","Strike_G","Strike_G","Strike_G","Defend_G","Defend_G+1","Defend_G","Defend_G","Survivor","Neutralize+1","Flying Knee+1","Cloak And Dagger+1","Venomology+1","Backflip","Blur","Envenom","Prepared","Catalyst","Necronomicurse"],"relics":["WristBlade","Pondfish Scales","conspire:RunicOctahedron","Dream Catcher","Necronomicon"],"acts_visited":["Exordium","TheCity"],"potions_floor_usage":[13,13,13,16,16,18,23],"damage_taken":[{"damage":1.0,"enemies":"Cultist","floor":1.0,"turns":4.0},{"damage":1.0,"enemies":"2 Louse","floor":4.0,"turns":3.0},{"damage":2,"enemies":"Small Slimes","floor":12,"turns":3},{"damage":15,"enemies":"3 Sentries","floor":13,"turns":7},{"damage":26,"enemies":"The Guardian","floor":16,"turns":17},{"damage":20,"enemies":"Spheric Guardian","floor":18,"turns":8},{"damage":12,"enemies":"conspire:Head Lice","floor":23,"turns":2}],"seed_played":"-1743197658431706615","potions_obtained":[{"floor":12,"key":"Poison Potion"},{"floor":13,"key":"Adrenaline Potion"},{"floor":18,"key":"Explosive Potion"}],"is_trial":false,"path_per_floor":["M","$","?","M","?","R","?","?","T","?","R","M","E","$","R","B",null,"M","$","?","T","?","E"],"character_chosen":"THE_SILENT","items_purchased":["Footwork","Catalyst"],"campfire_rested":1,"item_purchase_floors":[2,19],"current_hp_per_floor":[58,58,54,53,53,53,53,46,46,26,26,24,9,9,28,2,50,30,30,30,30,9,0,0],"gold":0,"neow_bonus":"BOSS_RELIC","is_daily":false,"chose_seed":false,"campfire_upgraded":2,"win_rate":0.0,"timestamp":1607837310,"path_taken":["M","$","?","M","?","R","?","?","T","?","R","?","E","?","R","BOSS","M","?","?","?","?","E"],"items_purchased_type":["Card","Card"],"build_version":"2020-11-30","purchased_purges":1,"victory":false,"max_hp_per_floor":[66,66,66,66,66,66,66,66,66,66,66,66,66,66,66,66,66,66,66,66,66,66,66,66],"card_choices":[{"not_picked":["Outmaneuver","Quick Slash"],"picked":"Flying Knee","floor":1.0},{"not_picked":["Dagger Spray","Sucker Punch"],"picked":"Cloak And Dagger","floor":4.0},{"not_picked":["Quick Slash","Flying Knee"],"picked":"Backflip","floor":12},{"not_picked":["Poisoned Stab","ReplayTheSpireMod:Exploit Weakness"],"picked":"Blur","floor":13},{"not_picked":["Corpse Explosion","Tools of the Trade"],"picked":"Envenom","floor":16},{"not_picked":["Setup","hubris:SlightOfHand"],"picked":"Prepared","floor":18}],"player_experience":913882,"relics_obtained":[{"floor":13,"key":"Pondfish Scales"},{"floor":21,"key":"Dream Catcher"},{"floor":22,"key":"Necronomicon"}],"event_choices":[{"damage_healed":0.0,"max_hp_gain":0.0,"max_hp_loss":0.0,"gold_gain":0.0,"event_name":"conspire:Investor","player_choice":"Leave","floor":3.0,"gold_loss":0.0,"damage_taken":0.0},{"damage_healed":0,"gold_gain":0,"player_choice":"Searched \u00270\u0027 times","damage_taken":0,"max_hp_gain":0,"max_hp_loss":0,"event_name":"Dead Adventurer","floor":7,"gold_loss":0},{"cards_removed":["Strike_G"],"damage_healed":0,"gold_gain":0,"player_choice":"Card Removal","damage_taken":7,"max_hp_gain":0,"max_hp_loss":0,"event_name":"Golden Wing","floor":8,"gold_loss":0},{"damage_healed":0,"gold_gain":0,"player_choice":"Entered Light","damage_taken":20,"max_hp_gain":0,"max_hp_loss":0,"event_name":"Shining Light","floor":10,"gold_loss":0,"cards_upgraded":["Neutralize","Defend_G"]},{"damage_healed":0,"gold_gain":0,"player_choice":"Paid Fearfully","damage_taken":0,"max_hp_gain":0,"max_hp_loss":0,"event_name":"Masked Bandits","floor":20,"gold_loss":10},{"damage_healed":0,"gold_gain":0,"player_choice":"Obtained Book","damage_taken":21,"max_hp_gain":0,"max_hp_loss":0,"event_name":"Cursed Tome","floor":22,"gold_loss":0}],"is_beta":false,"boss_relics":[{"not_picked":["Snecko Eye","SacredBark"],"picked":"conspire:RunicOctahedron"}],"items_purged_floors":[14],"is_endless":false,"potions_floor_spawned":[12,13,18],"killed_by":"conspire:Head Lice","ascension_level":20}}