{"host":"r5m27m0hu9mtdi9d","time":1607845253,"event":{"mods":["AchievementEnabler","BaseMod","Colored Map","Colored Powertips","Highlight Path","Minty Spire (QoL Compilation)"],"gold_per_floor":[112,126,138,148,161,161,188,188,212,212,246,257,283,303,303,400,400,419,419,344,356,185,185,205,205,231,244,267,267,293,327,327,431,431,453,182,195,211,238,238,268,13,13,27,48,48,75,103,103,103],"floor_reached":51,"playtime":6954,"items_purged":["Strike_G","Strike_G","Strike_G","Strike_G"],"score":1154,"play_id":"fb706c36-05df-4935-8a97-619d355778d8","local_time":"20201213024053","is_ascension_mode":true,"campfire_choices":[{"data":"Flechettes","floor":6.0,"key":"SMITH"},{"data":"Crippling Poison","floor":8.0,"key":"SMITH"},{"data":"Neutralize","floor":10.0,"key":"SMITH"},{"data":"Backflip","floor":15.0,"key":"SMITH"},{"data":"Footwork","floor":23.0,"key":"SMITH"},{"data":"Terror","floor":25.0,"key":"SMITH"},{"data":"Well Laid Plans","floor":29.0,"key":"SMITH"},{"data":"Bullet Time","floor":32.0,"key":"SMITH"},{"data":"Catalyst","floor":40.0,"key":"SMITH"},{"data":"Catalyst","floor":46,"key":"SMITH"},{"data":"Footwork","floor":49,"key":"SMITH"}],"circlet_count":0,"master_deck":["Strike_G+1","Defend_G","Defend_G","Defend_G","Defend_G","Defend_G","Survivor","Neutralize+1","Flechettes+1","Backflip+1","Deadly Poison","Crippling Poison+1","Quick Slash+1","Die Die Die","Die Die Die","Acrobatics+1","Footwork+1","Terror+1","Well Laid Plans+1","Bullet Time+1","PiercingWail","Corpse Explosion","Catalyst+1","Prepared","Footwork+1","Catalyst+1","Dash+1"],"relics":["Ring of the Snake","CaptainsWheel","Toy Ornithopter","Bag of Preparation","Whetstone","Orichalcum","Coffee Dripper","CeramicFish","Black Star","TwistedFunnel","Vajra","Anchor","MealTicket","PreservedInsect","Pen Nib"],"acts_visited":["Exordium","TheCity","TheBeyond"],"potions_floor_usage":[48,50,50],"damage_taken":[{"damage":0.0,"enemies":"Cultist","floor":1.0,"turns":4.0},{"damage":0.0,"enemies":"Small Slimes","floor":2.0,"turns":4.0},{"damage":0.0,"enemies":"Jaw Worm","floor":3.0,"turns":4.0},{"damage":0.0,"enemies":"Exordium Wildlife","floor":4.0,"turns":3.0},{"damage":5.0,"enemies":"Gremlin Gang","floor":5.0,"turns":4.0},{"damage":7.0,"enemies":"Lagavulin","floor":7.0,"turns":5.0},{"damage":3.0,"enemies":"3 Sentries","floor":11.0,"turns":8.0},{"damage":1.0,"enemies":"Exordium Thugs","floor":12.0,"turns":3.0},{"damage":0.0,"enemies":"Gremlin Nob","floor":13.0,"turns":4.0},{"damage":0.0,"enemies":"2 Fungi Beasts","floor":14.0,"turns":3.0},{"damage":4.0,"enemies":"The Guardian","floor":16.0,"turns":9.0},{"damage":9.0,"enemies":"2 Thieves","floor":18.0,"turns":3.0},{"damage":0.0,"enemies":"Chosen","floor":21.0,"turns":4.0},{"damage":2.0,"enemies":"Sentry and Sphere","floor":24.0,"turns":7.0},{"damage":3.0,"enemies":"Shelled Parasite and Fungi","floor":27.0,"turns":3.0},{"damage":12.0,"enemies":"Snake Plant","floor":28.0,"turns":4.0},{"damage":0.0,"enemies":"3 Cultists","floor":30.0,"turns":4.0},{"damage":3.0,"enemies":"Slavers","floor":31.0,"turns":4.0},{"damage":27.0,"enemies":"Champ","floor":33.0,"turns":10.0},{"damage":0.0,"enemies":"3 Darklings","floor":35.0,"turns":2.0},{"damage":3.0,"enemies":"3 Shapes","floor":37.0,"turns":2.0},{"damage":0.0,"enemies":"Transient","floor":38.0,"turns":5.0},{"damage":7.0,"enemies":"Jaw Worm Horde","floor":39.0,"turns":2.0},{"damage":0.0,"enemies":"Giant Head","floor":41.0,"turns":6.0},{"damage":6,"enemies":"Sphere and 2 Shapes","floor":44,"turns":3},{"damage":6,"enemies":"3 Darklings","floor":45,"turns":3},{"damage":0,"enemies":"Maw","floor":47,"turns":2},{"damage":0,"enemies":"Nemesis","floor":48,"turns":3},{"damage":0,"enemies":"Time Eater","floor":50,"turns":4}],"seed_played":"-5255576537409356545","potions_obtained":[{"floor":1.0,"key":"ColorlessPotion"},{"floor":4.0,"key":"SkillPotion"},{"floor":5.0,"key":"FearPotion"},{"floor":7.0,"key":"ColorlessPotion"},{"floor":11.0,"key":"DistilledChaos"},{"floor":13.0,"key":"CultistPotion"},{"floor":21.0,"key":"SkillPotion"},{"floor":28.0,"key":"Fire Potion"},{"floor":30.0,"key":"Fire Potion"},{"floor":31.0,"key":"AttackPotion"},{"floor":35.0,"key":"Poison Potion"},{"floor":47,"key":"LiquidMemories"}],"is_trial":false,"path_per_floor":["M","M","M","M","M","R","E","R","T","R","E","M","E","M","R","B",null,"M","?","$","M","$","R","M","R","T","M","M","R","M","E","R","B",null,"M","$","M","M","M","R","E","$","T","M","M","R","M","E","R","B",null],"character_chosen":"THE_SILENT","items_purchased":["Footwork","TwistedFunnel","DuplicationPotion","Footwork"],"campfire_rested":0,"item_purchase_floors":[22,36,42,42],"current_hp_per_floor":[45,45,45,45,40,40,33,33,33,33,40,39,39,39,39,40,63,54,54,54,54,54,54,52,52,52,59,47,47,47,49,49,27,59,59,59,56,56,49,49,49,49,49,43,37,37,37,42,42,52],"gold":103,"neow_bonus":"ONE_RARE_RELIC","is_daily":false,"chose_seed":false,"campfire_upgraded":11,"win_rate":0.0,"timestamp":1607845253,"path_taken":["M","?","?","M","?","R","E","R","T","R","E","M","E","M","R","BOSS","M","?","$","M","$","R","M","R","T","M","M","R","M","E","R","BOSS","M","$","M","M","M","R","E","$","T","M","M","R","M","E","R","BOSS"],"items_purchased_type":["Card","Relic","Potion","Card"],"build_version":"2020-11-30","purchased_purges":4,"victory":true,"max_hp_per_floor":[70,70,70,70,70,70,70,70,70,70,70,70,70,70,70,70,70,70,70,70,70,70,70,70,70,70,70,70,70,70,70,70,70,70,70,70,70,70,70,70,70,70,70,70,70,70,70,70,70,70],"card_choices":[{"not_picked":["Deflect","Bouncing Flask"],"picked":"Flechettes","floor":1.0},{"not_picked":["Leg Sweep","PiercingWail"],"picked":"Backflip","floor":2.0},{"not_picked":["Finisher","PiercingWail"],"picked":"Deadly Poison","floor":3.0},{"not_picked":["Flying Knee","Deflect","Poisoned Stab"],"picked":"SKIP","floor":4.0},{"not_picked":["Skewer","Dagger Throw","Outmaneuver"],"picked":"SKIP","floor":5.0},{"not_picked":["Blur","Blade Dance"],"picked":"Crippling Poison","floor":7.0},{"not_picked":["Blade Dance","Choke"],"picked":"Quick Slash","floor":11.0},{"not_picked":["Infinite Blades","Crippling Poison","Acrobatics"],"picked":"SKIP","floor":12.0},{"not_picked":["Flying Knee","Quick Slash","Backflip"],"picked":"SKIP","floor":13.0},{"not_picked":["Accuracy","Prepared","Grand Finale"],"picked":"SKIP","floor":14.0},{"not_picked":["Storm of Steel","Grand Finale"],"picked":"Die Die Die","floor":16.0},{"not_picked":["Crippling Poison","Finisher","Backflip"],"picked":"SKIP","floor":18.0},{"not_picked":["Deadly Poison+1","Dodge and Roll"],"picked":"Acrobatics+1","floor":21.0},{"not_picked":["Sucker Punch","Predator+1"],"picked":"Terror","floor":24.0},{"not_picked":["Sucker Punch","Deadly Poison+1","Riddle With Holes+1"],"picked":"SKIP","floor":27.0},{"not_picked":["Bouncing Flask","Finisher"],"picked":"Well Laid Plans","floor":28.0},{"not_picked":["Acrobatics","Dash"],"picked":"Bullet Time","floor":30.0},{"not_picked":["Flying Knee+1","Riddle With Holes"],"picked":"PiercingWail","floor":31.0},{"not_picked":["Adrenaline","Burst"],"picked":"Corpse Explosion","floor":33.0},{"not_picked":["Dagger Spray+1","Bane+1"],"picked":"Catalyst","floor":35.0},{"not_picked":["Bouncing Flask","Cloak And Dagger","Endless Agony"],"picked":"SKIP","floor":37.0},{"not_picked":["Dagger Spray+1","Poisoned Stab","Sucker Punch"],"picked":"SKIP","floor":38.0},{"not_picked":["Dagger Spray","Distraction"],"picked":"Prepared","floor":39.0},{"not_picked":["Well Laid Plans","Expertise+1","Sucker Punch"],"picked":"SKIP","floor":41.0},{"not_picked":["Distraction","Crippling Poison","Cloak And Dagger+1"],"picked":"SKIP","floor":44},{"not_picked":["Poisoned Stab+1","Slice"],"picked":"Catalyst","floor":45},{"not_picked":["Dagger Spray","PiercingWail"],"picked":"Dash+1","floor":47},{"not_picked":["Cloak And Dagger+1","Acrobatics","Doppelganger"],"picked":"SKIP","floor":48}],"player_experience":627661,"relics_obtained":[{"floor":7.0,"key":"Toy Ornithopter"},{"floor":9.0,"key":"Bag of Preparation"},{"floor":11.0,"key":"Whetstone"},{"floor":13.0,"key":"Orichalcum"},{"floor":26.0,"key":"CeramicFish"},{"floor":41.0,"key":"Vajra"},{"floor":41.0,"key":"Anchor"},{"floor":43.0,"key":"MealTicket"},{"floor":48,"key":"PreservedInsect"},{"floor":48,"key":"Pen Nib"}],"event_choices":[{"damage_healed":0.0,"max_hp_gain":0.0,"max_hp_loss":0.0,"gold_gain":0.0,"event_name":"Duplicator","player_choice":"Copied","floor":19.0,"gold_loss":0.0,"damage_taken":0.0,"cards_obtained":["Die Die Die"]}],"is_beta":false,"boss_relics":[{"not_picked":["Empty Cage","Fusion Hammer"],"picked":"Coffee Dripper"},{"not_picked":["Sozu","Busted Crown"],"picked":"Black Star"}],"items_purged_floors":[20,22,36,42],"is_endless":false,"potions_floor_spawned":[1,4,5,7,11,13,21,28,30,31,35,38,44,45,47],"ascension_level":7}}