{"host":"ow9msrs9p2ctkx99","time":1607827322,"event":{"mods":["AchievementEnabler","BaseMod","Colored Map","Colored Powertips","Minty Spire (QoL Compilation)","Permanent Neow","Quick Restart","SuperFastMode"],"gold_per_floor":[211,61,72,84,84,84,113,113,190,201,201,235,235,248,248,248,248],"floor_reached":16,"playtime":251,"items_purged":[],"score":165,"play_id":"b7786741-7e5e-41b4-875b-3baabccd32d9","local_time":"20201213034202","is_ascension_mode":true,"campfire_choices":[{"data":"Dagger Spray","floor":6.0,"key":"SMITH"},{"floor":11,"key":"REST"},{"floor":13,"key":"REST"},{"data":"Dualcast","floor":15,"key":"SMITH"}],"circlet_count":0,"master_deck":["AscendersBane","Strike_B","Strike_B","Defend_B","Defend_B","Defend_B","Defend_B","Zap","Dualcast+1","Turbo","Cleave","Dagger Spray+1","FollowUp","Dagger Throw","Reflex","MasterReality"],"relics":["Cracked Core","PrismaticShard","Tiny Chest","TungstenRod"],"acts_visited":["Exordium"],"potions_floor_usage":[16,16,16],"damage_taken":[{"damage":6.0,"enemies":"Small Slimes","floor":1.0,"turns":5.0},{"damage":0.0,"enemies":"2 Louse","floor":3.0,"turns":2.0},{"damage":0.0,"enemies":"Cultist","floor":4.0,"turns":3.0},{"damage":25.0,"enemies":"Gremlin Nob","floor":7.0,"turns":4.0},{"damage":27,"enemies":"Large Slime","floor":10,"turns":5},{"damage":10,"enemies":"3 Sentries","floor":12,"turns":5},{"damage":5,"enemies":"Looter","floor":14,"turns":3},{"damage":33,"enemies":"Hexaghost","floor":16,"turns":9}],"seed_played":"-954843676301163311","potions_obtained":[{"floor":4.0,"key":"PowerPotion"},{"floor":10,"key":"Weak Potion"},{"floor":12,"key":"EssenceOfSteel"},{"floor":14,"key":"Explosive Potion"}],"is_trial":false,"path_per_floor":["M","$","M","M","?","R","E","?","T","M","R","E","R","M","R","B"],"character_chosen":"DEFECT","items_purchased":["PrismaticShard"],"campfire_rested":2,"item_purchase_floors":[2],"current_hp_per_floor":[62,62,62,62,62,62,37,30,30,3,25,15,37,32,32,0,0],"gold":248,"neow_bonus":"HUNDRED_GOLD","is_daily":false,"chose_seed":false,"campfire_upgraded":2,"win_rate":0.0,"timestamp":1607827322,"path_taken":["M","$","M","M","?","R","E","?","T","M","R","E","R","M","R","BOSS"],"items_purchased_type":["Relic"],"build_version":"2020-11-30","purchased_purges":0,"victory":false,"max_hp_per_floor":[75,75,75,75,75,75,75,75,75,75,75,75,75,75,75,75,75],"card_choices":[{"not_picked":["Force Field","Coolheaded"],"picked":"Turbo","floor":1.0},{"not_picked":["Bane","Endless Agony"],"picked":"Cleave","floor":3.0},{"not_picked":["Sword Boomerang","Anger"],"picked":"Dagger Spray","floor":4.0},{"not_picked":["Terror","Tempest"],"picked":"FollowUp","floor":7.0},{"not_picked":["Ball Lightning","Anger"],"picked":"Dagger Throw","floor":10},{"not_picked":["Sucker Punch","Hello World"],"picked":"Reflex","floor":12},{"not_picked":["Reinforced Body","Cleave"],"picked":"MasterReality","floor":14}],"player_experience":981816,"relics_obtained":[{"floor":7.0,"key":"Tiny Chest"},{"floor":12,"key":"TungstenRod"}],"event_choices":[{"cards_removed":["Strike_B"],"damage_healed":0.0,"max_hp_gain":0.0,"max_hp_loss":0.0,"gold_gain":0.0,"event_name":"Living Wall","player_choice":"Forget","floor":5.0,"gold_loss":0.0,"damage_taken":0.0},{"cards_removed":["Strike_B"],"damage_healed":0.0,"max_hp_gain":0.0,"max_hp_loss":0.0,"gold_gain":0.0,"event_name":"Golden Wing","player_choice":"Card Removal","floor":8.0,"gold_loss":0.0,"damage_taken":7.0}],"is_beta":false,"boss_relics":[],"items_purged_floors":[],"is_endless":false,"potions_floor_spawned":[4,10,12,14],"killed_by":"Hexaghost","ascension_level":10}}