{"host":"guyab0tlx1bjcpcr","time":1607897377,"event":{"mods":["Aspiration","BaseMod","Beaked The Cultist","Better Third Choice","Conspire","GifTheSpireLib","Halation","Hubris","Minty Spire (QoL Compilation)","Replay The Spire","Robot Space Explorer","Spikes Relics","StSLib","Stuff the Spire","SuperFastMode","The Servant 0.9.4","Wandering Minibosses","vexMod"],"gold_per_floor":[109,78,43,61,73,73,101,101,101,101,128,128,128,147,147,255,255,277,293,17,17,17,55,55,75,75,98,98,129,129,166,166,273,273,286,286,286,299,54,54,58,58],"floor_reached":41,"playtime":1773,"items_purged":[],"score":716,"play_id":"edc21993-8de5-44f1-806f-840eb90d37a5","local_time":"20201213160937","is_ascension_mode":true,"campfire_choices":[{"data":"beaked:Defend_Y","floor":6,"key":"SMITH"},{"data":"beaked:Defend_Y","floor":8,"key":"SMITH"},{"data":"beaked:VigorBurst","floor":12,"key":"SMITH"},{"data":"beaked:Defend_Y","floor":15,"key":"SMITH"},{"data":"beaked:DigDeep","floor":24,"key":"SMITH"},{"data":"beaked:Overpower","floor":30,"key":"SMITH"},{"floor":32,"key":"REST"},{"floor":40,"key":"REST"}],"circlet_count":0,"master_deck":["beaked:Strike_Y","beaked:Strike_Y","beaked:Strike_Y+1","beaked:Strike_Y","beaked:Strike_Y","beaked:Strike_Y","beaked:Defend_Y+1","beaked:Defend_Y+1","beaked:Defend_Y+1","beaked:Defend_Y","beaked:Ceremony","beaked:Ceremony+1","beaked:Ceremony","beaked:VigorBurst+1","CurseOfTheBell","beaked:DigDeep+1","beaked:Overpower+1","beaked:WarriorEssence","beaked:FullHouse"],"relics":["beaked:MendingPlumage","aspiration:Nostalgia","PureWater","betterThird:SlimedRelic","Replay:Bandana","Shuriken","Calling Bell","halation:PrussianBluePaint","Snack Pack","Durian","Lee\u0027s Waffle","BranchBurnRelic","StuffTheSpire:MayFlowers","conspire:TopHat","conspire:SlowCooker","aspiration:FrozenJewel","beaked:ShinyBauble"],"acts_visited":["Exordium","TheCity","TheBeyond"],"potions_floor_usage":[7,16,23,31,31,31],"damage_taken":[{"damage":4,"enemies":"2 Louse","floor":1,"turns":4},{"damage":13,"enemies":"Jaw Worm","floor":4,"turns":4},{"damage":0,"enemies":"Small Slimes","floor":5,"turns":3},{"damage":20,"enemies":"Gremlin Nob","floor":7,"turns":3},{"damage":8,"enemies":"3 Louse","floor":11,"turns":5},{"damage":23,"enemies":"Exordium Wildlife","floor":14,"turns":5},{"damage":12,"enemies":"Hexaghost","floor":16,"turns":11},{"damage":42,"enemies":"Spheric Guardian","floor":18,"turns":8},{"damage":47,"enemies":"Shell Parasite","floor":19,"turns":6},{"damage":64,"enemies":"Book of Stabbing","floor":23,"turns":7},{"damage":33,"enemies":"Centurion and Healer","floor":25,"turns":8},{"damage":39,"enemies":"Snecko","floor":27,"turns":5},{"damage":57,"enemies":"3 Cultists","floor":29,"turns":7},{"damage":85,"enemies":"Slavers","floor":31,"turns":8},{"damage":72,"enemies":"Pondfish","floor":33,"turns":13},{"damage":33,"enemies":"Orb Walker","floor":35,"turns":6},{"damage":73,"enemies":"3 Shapes","floor":38,"turns":7},{"damage":108,"enemies":"Giant Head","floor":41,"turns":7}],"seed_played":"3632522334646058943","potions_obtained":[{"floor":1,"key":"Death Potion"},{"floor":7,"key":"Reflective Coating"},{"floor":23,"key":"BlessingOfTheForge"},{"floor":25,"key":"FearPotion"},{"floor":27,"key":"FearPotion"},{"floor":29,"key":"SteroidPotion"},{"floor":33,"key":"EntropicBrew"},{"floor":38,"key":"Weak Potion"}],"is_trial":false,"path_per_floor":["M","?","?","M","M","R","E","R","T","?","M","R","?","M","R","B",null,"M","M","$","?","?","E","R","M","T","M","$","M","R","E","R","B",null,"M","T","$","M","$","R","E"],"character_chosen":"BEAKED_THE_CULTIST","items_purchased":["Lee\u0027s Waffle","beaked:Overpower","SteroidPotion","beaked:ShinyBauble"],"campfire_rested":2,"item_purchase_floors":[20,20,20,39],"current_hp_per_floor":[50,39,50,42,50,50,32,32,32,22,34,34,39,37,37,57,65,46,25,72,72,82,53,53,76,76,72,72,56,56,25,49,82,82,75,75,75,29,29,53,0,0],"gold":58,"neow_bonus":"NOSTALGIA","is_daily":false,"chose_seed":false,"campfire_upgraded":6,"win_rate":0.0,"timestamp":1607897377,"path_taken":["M","?","?","M","M","R","E","R","T","?","M","R","?","M","R","BOSS","M","M","$","?","?","E","R","M","T","?","$","M","R","E","R","BOSS","M","?","$","M","?","R","E"],"items_purchased_type":["Relic","Card","Potion","Relic"],"build_version":"2020-11-30","purchased_purges":0,"victory":false,"max_hp_per_floor":[50,50,50,50,50,50,50,50,50,50,55,55,60,60,60,60,65,65,65,72,72,82,82,82,82,82,82,82,82,82,82,82,82,82,82,82,82,82,82,82,82,82],"card_choices":[{"not_picked":["beaked:WarriorSpirit","beaked:SacrificialDive","beaked:FeelMyPain"],"picked":"SKIP","floor":1},{"not_picked":["beaked:MimicMachine","beaked:HuntressSpirit","beaked:FeelMyPain"],"picked":"SKIP","floor":4},{"not_picked":["beaked:Resilience","beaked:Cower","beaked:BraceForImpact"],"picked":"SKIP","floor":5},{"not_picked":["beaked:Replenish","beaked:Hexing","beaked:CheekyTricks"],"picked":"SKIP","floor":7},{"not_picked":["beaked:WarriorSpirit","beaked:Overexert"],"picked":"beaked:VigorBurst","floor":11},{"not_picked":["beaked:Resilience","beaked:BloodRitual","beaked:Insight"],"picked":"SKIP","floor":14},{"not_picked":["beaked:Resilience","beaked:BloodRitual","beaked:Insight"],"picked":"SKIP","floor":14},{"not_picked":["beaked:Caw","beaked:KnowThyFoe"],"picked":"beaked:WildInstinct","floor":16},{"not_picked":["beaked:Evade","beaked:Insight","beaked:StickSmack+1"],"picked":"SKIP","floor":18},{"not_picked":["beaked:WindBringer","beaked:Overpower+1"],"picked":"beaked:DigDeep","floor":19},{"not_picked":["beaked:BounceBack","beaked:CrazyRituals","beaked:Windmill+1"],"picked":"SKIP","floor":23},{"not_picked":["beaked:Insight+1","beaked:BraceForImpact+1","beaked:Cower"],"picked":"SKIP","floor":25},{"not_picked":["beaked:RuinSticks","beaked:Devastation","beaked:FeelMyPain"],"picked":"SKIP","floor":27},{"not_picked":["beaked:BounceBack","beaked:MachineEssence","beaked:Insight"],"picked":"SKIP","floor":29},{"not_picked":["beaked:BounceBack","beaked:MachineEssence","beaked:Insight"],"picked":"SKIP","floor":29},{"not_picked":["beaked:Windmill+1","beaked:RuinSticks"],"picked":"beaked:WarriorEssence","floor":31},{"not_picked":["beaked:Brainwash","beaked:DarkTribute"],"picked":"beaked:FullHouse","floor":33},{"not_picked":["beaked:Windmill+1","beaked:StickSmack","beaked:Redirect+1"],"picked":"SKIP","floor":35},{"not_picked":["beaked:Brace","beaked:MaddeningMurmurs+1","beaked:Tradeoff"],"picked":"SKIP","floor":38}],"player_experience":1837701,"relics_obtained":[{"floor":7,"key":"Replay:Bandana"},{"floor":9,"key":"Shuriken"},{"floor":17,"key":"halation:PrussianBluePaint"},{"floor":17,"key":"Snack Pack"},{"floor":17,"key":"Durian"},{"floor":23,"key":"Dead Branch"},{"floor":26,"key":"StuffTheSpire:MayFlowers"},{"floor":31,"key":"conspire:TopHat"},{"floor":36,"key":"aspiration:FrozenJewel"}],"event_choices":[{"damage_healed":0,"gold_gain":0,"player_choice":"Slimed","damage_taken":11,"max_hp_gain":0,"max_hp_loss":0,"event_name":"betterThird:BetterGoop","floor":2,"gold_loss":31},{"damage_healed":12,"gold_gain":0,"player_choice":"Healed","damage_taken":0,"max_hp_gain":0,"max_hp_loss":0,"event_name":"The Cleric","floor":3,"gold_loss":35},{"damage_healed":32,"gold_gain":0,"player_choice":"Upgrade","damage_taken":10,"max_hp_gain":0,"max_hp_loss":50,"event_name":"betterThird:BetterShining","floor":10,"gold_loss":0,"cards_upgraded":["beaked:Strike_Y","beaked:Ceremony"]},{"damage_healed":0,"gold_gain":0,"player_choice":"Donut","damage_taken":0,"max_hp_gain":5,"max_hp_loss":0,"event_name":"Big Fish","floor":13,"gold_loss":0},{"damage_healed":0,"gold_gain":0,"player_choice":"Leave","damage_taken":0,"max_hp_gain":0,"max_hp_loss":0,"event_name":"conspire:Investor","floor":21,"gold_loss":0},{"cards_removed":["beaked:WildInstinct"],"damage_healed":0,"gold_gain":0,"player_choice":"Offered Rare","damage_taken":0,"max_hp_gain":10,"max_hp_loss":0,"event_name":"Bonfire Elementals","floor":22,"gold_loss":0}],"is_beta":false,"boss_relics":[{"not_picked":["Coffee Dripper","hubris:HollowSoul"],"picked":"Calling Bell"},{"not_picked":["CosmicIsotope","vexMod:EndlessSickness"],"picked":"conspire:SlowCooker"}],"items_purged_floors":[],"is_endless":false,"potions_floor_spawned":[1,7,23,25,27,29,33,38],"killed_by":"Giant Head","ascension_level":3}}