{"host":"x205naxbihvu3p76","time":1607823390,"event":{"mods":["AchievementEnabler","BaseMod","Minty Spire (QoL Compilation)","StSLib","SuperFastMode"],"gold_per_floor":[219,219,235,250,4,4,4,0,26,26,49,60,74,74,74],"floor_reached":14,"playtime":214,"items_purged":["Strike_B"],"score":148,"play_id":"ee58ee3a-c41f-44e9-a5cc-e58739e376eb","local_time":"20201213103630","is_ascension_mode":true,"campfire_choices":[{"data":"Go for the Eyes","floor":6,"key":"SMITH"},{"data":"Chaos","floor":10,"key":"SMITH"}],"circlet_count":0,"master_deck":["AscendersBane","Strike_B","Strike_B","Strike_B","Defend_B","Defend_B","Defend_B","Defend_B","Zap","Dualcast","Chaos+1","Go for the Eyes+1","Compile Driver","Sunder","Conserve Battery","Core Surge"],"relics":["Cracked Core","DataDisk","Juzu Bracelet","Odd Mushroom"],"acts_visited":["Exordium"],"potions_floor_usage":[11],"damage_taken":[{"damage":2,"enemies":"Cultist","floor":1,"turns":4},{"damage":18,"enemies":"Small Slimes","floor":3,"turns":5},{"damage":2,"enemies":"2 Louse","floor":4,"turns":2},{"damage":11,"enemies":"The Mushroom Lair","floor":11,"turns":4},{"damage":13,"enemies":"Large Slime","floor":12,"turns":5},{"damage":14,"enemies":"Gremlin Gang","floor":13,"turns":5},{"damage":10,"enemies":"3 Sentries","floor":14,"turns":1}],"seed_played":"3005104816474466969","potions_obtained":[{"floor":1,"key":"Fire Potion"},{"floor":2,"key":"ColorlessPotion"}],"is_trial":false,"path_per_floor":["M","?","M","M","$","R","$","?","T","R","?","M","M","E"],"character_chosen":"DEFECT","items_purchased":["DataDisk"],"campfire_rested":0,"item_purchase_floors":[5],"current_hp_per_floor":[62,62,44,42,42,42,42,42,42,42,31,18,4,0,0],"gold":74,"neow_bonus":"HUNDRED_GOLD","is_daily":false,"chose_seed":false,"campfire_upgraded":2,"win_rate":0.0,"timestamp":1607823390,"path_taken":["M","?","?","M","$","R","$","?","T","R","?","M","M","E"],"items_purchased_type":["Relic"],"build_version":"2020-11-30","purchased_purges":1,"victory":false,"max_hp_per_floor":[71,71,71,71,71,71,71,71,71,71,71,71,71,71,71],"card_choices":[{"not_picked":["Undo","BootSequence"],"picked":"Chaos","floor":1},{"not_picked":["Coolheaded","Lockon"],"picked":"Go for the Eyes","floor":3},{"not_picked":["Coolheaded","Redo"],"picked":"Compile Driver","floor":4},{"not_picked":["Chaos","Heatsinks"],"picked":"Sunder","floor":11},{"not_picked":["Stack","Rebound"],"picked":"Conserve Battery","floor":12},{"not_picked":["Gash","Chill"],"picked":"Core Surge","floor":13}],"player_experience":931635,"relics_obtained":[{"floor":9,"key":"Juzu Bracelet"},{"floor":11,"key":"Odd Mushroom"}],"event_choices":[{"damage_healed":0,"gold_gain":0,"player_choice":"Got Potions","damage_taken":0,"max_hp_gain":0,"max_hp_loss":0,"event_name":"Lab","floor":2,"gold_loss":0},{"damage_healed":0,"gold_gain":0,"player_choice":"Left Gold","damage_taken":0,"max_hp_gain":0,"max_hp_loss":0,"event_name":"World of Goop","floor":8,"gold_loss":4},{"damage_healed":0,"gold_gain":0,"player_choice":"Fought Mushrooms","damage_taken":0,"max_hp_gain":0,"max_hp_loss":0,"event_name":"Mushrooms","floor":11,"gold_loss":0}],"is_beta":false,"boss_relics":[],"items_purged_floors":[5],"is_endless":false,"potions_floor_spawned":[1,3,4],"killed_by":"3 Sentries","ascension_level":17}}