{"host":"pl1fbpkom0aq337f","time":1607887081,"event":{"mods":["AchievementEnabler","BaseMod","Colored Map","Minty Spire (QoL Compilation)"],"gold_per_floor":[219,16,16,34,46,79,79,90,90,90,114,132,82,94,94,106,132,180,180,275,275,292,307,307,325,325,325,350,350,350,378,396,406,117,132,132,227,227,239,256,256,256,256,256,266,266,280,331,365,365,82,110,127,127,127],"floor_reached":56,"playtime":4294,"items_purged":["Strike_G","Strike_G","Venomology"],"score":958,"play_id":"a0ca414f-07c5-4cc7-a137-ffeed8f5a165","local_time":"20201213201801","is_ascension_mode":true,"campfire_choices":[{"data":"Footwork","floor":7.0,"key":"SMITH"},{"data":"Neutralize","floor":9.0,"key":"SMITH"},{"data":"Calculated Gamble","floor":19.0,"key":"SMITH"},{"floor":27.0,"key":"REST"},{"floor":29.0,"key":"REST"},{"data":"Well Laid Plans","floor":36.0,"key":"SMITH"},{"floor":44,"key":"REST"},{"floor":46,"key":"REST"},{"data":"Adrenaline","floor":50,"key":"SMITH"},{"data":"Dark Shackles","floor":54,"key":"SMITH"}],"circlet_count":0,"master_deck":["Survivor","Neutralize+1","Grand Finale+1","Footwork+1","Bane","Quick Slash","Dodge and Roll","Quick Slash+1","Calculated Gamble+1","Dodge and Roll","Corpse Explosion","Backflip","Leg Sweep+1","Footwork+1","Escape Plan","Backflip+1","Acrobatics","Well Laid Plans+1","Adrenaline+1","Crippling Poison+1","Dark Shackles+1","Dodge and Roll+1"],"relics":["Ring of the Snake","War Paint","Bottled Tornado","Smiling Mask","Incense Burner","Ancient Tea Set","SacredBark","Enchiridion","Vajra","Whetstone","Question Card","Pandora\u0027s Box","MealTicket","Bag of Preparation","Medical Kit","Snake Skull"],"acts_visited":[],"potions_floor_usage":[49,55,55,55],"damage_taken":[{"damage":0.0,"enemies":"2 Louse","floor":1.0,"turns":3.0},{"damage":0.0,"enemies":"Cultist","floor":4.0,"turns":5.0},{"damage":2.0,"enemies":"Jaw Worm","floor":5.0,"turns":4.0},{"damage":21.0,"enemies":"3 Sentries","floor":6.0,"turns":8.0},{"damage":4.0,"enemies":"Gremlin Gang","floor":8.0,"turns":3.0},{"damage":6.0,"enemies":"Exordium Wildlife","floor":12.0,"turns":4.0},{"damage":1.0,"enemies":"Blue Slaver","floor":14.0,"turns":4.0},{"damage":0.0,"enemies":"Gremlin Gang","floor":16.0,"turns":4.0},{"damage":11.0,"enemies":"Lagavulin","floor":17.0,"turns":7.0},{"damage":7.0,"enemies":"Hexaghost","floor":20.0,"turns":12.0},{"damage":28.0,"enemies":"2 Thieves","floor":22.0,"turns":4.0},{"damage":0.0,"enemies":"3 Byrds","floor":23.0,"turns":2.0},{"damage":1.0,"enemies":"Sentry and Sphere","floor":25.0,"turns":15.0},{"damage":22.0,"enemies":"Book of Stabbing","floor":31.0,"turns":8.0},{"damage":7.0,"enemies":"Chosen and Byrds","floor":32.0,"turns":9.0},{"damage":1.0,"enemies":"Snecko","floor":33.0,"turns":5.0},{"damage":11.0,"enemies":"Centurion and Healer","floor":35.0,"turns":6.0},{"damage":3.0,"enemies":"Champ","floor":37.0,"turns":11.0},{"damage":7.0,"enemies":"Orb Walker","floor":39.0,"turns":5.0},{"damage":0.0,"enemies":"3 Shapes","floor":40.0,"turns":7.0},{"damage":21.0,"enemies":"2 Orb Walkers","floor":43.0,"turns":5.0},{"damage":16,"enemies":"Nemesis","floor":45,"turns":5},{"damage":0,"enemies":"Transient","floor":47,"turns":5},{"damage":0,"enemies":"Reptomancer","floor":49,"turns":6},{"damage":3,"enemies":"Nemesis","floor":52,"turns":5},{"damage":0,"enemies":"Spire Growth","floor":53,"turns":4},{"damage":35,"enemies":"Time Eater","floor":55,"turns":19}],"seed_played":"-8467530449436209356","potions_obtained":[{"floor":4.0,"key":"Fire Potion"},{"floor":5.0,"key":"Swift Potion"},{"floor":12.0,"key":"PowerPotion"},{"floor":15.0,"key":"Fruit Juice"},{"floor":15.0,"key":"FairyPotion"},{"floor":22.0,"key":"AttackPotion"},{"floor":23.0,"key":"Ancient Potion"},{"floor":25.0,"key":"Swift Potion"},{"floor":33.0,"key":"Block Potion"},{"floor":37.0,"key":"AttackPotion"}],"is_trial":false,"path_per_floor":["M","$","?","M","M","E","R","M","R","T","T","M","$","M","?","M","E","T","R","B",null,"M","M","?","M","?","R","T","R","T","E","M","M","$","M","R","B",null,"M","M","?","?","?","R","E","R","M","T","E","R","$","E","M","R","B",null],"character_chosen":"THE_SILENT","items_purchased":["Grand Finale","Footwork","Question Card","Medical Kit","Regen Potion"],"campfire_rested":4,"item_purchase_floors":[2,2,34,51,51],"current_hp_per_floor":[70,70,70,70,68,47,47,43,43,43,43,37,37,36,41,41,30,30,30,23,62,34,34,34,33,17,39,39,61,61,39,32,31,31,20,20,17,61,54,54,54,54,33,55,39,61,61,61,61,61,75,72,72,72,75],"gold":127,"neow_bonus":"HUNDRED_GOLD","is_daily":false,"chose_seed":false,"campfire_upgraded":6,"win_rate":0.0,"timestamp":1607887081,"path_taken":["M","$","?","?","M","E","R","M","R","T","T","?","$","M","?","?","E","?","R","BOSS","M","M","?","?","?","R","?","R","T","E","M","M","$","M","R","BOSS","M","M","?","?","?","R","E","R","M","T","E","R","$","E","M","R","BOSS"],"items_purchased_type":["Card","Card","Relic","Relic","Potion"],"build_version":"2020-11-30","purchased_purges":3,"victory":true,"max_hp_per_floor":[70,70,70,70,70,70,70,70,70,70,70,70,70,70,75,75,75,75,75,75,75,75,75,75,75,75,75,75,75,75,75,75,75,75,75,75,75,75,75,75,75,75,75,75,75,75,75,75,75,75,75,75,75,75,75],"card_choices":[{"not_picked":["PiercingWail","Deadly Poison"],"picked":"Poisoned Stab","floor":1.0},{"not_picked":["Setup","Masterful Stab"],"picked":"Bane","floor":4.0},{"not_picked":["Flying Knee","Infinite Blades"],"picked":"Quick Slash","floor":5.0},{"not_picked":["Envenom","Flechettes"],"picked":"Dodge and Roll","floor":6.0},{"not_picked":["Well Laid Plans","Distraction"],"picked":"Quick Slash","floor":8.0},{"not_picked":["Choke","Prepared"],"picked":"Calculated Gamble","floor":12.0},{"not_picked":["Skewer","Flying Knee","Blade Dance"],"picked":"SKIP","floor":14.0},{"not_picked":["Outmaneuver","Poisoned Stab","Flying Knee"],"picked":"SKIP","floor":16.0},{"not_picked":["Caltrops","Doppelganger"],"picked":"Dodge and Roll","floor":17.0},{"not_picked":["Doppelganger","A Thousand Cuts"],"picked":"Corpse Explosion","floor":20.0},{"not_picked":["Poisoned Stab","Quick Slash"],"picked":"Backflip","floor":22.0},{"not_picked":["Setup","Dagger Spray"],"picked":"Leg Sweep+1","floor":23.0},{"not_picked":["Dodge and Roll","Flechettes"],"picked":"Escape Plan","floor":25.0},{"not_picked":["Bouncing Flask","Concentrate"],"picked":"Backflip+1","floor":31.0},{"not_picked":["Flying Knee","Dagger Throw"],"picked":"Acrobatics","floor":32.0},{"not_picked":["A Thousand Cuts","Finisher","Sucker Punch+1"],"picked":"SKIP","floor":33.0},{"not_picked":["Leg Sweep+1","Flying Knee","Crippling Poison"],"picked":"Well Laid Plans","floor":35.0},{"not_picked":["Burst","Storm of Steel","Tools of the Trade"],"picked":"Adrenaline","floor":37.0},{"not_picked":["Terror","Bouncing Flask+1","Blade Dance+1","Underhanded Strike+1"],"picked":"SKIP","floor":39.0},{"not_picked":["Dagger Throw+1","Poisoned Stab","PiercingWail+1"],"picked":"Crippling Poison+1","floor":40.0},{"not_picked":["Finesse","Panacea","Discovery"],"picked":"Dark Shackles","floor":42.0},{"not_picked":["Bane+1","Sucker Punch","Cloak And Dagger+1","Backflip"],"picked":"SKIP","floor":45},{"not_picked":["Backflip","Predator","Acrobatics","Cloak And Dagger+1"],"picked":"SKIP","floor":47},{"not_picked":["Blade Dance+1","Cloak And Dagger+1","After Image","Deflect+1"],"picked":"SKIP","floor":49},{"not_picked":["Bane+1","Cloak And Dagger+1","Slice"],"picked":"Dodge and Roll+1","floor":52},{"not_picked":["Dash","Prepared","Blade Dance","Quick Slash"],"picked":"SKIP","floor":53}],"player_experience":375138,"relics_obtained":[{"floor":6.0,"key":"War Paint"},{"floor":10.0,"key":"Bottled Tornado"},{"floor":11.0,"key":"Smiling Mask"},{"floor":17.0,"key":"Incense Burner"},{"floor":18.0,"key":"Ancient Tea Set"},{"floor":26.0,"key":"Enchiridion"},{"floor":28.0,"key":"Vajra"},{"floor":31.0,"key":"Whetstone"},{"floor":48,"key":"MealTicket"},{"floor":49,"key":"Bag of Preparation"},{"floor":52,"key":"Snake Skull"}],"event_choices":[{"damage_healed":0.0,"max_hp_gain":0.0,"max_hp_loss":0.0,"gold_gain":0.0,"cards_transformed":["Strike_G"],"event_name":"Transmorgrifier","player_choice":"Transformed","floor":3.0,"gold_loss":0.0,"damage_taken":0.0,"cards_obtained":["Venomology"]},{"damage_healed":0.0,"max_hp_gain":0.0,"max_hp_loss":0.0,"gold_gain":0.0,"event_name":"Lab","player_choice":"Got Potions","floor":15.0,"gold_loss":0.0,"damage_taken":0.0},{"damage_healed":0.0,"max_hp_gain":0.0,"max_hp_loss":0.0,"gold_gain":0.0,"event_name":"Duplicator","player_choice":"Copied","floor":24.0,"gold_loss":0.0,"damage_taken":0.0,"cards_obtained":["Footwork"]},{"damage_healed":0.0,"max_hp_gain":0.0,"max_hp_loss":0.0,"gold_gain":0.0,"event_name":"Cursed Tome","player_choice":"Obtained Book","floor":26.0,"gold_loss":0.0,"damage_taken":16.0},{"cards_removed":["Poisoned Stab"],"damage_healed":0.0,"max_hp_gain":0.0,"max_hp_loss":0.0,"gold_gain":0.0,"event_name":"Falling","player_choice":"Removed Attack","floor":41.0,"gold_loss":0.0,"damage_taken":0.0},{"damage_healed":0.0,"max_hp_gain":0.0,"max_hp_loss":0.0,"gold_gain":0.0,"event_name":"SensoryStone","player_choice":"Memory 1","floor":42.0,"gold_loss":0.0,"damage_taken":0.0},{"damage_healed":0.0,"max_hp_gain":0.0,"max_hp_loss":0.0,"gold_gain":0.0,"event_name":"Mysterious Sphere","player_choice":"Fight","floor":43.0,"gold_loss":0.0,"damage_taken":0.0}],"is_beta":false,"boss_relics":[{"not_picked":["Philosopher\u0027s Stone","Runic Dome"],"picked":"SacredBark"},{"not_picked":["HoveringKite","Coffee Dripper"],"picked":"Pandora\u0027s Box"}],"items_purged_floors":[13,34,51],"is_endless":false,"potions_floor_spawned":[4,5,12,16,17,22,23,25,33,37,43,47,49,53],"ascension_level":5}}