{"host":"7ttbe3gzet1mthv0","time":1607903182,"event":{"mods":["AchievementEnabler","BaseMod","CapriCore","Colored Map","Colored Powertips","Highlight Path","Jorbs\u0027s Wanderer Trilogy","Marisa????????","Minty Spire (QoL Compilation)","Rare Cards Sparkle","Relic Stats","StSLib","The Alterego","The Bug Knight"],"gold_per_floor":[115,127,139,139,155,182,282,282,328,328,362,362,377,389,389,490,490,490],"floor_reached":17,"playtime":866,"items_purged":[],"score":167,"play_id":"07ee6f8c-e9ec-492e-b3c0-69b93072ef21","local_time":"20201214004622","is_ascension_mode":false,"campfire_choices":[{"data":"Hologram","floor":8,"key":"SMITH"},{"data":"Ball Lightning","floor":10,"key":"SMITH"},{"data":"Defragment","floor":12,"key":"SMITH"},{"data":"Double Energy","floor":15,"key":"SMITH"}],"circlet_count":0,"master_deck":["Strike_B","Strike_B","Strike_B","Strike_B","Defend_B","Defend_B","Defend_B","Defend_B","Zap","Dualcast","Coolheaded","Hologram+1","Ball Lightning+1","Amplify","Double Energy+1","Defragment+1","Compile Driver"],"relics":["Cracked Core","Pocketwatch","HollowMod:StagPassRelic","Happy Flower","HornCleat","Velvet Choker"],"acts_visited":["Exordium","TheCity"],"potions_floor_usage":[6,6,6,6,16],"damage_taken":[{"damage":1,"enemies":"Cultist","floor":1,"turns":3},{"damage":5,"enemies":"Small Slimes","floor":2,"turns":3},{"damage":12,"enemies":"Jaw Worm","floor":3,"turns":4},{"damage":3,"enemies":"Looter","floor":5,"turns":3},{"damage":4,"enemies":"3 Sentries","floor":6,"turns":5},{"damage":14,"enemies":"Lagavulin","floor":11,"turns":5},{"damage":4,"enemies":"Lots of Slimes","floor":13,"turns":4},{"damage":5,"enemies":"2 Fungi Beasts","floor":14,"turns":3},{"damage":5,"enemies":"The Guardian","floor":16,"turns":12}],"seed_played":"8045362965752203021","potions_obtained":[{"floor":1,"key":"Ancient Potion"},{"floor":5,"key":"EntropicBrew"},{"floor":11,"key":"SteroidPotion"},{"floor":13,"key":"SneckoOil"}],"is_trial":false,"path_per_floor":["M","M","M","T","M","E","?","R","T","R","E","R","M","M","R","B",null],"character_chosen":"DEFECT","items_purchased":[],"campfire_rested":0,"item_purchase_floors":[],"current_hp_per_floor":[81,76,64,64,61,57,57,57,57,57,43,43,39,34,34,29,82,82],"gold":490,"neow_bonus":"TEN_PERCENT_HP_BONUS","is_daily":false,"chose_seed":false,"campfire_upgraded":4,"win_rate":0.0,"timestamp":1607903182,"path_taken":["M","M","M","?","?","E","?","R","T","R","E","R","M","?","R","BOSS"],"items_purchased_type":[],"build_version":"2020-11-30","purchased_purges":0,"victory":false,"max_hp_per_floor":[82,82,82,82,82,82,82,82,82,82,82,82,82,82,82,82,82,82],"relic_stats":{"Happy Flower":[8],"counters":[9,42],"obtain_stats":[{"HornCleat":11,"Happy Flower":9,"Velvet Choker":17,"Cracked Core":0,"HollowMod:StagPassRelic":6,"Pocketwatch":4},{"HornCleat":6,"Happy Flower":5,"Velvet Choker":9,"Cracked Core":0,"HollowMod:StagPassRelic":5,"Pocketwatch":3},{"HornCleat":23,"Happy Flower":18,"Velvet Choker":42,"Cracked Core":0,"HollowMod:StagPassRelic":18,"Pocketwatch":10}],"Pocketwatch":[51]},"card_choices":[{"not_picked":["Redo","BootSequence"],"picked":"Coolheaded","floor":1},{"not_picked":["Leap","Storm"],"picked":"Hologram","floor":2},{"not_picked":["Steam Power","Barrage"],"picked":"Ball Lightning","floor":3},{"not_picked":["Go for the Eyes","Doom and Gloom"],"picked":"Amplify","floor":5},{"not_picked":["Force Field","Go for the Eyes"],"picked":"Double Energy","floor":6},{"not_picked":["Force Field","Loop"],"picked":"Defragment","floor":11},{"not_picked":["Hologram","Melter"],"picked":"Compile Driver","floor":13},{"not_picked":["Barrage","Beam Cell","Stack"],"picked":"SKIP","floor":14}],"player_experience":13514,"relics_obtained":[{"floor":4,"key":"Pocketwatch"},{"floor":6,"key":"HollowMod:StagPassRelic"},{"floor":9,"key":"Happy Flower"},{"floor":11,"key":"HornCleat"}],"event_choices":[{"damage_healed":0,"gold_gain":100,"player_choice":"Gold","damage_taken":0,"max_hp_gain":0,"max_hp_loss":0,"event_name":"Wheel of Change","floor":7,"gold_loss":0}],"is_beta":false,"boss_relics":[{"not_picked":["Snecko Eye","Black Star"],"picked":"Velvet Choker"}],"items_purged_floors":[],"is_endless":false,"potions_floor_spawned":[1,5,11,13],"ascension_level":0}}