{"host":"2461dio7vetlq1z3","time":1607875719,"event":{"mods":["AchievementEnabler","Aspiration","BaseMod","Hermit","Lobotomy","Minty Spire (QoL Compilation)","Relic Stats","Spicy Shops","StSLib","Waifu the Spire"],"gold_per_floor":[111,123,123,123,45,45,79,79,104,121,134,17,52,67,67,172,172,190,201,214,229,247,277,277,277,277,289,289,299,299,328,328,427,427,467,517,558,558,558,623,623,654,654,664,683,683,314,333,333,333,333,333,2,29,29,29],"floor_reached":55,"playtime":3740,"items_purged":["Strike_P"],"score":1073,"play_id":"527a5066-48e2-41bc-a73e-300ab90ca852","local_time":"20201213170839","is_ascension_mode":true,"campfire_choices":[{"data":"SashWhip","floor":6,"key":"SMITH"},{"data":"Eruption","floor":8,"key":"SMITH"},{"data":"MasterReality","floor":15,"key":"SMITH"},{"data":"Wireheading","floor":24,"key":"SMITH"},{"floor":28,"key":"REST"},{"data":"Vigilance","floor":30,"key":"SMITH"},{"floor":32,"key":"RECALL"},{"floor":41,"key":"REST"},{"data":"Machine Learning","floor":46,"key":"SMITH"},{"floor":49,"key":"REST"},{"data":"CarveReality","floor":52,"key":"SMITH"}],"circlet_count":0,"master_deck":["Strike_P","Strike_P","Strike_P","Defend_P","Defend_P","Defend_P","Defend_P","Eruption+1","Vigilance+1","MasterReality+1","SashWhip+1","EmptyFist","CarveReality+1","TalkToTheHand+1","Sanctity+1","FearNoEvil+1","Pray+1","TalkToTheHand+1","Wireheading+1","ConjureBlade+1","Steam+1","Sweeping Beam+1","Worship+1","Prostrate+1","Weave+1","Meditate+1","Wish+1","Machine Learning+1","BootSequence+1","ThirdEye+1","Writhe","Study+1","Pray+1","TalkToTheHand+1","Devotion"],"relics":["PureWater","Toxic Egg 2","Molten Egg 2","Akabeko","Thread and Needle","aspiration:DefectSkillbook","MealTicket","Singing Bowl","Prayer Wheel","SacredBark","StoneCalendar","Oddly Smooth Stone","Membership Card","Eternal Feather","CloakClasp","Damaru","aspiration:FaultyCoupler"],"acts_visited":["Exordium","TheCity","TheBeyond","TheEnding"],"potions_floor_usage":[23,23,35,40,50,50,54,55,55,55],"damage_taken":[{"damage":5,"enemies":"2 Louse","floor":1,"turns":4},{"damage":11,"enemies":"Cultist","floor":2,"turns":6},{"damage":12,"enemies":"Lagavulin","floor":7,"turns":6},{"damage":0,"enemies":"Jaw Worm","floor":10,"turns":3},{"damage":0,"enemies":"Exordium Wildlife","floor":11,"turns":4},{"damage":12,"enemies":"Gremlin Nob","floor":13,"turns":3},{"damage":7,"enemies":"3 Louse","floor":14,"turns":4},{"damage":8,"enemies":"Slime Boss","floor":16,"turns":6},{"damage":0,"enemies":"Spheric Guardian","floor":18,"turns":3},{"damage":14,"enemies":"2 Thieves","floor":19,"turns":5},{"damage":6,"enemies":"Snake Plant","floor":20,"turns":4},{"damage":4,"enemies":"Shelled Parasite and Fungi","floor":21,"turns":6},{"damage":2,"enemies":"Centurion and Healer","floor":22,"turns":5},{"damage":5,"enemies":"Gremlin Leader","floor":23,"turns":6},{"damage":8,"enemies":"Snake Plant","floor":27,"turns":4},{"damage":1,"enemies":"Cultist and Chosen","floor":29,"turns":4},{"damage":5,"enemies":"Book of Stabbing","floor":31,"turns":4},{"damage":20,"enemies":"Champ","floor":33,"turns":8},{"damage":31,"enemies":"3 Darklings","floor":35,"turns":7},{"damage":0,"enemies":"Orb Walker","floor":36,"turns":3},{"damage":12,"enemies":"Sphere and 2 Shapes","floor":37,"turns":4},{"damage":51,"enemies":"Nemesis","floor":40,"turns":7},{"damage":3,"enemies":"Giant Head","floor":42,"turns":6},{"damage":15,"enemies":"Writhing Mass","floor":44,"turns":7},{"damage":0,"enemies":"4 Shapes","floor":45,"turns":5},{"damage":0,"enemies":"Spire Growth","floor":48,"turns":5},{"damage":9,"enemies":"Donu and Deca","floor":50,"turns":7},{"damage":82,"enemies":"Shield and Spear","floor":54,"turns":7},{"damage":32,"enemies":"The Heart","floor":55,"turns":5}],"seed_played":"4421141224929039833","potions_obtained":[{"floor":2,"key":"SneckoOil"},{"floor":10,"key":"Weak Potion"},{"floor":14,"key":"Swift Potion"},{"floor":16,"key":"LiquidBronze"},{"floor":19,"key":"CultistPotion"},{"floor":31,"key":"SkillPotion"},{"floor":36,"key":"FearPotion"},{"floor":40,"key":"Dexterity Potion"},{"floor":42,"key":"Dexterity Potion"}],"is_trial":false,"path_per_floor":["M","M","?","?","$","R","E","R","T","M","M","$","E","M","R","B",null,"M","M","M","M","M","E","R","?","T","M","R","M","R","E","R","B",null,"M","M","M","?","?","E","R","E","T","M","M","R","$","M","R","B",null,"R","$","E","B"],"character_chosen":"WATCHER","items_purchased":["CarveReality","Pray+1","Membership Card","TalkToTheHand+1","Eternal Feather","CloakClasp","Damaru","Ancient Potion","Ancient Potion"],"campfire_rested":3,"item_purchase_floors":[5,12,47,47,47,53,53,53,53],"current_hp_per_floor":[60,49,49,72,72,72,60,60,60,60,60,60,48,41,41,33,62,62,48,42,38,36,31,31,31,31,23,44,45,45,40,40,20,61,32,34,26,47,55,6,31,28,28,15,19,19,34,38,84,75,89,94,94,12,0,0],"gold":29,"neow_bonus":"ONE_RANDOM_RARE_CARD","is_daily":false,"chose_seed":false,"campfire_upgraded":7,"win_rate":0.0,"timestamp":1607875719,"path_taken":["M","M","?","?","$","R","E","R","T","M","M","$","E","M","R","BOSS","M","M","M","M","M","E","R","?","T","?","R","M","R","E","R","BOSS","M","M","?","?","?","E","R","E","T","M","M","R","$","M","R","BOSS","R","$","E","BOSS"],"items_purchased_type":["Card","Card","Relic","Card","Relic","Relic","Relic","Potion","Potion"],"build_version":"2020-11-30","purchased_purges":1,"victory":false,"max_hp_per_floor":[72,72,72,72,72,72,72,72,72,72,72,72,72,72,72,72,72,72,72,72,72,72,72,72,72,72,72,72,74,74,74,74,74,74,76,78,82,82,82,84,84,84,84,86,90,90,90,94,94,94,94,94,94,94,94,94],"relic_stats":{"Singing Bowl":22,"counters":[29,143],"MealTicket":15,"Prayer Wheel":6,"StoneCalendar":[3],"Eternal Feather":23,"CloakClasp":[36],"obtain_stats":[{"Singing Bowl":26,"SacredBark":34,"Oddly Smooth Stone":42,"Damaru":53,"Thread and Needle":13,"StoneCalendar":40,"Eternal Feather":47,"CloakClasp":53,"Akabeko":9,"aspiration:DefectSkillbook":17,"Molten Egg 2":7,"MealTicket":23,"Prayer Wheel":31,"Membership Card":47,"PureWater":0,"Toxic Egg 2":3,"aspiration:FaultyCoupler":54},{"Singing Bowl":14,"SacredBark":18,"Oddly Smooth Stone":23,"Damaru":27,"Thread and Needle":6,"StoneCalendar":22,"Eternal Feather":25,"CloakClasp":27,"Akabeko":3,"aspiration:DefectSkillbook":8,"Molten Egg 2":3,"MealTicket":14,"Prayer Wheel":17,"Membership Card":25,"PureWater":0,"Toxic Egg 2":2,"aspiration:FaultyCoupler":28},{"Singing Bowl":64,"SacredBark":82,"Oddly Smooth Stone":109,"Damaru":131,"Thread and Needle":26,"StoneCalendar":103,"Eternal Feather":120,"CloakClasp":131,"Akabeko":16,"aspiration:DefectSkillbook":36,"Molten Egg 2":16,"MealTicket":64,"Prayer Wheel":74,"Membership Card":120,"PureWater":0,"Toxic Egg 2":10,"aspiration:FaultyCoupler":138}]},"card_choices":[{"not_picked":["Evaluate","EmptyFist"],"picked":"SashWhip","floor":1},{"not_picked":["EmptyBody","ClearTheMind"],"picked":"EmptyFist","floor":2},{"not_picked":["EmptyFist+1","CutThroughFate+1"],"picked":"TalkToTheHand+1","floor":7},{"not_picked":["SashWhip+1","CutThroughFate+1"],"picked":"Sanctity+1","floor":10},{"not_picked":["JustLucky+1","BowlingBash+1"],"picked":"FearNoEvil+1","floor":11},{"not_picked":["Blasphemy+1","Evaluate+1"],"picked":"TalkToTheHand+1","floor":13},{"not_picked":["CrushJoints+1","SashWhip+1"],"picked":"Wireheading","floor":14},{"not_picked":["Brilliance+1","Judgement+1"],"picked":"ConjureBlade+1","floor":16},{"not_picked":["Coolheaded+1","FlurryOfBlows+1","Steam Power+1"],"picked":"Steam+1","floor":18},{"not_picked":["SashWhip+1","Steam+1","Steam Power+1"],"picked":"Sweeping Beam+1","floor":19},{"not_picked":["Loop","SashWhip+1","Reinforced Body+1"],"picked":"Worship+1","floor":20},{"not_picked":["Rainbow+1","Turbo+1","Halt+1"],"picked":"Prostrate+1","floor":21},{"not_picked":["Darkness+1","EmptyFist+1","Go for the Eyes+1"],"picked":"Weave+1","floor":22},{"not_picked":["Lockon+1","BowlingBash+1","Aggregate+1","Adaptation"],"picked":"SKIP","floor":23},{"not_picked":["Coolheaded+1","Compile Driver+1","FollowUp+1"],"picked":"Meditate+1","floor":27},{"not_picked":["Conserve Battery+1","EmptyBody+1","Streamline+1","CrushJoints+1"],"picked":"Singing Bowl","floor":29},{"not_picked":["JustLucky+1","Conclude+1","EmptyMind+1"],"picked":"Wish+1","floor":31},{"not_picked":["Creative AI","Devotion","Reboot+1"],"picked":"Machine Learning","floor":33},{"not_picked":["PathToVictory+1","Consecrate+1","Multi-Cast+1"],"picked":"BootSequence+1","floor":35},{"not_picked":["SashWhip+1","Conserve Battery+1","EmptyFist+1","Redo+1"],"picked":"Singing Bowl","floor":35},{"not_picked":["CrushJoints+1","Evaluate+1","ReachHeaven+1"],"picked":"ThirdEye+1","floor":36},{"not_picked":["Glacier+1","ReachHeaven+1","Consecrate+1","Chaos+1"],"picked":"Singing Bowl","floor":36},{"not_picked":["Steam+1","Crescendo+1","Chaos+1","Scrape+1"],"picked":"Singing Bowl","floor":37},{"not_picked":["Sweeping Beam+1","FlyingSleeves+1","Ball Lightning+1","FollowUp+1"],"picked":"Singing Bowl","floor":37},{"not_picked":["Undo+1","Aggregate+1","BootSequence+1","SpiritShield+1"],"picked":"Singing Bowl","floor":40},{"not_picked":["FTL+1","Rebound+1","WheelKick+1"],"picked":"Study+1","floor":42},{"not_picked":["ForeignInfluence+1","Beam Cell+1","Weave+1","Sunder+1"],"picked":"Singing Bowl","floor":44},{"not_picked":["FlurryOfBlows+1","Stack+1","SandsOfTime+1"],"picked":"Pray+1","floor":44},{"not_picked":["Indignation+1","FollowUp+1","Streamline+1","Tantrum+1"],"picked":"Singing Bowl","floor":45},{"not_picked":["Chill+1","Coolheaded+1","Core Surge+1","Fasting2"],"picked":"Singing Bowl","floor":45},{"not_picked":["InnerPeace+1","Ball Lightning+1","EmptyBody+1","ReachHeaven+1"],"picked":"Singing Bowl","floor":48},{"not_picked":["Cold Snap+1","Beam Cell+1","Darkness+1","FlurryOfBlows+1"],"picked":"Singing Bowl","floor":48},{"not_picked":["CutThroughFate+1","Vengeance+1","Evaluate+1"],"picked":"Devotion","floor":54}],"player_experience":681293,"relics_obtained":[{"floor":7,"key":"Molten Egg 2"},{"floor":9,"key":"Akabeko"},{"floor":13,"key":"Thread and Needle"},{"floor":23,"key":"MealTicket"},{"floor":26,"key":"Singing Bowl"},{"floor":31,"key":"Prayer Wheel"},{"floor":40,"key":"StoneCalendar"},{"floor":42,"key":"Oddly Smooth Stone"},{"floor":54,"key":"aspiration:FaultyCoupler"}],"event_choices":[{"damage_healed":24,"gold_gain":0,"player_choice":"Banana","damage_taken":0,"max_hp_gain":0,"max_hp_loss":0,"event_name":"Big Fish","floor":4,"gold_loss":0},{"cards_removed":["Injury"],"damage_healed":0,"gold_gain":0,"player_choice":"Removed Curses","damage_taken":0,"max_hp_gain":0,"max_hp_loss":0,"event_name":"Fountain of Cleansing","floor":25,"gold_loss":0},{"damage_healed":21,"gold_gain":0,"player_choice":"Writhe","damage_taken":0,"max_hp_gain":0,"max_hp_loss":0,"event_name":"Winding Halls","floor":38,"gold_loss":0,"cards_obtained":["Writhe"]}],"is_beta":false,"boss_relics":[{"not_picked":["Velvet Choker","Calling Bell"],"picked":"aspiration:DefectSkillbook"},{"not_picked":["aspiration:RitualDagger","aspiration:SecretTechniqueScroll"],"picked":"SacredBark"}],"items_purged_floors":[47],"is_endless":false,"potions_floor_spawned":[2,10,14,16,19,22,31,36,40,42],"killed_by":"The Heart","ascension_level":8}}