{"host":"91n1pc4te07j54gv","time":1607849427,"event":{"mods":["BaseMod","BetterRewards","Colored Powertips","Downfall","Highlight Path","Infinite Spire","Minty Spire (QoL Compilation)","Quick Restart","Relic Filter","Relic Stats","Replay The Spire","Spicy Shops","StSLib"],"gold_per_floor":[117,117,136,186,202,235,247,290,302,355,32,57,76,76,76,169,169,192,192,205,226,247,247,278,291,342,467,467,467,467,510,510,606,606,619,644,660,678,678,716,754,793,793,793,831,831,867,883,883,883,883,883,883,12,47,47],"floor_reached":57,"playtime":7099,"items_purged":["Strike_B","Strike_B","Multi-Cast"],"score":4295,"play_id":"13f6e27a-043d-4ac7-ae4d-42051ef12e8d","local_time":"20201213165027","is_ascension_mode":true,"campfire_choices":[{"floor":7.0,"key":"RECALL"},{"data":"Coolheaded","floor":15.0,"key":"SMITH"},{"data":"ReplayRNGCard","floor":23.0,"key":"SMITH"},{"data":"BasicCrystalCard","floor":30.0,"key":"SMITH"},{"floor":32.0,"key":"DIG"},{"floor":46.0,"key":"DIG"},{"data":"Recycle","floor":49.0,"key":"SMITH"}],"circlet_count":0,"master_deck":["AscendersBane","Capacitor","Coolheaded+1","Glacier","Cold Snap+1","ReplayTheSpireMod:Brewmster+1","Defragment+1","Hello World+1","Ball Lightning+1","Defragment+1","Cold Snap+1","Creative AI+1","Ball Lightning+1","Cold Snap+1","Chill","Thunder Strike+1","Glacier","ReplayRNGCard+1","BasicCrystalCard+1","FIFO Queue+1","Capacitor+1","Capacitor+1","Coolheaded+1","Hello World+1","Skim","Heatsinks+1","Hello World+1","Cold Snap+1","Machine Learning+1","Defragment+1","Heatsinks+1","Fission","Storm+1","Rainbow","BasicCrystalCard+1","Self Repair+1","Force Field+1","Electrodynamics+1","Recycle+1","Consume","infinitespire:Collect","Storm+1","Blizzard+1","Force Field+1","Secret Technique+1","Double Energy+1","expansioncontent:FaceSlap+1","Machine Learning+1"],"relics":["Cracked Core","FossilizedHelix","Orrery","Pondfish Scales","Membership Card","Frozen Egg 2","ClockworkSouvenir","Replay:Multitool","infinitespire:Lychee Nut","Incense Burner","Mango","Replay:PocketPolymizer","Molten Egg 2","Golden Idol","MawBank","Meat on the Bone","Emotion Chip","infinitespire:Broken Mirror","infinitespire:Joker Card","SacredBark","Mummified Hand","Pandora\u0027s Box","infinitespire:Eraser","WingedGreaves","White Beast Statue","Replay:Accelerometer","MealTicket","Philosopher\u0027s Stone","Replay:Antivirus Software","Omamori","Dream Catcher","Cables","Golden Egg","Calipers","Replay:Mystery Machine","Quantum Egg","infinitespire:CursedDice","Runic Capacitor","InkBottle","Happy Flower","Replay:Lucky Slots","infinitespire:Beetle Shell"],"acts_visited":["Exordium","TheCity","TheBeyond","TheEnding"],"potions_floor_usage":[55,56,56],"damage_taken":[{"damage":0.0,"enemies":"2 Louse","floor":1.0,"turns":9.0},{"damage":0.0,"enemies":"Cultist","floor":3.0,"turns":5.0},{"damage":0.0,"enemies":"Jaw Worm","floor":5.0,"turns":10.0},{"damage":0.0,"enemies":"Gremlin Nob","floor":6.0,"turns":3.0},{"damage":1.0,"enemies":"3 Sentries","floor":8.0,"turns":13.0},{"damage":0.0,"enemies":"Replay:BlueRogue","floor":10.0,"turns":13.0},{"damage":16.0,"enemies":"Lots of Slimes","floor":12.0,"turns":3.0},{"damage":0.0,"enemies":"Large Slime","floor":13.0,"turns":20.0},{"damage":0.0,"enemies":"Slime Boss","floor":16.0,"turns":7.0},{"damage":0.0,"enemies":"Chosen","floor":18.0,"turns":4.0},{"damage":0.0,"enemies":"Spheric Guardian","floor":20.0,"turns":4.0},{"damage":9.0,"enemies":"Centurion and Healer","floor":21.0,"turns":3.0},{"damage":0.0,"enemies":"Snake Plant","floor":22.0,"turns":2.0},{"damage":0.0,"enemies":"Book of Stabbing","floor":24.0,"turns":5.0},{"damage":0.0,"enemies":"3 Cultists","floor":25.0,"turns":7.0},{"damage":14.0,"enemies":"Colosseum Slavers","floor":27.0,"turns":3.0},{"damage":0.0,"enemies":"Colosseum Nobs","floor":27.0,"turns":6.0},{"damage":13.0,"enemies":"Gremlin Leader","floor":31.0,"turns":4.0},{"damage":0.0,"enemies":"Collector","floor":33.0,"turns":7.0},{"damage":11.0,"enemies":"3 Darklings","floor":35.0,"turns":3.0},{"damage":24.0,"enemies":"3 Shapes","floor":36.0,"turns":6.0},{"damage":0.0,"enemies":"Sphere and 2 Shapes","floor":37.0,"turns":3.0},{"damage":20.0,"enemies":"Writhing Mass","floor":38.0,"turns":6.0},{"damage":0.0,"enemies":"R_Hoarder","floor":40.0,"turns":3.0},{"damage":2.0,"enemies":"Nemesis","floor":41.0,"turns":4.0},{"damage":0.0,"enemies":"Reptomancer","floor":42.0,"turns":2.0},{"damage":0.0,"enemies":"R_Hoarder","floor":45.0,"turns":5.0},{"damage":16.0,"enemies":"Nightmare","floor":47.0,"turns":4.0},{"damage":12.0,"enemies":"4 Shapes","floor":48.0,"turns":2.0},{"damage":0.0,"enemies":"Awakened One","floor":50.0,"turns":4.0},{"damage":22.0,"enemies":"Time Eater","floor":51.0,"turns":4.0},{"damage":14,"enemies":"Shield and Spear","floor":55,"turns":3},{"damage":46,"enemies":"The Heart","floor":56,"turns":5}],"seed_played":"-3903821004214659964","potions_obtained":[{"floor":5.0,"key":"GamblersBrew"},{"floor":16.0,"key":"Regen Potion"},{"floor":20.0,"key":"Venom Potion"},{"floor":35.0,"key":"LiquidBronze"},{"floor":36.0,"key":"Adrenaline Potion"},{"floor":37.0,"key":"Explosive Potion"},{"floor":40.0,"key":"Block Potion"},{"floor":41.0,"key":"PowerPotion"},{"floor":42.0,"key":"Fruit Juice"},{"floor":47.0,"key":"hexamod:EctoCoolerPotion"},{"floor":48.0,"key":"Elixir"}],"is_trial":false,"path_per_floor":["M","?","M","?","M","E","R","E","T","E","$","M","M","?","R","B",null,"M","AVR","M","M","M","R","E","M","T","?","?","?","R","E","R","B",null,"M","M","M","M","?","E","E","E","T","AVR","E","R","NM","M","R","B","B",null,"R","$","E","B",null],"character_chosen":"DEFECT","items_purchased":["FossilizedHelix","Orrery","Membership Card","Frozen Egg 2","ClockworkSouvenir","Incense Burner","Glacier","Cold Snap+1","ReplayTheSpireMod:Brewmster+1","Defragment+1","Molten Egg 2","Hello World+1","Creative AI+1","infinitespire:Joker Card","Ball Lightning+1","Cold Snap+1","Quantum Egg","Storm+1","infinitespire:CursedDice","Runic Capacitor","Blizzard+1","Force Field","InkBottle","Happy Flower","Replay:Lucky Slots","Secret Technique","Double Energy","expansioncontent:FaceSlap+1"],"campfire_rested":0,"item_purchase_floors":[0,0,0,0,0,0,0,0,0,0,0,0,11,11,11,11,54,54,54,54,54,54,54,54,54,54,54,54],"current_hp_per_floor":[42,19,25,25,31,36,36,41,41,47,47,37,43,43,43,49,63,67,67,67,60,63,63,67,67,67,61,61,61,61,54,54,67,67,56,38,43,41,41,47,51,64,64,64,77,77,61,52,52,68,52,71,52,67,58,40],"gold":47,"neow_bonus":"","is_daily":false,"chose_seed":false,"campfire_upgraded":4,"win_rate":0.0,"timestamp":1607849427,"path_taken":["M","?","M","?","M","E","R","E","T","E","$","?","M","?","R","BOSS","M","AVR","M","M","M","R","E","M","T","?","?","?","R","E","R","BOSS","M","M","M","M","?","E","E","E","T","AVR","E","R","NM","?","R","BOSS","BOSS","R","$","E","BOSS"],"items_purchased_type":["Relic","Relic","Relic","Relic","Relic","Relic","Card","Card","Card","Card","Relic","Card","Card","Relic","Card","Card","Relic","Card","Relic","Relic","Card","Card","Relic","Relic","Relic","Card","Card","Card"],"build_version":"2020-11-30","purchased_purges":3,"victory":true,"max_hp_per_floor":[67,67,67,67,67,67,67,67,67,67,67,67,67,67,67,67,67,67,67,67,67,67,67,67,67,67,67,67,67,67,67,67,67,67,67,67,67,67,67,67,67,67,67,67,77,77,77,77,77,77,77,77,77,77,77,77],"relic_stats":{"Happy Flower":[2],"counters":[297,1307],"Golden Idol":254,"MawBank":120,"Cables":[25,21,3,0,1],"Emotion Chip":[206,145,49,8,4],"Dream Catcher":0,"Mummified Hand":[349],"Pandora\u0027s Box":["Glacier","ReplayRNGCard","BasicCrystalCard","FIFO Queue","Capacitor"],"MealTicket":15,"obtain_stats":[{"infinitespire:BottledMercury":54,"Golden Egg":31,"Replay:Accelerometer":31,"infinitespire:Cubic Diamond":2,"Ginger":0,"Bottled Tornado":53,"Boot":8,"FrozenCore":17,"Replay:Ringing Soul":9,"infinitespire:ShieldingShard":13,"Sundial":40,"Replay:Bronze Core":34,"MealTicket":26,"infinitespire:Golems Mask":13,"Fusion Hammer":17,"HandDrill":0,"Kunai":27,"Replay:Wax Seal":53,"Replay:Bottled Steam":45,"Counterbalance":25,"Blue Candle":0,"Pen Nib":23,"ReplayTheSpireMod:SealedPack":17,"Guardian:PocketSentry":10,"infinitespire:Magic Flask":49,"Akabeko":55,"Cables":44,"infinitespire:EvilPickle":33,"SlaversCollar":17,"infinitespire:Lychee Nut":21,"infinitespire:Broken Mirror":10,"Bird Faced Urn":0,"Snecko Eye":34,"Pandora\u0027s Box":0,"StrikeDummy":34,"Unceasing Top":0,"Solar Panel":6,"Lantern":11,"Regal Pillow":14,"Carrot":31,"Singing Bowl":26,"Torii":53,"Blue Doll":13,"StoneCalendar":0,"Bag of Preparation":30,"Replay:Multitool":40,"Smiling Mask":12,"Ancient Tea Set":40,"Cursed Key":34,"Pet Ghost":46,"Replay:Rubber Ducky":17,"Matryoshka":12,"Shovel":0,"infinitespire:Bottled Soul":23,"WingedGreaves":7,"Replay:Lucky Slots":54,"Replay:Bottled Eggs":40,"Guardian:BottledAnomaly":21,"infinitespire:Eraser":43,"InkBottle":23,"Potion Belt":23,"Lee\u0027s Waffle":14,"Golden Idol":2,"Guardian:GemstoneGun":0,"Thread and Needle":0,"infinitespire:Joker Card":0,"The Courier":12,"Geode":7,"Omamori":41,"infinitespire:CheckeredPen":40,"Frozen Egg 2":0,"MawBank":43,"Replay:Arrowhead":0,"Nuclear Battery":17,"Orrery":0,"Turnip":0,"Garlic":8,"Art of War":53,"Durian":10,"ReplayTheSpireMod:Lightbulb":30,"Toy Ornithopter":42,"infinitespire:Freezer":43,"Ice Cream":21,"Divine Protection":17,"Calipers":7,"CeramicFish":25,"Vajra":10,"Runic Capacitor":0,"Sozu":17,"Lizard Tail":24,"Centennial Puzzle":48,"infinitespire:SolderingIron":0,"Replay:Frozen Program":19,"HornCleat":14,"DollysMirror":11,"Prayer Wheel":34,"Philosopher\u0027s Stone":34,"Iron Hammer":12,"Toxic Egg 2":0,"Girya":0,"Happy Flower":40,"ReplayTheSpireMod:CursedCoin":0,"Replay:Grab Bag":17,"Dead Branch":0,"Oddly Smooth Stone":54,"infinitespire:Beetle Shell":10,"Letter Opener":32,"War Paint":54,"Question Card":42,"Du-Vu Doll":53,"OrangePellets":0,"Replay:Baseball":28,"Bottled Flame":14,"Bronze Scales":10,"Molten Egg 2":4,"Onion Ring":42,"ReplayTheSpireMod:TigerMarble":2,"infinitespire:EmpoweringShard":28,"Black Star":34,"Symbiotic Virus":3,"Mirror":52,"Meat on the Bone":0,"Snecko Heart":34,"Replay:PocketPolymizer":0,"SacredBark":17,"Mango":40,"Incense Burner":24,"Juzu Bracelet":41,"Replay:Mystery Machine":47,"Empty Cage":17,"ClockworkSouvenir":0,"Frozen Eye":53,"SsserpentHead":3,"Nunchaku":23,"Dream Catcher":23,"Emotion Chip":0,"Chameleon Ring":10,"Mummified Hand":9,"Pantograph":17,"Gambling Chip":0,"Tiny Chest":21,"Red Mask":22,"Replay:Bottled Snecko":6,"Replay:Antivirus Software":53,"Cracked Core":0,"Gremlin Food":53,"ReplayTheSpireMod:Ninjato":44,"Replay:Towering Pillar of Hats":0,"infinitespire:CursedDice":54,"Quantum Egg":4,"Guide Book":47,"Replay:WaspNest":42,"infinitespire:FocusingShard":48,"White Beast Statue":28,"Mercury Hourglass":14,"Calling Bell":34,"Strange Spoon":6,"DataDisk":29,"CaptainsWheel":0,"Anchor":6,"Pondfish Scales":9,"infinitespire:Satchel":34,"ChewingGum":17,"Coffee Dripper":17,"Bag of Marbles":13,"Membership Card":53,"FossilizedHelix":21,"TungstenRod":0,"ReplayTheSpireMod:ShopPack":53},{"infinitespire:BottledMercury":69,"Golden Egg":250,"Replay:Accelerometer":282,"infinitespire:Cubic Diamond":1,"Ginger":70,"Bottled Tornado":68,"Boot":132,"FrozenCore":48,"Replay:Ringing Soul":33,"infinitespire:ShieldingShard":36,"Sundial":166,"Replay:Bronze Core":161,"MealTicket":14,"infinitespire:Golems Mask":134,"Fusion Hammer":48,"HandDrill":29,"Kunai":157,"Replay:Wax Seal":126,"Replay:Bottled Steam":258,"Counterbalance":83,"Blue Candle":128,"Pen Nib":140,"ReplayTheSpireMod:SealedPack":151,"Guardian:PocketSentry":34,"infinitespire:Magic Flask":96,"Akabeko":231,"Cables":290,"infinitespire:EvilPickle":57,"SlaversCollar":79,"infinitespire:Lychee Nut":12,"infinitespire:Broken Mirror":270,"Bird Faced Urn":29,"Snecko Eye":222,"Pandora\u0027s Box":0,"StrikeDummy":57,"Unceasing Top":232,"Solar Panel":131,"Lantern":6,"Regal Pillow":9,"Carrot":160,"Singing Bowl":53,"Torii":68,"Blue Doll":36,"StoneCalendar":202,"Bag of Preparation":55,"Replay:Multitool":224,"Smiling Mask":47,"Ancient Tea Set":120,"Cursed Key":222,"Pet Ghost":94,"Replay:Rubber Ducky":151,"Matryoshka":36,"Shovel":70,"infinitespire:Bottled Soul":155,"WingedGreaves":76,"Replay:Lucky Slots":295,"Replay:Bottled Eggs":120,"Guardian:BottledAnomaly":154,"infinitespire:Eraser":225,"InkBottle":13,"Potion Belt":27,"Lee\u0027s Waffle":22,"Golden Idol":265,"Guardian:GemstoneGun":202,"Thread and Needle":175,"infinitespire:Joker Card":15,"The Courier":209,"Geode":4,"Omamori":289,"infinitespire:CheckeredPen":224,"Frozen Egg 2":70,"MawBank":91,"Replay:Arrowhead":128,"Nuclear Battery":106,"Orrery":15,"Turnip":175,"Garlic":19,"Art of War":126,"Durian":238,"ReplayTheSpireMod:Lightbulb":85,"Toy Ornithopter":121,"infinitespire:Freezer":64,"Ice Cream":12,"Divine Protection":184,"Calipers":32,"CeramicFish":247,"Vajra":4,"Runic Capacitor":70,"Sozu":23,"Lizard Tail":53,"Centennial Puzzle":96,"infinitespire:SolderingIron":99,"Replay:Frozen Program":137,"HornCleat":150,"DollysMirror":76,"Prayer Wheel":57,"Philosopher\u0027s Stone":87,"Iron Hammer":76,"Toxic Egg 2":99,"Girya":99,"Happy Flower":62,"ReplayTheSpireMod:CursedCoin":202,"Replay:Grab Bag":48,"Dead Branch":142,"Oddly Smooth Stone":127,"infinitespire:Beetle Shell":20,"Letter Opener":86,"War Paint":173,"Question Card":225,"Du-Vu Doll":97,"OrangePellets":70,"Replay:Baseball":27,"Bottled Flame":47,"Bronze Scales":45,"Molten Egg 2":16,"Onion Ring":196,"ReplayTheSpireMod:TigerMarble":30,"infinitespire:EmpoweringShard":54,"Black Star":116,"Symbiotic Virus":30,"Mirror":97,"Meat on the Bone":128,"Snecko Heart":222,"Replay:PocketPolymizer":264,"SacredBark":10,"Mango":195,"Incense Burner":82,"Juzu Bracelet":90,"Replay:Mystery Machine":292,"Empty Cage":48,"ClockworkSouvenir":128,"Frozen Eye":97,"SsserpentHead":233,"Nunchaku":82,"Dream Catcher":187,"Emotion Chip":232,"Chameleon Ring":182,"Mummified Hand":76,"Pantograph":151,"Gambling Chip":202,"Tiny Chest":25,"Red Mask":51,"Replay:Bottled Snecko":43,"Replay:Antivirus Software":126,"Cracked Core":0,"Gremlin Food":97,"ReplayTheSpireMod:Ninjato":65,"Replay:Towering Pillar of Hats":232,"infinitespire:CursedDice":295,"Quantum Egg":2,"Guide Book":197,"Replay:WaspNest":64,"infinitespire:FocusingShard":198,"White Beast Statue":84,"Mercury Hourglass":78,"Calling Bell":57,"Strange Spoon":17,"DataDisk":28,"CaptainsWheel":70,"Anchor":103,"Pondfish Scales":132,"infinitespire:Satchel":57,"ChewingGum":151,"Coffee Dripper":48,"Bag of Marbles":105,"Membership Card":97,"FossilizedHelix":80,"TungstenRod":99,"ReplayTheSpireMod:ShopPack":126},{"infinitespire:BottledMercury":336,"Golden Egg":1051,"Replay:Accelerometer":1246,"infinitespire:Cubic Diamond":2,"Ginger":342,"Bottled Tornado":332,"Boot":568,"FrozenCore":218,"Replay:Ringing Soul":147,"infinitespire:ShieldingShard":158,"Sundial":709,"Replay:Bronze Core":684,"MealTicket":63,"infinitespire:Golems Mask":577,"Fusion Hammer":218,"HandDrill":137,"Kunai":670,"Replay:Wax Seal":541,"Replay:Bottled Steam":1092,"Counterbalance":384,"Blue Candle":550,"Pen Nib":600,"ReplayTheSpireMod:SealedPack":650,"Guardian:PocketSentry":152,"infinitespire:Magic Flask":412,"Akabeko":976,"Cables":1280,"infinitespire:EvilPickle":276,"SlaversCollar":373,"infinitespire:Lychee Nut":50,"infinitespire:Broken Mirror":1178,"Bird Faced Urn":137,"Snecko Eye":952,"Pandora\u0027s Box":0,"StrikeDummy":276,"Unceasing Top":981,"Solar Panel":563,"Lantern":23,"Regal Pillow":32,"Carrot":680,"Singing Bowl":246,"Torii":332,"Blue Doll":158,"StoneCalendar":891,"Bag of Preparation":256,"Replay:Multitool":958,"Smiling Mask":207,"Ancient Tea Set":516,"Cursed Key":952,"Pet Ghost":409,"Replay:Rubber Ducky":650,"Matryoshka":158,"Shovel":342,"infinitespire:Bottled Soul":662,"WingedGreaves":364,"Replay:Lucky Slots":1299,"Replay:Bottled Eggs":516,"Guardian:BottledAnomaly":659,"infinitespire:Eraser":960,"InkBottle":56,"Potion Belt":124,"Lee\u0027s Waffle":97,"Golden Idol":1134,"Guardian:GemstoneGun":891,"Thread and Needle":771,"infinitespire:Joker Card":70,"The Courier":909,"Geode":14,"Omamori":1278,"infinitespire:CheckeredPen":958,"Frozen Egg 2":342,"MawBank":403,"Replay:Arrowhead":550,"Nuclear Battery":460,"Orrery":70,"Turnip":771,"Garlic":81,"Art of War":541,"Durian":1002,"ReplayTheSpireMod:Lightbulb":388,"Toy Ornithopter":520,"infinitespire:Freezer":312,"Ice Cream":50,"Divine Protection":811,"Calipers":145,"CeramicFish":1040,"Vajra":14,"Runic Capacitor":342,"Sozu":108,"Lizard Tail":246,"Centennial Puzzle":412,"infinitespire:SolderingIron":421,"Replay:Frozen Program":591,"HornCleat":642,"DollysMirror":364,"Prayer Wheel":276,"Philosopher\u0027s Stone":394,"Iron Hammer":364,"Toxic Egg 2":421,"Girya":421,"Happy Flower":299,"ReplayTheSpireMod:CursedCoin":891,"Replay:Grab Bag":218,"Dead Branch":608,"Oddly Smooth Stone":544,"infinitespire:Beetle Shell":87,"Letter Opener":390,"War Paint":756,"Question Card":960,"Du-Vu Doll":416,"OrangePellets":342,"Replay:Baseball":124,"Bottled Flame":207,"Bronze Scales":197,"Molten Egg 2":73,"Onion Ring":866,"ReplayTheSpireMod:TigerMarble":139,"infinitespire:EmpoweringShard":252,"Black Star":499,"Symbiotic Virus":139,"Mirror":416,"Meat on the Bone":550,"Snecko Heart":952,"Replay:PocketPolymizer":1125,"SacredBark":41,"Mango":862,"Incense Burner":379,"Juzu Bracelet":401,"Replay:Mystery Machine":1289,"Empty Cage":218,"ClockworkSouvenir":550,"Frozen Eye":416,"SsserpentHead":984,"Nunchaku":379,"Dream Catcher":822,"Emotion Chip":981,"Chameleon Ring":800,"Mummified Hand":364,"Pantograph":650,"Gambling Chip":891,"Tiny Chest":114,"Red Mask":235,"Replay:Bottled Snecko":187,"Replay:Antivirus Software":541,"Cracked Core":0,"Gremlin Food":416,"ReplayTheSpireMod:Ninjato":317,"Replay:Towering Pillar of Hats":981,"infinitespire:CursedDice":1299,"Quantum Egg":4,"Guide Book":869,"Replay:WaspNest":312,"infinitespire:FocusingShard":874,"White Beast Statue":386,"Mercury Hourglass":369,"Calling Bell":276,"Strange Spoon":76,"DataDisk":136,"CaptainsWheel":342,"Anchor":438,"Pondfish Scales":568,"infinitespire:Satchel":276,"ChewingGum":650,"Coffee Dripper":218,"Bag of Marbles":449,"Membership Card":416,"FossilizedHelix":375,"TungstenRod":421,"ReplayTheSpireMod:ShopPack":541}],"InkBottle":[10],"Meat on the Bone":24},"card_choices":[{"not_picked":["BasicCrystalCard","Coolheaded"],"picked":"Capacitor","floor":0.0},{"not_picked":["Leap","Skim"],"picked":"Coolheaded","floor":0.0},{"not_picked":["Hologram","Conserve Battery"],"picked":"Ball Lightning+1","floor":1.0},{"not_picked":["ReplayTheSpireMod:Repulse","Coolheaded"],"picked":"Defragment+1","floor":3.0},{"not_picked":["BasicCrystalCard","Conserve Battery","ReplayGash+1"],"picked":"SKIP","floor":5.0},{"not_picked":["ReplayRNGCard","Auto Shields"],"picked":"FTL+1","floor":6.0},{"not_picked":["Auto Shields","Stack"],"picked":"Cold Snap+1","floor":8.0},{"not_picked":["Steam","Fusion","Gash+1"],"picked":"SKIP","floor":10.0},{"not_picked":["Beam Cell+1","Rebound+1","Gash+1"],"picked":"SKIP","floor":12.0},{"not_picked":["Steam","Auto Shields"],"picked":"Chill","floor":13.0},{"not_picked":["Hyperbeam+1","Electrodynamics+1"],"picked":"Thunder Strike+1","floor":16.0},{"not_picked":["Panic Button","Sweeping Beam+1","Hologram"],"picked":"SKIP","floor":18.0},{"not_picked":["Leap","Stack"],"picked":"Capacitor+1","floor":20.0},{"not_picked":["Rebound+1","Gash+1","Steam"],"picked":"SKIP","floor":21.0},{"not_picked":["Reinforced Body","Rebound+1"],"picked":"Coolheaded+1","floor":22.0},{"not_picked":["Rebound+1","Streamline+1","FTL+1"],"picked":"SKIP","floor":24.0},{"not_picked":["Steam Power","Coolheaded"],"picked":"Hello World+1","floor":25.0},{"not_picked":["Steam+1","Sunder+1"],"picked":"Skim","floor":27.0},{"not_picked":["Streamline+1","ReplaySolidLightProjector"],"picked":"Cold Snap+1","floor":31.0},{"not_picked":["Biased Cognition+1","ReplayRNGCard"],"picked":"Machine Learning+1","floor":33.0},{"not_picked":["Turbo","Double Energy"],"picked":"Defragment+1","floor":35.0},{"not_picked":["ReplayTheSpireMod:Repulse+1","Beam Cell+1"],"picked":"Heatsinks+1","floor":36.0},{"not_picked":["Conserve Battery","Redo"],"picked":"Fission","floor":37.0},{"not_picked":["Steam","Cold Snap+1"],"picked":"Storm+1","floor":38.0},{"not_picked":["Turbo","Melter+1"],"picked":"BasicCrystalCard+1","floor":40.0},{"not_picked":["Time Bomb","Ball Lightning+1"],"picked":"Self Repair+1","floor":41.0},{"not_picked":["Barrage+1","Panic Button"],"picked":"Force Field+1","floor":42.0},{"not_picked":["Redo","Hologram"],"picked":"Electrodynamics+1","floor":45.0},{"not_picked":["Rebound+1","ReplayTheSpireMod:Calculation Training"],"picked":"Recycle","floor":47.0},{"not_picked":["Conserve Battery","BasicCrystalCard","Rebound+1"],"picked":"SKIP","floor":48.0},{"not_picked":["infinitespire:Starlight","infinitespire:Fortify"],"picked":"infinitespire:Collect","floor":53.0},{"not_picked":["Rebound+1","ReplayTheSpireMod:Calculation Training+1"],"picked":"Machine Learning+1","floor":55}],"player_experience":974886,"relics_obtained":[{"floor":6.0,"key":"MawBank"},{"floor":8.0,"key":"Meat on the Bone"},{"floor":9.0,"key":"Emotion Chip"},{"floor":10.0,"key":"infinitespire:Broken Mirror"},{"floor":24.0,"key":"infinitespire:Eraser"},{"floor":27.0,"key":"WingedGreaves"},{"floor":27.0,"key":"White Beast Statue"},{"floor":31.0,"key":"Replay:Accelerometer"},{"floor":32.0,"key":"MealTicket"},{"floor":40.0,"key":"Replay:Antivirus Software"},{"floor":41.0,"key":"Omamori"},{"floor":42.0,"key":"Dream Catcher"},{"floor":45.0,"key":"Golden Egg"},{"floor":46.0,"key":"Calipers"},{"floor":47.0,"key":"Replay:Mystery Machine"},{"floor":55,"key":"infinitespire:Beetle Shell"}],"event_choices":[{"damage_healed":0.0,"max_hp_gain":0.0,"max_hp_loss":0.0,"gold_gain":0.0,"event_name":"Golden Idol","player_choice":"Take Damage","floor":2.0,"gold_loss":0.0,"damage_taken":23.0,"relics_obtained":["Golden Idol"]},{"damage_healed":0.0,"max_hp_gain":0.0,"max_hp_loss":0.0,"gold_gain":50.0,"event_name":"Golden Shrine","player_choice":"Pray","floor":4.0,"gold_loss":0.0,"damage_taken":0.0},{"damage_healed":0.0,"max_hp_gain":0.0,"max_hp_loss":0.0,"gold_gain":0.0,"cards_transformed":["Strike_B"],"event_name":"Transmorgrifier","player_choice":"Transformed","floor":14.0,"gold_loss":0.0,"damage_taken":0.0,"cards_obtained":["FTL"]},{"damage_healed":0.0,"max_hp_gain":0.0,"max_hp_loss":0.0,"gold_gain":0.0,"event_name":"Colosseum","player_choice":"Fight","floor":27.0,"gold_loss":0.0,"damage_taken":0.0},{"damage_healed":0.0,"max_hp_gain":0.0,"max_hp_loss":0.0,"gold_gain":0.0,"event_name":"Colosseum","player_choice":"Fought Nobs","floor":27.0,"gold_loss":0.0,"damage_taken":0.0},{"damage_healed":0.0,"max_hp_gain":0.0,"max_hp_loss":0.0,"gold_gain":0.0,"event_name":"The Library","player_choice":"Read","floor":28.0,"gold_loss":0.0,"damage_taken":0.0,"cards_obtained":["Heatsinks"]},{"damage_healed":0.0,"max_hp_gain":0.0,"max_hp_loss":0.0,"gold_gain":0.0,"event_name":"Vampires","player_choice":"Ignored","floor":29.0,"gold_loss":0.0,"damage_taken":0.0},{"damage_healed":0.0,"max_hp_gain":0.0,"max_hp_loss":0.0,"gold_gain":0.0,"cards_transformed":["FTL"],"event_name":"Transmorgrifier","player_choice":"Transformed","floor":39.0,"gold_loss":0.0,"damage_taken":0.0,"cards_obtained":["Rainbow"]}],"is_beta":false,"boss_relics":[{"not_picked":["Replay:Bronze Core","Snecko Eye"],"picked":"SacredBark"},{"not_picked":["Inserter","SlaversCollar"],"picked":"Philosopher\u0027s Stone"}],"items_purged_floors":[0,11,54],"is_endless":false,"potions_floor_spawned":[5,8,16,20,27,31,33,35,36,37,38,40,41,42,45,47,48,55],"ascension_level":20}}