{"host":"fr59kc135u003izd","time":1607859678,"event":{"mods":["AchievementEnabler","BaseMod","Better Note","Better Third Choice","BetterRewards","Colored Map","Colored Powertips","Custom Start","Hermit","Lobotomy","Marisa????????","Minty Spire (QoL Compilation)","Permanent Neow","Rare Cards Sparkle","Relic Stats","StSLib","The Bug Knight","The Poker Player","Uncapped"],"gold_per_floor":[124,153,165,191,216,260,272,316,328,340,369,381,204,304,304,400,400,412,427,453,470,485,511,511,511,536,547,567,567,582,582,582,687,687,707,720,731,731,741,776,789,802,802,812,823,852,867,892,892,892],"floor_reached":51,"playtime":3199,"items_purged":["Demon Form"],"score":1227,"play_id":"532f58f8-0211-4563-a8c1-7090aa1ef47e","local_time":"20201213054118","daily_mods":["Vintage","Heirloom"],"is_ascension_mode":false,"metric_token":1234,"campfire_choices":[{"data":"DevaForm","floor":7,"key":"SMITH"},{"data":"Echo Form","floor":15,"key":"SMITH"},{"data":"PokerPlayerMod:GamblerForm","floor":25,"key":"SMITH"},{"data":"PokerPlayerMod:TrumpStrike","floor":32,"key":"SMITH"},{"floor":49,"key":"REST"}],"circlet_count":0,"master_deck":["Echo Form+1","DevaForm+1","PokerPlayerMod:GamblerForm+1","PokerPlayerMod:Diamond5","PokerPlayerMod:Diamond3","PokerPlayerMod:Diamond4","PokerPlayerMod:Diamond5","PokerPlayerMod:Spade2","PokerPlayerMod:Spade3","PokerPlayerMod:Spade4","PokerPlayerMod:Club5","PokerPlayerMod:Heart2","PokerPlayerMod:TrumpStrike+1","PokerPlayerMod:BadJoker+1","PokerPlayerMod:Mulligan+1","PokerPlayerMod:SecondChance+1","PokerPlayerMod:DamnStraight+1","PokerPlayerMod:Diamond4","PokerPlayerMod:ItsShowtime+1","PokerPlayerMod:Spade1","PokerPlayerMod:Spade10+","PokerPlayerMod:WildCard+1","PokerPlayerMod:Raise+1","PokerPlayerMod:SecondChance+1"],"relics":["PokerPlayerMod:DeckCase","Girya","Calipers","PokerPlayerMod:AceCard","Anchor","Bag of Preparation","CaptainsWheel","PokerPlayerMod:EnergeticBat","PokerPlayerMod:FairLicense","Frozen Egg 2","HornCleat","Happy Flower","Ice Cream","PokerPlayerMod:JackpotMachine","Lantern","Mango","Mark of Pain","MawBank","Molten Egg 2","Orichalcum","Pear","PokerPlayerMod:PenAndEraser","PokerPlayerMod:PendantOfEscape","PreservedInsect","PokerPlayerMod:Splitter","PokerPlayerMod:StuffedPocket","Toxic Egg 2","White Beast Statue","Boot","Vajra","War Paint","Question Card","Bag of Marbles","Mercury Hourglass","Tiny Chest","Ginger","PokerPlayerMod:BrokenClock","Regal Pillow","PokerPlayerMod:ClubPass","Empty Cage","Strawberry","Nunchaku","Smiling Mask","HollowMod:StagPassRelic","Ornamental Fan","Blood Vial","Akabeko","Gambling Chip","Bronze Scales","Art of War","Centennial Puzzle","Fusion Hammer","Potion Belt","Dream Catcher","Whetstone","Gremlin Horn","HollowMod:PaleOreRelic","Bottled Flame","StrikeDummy","Bottled Tornado","StoneCalendar","HollowMod:LifeEnderRelic","Ancient Tea Set","Oddly Smooth Stone","Juzu Bracelet"],"acts_visited":["Exordium","TheCity","TheBeyond"],"potions_floor_usage":[19],"damage_taken":[{"damage":0,"enemies":"2 Louse","floor":1,"turns":1},{"damage":0,"enemies":"Jaw Worm","floor":2,"turns":1},{"damage":0,"enemies":"Small Slimes","floor":4,"turns":2},{"damage":1,"enemies":"Red Slaver","floor":5,"turns":3},{"damage":0,"enemies":"Lagavulin","floor":6,"turns":2},{"damage":0,"enemies":"Gremlin Nob","floor":8,"turns":3},{"damage":0,"enemies":"Looter","floor":11,"turns":2},{"damage":0,"enemies":"The Guardian","floor":16,"turns":4},{"damage":0,"enemies":"Shell Parasite","floor":18,"turns":3},{"damage":2,"enemies":"2 Thieves","floor":19,"turns":2},{"damage":0,"enemies":"Shelled Parasite and Fungi","floor":21,"turns":2},{"damage":0,"enemies":"Sentry and Sphere","floor":22,"turns":2},{"damage":0,"enemies":"Gremlin Leader","floor":23,"turns":3},{"damage":0,"enemies":"3 Cultists","floor":27,"turns":4},{"damage":0,"enemies":"Shelled Parasite and Fungi","floor":28,"turns":3},{"damage":0,"enemies":"Snecko","floor":30,"turns":2},{"damage":0,"enemies":"Champ","floor":33,"turns":4},{"damage":0,"enemies":"3 Darklings","floor":35,"turns":3},{"damage":0,"enemies":"Orb Walker","floor":36,"turns":1},{"damage":0,"enemies":"Maw","floor":37,"turns":3},{"damage":0,"enemies":"Spire Growth","floor":39,"turns":2},{"damage":0,"enemies":"Giant Head","floor":40,"turns":4},{"damage":0,"enemies":"Sphere and 2 Shapes","floor":41,"turns":3},{"damage":0,"enemies":"Transient","floor":42,"turns":5},{"damage":0,"enemies":"Spire Growth","floor":44,"turns":4},{"damage":0,"enemies":"3 Darklings","floor":45,"turns":2},{"damage":0,"enemies":"Reptomancer","floor":46,"turns":1},{"damage":0,"enemies":"Maw","floor":47,"turns":4},{"damage":0,"enemies":"HollowMod:StalkingDevout","floor":48,"turns":2},{"damage":0,"enemies":"Donu and Deca","floor":50,"turns":7}],"seed_played":"5547004643768239030","potions_obtained":[{"floor":1,"key":"Ancient Potion"},{"floor":2,"key":"FearPotion"},{"floor":4,"key":"DistilledChaos"},{"floor":8,"key":"Dexterity Potion"},{"floor":19,"key":"ColorlessPotion"},{"floor":33,"key":"FairyPotion"},{"floor":35,"key":"ColorlessPotion"},{"floor":36,"key":"Explosive Potion"},{"floor":42,"key":"DistilledChaos"},{"floor":45,"key":"BlessingOfTheForge"}],"is_trial":true,"path_per_floor":["M","M","?","M","M","E","R","E","T","T","M","?","$","?","R","B",null,"M","M","T","M","M","E","?","R","T","M","M","?","M","T","R","B",null,"M","M","M","?","M","E","M","M","T","M","M","E","M","E","R","B",null],"character_chosen":"THE_POKER_PLAYER","items_purchased":["PokerPlayerMod:DamnStraight+1","PokerPlayerMod:Diamond4"],"campfire_rested":1,"item_purchase_floors":[13,13],"current_hp_per_floor":[76,76,69,69,70,70,70,70,70,70,70,70,70,70,70,73,76,83,81,81,81,81,83,93,93,93,93,93,93,93,93,93,93,93,93,93,93,93,93,93,93,93,93,93,93,93,93,93,93,93],"gold":892,"neow_bonus":"","is_daily":false,"chose_seed":false,"campfire_upgraded":4,"win_rate":0.0,"timestamp":1607859678,"path_taken":["M","M","?","M","M","E","R","E","T","?","M","?","$","?","R","BOSS","M","M","?","?","M","E","?","R","T","M","M","?","M","?","R","BOSS","M","M","M","?","?","E","M","M","T","M","M","E","M","E","R","BOSS"],"items_purchased_type":["Card","Card"],"build_version":"2020-11-30","purchased_purges":1,"victory":true,"max_hp_per_floor":[76,76,76,76,76,76,76,76,76,76,76,76,76,76,76,76,76,83,83,83,83,83,83,93,93,93,93,93,93,93,93,93,93,93,93,93,93,93,93,93,93,93,93,93,93,93,93,93,93,93],"relic_stats":{"Regal Pillow":0,"Gremlin Horn":[8,8],"StoneCalendar":[5],"Bag of Preparation":[60],"Juzu Bracelet":0,"Ginger":[8],"Whetstone":[],"Boot":[7],"Smiling Mask":0,"Blood Vial":0,"Nunchaku":[6],"Centennial Puzzle":[0],"Dream Catcher":1,"Gambling Chip":[15],"Tiny Chest":2,"Happy Flower":[28],"counters":[30,83],"PreservedInsect":332,"Orichalcum":[0],"War Paint":["PokerPlayerMod:BadJoker","PokerPlayerMod:Mulligan"],"MawBank":156,"Question Card":9,"Mercury Hourglass":[279],"Ornamental Fan":[20],"Bronze Scales":[89],"Art of War":[10],"obtain_stats":[{"Ice Cream":0,"Calipers":0,"Gremlin Horn":39,"Vajra":1,"Ginger":8,"Whetstone":37,"Bottled Tornado":43,"Boot":0,"HollowMod:StagPassRelic":21,"PokerPlayerMod:BrokenClock":9,"Blood Vial":23,"Centennial Puzzle":31,"HornCleat":0,"Strawberry":18,"Fusion Hammer":34,"HollowMod:PaleOreRelic":40,"Toxic Egg 2":0,"PokerPlayerMod:Splitter":0,"PokerPlayerMod:PendantOfEscape":0,"Girya":0,"Pear":0,"Happy Flower":0,"Oddly Smooth Stone":47,"War Paint":2,"Question Card":3,"Akabeko":26,"Bottled Flame":41,"Bronze Scales":28,"Molten Egg 2":0,"Mark of Pain":0,"StrikeDummy":42,"Lantern":0,"Regal Pillow":10,"PokerPlayerMod:PenAndEraser":0,"Mango":0,"StoneCalendar":44,"Bag of Preparation":0,"Juzu Bracelet":48,"Empty Cage":17,"Smiling Mask":20,"Ancient Tea Set":46,"PokerPlayerMod:FairLicense":0,"PokerPlayerMod:DeckCase":0,"Nunchaku":19,"Dream Catcher":36,"Gambling Chip":27,"Tiny Chest":6,"Potion Belt":35,"HollowMod:LifeEnderRelic":45,"PokerPlayerMod:AceCard":0,"PreservedInsect":0,"Frozen Egg 2":0,"Orichalcum":0,"MawBank":0,"White Beast Statue":0,"Mercury Hourglass":5,"Anchor":0,"CaptainsWheel":0,"PokerPlayerMod:StuffedPocket":0,"PokerPlayerMod:EnergeticBat":0,"Ornamental Fan":22,"PokerPlayerMod:JackpotMachine":0,"Bag of Marbles":4,"Art of War":30,"PokerPlayerMod:ClubPass":11},{"Ice Cream":0,"Calipers":0,"Gremlin Horn":21,"Vajra":1,"Ginger":6,"Whetstone":20,"Bottled Tornado":24,"Boot":0,"HollowMod:StagPassRelic":11,"PokerPlayerMod:BrokenClock":6,"Blood Vial":13,"Centennial Puzzle":16,"HornCleat":0,"Strawberry":9,"Fusion Hammer":17,"HollowMod:PaleOreRelic":22,"Toxic Egg 2":0,"PokerPlayerMod:Splitter":0,"PokerPlayerMod:PendantOfEscape":0,"Girya":0,"Pear":0,"Happy Flower":0,"Oddly Smooth Stone":28,"War Paint":2,"Question Card":2,"Akabeko":13,"Bottled Flame":23,"Bronze Scales":15,"Molten Egg 2":0,"Mark of Pain":0,"StrikeDummy":24,"Lantern":0,"Regal Pillow":6,"PokerPlayerMod:PenAndEraser":0,"Mango":0,"StoneCalendar":25,"Bag of Preparation":0,"Juzu Bracelet":29,"Empty Cage":8,"Smiling Mask":10,"Ancient Tea Set":27,"PokerPlayerMod:FairLicense":0,"PokerPlayerMod:DeckCase":0,"Nunchaku":10,"Dream Catcher":19,"Gambling Chip":14,"Tiny Chest":5,"Potion Belt":18,"HollowMod:LifeEnderRelic":26,"PokerPlayerMod:AceCard":0,"PreservedInsect":0,"Frozen Egg 2":0,"Orichalcum":0,"MawBank":0,"White Beast Statue":0,"Mercury Hourglass":4,"Anchor":0,"CaptainsWheel":0,"PokerPlayerMod:StuffedPocket":0,"PokerPlayerMod:EnergeticBat":0,"Ornamental Fan":12,"PokerPlayerMod:JackpotMachine":0,"Bag of Marbles":3,"Art of War":16,"PokerPlayerMod:ClubPass":7},{"Ice Cream":0,"Calipers":0,"Gremlin Horn":51,"Vajra":1,"Ginger":12,"Whetstone":49,"Bottled Tornado":63,"Boot":0,"HollowMod:StagPassRelic":25,"PokerPlayerMod:BrokenClock":12,"Blood Vial":30,"Centennial Puzzle":38,"HornCleat":0,"Strawberry":21,"Fusion Hammer":42,"HollowMod:PaleOreRelic":55,"Toxic Egg 2":0,"PokerPlayerMod:Splitter":0,"PokerPlayerMod:PendantOfEscape":0,"Girya":0,"Pear":0,"Happy Flower":0,"Oddly Smooth Stone":74,"War Paint":2,"Question Card":2,"Akabeko":30,"Bottled Flame":58,"Bronze Scales":36,"Molten Egg 2":0,"Mark of Pain":0,"StrikeDummy":63,"Lantern":0,"Regal Pillow":12,"PokerPlayerMod:PenAndEraser":0,"Mango":0,"StoneCalendar":67,"Bag of Preparation":0,"Juzu Bracelet":76,"Empty Cage":18,"Smiling Mask":23,"Ancient Tea Set":70,"PokerPlayerMod:FairLicense":0,"PokerPlayerMod:DeckCase":0,"Nunchaku":23,"Dream Catcher":46,"Gambling Chip":33,"Tiny Chest":9,"Potion Belt":45,"HollowMod:LifeEnderRelic":69,"PokerPlayerMod:AceCard":0,"PreservedInsect":0,"Frozen Egg 2":0,"Orichalcum":0,"MawBank":0,"White Beast Statue":0,"Mercury Hourglass":7,"Anchor":0,"CaptainsWheel":0,"PokerPlayerMod:StuffedPocket":0,"PokerPlayerMod:EnergeticBat":0,"Ornamental Fan":27,"PokerPlayerMod:JackpotMachine":0,"Bag of Marbles":4,"Art of War":38,"PokerPlayerMod:ClubPass":14}]},"card_choices":[{"not_picked":["PokerPlayerMod:Spade4","PokerPlayerMod:Spade5","PokerPlayerMod:Diamond8","PokerPlayerMod:Heart3"],"picked":"SKIP","floor":6},{"not_picked":["PokerPlayerMod:Configure+1","PokerPlayerMod:Spade5","PokerPlayerMod:CardPrinter+1","PokerPlayerMod:HeartStrike+1"],"picked":"SKIP","floor":8},{"not_picked":["PokerPlayerMod:StackedDeck+1","PokerPlayerMod:Spade8","PokerPlayerMod:VarietyAttack+1"],"picked":"PokerPlayerMod:ItsShowtime+1","floor":16},{"not_picked":["PokerPlayerMod:SecondChance+1","PokerPlayerMod:Heart10+","PokerPlayerMod:Club4","PokerPlayerMod:RiskyBet+1"],"picked":"SKIP","floor":23},{"not_picked":["PokerPlayerMod:Spade7","PokerPlayerMod:Heart9","PokerPlayerMod:Heart7"],"picked":"PokerPlayerMod:Spade10+","floor":33},{"not_picked":["PokerPlayerMod:Spade5","PokerPlayerMod:Club6","PokerPlayerMod:ClubsClub+1"],"picked":"PokerPlayerMod:WildCard+1","floor":40},{"not_picked":["PokerPlayerMod:Diamond1","PokerPlayerMod:SpadeStrike+1","PokerPlayerMod:ClubsClub+1"],"picked":"PokerPlayerMod:Raise+1","floor":46},{"not_picked":["PokerPlayerMod:Diamond4","PokerPlayerMod:Spade2","PokerPlayerMod:CloakAndDiamond+1","PokerPlayerMod:Diamond10+"],"picked":"SKIP","floor":48},{"not_picked":["PokerPlayerMod:DartThrow+1","PokerPlayerMod:Diamond4","PokerPlayerMod:Heart4"],"picked":"PokerPlayerMod:SecondChance+1","floor":49}],"player_experience":179418,"relics_obtained":[{"floor":1,"key":"Vajra"},{"floor":2,"key":"War Paint"},{"floor":4,"key":"Bag of Marbles"},{"floor":5,"key":"Mercury Hourglass"},{"floor":6,"key":"Tiny Chest"},{"floor":8,"key":"Ginger"},{"floor":9,"key":"PokerPlayerMod:BrokenClock"},{"floor":10,"key":"Regal Pillow"},{"floor":11,"key":"PokerPlayerMod:ClubPass"},{"floor":18,"key":"Strawberry"},{"floor":19,"key":"Nunchaku"},{"floor":20,"key":"Smiling Mask"},{"floor":21,"key":"HollowMod:StagPassRelic"},{"floor":22,"key":"Ornamental Fan"},{"floor":23,"key":"Blood Vial"},{"floor":26,"key":"Akabeko"},{"floor":27,"key":"Gambling Chip"},{"floor":28,"key":"Bronze Scales"},{"floor":30,"key":"Art of War"},{"floor":31,"key":"Centennial Puzzle"},{"floor":35,"key":"Potion Belt"},{"floor":36,"key":"Dream Catcher"},{"floor":37,"key":"Whetstone"},{"floor":39,"key":"Gremlin Horn"},{"floor":40,"key":"HollowMod:PaleOreRelic"},{"floor":41,"key":"Bottled Flame"},{"floor":42,"key":"StrikeDummy"},{"floor":43,"key":"Bottled Tornado"},{"floor":44,"key":"StoneCalendar"},{"floor":45,"key":"HollowMod:LifeEnderRelic"},{"floor":46,"key":"Ancient Tea Set"},{"floor":47,"key":"Oddly Smooth Stone"},{"floor":48,"key":"Juzu Bracelet"}],"event_choices":[{"damage_healed":0,"gold_gain":0,"player_choice":"Relic ","damage_taken":7,"max_hp_gain":0,"max_hp_loss":0,"event_name":"betterThird:BetterScrap","floor":3,"gold_loss":0,"cards_obtained":["Brilliance"]},{"damage_healed":0,"gold_gain":0,"cards_transformed":["Wraith Form v2"],"player_choice":"Change","damage_taken":0,"max_hp_gain":0,"max_hp_loss":0,"event_name":"Living Wall","floor":12,"gold_loss":0,"cards_obtained":["PokerPlayerMod:SecondChance"]},{"damage_healed":0,"gold_gain":100,"player_choice":"Pray","damage_taken":0,"max_hp_gain":0,"max_hp_loss":0,"event_name":"Golden Shrine","floor":14,"gold_loss":0},{"cards_removed":["PokerPlayerMod:StackedDeck"],"damage_healed":0,"gold_gain":0,"player_choice":"Offered Rare","damage_taken":0,"max_hp_gain":10,"max_hp_loss":0,"event_name":"Bonfire Elementals","floor":24,"gold_loss":0},{"damage_healed":0,"gold_gain":0,"cards_transformed":["PokerPlayerMod:Spade1"],"player_choice":"Transformed","damage_taken":0,"max_hp_gain":0,"max_hp_loss":0,"event_name":"Transmorgrifier","floor":29,"gold_loss":0,"cards_obtained":["PokerPlayerMod:Spade1"]},{"damage_healed":0,"gold_gain":0,"player_choice":"Ignored","damage_taken":0,"max_hp_gain":0,"max_hp_loss":0,"event_name":"betterNote:BetterNote","floor":38,"gold_loss":0,"cards_obtained":["PokerPlayerMod:WildCard"]}],"is_beta":false,"boss_relics":[{"not_picked":["Ectoplasm","PokerPlayerMod:AceCard"],"picked":"Empty Cage"},{"not_picked":["Cursed Key","Calling Bell"],"picked":"Fusion Hammer"}],"items_purged_floors":[13],"is_endless":false,"potions_floor_spawned":[1,2,4,5,6,8,11,16,18,19,21,22,23,27,28,30,33,35,36,37,39,40,41,42,44,45,46,47,48],"ascension_level":0}}