{"host":"2461dio7vetlq1z3","time":1607859161,"event":{"mods":["AchievementEnabler","Aspiration","BaseMod","Hermit","Lobotomy","Minty Spire (QoL Compilation)","Relic Stats","Spicy Shops","StSLib","Waifu the Spire"],"gold_per_floor":[359,359,1,12,29,63,63,63,63],"floor_reached":8,"playtime":395,"items_purged":["Strike_B"],"score":138,"play_id":"ac6fd578-096a-41e4-a7fe-3dde0bf61175","local_time":"20201213123241","is_ascension_mode":true,"campfire_choices":[{"data":"Consume","floor":7,"key":"SMITH"}],"circlet_count":0,"master_deck":["AscendersBane","Strike_B","Strike_B","Defend_B","Defend_B","Defend_B","Defend_B","Zap","Dualcast","Darkness","Consume+1","Redo","Coolheaded","Redo"],"relics":["Cracked Core","Runic Capacitor","Blue Candle"],"acts_visited":["Exordium"],"potions_floor_usage":[8,8],"damage_taken":[{"damage":11,"enemies":"Small Slimes","floor":1,"turns":4},{"damage":5,"enemies":"Cultist","floor":4,"turns":5},{"damage":11,"enemies":"Jaw Worm","floor":5,"turns":4},{"damage":0,"enemies":"Lagavulin","floor":6,"turns":6},{"damage":19,"enemies":"Gremlin Nob","floor":8,"turns":4}],"seed_played":"8868559273185980061","potions_obtained":[{"floor":4,"key":"ColorlessPotion"}],"is_trial":false,"path_per_floor":["M","?","$","M","M","E","R","E"],"character_chosen":"DEFECT","items_purchased":["Runic Capacitor","Consume","Block Potion"],"campfire_rested":0,"item_purchase_floors":[3,3,3],"current_hp_per_floor":[35,35,35,30,19,19,19,0,0],"gold":63,"neow_bonus":"TWO_FIFTY_GOLD","is_daily":false,"chose_seed":false,"campfire_upgraded":1,"win_rate":0.0,"timestamp":1607859161,"path_taken":["M","?","$","M","M","E","R","E"],"items_purchased_type":["Relic","Card","Potion"],"build_version":"2020-11-30","purchased_purges":1,"victory":false,"max_hp_per_floor":[71,71,71,71,71,71,71,71,71],"relic_stats":{"counters":[5,23],"Blue Candle":[0],"obtain_stats":[{"Blue Candle":6,"Runic Capacitor":3,"Cracked Core":0},{"Blue Candle":4,"Runic Capacitor":1,"Cracked Core":0},{"Blue Candle":19,"Runic Capacitor":4,"Cracked Core":0}]},"card_choices":[{"not_picked":["Redo","Self Repair"],"picked":"Darkness","floor":1},{"not_picked":["Beam Cell","Recycle"],"picked":"Redo","floor":4},{"not_picked":["Force Field","Leap"],"picked":"Coolheaded","floor":5},{"not_picked":["Stack","Barrage"],"picked":"Redo","floor":6}],"player_experience":668328,"relics_obtained":[{"floor":6,"key":"Blue Candle"}],"event_choices":[{"cards_removed":["Strike_B"],"damage_healed":0,"gold_gain":0,"player_choice":"Purged","damage_taken":0,"max_hp_gain":0,"max_hp_loss":0,"event_name":"Purifier","floor":2,"gold_loss":0}],"is_beta":false,"boss_relics":[],"items_purged_floors":[3],"is_endless":false,"potions_floor_spawned":[4],"killed_by":"Gremlin Nob","ascension_level":14}}