{"host":"ymmeoa1x24ihslbm","time":1607899807,"event":{"mods":["AchievementEnabler","BaseMod","Colored Map","Colored Powertips","Defuse TimeMaze Blight","Highlight Path","Minty Spire (QoL Compilation)","Permanent Neow","Quick Restart","StSLib","Unceasing Turn Reminder"],"gold_per_floor":[115,128,139,139,139,139,173,173,173,173,173,197,197,221,221,221,221],"floor_reached":16,"playtime":800,"items_purged":[],"score":168,"play_id":"692f432f-cea9-4a57-ab93-872dbbfb2ab0","local_time":"20201213235007","is_ascension_mode":true,"campfire_choices":[{"data":"Skewer","floor":6,"key":"SMITH"},{"data":"Defend_G","floor":11,"key":"SMITH"},{"data":"Slice","floor":15,"key":"SMITH"}],"circlet_count":0,"master_deck":["AscendersBane","Strike_G","Strike_G","Strike_G","Strike_G","Strike_G","Defend_G+1","Defend_G","Defend_G","Defend_G","Defend_G","Survivor+1","Neutralize","Slice+1","Skewer+1","Blade Dance","Storm of Steel"],"relics":["Ring of the Snake","Golden Idol","Blood Vial","Meat on the Bone"],"acts_visited":["Exordium"],"potions_floor_usage":[8,16],"damage_taken":[{"damage":0,"enemies":"2 Louse","floor":1,"turns":3},{"damage":3,"enemies":"Jaw Worm","floor":2,"turns":6},{"damage":0,"enemies":"Cultist","floor":3,"turns":4},{"damage":30,"enemies":"3 Sentries","floor":7,"turns":10},{"damage":0,"enemies":"Blue Slaver","floor":8,"turns":3},{"damage":0,"enemies":"Red Slaver","floor":12,"turns":4},{"damage":3,"enemies":"Looter","floor":14,"turns":3},{"damage":47,"enemies":"Hexaghost","floor":16,"turns":11}],"seed_played":"8874790509635549049","potions_obtained":[{"floor":1,"key":"BlessingOfTheForge"},{"floor":2,"key":"SmokeBomb"},{"floor":10,"key":"Swift Potion"},{"floor":14,"key":"Strength Potion"}],"is_trial":false,"path_per_floor":["M","M","M","?","?","R","E","M","T","?","R","M","$","M","R","B"],"character_chosen":"THE_SILENT","items_purchased":[],"campfire_rested":0,"item_purchase_floors":[],"current_hp_per_floor":[63,60,60,43,48,48,18,20,20,20,20,34,34,45,45,0,0],"gold":221,"neow_bonus":"UPGRADE_CARD","is_daily":false,"chose_seed":false,"campfire_upgraded":3,"win_rate":0.0,"timestamp":1607899807,"path_taken":["M","M","M","?","?","R","E","M","T","?","R","?","$","M","R","BOSS"],"items_purchased_type":[],"build_version":"2020-11-30","purchased_purges":0,"victory":false,"max_hp_per_floor":[70,70,70,70,75,75,75,75,75,75,75,75,75,75,75,75,75],"card_choices":[{"not_picked":["Tactician","Backflip"],"picked":"Slice","floor":1},{"not_picked":["Endless Agony","Caltrops"],"picked":"Skewer","floor":2},{"not_picked":["Underhanded Strike","Acrobatics","Catalyst"],"picked":"SKIP","floor":3},{"not_picked":["Eviscerate","Caltrops","Tactician"],"picked":"SKIP","floor":7},{"not_picked":["Cloak And Dagger","Flying Knee"],"picked":"Blade Dance","floor":12},{"not_picked":["Backstab","Bouncing Flask"],"picked":"Storm of Steel","floor":14}],"player_experience":571608,"relics_obtained":[{"floor":7,"key":"Blood Vial"},{"floor":9,"key":"Meat on the Bone"}],"event_choices":[{"damage_healed":0,"gold_gain":0,"player_choice":"Take Damage","damage_taken":17,"relics_obtained":["Golden Idol"],"max_hp_gain":0,"max_hp_loss":0,"event_name":"Golden Idol","floor":4,"gold_loss":0},{"damage_healed":0,"gold_gain":0,"player_choice":"Donut","damage_taken":0,"max_hp_gain":5,"max_hp_loss":0,"event_name":"Big Fish","floor":5,"gold_loss":0},{"damage_healed":0,"gold_gain":0,"player_choice":"Got Potions","damage_taken":0,"max_hp_gain":0,"max_hp_loss":0,"event_name":"Lab","floor":10,"gold_loss":0}],"is_beta":false,"boss_relics":[],"items_purged_floors":[],"is_endless":false,"potions_floor_spawned":[1,2,14],"killed_by":"Hexaghost","ascension_level":13}}