{"host":"63rwe7p34ct1i0qu","time":1607883376,"event":{"mods":["BaseMod","DeckTracker","Minty Spire (QoL Compilation)","Permanent Neow","Quick Restart","StSLib"],"gold_per_floor":[118,130,143,143,161,161,161,174,174,174,190,190,204,215,215,314,314,326,326,326,343,343,343],"floor_reached":22,"playtime":739,"items_purged":[],"score":243,"play_id":"f2d8c7fa-f83e-451f-bba2-8e05ba8f4a22","local_time":"20201214031616","is_ascension_mode":true,"campfire_choices":[{"floor":6,"key":"REST"},{"floor":10,"key":"REST"},{"floor":15,"key":"REST"}],"circlet_count":0,"master_deck":["Zap","Dualcast","Seek","Coolheaded","Capacitor","Darkness","Capacitor","Turbo","Double Energy+1","Rainbow","Biased Cognition","Recycle","Chaos","Stack","Chill","Streamline","Redo","Core Surge","White Noise"],"relics":["Cracked Core","Regal Pillow","The Courier","Pandora\u0027s Box"],"acts_visited":["Exordium","TheCity"],"potions_floor_usage":[13,16,21],"damage_taken":[{"damage":1,"enemies":"Cultist","floor":1,"turns":3},{"damage":0,"enemies":"2 Louse","floor":2,"turns":3},{"damage":12,"enemies":"Jaw Worm","floor":3,"turns":5},{"damage":20,"enemies":"Large Slime","floor":5,"turns":5},{"damage":17,"enemies":"Red Slaver","floor":8,"turns":4},{"damage":9,"enemies":"2 Fungi Beasts","floor":11,"turns":3},{"damage":14,"enemies":"Large Slime","floor":13,"turns":7},{"damage":10,"enemies":"Blue Slaver","floor":14,"turns":4},{"damage":42,"enemies":"The Guardian","floor":16,"turns":13},{"damage":26,"enemies":"3 Byrds","floor":18,"turns":6},{"damage":20,"enemies":"2 Thieves","floor":21,"turns":4},{"damage":48,"enemies":"Snake Plant","floor":22,"turns":2}],"seed_played":"4648201446778390826","potions_obtained":[{"floor":3,"key":"SteroidPotion"},{"floor":8,"key":"SkillPotion"},{"floor":14,"key":"Fire Potion"},{"floor":16,"key":"Fruit Juice"},{"floor":21,"key":"PotionOfCapacity"}],"is_trial":false,"path_per_floor":["M","M","M","?","M","R","?","M","T","R","M","?","M","M","R","B",null,"M","?","?","M","M"],"character_chosen":"DEFECT","items_purchased":[],"campfire_rested":3,"item_purchase_floors":[],"current_hp_per_floor":[67,67,55,40,20,42,42,25,25,62,53,53,39,29,66,29,67,41,67,67,47,0,0],"gold":343,"neow_bonus":"ONE_RANDOM_RARE_CARD","is_daily":false,"chose_seed":false,"campfire_upgraded":0,"win_rate":0.0,"timestamp":1607883376,"path_taken":["M","M","?","?","M","R","?","M","T","R","M","?","M","M","R","BOSS","M","?","?","M","M"],"items_purchased_type":[],"build_version":"2020-11-30","purchased_purges":0,"victory":false,"max_hp_per_floor":[75,75,75,75,75,75,75,75,75,75,75,75,75,75,75,80,80,80,80,80,80,80,80],"card_choices":[{"not_picked":["Aggregate","Static Discharge"],"picked":"Coolheaded","floor":1},{"not_picked":["Skim","Rebound"],"picked":"Capacitor","floor":2},{"not_picked":["Reprogram","Reinforced Body"],"picked":"Darkness","floor":3},{"not_picked":["Recycle","Storm"],"picked":"Capacitor","floor":5},{"not_picked":["Turbo","Redo","Blizzard"],"picked":"SKIP","floor":8},{"not_picked":["Redo","Blizzard"],"picked":"Turbo","floor":8},{"not_picked":["Auto Shields","Hologram"],"picked":"Double Energy","floor":11},{"not_picked":["Turbo","Redo"],"picked":"Rainbow","floor":13},{"not_picked":["Lockon","Reprogram","Cold Snap"],"picked":"SKIP","floor":14},{"not_picked":["Machine Learning","Rainbow"],"picked":"Biased Cognition","floor":16},{"not_picked":["Coolheaded","Ball Lightning","Recycle"],"picked":"SKIP","floor":18},{"not_picked":["Cold Snap","Sweeping Beam","Coolheaded"],"picked":"SKIP","floor":21}],"player_experience":751502,"relics_obtained":[{"floor":9,"key":"The Courier"}],"event_choices":[{"damage_healed":0,"gold_gain":0,"player_choice":"Entered Light","damage_taken":15,"max_hp_gain":0,"max_hp_loss":0,"event_name":"Shining Light","floor":4,"gold_loss":0,"cards_upgraded":["Strike_B","Strike_B"]},{"damage_healed":0,"gold_gain":0,"player_choice":"Searched \u00271\u0027 times","damage_taken":0,"relics_obtained":["Regal Pillow"],"max_hp_gain":0,"max_hp_loss":0,"event_name":"Dead Adventurer","floor":7,"gold_loss":0},{"damage_healed":0,"gold_gain":0,"player_choice":"Upgraded","damage_taken":0,"max_hp_gain":0,"max_hp_loss":0,"event_name":"Upgrade Shrine","floor":12,"gold_loss":0,"cards_upgraded":["Double Energy"]},{"damage_healed":26,"gold_gain":0,"player_choice":"Heal","damage_taken":0,"max_hp_gain":0,"max_hp_loss":0,"event_name":"The Library","floor":19,"gold_loss":0},{"damage_healed":0,"gold_gain":0,"player_choice":"Ignored","damage_taken":0,"max_hp_gain":0,"max_hp_loss":0,"event_name":"Ghosts","floor":20,"gold_loss":0}],"is_beta":false,"boss_relics":[{"not_picked":["FrozenCore","SlaversCollar"],"picked":"Pandora\u0027s Box"}],"items_purged_floors":[],"is_endless":false,"potions_floor_spawned":[3,8,14,16,21],"killed_by":"Snake Plant","ascension_level":7}}