{"host":"kntpungskobv1jqb","time":1607865526,"event":{"mods":["BaseMod","Minty Spire (QoL Compilation)","Replay The Spire","StSLib","SuperFastMode"],"gold_per_floor":[115,115,132,20,47,47,71,71,71],"floor_reached":8,"playtime":219,"items_purged":["Looming Evil"],"score":75,"play_id":"991f9074-f99d-459d-939f-84bf2c069e68","local_time":"20201213211846","is_ascension_mode":true,"campfire_choices":[{"data":"Pommel Strike","floor":6,"key":"SMITH"}],"circlet_count":0,"master_deck":["AscendersBane","Strike_R","Strike_R","Strike_R","Strike_R","Strike_R","Defend_R","Defend_R","Defend_R","Defend_R","Bash","Headbutt","Pommel Strike+1","Shrug It Off+1","ReplayTheSpireMod:Limb From Limb","Fiend Fire"],"relics":["Burning Blood","NeowsBlessing","ReplayTheSpireMod:Ring of Addiction","ReplayTheSpireMod:Ring of Exchange","White Beast Statue","Potion Belt","Odd Mushroom"],"acts_visited":["Exordium"],"potions_floor_usage":[8,8],"damage_taken":[{"damage":0,"enemies":"Small Slimes","floor":1,"turns":1},{"damage":0,"enemies":"Jaw Worm","floor":3,"turns":1},{"damage":4,"enemies":"The Mushroom Lair","floor":7,"turns":2},{"damage":57,"enemies":"Lagavulin","floor":8,"turns":9}],"seed_played":"-371452835526380542","potions_obtained":[{"floor":2,"key":"Elixir"},{"floor":2,"key":"SkillPotion"},{"floor":2,"key":"Swift Potion"},{"floor":3,"key":"SteroidPotion"},{"floor":5,"key":"Block Potion"},{"floor":7,"key":"DuplicationPotion"}],"is_trial":false,"path_per_floor":["M","?","M","$","?","R","?","E"],"character_chosen":"IRONCLAD","items_purchased":["Shrug It Off+1"],"campfire_rested":0,"item_purchase_floors":[4],"current_hp_per_floor":[74,74,75,75,45,45,47,0,0],"gold":71,"neow_bonus":"THREE_ENEMY_KILL","is_daily":false,"chose_seed":false,"campfire_upgraded":1,"win_rate":0.0,"timestamp":1607865526,"path_taken":["M","?","M","$","?","R","?","E"],"items_purchased_type":["Card"],"build_version":"2020-11-30","purchased_purges":1,"victory":false,"max_hp_per_floor":[75,75,75,75,75,73,73,73,73],"card_choices":[{"not_picked":["Rage","Combust"],"picked":"Headbutt","floor":1},{"not_picked":["Iron Wave","Run Through"],"picked":"Pommel Strike","floor":3},{"not_picked":["Life Link","Havoc"],"picked":"ReplayTheSpireMod:Limb From Limb","floor":5},{"not_picked":["Pommel Strike","Flex"],"picked":"Fiend Fire","floor":7}],"player_experience":454993,"relics_obtained":[{"floor":2,"key":"ReplayTheSpireMod:Ring of Addiction"},{"floor":2,"key":"ReplayTheSpireMod:Ring of Exchange"},{"floor":2,"key":"White Beast Statue"},{"floor":2,"key":"Potion Belt"},{"floor":7,"key":"Odd Mushroom"}],"event_choices":[{"damage_healed":0,"gold_gain":0,"player_choice":"Fought Mushrooms","damage_taken":0,"max_hp_gain":0,"max_hp_loss":0,"event_name":"Mushrooms","floor":7,"gold_loss":0}],"is_beta":false,"boss_relics":[],"items_purged_floors":[4],"is_endless":false,"potions_floor_spawned":[3,7],"killed_by":"Lagavulin","ascension_level":14}}