{"host":"08t08ld674si40tv","time":1607838347,"event":{"mods":["AchievementEnabler","BaseMod","Colored Map","Minty Spire (QoL Compilation)","StSLib","SuperFastMode"],"gold_per_floor":[112,112,37,2,18,18,38,56,56,56,56,81,97,107,107,212,212,232,242,88,101,101,134,134,34,34,34,47,78,92,105,105,201,201,221,26,26,26,44,75,90,122,134,146,168,180,204,234,246,258,270,282,49,79,79],"floor_reached":56,"playtime":1905,"items_purged":["Defend_G","Strike_G","Slice+1"],"score":1324,"play_id":"b2629593-a986-41a2-ba9e-0b15e3891544","local_time":"20201213144547","is_ascension_mode":false,"campfire_choices":[{"data":"Deadly Poison","floor":6,"key":"SMITH"},{"data":"Bouncing Flask","floor":10,"key":"SMITH"},{"data":"Neutralize","floor":15,"key":"SMITH"},{"data":"Tactician","floor":24,"key":"SMITH"},{"data":"Acrobatics","floor":27,"key":"SMITH"},{"data":"Calculated Gamble","floor":32,"key":"SMITH"},{"data":"Prepared","floor":44,"key":"SMITH"},{"data":"After Image","floor":46,"key":"SMITH"},{"floor":49,"key":"RECALL"},{"data":"Backflip","floor":52,"key":"SMITH"}],"circlet_count":0,"master_deck":["Defend_G","Defend_G","Defend_G","Survivor","Neutralize+1","Deadly Poison+1","PiercingWail","Tactician+1","Bouncing Flask+1","Die Die Die","Backflip+1","Calculated Gamble+1","Adrenaline","Acrobatics+1","Escape Plan","Noxious Fumes+1","After Image+1","Flechettes+1","Dagger Throw+1","Blur+1","Prepared+1","Backflip+1","Tactician+1","Prepared+1","Catalyst"],"relics":["Ring of the Snake","Odd Mushroom","InkBottle","Du-Vu Doll","HoveringKite","Bag of Marbles","Thread and Needle","Lizard Tail","Darkstone Periapt","Astrolabe","Snake Skull","Centennial Puzzle","MawBank","Gremlin Horn"],"acts_visited":["Exordium","TheCity","TheBeyond","TheEnding"],"potions_floor_usage":[7,29,33,40,50,55,55,55],"damage_taken":[{"damage":8,"enemies":"Jaw Worm","floor":1,"turns":5},{"damage":0,"enemies":"Small Slimes","floor":5,"turns":3},{"damage":15,"enemies":"The Mushroom Lair","floor":7,"turns":5},{"damage":0,"enemies":"Cultist","floor":8,"turns":3},{"damage":26,"enemies":"Gremlin Nob","floor":12,"turns":4},{"damage":0,"enemies":"Exordium Wildlife","floor":13,"turns":3},{"damage":0,"enemies":"Red Slaver","floor":14,"turns":4},{"damage":10,"enemies":"The Guardian","floor":16,"turns":8},{"damage":0,"enemies":"3 Byrds","floor":18,"turns":5},{"damage":0,"enemies":"Spheric Guardian","floor":19,"turns":3},{"damage":10,"enemies":"Snake Plant","floor":21,"turns":3},{"damage":12,"enemies":"Book of Stabbing","floor":23,"turns":4},{"damage":0,"enemies":"Centurion and Healer","floor":28,"turns":5},{"damage":3,"enemies":"Gremlin Leader","floor":29,"turns":5},{"damage":0,"enemies":"Shelled Parasite and Fungi","floor":30,"turns":4},{"damage":0,"enemies":"Snake Plant","floor":31,"turns":3},{"damage":12,"enemies":"Collector","floor":33,"turns":7},{"damage":7,"enemies":"3 Darklings","floor":35,"turns":4},{"damage":0,"enemies":"3 Shapes","floor":39,"turns":3},{"damage":0,"enemies":"Reptomancer","floor":40,"turns":4},{"damage":0,"enemies":"Jaw Worm Horde","floor":41,"turns":3},{"damage":6,"enemies":"Giant Head","floor":42,"turns":6},{"damage":0,"enemies":"3 Darklings","floor":45,"turns":3},{"damage":0,"enemies":"4 Shapes","floor":47,"turns":4},{"damage":0,"enemies":"Spire Growth","floor":48,"turns":3},{"damage":0,"enemies":"Donu and Deca","floor":50,"turns":7},{"damage":13,"enemies":"Shield and Spear","floor":54,"turns":5},{"damage":18,"enemies":"The Heart","floor":55,"turns":8}],"seed_played":"5711145773230609842","potions_obtained":[{"floor":1,"key":"Block Potion"},{"floor":7,"key":"Energy Potion"},{"floor":14,"key":"SteroidPotion"},{"floor":16,"key":"Fire Potion"},{"floor":21,"key":"Weak Potion"},{"floor":23,"key":"DuplicationPotion"},{"floor":33,"key":"SteroidPotion"},{"floor":35,"key":"Dexterity Potion"},{"floor":41,"key":"Swift Potion"},{"floor":54,"key":"Strength Potion"}],"is_trial":false,"path_per_floor":["M","?","$","?","M","R","?","M","T","R","$","E","M","M","R","B",null,"M","M","$","M","?","E","R","$","T","R","M","E","M","M","R","B",null,"M","$","?","$","M","E","M","E","T","R","M","R","M","M","R","B",null,"R","$","E","B",null],"character_chosen":"THE_SILENT","items_purchased":["Bag of Marbles","Snake Skull","Prepared","Catalyst","Poison Potion"],"campfire_rested":0,"item_purchase_floors":[20,36,36,53,53],"current_hp_per_floor":[69,62,62,77,77,77,62,62,62,62,62,36,36,36,36,26,77,77,77,77,67,67,55,55,55,55,55,55,52,52,52,52,40,77,70,70,63,63,63,63,63,57,57,57,57,57,57,57,57,57,77,77,77,64,46],"gold":79,"neow_bonus":"TEN_PERCENT_HP_BONUS","is_daily":false,"chose_seed":false,"campfire_upgraded":9,"win_rate":0.0,"timestamp":1607838347,"path_taken":["M","?","$","?","M","R","?","M","T","R","?","E","?","M","R","BOSS","M","?","$","M","?","E","R","$","T","R","M","E","?","M","R","BOSS","M","$","?","$","M","E","M","E","T","R","M","R","M","?","R","BOSS","R","$","E","BOSS"],"items_purchased_type":["Relic","Relic","Card","Card","Potion"],"build_version":"2020-11-30","purchased_purges":3,"victory":true,"max_hp_per_floor":[77,77,77,77,77,77,77,77,77,77,77,77,77,77,77,77,77,77,77,77,77,77,77,77,77,77,77,77,77,77,77,77,77,77,77,77,77,77,77,77,77,77,77,77,77,77,77,77,77,77,77,77,77,77,77],"card_choices":[{"not_picked":["Accuracy","Tactician"],"picked":"Deadly Poison","floor":1},{"not_picked":["Quick Slash","Prepared"],"picked":"PiercingWail","floor":5},{"not_picked":["Concentrate","Cloak And Dagger"],"picked":"Tactician","floor":7},{"not_picked":["Dodge and Roll","Acrobatics"],"picked":"Bouncing Flask","floor":8},{"not_picked":["Finisher","Deadly Poison"],"picked":"Die Die Die","floor":12},{"not_picked":["Bane","Riddle With Holes"],"picked":"Backflip","floor":13},{"not_picked":["Deadly Poison","Outmaneuver"],"picked":"Calculated Gamble","floor":14},{"not_picked":["Malaise","Phantasmal Killer"],"picked":"Adrenaline","floor":16},{"not_picked":["Backflip","Calculated Gamble"],"picked":"Acrobatics","floor":18},{"not_picked":["Dagger Throw","Expertise+1"],"picked":"Escape Plan","floor":19},{"not_picked":["Backflip","Acrobatics","Endless Agony"],"picked":"SKIP","floor":21},{"not_picked":["Setup","Blade Dance","Bullet Time"],"picked":"SKIP","floor":23},{"not_picked":["Flying Knee+1","Expertise","Underhanded Strike"],"picked":"SKIP","floor":28},{"not_picked":["Dagger Spray","Escape Plan+1"],"picked":"Noxious Fumes+1","floor":29},{"not_picked":["Quick Slash","A Thousand Cuts","Concentrate"],"picked":"SKIP","floor":30},{"not_picked":["Deflect","Quick Slash+1","Finisher"],"picked":"SKIP","floor":31},{"not_picked":["Tools of the Trade","Adrenaline"],"picked":"After Image","floor":33},{"not_picked":["Deadly Poison","Blade Dance+1"],"picked":"Blur+1","floor":35},{"not_picked":["Masterful Stab","Infinite Blades","Dagger Throw+1"],"picked":"SKIP","floor":39},{"not_picked":["Bullet Time","Noxious Fumes"],"picked":"Backflip+1","floor":40},{"not_picked":["Masterful Stab","Deflect","Terror"],"picked":"SKIP","floor":41},{"not_picked":["Outmaneuver","Dagger Spray+1"],"picked":"Tactician+1","floor":42},{"not_picked":["Quick Slash+1","Blur+1"],"picked":"Prepared+1","floor":45},{"not_picked":["Cloak And Dagger","Riddle With Holes+1","Bane"],"picked":"SKIP","floor":47},{"not_picked":["Finisher+1","Blade Dance+1","Deadly Poison"],"picked":"SKIP","floor":48},{"not_picked":["Dagger Throw+1","Deflect+1","Cloak And Dagger"],"picked":"SKIP","floor":54}],"player_experience":175936,"relics_obtained":[{"floor":7,"key":"Odd Mushroom"},{"floor":9,"key":"InkBottle"},{"floor":12,"key":"Du-Vu Doll"},{"floor":23,"key":"Thread and Needle"},{"floor":26,"key":"Lizard Tail"},{"floor":29,"key":"Darkstone Periapt"},{"floor":40,"key":"Centennial Puzzle"},{"floor":42,"key":"MawBank"},{"floor":54,"key":"Gremlin Horn"}],"event_choices":[{"cards_removed":["Strike_G"],"damage_healed":0,"gold_gain":0,"player_choice":"Card Removal","damage_taken":7,"max_hp_gain":0,"max_hp_loss":0,"event_name":"Golden Wing","floor":2,"gold_loss":0},{"damage_healed":19,"gold_gain":0,"player_choice":"Healed","damage_taken":0,"max_hp_gain":0,"max_hp_loss":0,"event_name":"The Cleric","floor":4,"gold_loss":35},{"damage_healed":0,"gold_gain":0,"player_choice":"Fought Mushrooms","damage_taken":0,"max_hp_gain":0,"max_hp_loss":0,"event_name":"Mushrooms","floor":7,"gold_loss":0},{"cards_removed":["Strike_G"],"damage_healed":0,"gold_gain":0,"player_choice":"Purged","damage_taken":0,"max_hp_gain":0,"max_hp_loss":0,"event_name":"Purifier","floor":22,"gold_loss":0},{"damage_healed":0,"gold_gain":0,"player_choice":"Damaged","damage_taken":7,"max_hp_gain":0,"max_hp_loss":0,"event_name":"Wheel of Change","floor":37,"gold_loss":0}],"is_beta":false,"boss_relics":[{"not_picked":["Empty Cage","SacredBark"],"picked":"HoveringKite"},{"not_picked":["Runic Pyramid","Snecko Eye"],"picked":"Astrolabe"}],"items_purged_floors":[3,25,53],"is_endless":false,"potions_floor_spawned":[1,7,14,16,21,23,33,35,39,41,54],"ascension_level":0}}