{"host":"ow9msrs9p2ctkx99","time":1607851546,"event":{"mods":["AchievementEnabler","BaseMod","Colored Map","Colored Powertips","Minty Spire (QoL Compilation)","Permanent Neow","Quick Restart","SuperFastMode"],"gold_per_floor":[13,23,33,44,44,44,219,247,270,52,73,73,73,98,98,211,211,235,57,79,79,103,103,126,126,174,210,233,233,233,254,254,363,363,389,408,408,308,308,308],"floor_reached":39,"playtime":772,"items_purged":["Doubt","Zap"],"score":692,"play_id":"14c58905-01a0-4bb1-8c64-36225b7a9d36","local_time":"20201213102546","is_ascension_mode":true,"campfire_choices":[{"data":"Dualcast","floor":6,"key":"SMITH"},{"floor":15,"key":"REST"},{"floor":23,"key":"REST"},{"data":"White Noise","floor":25,"key":"SMITH"},{"floor":29,"key":"REST"},{"floor":32,"key":"REST"}],"circlet_count":0,"master_deck":["AscendersBane","Strike_B+1","Strike_B","Defend_B+1","Defend_B","Defend_B","Defend_B","Dualcast+1","Rebound","Ball Lightning","Turbo","Coolheaded","Multi-Cast","White Noise+1","Echo Form","Compile Driver","Lockon","Steam+1","Sweeping Beam+1","Steam","White Noise+1","Glacier","Consume","Buffer","Capacitor+1"],"relics":["Cracked Core","FossilizedHelix","Bag of Marbles","CeramicFish","ClockworkSouvenir","Orichalcum","Torii","Nuclear Battery","Lantern","Bronze Scales","Darkstone Periapt","SlaversCollar"],"acts_visited":["Exordium","TheCity","TheBeyond"],"potions_floor_usage":[8,14,14,16,27,33,33],"damage_taken":[{"damage":0,"enemies":"Jaw Worm","floor":1,"turns":3},{"damage":0,"enemies":"Small Slimes","floor":2,"turns":2},{"damage":0,"enemies":"Cultist","floor":3,"turns":3},{"damage":0,"enemies":"Blue Slaver","floor":4,"turns":3},{"damage":15,"enemies":"Lagavulin","floor":8,"turns":5},{"damage":0,"enemies":"2 Fungi Beasts","floor":11,"turns":3},{"damage":4,"enemies":"3 Sentries","floor":14,"turns":4},{"damage":12,"enemies":"Slime Boss","floor":16,"turns":6},{"damage":25,"enemies":"3 Byrds","floor":18,"turns":4},{"damage":15,"enemies":"Shell Parasite","floor":20,"turns":5},{"damage":0,"enemies":"Chosen and Byrds","floor":22,"turns":5},{"damage":8,"enemies":"Snake Plant","floor":24,"turns":3},{"damage":22,"enemies":"Book of Stabbing","floor":27,"turns":5},{"damage":0,"enemies":"Centurion and Healer","floor":28,"turns":5},{"damage":9,"enemies":"Snecko","floor":31,"turns":6},{"damage":0,"enemies":"Automaton","floor":33,"turns":9},{"damage":26,"enemies":"3 Darklings","floor":35,"turns":7},{"damage":25,"enemies":"Orb Walker","floor":36,"turns":5},{"damage":23,"enemies":"Writhing Mass","floor":39,"turns":4}],"seed_played":"8060816342470611339","potions_obtained":[{"floor":3,"key":"DistilledChaos"},{"floor":4,"key":"FocusPotion"},{"floor":11,"key":"Energy Potion"},{"floor":14,"key":"ColorlessPotion"},{"floor":21,"key":"FocusPotion"},{"floor":21,"key":"Block Potion"},{"floor":21,"key":"Swift Potion"},{"floor":22,"key":"Dexterity Potion"},{"floor":27,"key":"Ancient Potion"}],"is_trial":false,"path_per_floor":["M","M","M","M","?","R","?","E","T","$","M","?","?","E","R","B",null,"M","$","M","?","M","R","M","R","T","E","M","R","?","M","R","B",null,"M","M","?","$","M"],"character_chosen":"DEFECT","items_purchased":["ClockworkSouvenir","Lantern","Lockon"],"campfire_rested":4,"item_purchase_floors":[10,19,19],"current_hp_per_floor":[68,68,68,68,53,53,53,38,38,38,38,31,19,15,37,25,63,38,38,23,23,23,45,37,37,37,15,15,37,37,28,50,50,69,43,18,18,18,0,0],"gold":308,"neow_bonus":"ONE_RARE_RELIC","is_daily":false,"chose_seed":false,"campfire_upgraded":2,"win_rate":0.0,"timestamp":1607851546,"path_taken":["M","M","M","M","?","R","?","E","T","?","?","?","?","E","R","BOSS","M","$","M","?","M","R","M","R","T","E","?","R","?","?","R","BOSS","M","?","?","$","M"],"items_purchased_type":["Relic","Relic","Card"],"build_version":"2020-11-30","purchased_purges":2,"victory":false,"max_hp_per_floor":[75,75,75,75,75,75,75,75,75,75,75,75,75,75,75,75,75,75,75,75,75,75,75,75,75,75,75,75,75,75,75,75,75,75,75,75,75,75,75,75],"card_choices":[{"not_picked":["Force Field","Streamline"],"picked":"Rebound","floor":1},{"not_picked":["Steam","Turbo"],"picked":"Ball Lightning","floor":2},{"not_picked":["Hologram","Leap"],"picked":"Turbo","floor":3},{"not_picked":["Aggregate","Hologram"],"picked":"Coolheaded","floor":4},{"not_picked":["Rebound","Leap"],"picked":"Multi-Cast","floor":8},{"not_picked":["Redo","Skim"],"picked":"White Noise","floor":11},{"not_picked":["Rebound","Barrage","Stack"],"picked":"SKIP","floor":14},{"not_picked":["Biased Cognition","Core Surge"],"picked":"Echo Form","floor":16},{"not_picked":["Leap","Recycle+1"],"picked":"Compile Driver","floor":18},{"not_picked":["Go for the Eyes","Redo"],"picked":"Steam+1","floor":20},{"not_picked":["Blizzard+1","Gash"],"picked":"Sweeping Beam+1","floor":22},{"not_picked":["Lockon","Ball Lightning"],"picked":"Steam","floor":24},{"not_picked":["Steam","Streamline"],"picked":"White Noise+1","floor":27},{"not_picked":["Gash","Streamline+1"],"picked":"Glacier","floor":28},{"not_picked":["Redo","Rebound"],"picked":"Consume","floor":31},{"not_picked":["Fission","Multi-Cast"],"picked":"Buffer","floor":33},{"not_picked":["Coolheaded+1","Barrage"],"picked":"Capacitor+1","floor":35},{"not_picked":["Ball Lightning+1","Cold Snap","Go for the Eyes"],"picked":"SKIP","floor":36}],"player_experience":997736,"relics_obtained":[{"floor":8,"key":"Bag of Marbles"},{"floor":9,"key":"CeramicFish"},{"floor":14,"key":"Torii"},{"floor":26,"key":"Bronze Scales"},{"floor":27,"key":"Darkstone Periapt"}],"event_choices":[{"damage_healed":0,"gold_gain":0,"player_choice":"Entered Light","damage_taken":15,"max_hp_gain":0,"max_hp_loss":0,"event_name":"Shining Light","floor":5,"gold_loss":0,"cards_upgraded":["Strike_B","Defend_B"]},{"damage_healed":0,"gold_gain":175,"player_choice":"AGREE","damage_taken":0,"max_hp_gain":0,"max_hp_loss":0,"event_name":"Liars Game","floor":7,"gold_loss":0,"cards_obtained":["Doubt"]},{"cards_removed":["Strike_B"],"damage_healed":0,"gold_gain":0,"player_choice":"Card Removal","damage_taken":7,"max_hp_gain":0,"max_hp_loss":0,"event_name":"Golden Wing","floor":12,"gold_loss":0},{"damage_healed":0,"gold_gain":0,"player_choice":"Success","damage_taken":12,"relics_obtained":["Orichalcum"],"max_hp_gain":0,"max_hp_loss":0,"event_name":"Scrap Ooze","floor":13,"gold_loss":0},{"damage_healed":0,"gold_gain":0,"player_choice":"Got Potions","damage_taken":0,"max_hp_gain":0,"max_hp_loss":0,"event_name":"Lab","floor":21,"gold_loss":0},{"damage_healed":0,"gold_gain":0,"player_choice":"Bought 0 Potions","damage_taken":0,"max_hp_gain":0,"max_hp_loss":0,"event_name":"The Woman in Blue","floor":30,"gold_loss":0},{"cards_removed":["Strike_B"],"damage_healed":0,"gold_gain":0,"player_choice":"Purged","damage_taken":0,"max_hp_gain":0,"max_hp_loss":0,"event_name":"Purifier","floor":37,"gold_loss":0}],"is_beta":false,"boss_relics":[{"not_picked":["Empty Cage","FrozenCore"],"picked":"Nuclear Battery"},{"not_picked":["Coffee Dripper","SacredBark"],"picked":"SlaversCollar"}],"items_purged_floors":[10,38],"is_endless":false,"potions_floor_spawned":[3,4,11,14,22,24,27],"killed_by":"Writhing Mass","ascension_level":10}}