{"host":"92108ef2q9tm8rod","time":1607820759,"event":{"mods":["BaseMod","Defuse TimeMaze Blight","Minty Spire (QoL Compilation)","StSLib","The Jungle"],"gold_per_floor":[110,110,127,139,156,156,190,225,276,276,310,310,343,359,359,455,455,475,400,420,420,320,348,382,382,382,382,382,400,400,412,412,516,566,580,425,425,445,462,492,492,367,439,439,474,499,510,525,525,525],"floor_reached":51,"playtime":2211,"items_purged":["Dodge and Roll","Dash","SandsOfTime+1"],"score":1278,"play_id":"356deb5b-54f4-41ef-867b-7eface982fd6","local_time":"20201213005239","daily_mods":["SealedDeck","Purple Cards","Heirloom","Flight"],"is_ascension_mode":false,"campfire_choices":[{"data":"Perseverance","floor":6,"key":"SMITH"},{"data":"PathToVictory","floor":10,"key":"SMITH"},{"data":"PathToVictory","floor":12,"key":"SMITH"},{"data":"Adrenaline","floor":15,"key":"SMITH"},{"data":"SandsOfTime","floor":25,"key":"SMITH"},{"data":"Escape Plan","floor":27,"key":"SMITH"},{"data":"Underhanded Strike","floor":28,"key":"SMITH"},{"data":"Sanctity","floor":30,"key":"SMITH"},{"floor":32,"key":"REST"},{"floor":41,"key":"REST"},{"floor":44,"key":"REST"},{"floor":49,"key":"REST"}],"circlet_count":0,"master_deck":["Sanctity+1","Perseverance+1","Tactician+1","Acrobatics+1","PathToVictory+1","Blur+1","PathToVictory+1","Underhanded Strike+1","Escape Plan+1","Adrenaline+1"],"relics":["Ring of the Snake","Torii","Paper Crane","StrikeDummy","Strawberry","Toy Ornithopter","Du-Vu Doll","SacredBark","theJungle:BirthdayCakeSlice","War Paint","Tiny Chest","Ornamental Fan","Tiny House","TheAbacus","Centennial Puzzle","Darkstone Periapt","Thread and Needle","Frozen Egg 2"],"acts_visited":["Exordium","Exordium","TheBeyond"],"potions_floor_usage":[14,33,50,50],"damage_taken":[{"damage":0,"enemies":"Cultist","floor":1,"turns":2},{"damage":0,"enemies":"Small Slimes","floor":3,"turns":2},{"damage":0,"enemies":"2 Louse","floor":4,"turns":1},{"damage":0,"enemies":"Lots of Slimes","floor":5,"turns":3},{"damage":0,"enemies":"Gremlin Nob","floor":7,"turns":3},{"damage":0,"enemies":"3 Sentries","floor":8,"turns":8},{"damage":0,"enemies":"Gremlin Nob","floor":11,"turns":2},{"damage":1,"enemies":"3 Sentries","floor":13,"turns":7},{"damage":0,"enemies":"Blue Slaver","floor":14,"turns":2},{"damage":0,"enemies":"Slime Boss","floor":16,"turns":7},{"damage":0,"enemies":"theJungle:GiantWrat","floor":18,"turns":1},{"damage":0,"enemies":"theJungle:Flameango_and_Byrd","floor":20,"turns":1},{"damage":0,"enemies":"theJungle:Cassacara","floor":23,"turns":1},{"damage":0,"enemies":"theJungle:2_Phrogs","floor":24,"turns":1},{"damage":0,"enemies":"theJungle:2_Snecko_Cultists","floor":29,"turns":1},{"damage":0,"enemies":"theJungle:JungleHuntersEncounter","floor":31,"turns":1},{"damage":0,"enemies":"theJungle:FunGuy","floor":33,"turns":1},{"damage":0,"enemies":"3 Shapes","floor":35,"turns":1},{"damage":0,"enemies":"3 Darklings","floor":38,"turns":1},{"damage":0,"enemies":"Transient","floor":39,"turns":3},{"damage":0,"enemies":"Reptomancer","floor":40,"turns":2},{"damage":0,"enemies":"Giant Head","floor":45,"turns":2},{"damage":0,"enemies":"Reptomancer","floor":46,"turns":1},{"damage":0,"enemies":"Writhing Mass","floor":47,"turns":1},{"damage":0,"enemies":"Spire Growth","floor":48,"turns":1},{"damage":0,"enemies":"Awakened One","floor":50,"turns":4}],"seed_played":"-8280254387406607521","potions_obtained":[{"floor":1,"key":"SpeedPotion"},{"floor":4,"key":"Ancient Potion"},{"floor":14,"key":"Fruit Juice"},{"floor":16,"key":"SteroidPotion"},{"floor":23,"key":"Strength Potion"},{"floor":31,"key":"Explosive Potion"},{"floor":34,"key":"Block Potion"}],"is_trial":true,"path_per_floor":["M","?","M","M","M","R","E","E","T","R","E","R","E","M","R","B",null,"M","$","M","?","$","E","E","R","T","R","R","M","R","M","R","B",null,"M","$","?","M","M","E","R","$","T","R","E","E","M","M","R","B",null],"character_chosen":"THE_SILENT","items_purchased":["TheAbacus"],"campfire_rested":4,"item_purchase_floors":[36],"current_hp_per_floor":[70,70,70,70,70,70,70,70,77,77,77,77,76,82,82,82,82,82,82,82,87,87,87,87,87,87,87,87,87,87,87,87,87,92,92,92,92,92,92,92,92,92,92,92,92,92,92,92,92,92],"gold":525,"neow_bonus":"","is_daily":false,"chose_seed":false,"campfire_upgraded":8,"win_rate":0.0,"timestamp":1607820759,"path_taken":["M","?","M","M","M","R","E","E","T","R","E","R","E","?","R","BOSS","M","$","M","?","$","E","E","R","T","R","R","M","R","M","R","BOSS","M","$","?","M","?","E","R","$","T","R","E","E","M","M","R","BOSS"],"items_purchased_type":["Relic"],"build_version":"2020-11-30","purchased_purges":3,"victory":true,"max_hp_per_floor":[70,70,70,70,70,70,70,70,77,77,77,77,77,82,82,82,82,82,82,82,87,87,87,87,87,87,87,87,87,87,87,87,87,92,92,92,92,92,92,92,92,92,92,92,92,92,92,92,92,92],"card_choices":[{"not_picked":["Underhanded Strike","Sucker Punch","FollowUp"],"picked":"SKIP","floor":1},{"not_picked":["Sucker Punch","FollowUp"],"picked":"Underhanded Strike","floor":1},{"not_picked":["Sanctity","Backstab"],"picked":"Escape Plan","floor":3},{"not_picked":["EmptyFist","FlurryOfBlows","EmptyMind"],"picked":"SKIP","floor":4},{"not_picked":["Concentrate","Deadly Poison","Vault"],"picked":"SKIP","floor":5},{"not_picked":["Cloak And Dagger","Backflip","Backstab"],"picked":"SKIP","floor":7},{"not_picked":["PathToVictory","Deadly Poison","ThirdEye"],"picked":"SKIP","floor":8},{"not_picked":["PathToVictory","Poisoned Stab","Catalyst"],"picked":"SKIP","floor":11},{"not_picked":["Reflex","Prostrate"],"picked":"Adrenaline","floor":13},{"not_picked":["EmptyFist","Infinite Blades","ClearTheMind"],"picked":"SKIP","floor":14},{"not_picked":["Fasting2","Halt","Reflex"],"picked":"SKIP","floor":18},{"not_picked":["CrushJoints","WreathOfFlame","TalkToTheHand"],"picked":"SKIP","floor":20},{"not_picked":["EmptyMind+1","Infinite Blades","Worship+1"],"picked":"SKIP","floor":23},{"not_picked":["Tactician","InnerPeace","Tantrum"],"picked":"SKIP","floor":24},{"not_picked":["MentalFortress","FearNoEvil","PiercingWail"],"picked":"SKIP","floor":29},{"not_picked":["Evaluate","Prostrate","ClearTheMind"],"picked":"SKIP","floor":31},{"not_picked":["Deadly Poison","Wallop","Protect+1"],"picked":"SKIP","floor":35},{"not_picked":["Caltrops","Dagger Spray+1","Tactician+1"],"picked":"SKIP","floor":38},{"not_picked":["Quick Slash","Blur+1","Dagger Spray+1"],"picked":"SKIP","floor":39},{"not_picked":["Meditate+1","FearNoEvil","Wireheading+1"],"picked":"SKIP","floor":40},{"not_picked":["DeceiveReality","Outmaneuver","JustLucky"],"picked":"SKIP","floor":45},{"not_picked":["ThirdEye+1","Escape Plan+1","Underhanded Strike+1"],"picked":"SKIP","floor":46},{"not_picked":["Pray","FollowUp","Accuracy+1"],"picked":"SKIP","floor":47},{"not_picked":["SandsOfTime","Evaluate","Halt"],"picked":"SKIP","floor":48}],"player_experience":3150524,"relics_obtained":[{"floor":7,"key":"Paper Crane"},{"floor":8,"key":"StrikeDummy"},{"floor":9,"key":"Strawberry"},{"floor":11,"key":"Toy Ornithopter"},{"floor":13,"key":"Du-Vu Doll"},{"floor":23,"key":"War Paint"},{"floor":24,"key":"Tiny Chest"},{"floor":26,"key":"Ornamental Fan"},{"floor":40,"key":"Centennial Puzzle"},{"floor":43,"key":"Darkstone Periapt"},{"floor":45,"key":"Thread and Needle"},{"floor":46,"key":"Frozen Egg 2"}],"event_choices":[{"damage_healed":0,"gold_gain":0,"player_choice":"Upgraded","damage_taken":0,"max_hp_gain":0,"max_hp_loss":0,"event_name":"Upgrade Shrine","floor":2,"gold_loss":0,"cards_upgraded":["Tactician"]},{"damage_healed":0,"gold_gain":0,"player_choice":"Ignored","damage_taken":0,"max_hp_gain":0,"max_hp_loss":0,"event_name":"NoteForYourself","floor":37,"gold_loss":0}],"is_beta":false,"boss_relics":[{"not_picked":["WristBlade","SlaversCollar"],"picked":"SacredBark"},{"not_picked":["Philosopher\u0027s Stone","Sozu"],"picked":"Tiny House"}],"items_purged_floors":[19,22,42],"is_endless":false,"potions_floor_spawned":[1,4,14,16,23,29,31,35,38,48],"ascension_level":0}}