{"host":"5uvzo7moqy5vd63g","time":1607894896,"event":{"mods":["Aspiration","BaseMod","Conspire","Dio Mod","Downfall","Hermit","Hubris","Jedi Mod","Jorbs\u0027s Wanderer Trilogy","Mimic Mod","Minty Spire (QoL Compilation)","Replay The Spire","StSLib","The Animator","Wandering Minibosses"],"gold_per_floor":[359,41,41,41,57,87,87,41,41,41,61,80,113,130,130,225,225,186,148,148,148],"floor_reached":20,"playtime":1556,"items_purged":["Decay"],"score":209,"play_id":"0edecac5-16ac-40fb-85b7-39d0f2454271","local_time":"20201213162816","is_ascension_mode":false,"campfire_choices":[{"data":"dioMod:Freeze","floor":7,"key":"SMITH"},{"data":"dioMod:DaggerSpree","floor":10,"key":"SMITH"},{"floor":15,"key":"REST"}],"circlet_count":0,"master_deck":["dioMod:Strike","dioMod:Strike","dioMod:Strike","dioMod:Strike","Bite","dioMod:Defend","dioMod:Defend+1","dioMod:Defend","dioMod:Defend+1","dioMod:Freeze+1","dioMod:MudaMudaMuda","dioMod:DaggerSpree+1","Flash of Steel","dioMod:FlyAway","dioMod:LaserVision","dioMod:CutDeep","dioMod:PhantomBlood","dioMod:VengefulMuda","dioMod:KonoDioDa","dioMod:Hiss","dioMod:Muda"],"relics":["dioMod:VampireBlood","Replay:Wax Seal","ReplayTheSpireMod:TigerMarble"],"acts_visited":["Exordium","TheCity"],"potions_floor_usage":[11],"damage_taken":[{"damage":12,"enemies":"Cultist","floor":1,"turns":4},{"damage":7,"enemies":"2 Louse","floor":5,"turns":3},{"damage":42,"enemies":"3 Sentries","floor":6,"turns":10},{"damage":5,"enemies":"Small Slimes","floor":11,"turns":4},{"damage":7,"enemies":"3 Louse","floor":12,"turns":3},{"damage":24,"enemies":"Gremlin Nob","floor":13,"turns":5},{"damage":0,"enemies":"Looter","floor":14,"turns":1},{"damage":71,"enemies":"Fading Forest","floor":16,"turns":11},{"damage":52,"enemies":"conspire:FuzzyDice","floor":18,"turns":8},{"damage":27,"enemies":"Chosen","floor":19,"turns":8},{"damage":0,"enemies":"Snecko","floor":20,"turns":1}],"seed_played":"4339213133163599022","potions_obtained":[{"floor":5,"key":"jedi:wingpotion"},{"floor":6,"key":"FearPotion"},{"floor":13,"key":"DuplicationPotion"}],"is_trial":false,"path_per_floor":["M","$","?","?","M","E","R","$","T","R","M","M","E","M","R","B",null,"M","M","M"],"character_chosen":"THE_DEFAULT","items_purchased":["dioMod:MudaMudaMuda","dioMod:DaggerSpree","Flash of Steel","dioMod:LaserVision"],"campfire_rested":1,"item_purchase_floors":[2,2,2,8],"current_hp_per_floor":[68,68,68,53,54,27,27,27,27,27,32,39,23,31,56,32,88,55,37,37,37],"gold":148,"neow_bonus":"TWO_FIFTY_GOLD","is_daily":false,"chose_seed":false,"campfire_upgraded":2,"win_rate":0.0,"timestamp":1607894896,"path_taken":["M","?","?","?","M","E","R","?","T","R","M","?","E","M","R","BOSS","M","M","M"],"items_purchased_type":["Card","Card","Card","Card"],"build_version":"2020-11-30","purchased_purges":1,"victory":false,"max_hp_per_floor":[75,75,75,75,75,75,75,75,75,75,75,78,81,84,84,88,88,91,91,91,91],"card_choices":[{"not_picked":["dioMod:SadisticLaugh","dioMod:BloodSuck"],"picked":"dioMod:Freeze","floor":1},{"not_picked":["dioMod:HeavyLifting","dioMod:BloodShield","dioMod:StreetSign"],"picked":"SKIP","floor":5},{"not_picked":["dioMod:BloodSplash","dioMod:Roundabout"],"picked":"dioMod:FlyAway","floor":6},{"not_picked":["dioMod:BloodSplash","dioMod:Muda","dioMod:BloodShield"],"picked":"SKIP","floor":11},{"not_picked":["dioMod:CautiousMuda","dioMod:VengefulMuda"],"picked":"dioMod:CutDeep","floor":12},{"not_picked":["dioMod:SlashThroughTime","dioMod:ComposedMuda"],"picked":"dioMod:PhantomBlood","floor":13},{"not_picked":["dioMod:Hiss","dioMod:ComposedMuda"],"picked":"dioMod:VengefulMuda","floor":14},{"not_picked":["dioMod:Refresh","dioMod:Despair"],"picked":"dioMod:KonoDioDa","floor":16},{"not_picked":["dioMod:VengefulMuda","dioMod:HeavyLifting"],"picked":"dioMod:Hiss","floor":18},{"not_picked":["dioMod:StreetSign","dioMod:BloodShield"],"picked":"dioMod:Muda","floor":19}],"player_experience":1273300,"relics_obtained":[{"floor":6,"key":"Replay:Wax Seal"},{"floor":9,"key":"Replay:Ringing Soul"},{"floor":13,"key":"ReplayTheSpireMod:TigerMarble"}],"event_choices":[{"damage_healed":0,"gold_gain":0,"player_choice":"Leave","damage_taken":0,"max_hp_gain":0,"max_hp_loss":0,"event_name":"conspire:Investor","floor":3,"gold_loss":0},{"damage_healed":0,"gold_gain":0,"player_choice":"Entered Light","damage_taken":15,"max_hp_gain":0,"max_hp_loss":0,"event_name":"Shining Light","floor":4,"gold_loss":0,"cards_upgraded":["dioMod:Defend","dioMod:Defend"]}],"is_beta":false,"boss_relics":[{"not_picked":["Kintsugi","Ring of Chaos"],"picked":"Black Star"}],"items_purged_floors":[2],"is_endless":false,"potions_floor_spawned":[5,6,13],"killed_by":"Snecko","ascension_level":0}}