{"host":"99ad87xtd5ypi7ii","time":1607832844,"event":{"mods":["BaseMod","Hermit","Highlight Path","Marisa????????","Minty Spire (QoL Compilation)","Robot Space Explorer","StSLib","The Bladedancer","The Construct","The Cursed","The Disciple","The Elementalist","The Gatherer","The Hierophant","The Runesmith","The Servant 0.9.4","TheVacant"],"gold_per_floor":[114,39,39,39,39,39,59,59,84,84,84,118,71,109,109,234,234,254,254,105,122,122,157,697,731,754,84,84,99,99,24,24,119,119,136,136,153,163,163,197,247,276,354,393,393,413,439,37,37,37,37,37,37,64,64],"floor_reached":56,"playtime":7709,"items_purged":["RobotSpaceExplorer:Strike","RobotSpaceExplorer:Strike","RobotSpaceExplorer:Strike","RobotSpaceExplorer:Defend"],"score":1470,"play_id":"ffa0e540-fa00-47cf-92ec-439bb9c01ca9","local_time":"20201213051404","is_ascension_mode":true,"campfire_choices":[{"floor":6.0,"key":"REST"},{"data":"RobotSpaceExplorer:Pulsar","floor":8.0,"key":"SMITH"},{"data":"RobotSpaceExplorer:MiniLasers","floor":10.0,"key":"SMITH"},{"data":"RobotSpaceExplorer:Accelerator","floor":15.0,"key":"SMITH"},{"floor":30.0,"key":"REST"},{"floor":32.0,"key":"REST"},{"data":"RobotSpaceExplorer:Multitool","floor":45.0,"key":"SMITH"},{"floor":49.0,"key":"RECALL"},{"data":"RobotSpaceExplorer:MiniBoosters","floor":52,"key":"SMITH"}],"circlet_count":0,"master_deck":["RobotSpaceExplorer:Defend+1","RobotSpaceExplorer:Scan","RobotSpaceExplorer:MiniLasers+1","RobotSpaceExplorer:Pulsar+1","RobotSpaceExplorer:ScrapToss","RobotSpaceExplorer:Probe","RobotSpaceExplorer:Accelerator+1","RobotSpaceExplorer:Pulsar+1","RobotSpaceExplorer:MiniDrones","RobotSpaceExplorer:Scanner","RobotSpaceExplorer:ScrapToss","RobotSpaceExplorer:Pulsar","RobotSpaceExplorer:ScrapToss+1","RobotSpaceExplorer:ScrapToss","RobotSpaceExplorer:MiniBoosters+1","Transmutation","RobotSpaceExplorer:Multitool+1","RobotSpaceExplorer:DualCore","RobotSpaceExplorer:MakeshiftVolley","RobotSpaceExplorer:GlueSpray+1","RobotSpaceExplorer:GlueSpray","RobotSpaceExplorer:PowerCollector"],"relics":["RobotSpaceExplorer:TurboCore","RobotSpaceExplorer:ClockworkSextant","Bloody Idol","Nunchaku","Centennial Puzzle","Strawberry","Nilry\u0027s Codex","Runesmith:AutoHammer","Juzu Bracelet","Bag of Preparation","PreservedInsect","Lantern","War Paint","Empty Cage","elementalistmod:GreenCirclet","Art of War","CatCart","Dream Catcher","Happy Flower","Kunai","HornCleat"],"acts_visited":["Exordium","TheCity","TheBeyond","TheEnding"],"potions_floor_usage":[55,55],"damage_taken":[{"damage":0.0,"enemies":"Small Slimes","floor":1.0,"turns":3.0},{"damage":0.0,"enemies":"2 Louse","floor":7.0,"turns":2.0},{"damage":5.0,"enemies":"Lagavulin","floor":12.0,"turns":5.0},{"damage":5.0,"enemies":"Gremlin Nob","floor":14.0,"turns":4.0},{"damage":44.0,"enemies":"Slime Boss","floor":16.0,"turns":11.0},{"damage":0.0,"enemies":"2 Thieves","floor":18.0,"turns":5.0},{"damage":0.0,"enemies":"Shell Parasite","floor":21.0,"turns":5.0},{"damage":24.0,"enemies":"Gremlin Leader","floor":23.0,"turns":5.0},{"damage":16.0,"enemies":"Book of Stabbing","floor":25.0,"turns":5.0},{"damage":13.0,"enemies":"Snake Plant","floor":29.0,"turns":5.0},{"damage":4.0,"enemies":"Automaton","floor":33.0,"turns":8.0},{"damage":12.0,"enemies":"3 Darklings","floor":35.0,"turns":3.0},{"damage":0.0,"enemies":"Orb Walker","floor":37.0,"turns":4.0},{"damage":2.0,"enemies":"Jaw Worm Horde","floor":38.0,"turns":3.0},{"damage":10.0,"enemies":"Reptomancer","floor":40.0,"turns":4.0},{"damage":0.0,"enemies":"Orin","floor":41.0,"turns":7.0},{"damage":31.0,"enemies":"Nemesis","floor":42.0,"turns":7.0},{"damage":0.0,"enemies":"Sphere and 2 Shapes","floor":44.0,"turns":4.0},{"damage":0.0,"enemies":"3 Darklings","floor":46.0,"turns":2.0},{"damage":0.0,"enemies":"Reptomancer","floor":47.0,"turns":5.0},{"damage":26.0,"enemies":"Donu and Deca","floor":50.0,"turns":12.0},{"damage":1,"enemies":"Shield and Spear","floor":54,"turns":5},{"damage":15,"enemies":"The Heart","floor":55,"turns":7}],"seed_played":"-1938772510118680519","potions_obtained":[{"floor":7.0,"key":"SteroidPotion"},{"floor":12.0,"key":"Fire Potion"},{"floor":25.0,"key":"SmokeBomb"},{"floor":29.0,"key":"EntropicBrew"},{"floor":41.0,"key":"Swift Potion"},{"floor":42.0,"key":"SpeedPotion"},{"floor":44.0,"key":"Energy Potion"},{"floor":47.0,"key":"PowerPotion"}],"is_trial":false,"path_per_floor":["M","$","?","?","?","R","M","R","T","R","?","E","$","E","R","B",null,"M","?","$","M","?","E","?","E","T","$","?","M","R","?","R","B",null,"M","?","M","M","?","E","?","E","T","M","R","M","E","$","R","B",null,"R","$","E","B",null],"character_chosen":"RobotSpaceExplorer","items_purchased":["RobotSpaceExplorer:Pulsar","RobotSpaceExplorer:Pulsar","RobotSpaceExplorer:MiniBoosters","PreservedInsect","Lantern","Transmutation","Kunai"],"campfire_rested":3,"item_purchase_floors":[13,20,27,27,27,27,48],"current_hp_per_floor":[82,82,49,29,29,53,53,53,53,53,53,48,48,50,50,6,89,89,89,89,89,73,54,21,10,15,15,15,7,33,33,59,60,89,82,82,87,89,89,84,89,63,68,78,78,83,88,88,88,62,89,89,89,89,74],"gold":64,"neow_bonus":"TEN_PERCENT_HP_BONUS","is_daily":false,"chose_seed":false,"campfire_upgraded":5,"win_rate":0.0,"timestamp":1607832844,"path_taken":["M","$","?","?","?","R","?","R","T","R","?","E","?","E","R","BOSS","M","?","$","M","?","E","?","E","T","$","?","M","R","?","R","BOSS","M","?","M","M","?","E","?","E","T","M","R","M","E","$","R","BOSS","R","$","E","BOSS"],"items_purchased_type":["Card","Card","Card","Relic","Relic","Card","Relic"],"build_version":"2020-11-30","purchased_purges":4,"victory":true,"max_hp_per_floor":[82,82,82,82,82,82,82,82,82,82,82,82,82,89,89,89,89,89,89,89,89,89,89,89,89,89,89,89,89,89,89,89,89,89,89,89,89,89,89,89,89,89,89,89,89,89,89,89,89,89,89,89,89,89,89],"card_choices":[{"not_picked":["RobotSpaceExplorer:Probe","RobotSpaceExplorer:MiniDrones"],"picked":"RobotSpaceExplorer:Pulsar","floor":1.0},{"not_picked":["RobotSpaceExplorer:RigExplosive","RobotSpaceExplorer:SurgingStrike"],"picked":"RobotSpaceExplorer:Probe","floor":7.0},{"not_picked":["RobotSpaceExplorer:SurgingStrike","RobotSpaceExplorer:ShockKick"],"picked":"RobotSpaceExplorer:Accelerator","floor":12.0},{"not_picked":["RobotSpaceExplorer:SurgingStrike","RobotSpaceExplorer:MakeshiftVolley"],"picked":"RobotSpaceExplorer:MiniDrones","floor":14.0},{"not_picked":["RobotSpaceExplorer:Explosion","RobotSpaceExplorer:Blaster"],"picked":"RobotSpaceExplorer:Scanner","floor":16.0},{"not_picked":["RobotSpaceExplorer:SurgingStrike","RobotSpaceExplorer:IronShell"],"picked":"RobotSpaceExplorer:ScrapToss","floor":18.0},{"not_picked":["RobotSpaceExplorer:FreezingShield","RobotSpaceExplorer:ToxicBomb"],"picked":"RobotSpaceExplorer:ScrapToss+1","floor":21.0},{"not_picked":["RobotSpaceExplorer:PowerCollector","RobotSpaceExplorer:Electroshield+1"],"picked":"RobotSpaceExplorer:ScrapToss","floor":23.0},{"not_picked":["RobotSpaceExplorer:ScrapMissile+1","RobotSpaceExplorer:SurgingShield+1","RobotSpaceExplorer:ImprovisedAttack"],"picked":"SKIP","floor":25.0},{"not_picked":["RobotSpaceExplorer:ShovelStrike","RobotSpaceExplorer:SurgingStrike","RobotSpaceExplorer:Counterblock"],"picked":"SKIP","floor":29.0},{"not_picked":["RobotSpaceExplorer:Explosion","RobotSpaceExplorer:DroneSwarm"],"picked":"RobotSpaceExplorer:Multitool","floor":33.0},{"not_picked":["RobotSpaceExplorer:StunGrenade+1","RobotSpaceExplorer:ShovelStrike","RobotSpaceExplorer:GearShield"],"picked":"SKIP","floor":35.0},{"not_picked":["RobotSpaceExplorer:DoubleBlock","RobotSpaceExplorer:FreezingShield","RobotSpaceExplorer:FreezeRay+1"],"picked":"SKIP","floor":37.0},{"not_picked":["RobotSpaceExplorer:MetalStrike","RobotSpaceExplorer:MiniDrones+1"],"picked":"RobotSpaceExplorer:DualCore","floor":38.0},{"not_picked":["RobotSpaceExplorer:StunGrenade+1","RobotSpaceExplorer:GlueShot","RobotSpaceExplorer:RigExplosive"],"picked":"SKIP","floor":40.0},{"not_picked":["RobotSpaceExplorer:FrostMissile","RobotSpaceExplorer:SurgingShield+1","RobotSpaceExplorer:Ammunition"],"picked":"SKIP","floor":42.0},{"not_picked":["RobotSpaceExplorer:Reload","RobotSpaceExplorer:SurgingStrike","RobotSpaceExplorer:ShockKick+1"],"picked":"SKIP","floor":44.0},{"not_picked":["RobotSpaceExplorer:SurgingShield+1","RobotSpaceExplorer:DoubleFind+1","RobotSpaceExplorer:TurboDodge+1"],"picked":"SKIP","floor":46.0},{"not_picked":["RobotSpaceExplorer:GearShield","RobotSpaceExplorer:Multitool","RobotSpaceExplorer:PlasmaMissile"],"picked":"SKIP","floor":47.0},{"not_picked":["RobotSpaceExplorer:SurgingShield+1","RobotSpaceExplorer:StunGrenade+1"],"picked":"RobotSpaceExplorer:PowerCollector","floor":54}],"player_experience":708802,"relics_obtained":[{"floor":9.0,"key":"Nunchaku"},{"floor":12.0,"key":"Centennial Puzzle"},{"floor":14.0,"key":"Strawberry"},{"floor":22.0,"key":"Nilry\u0027s Codex"},{"floor":23.0,"key":"Runesmith:AutoHammer"},{"floor":25.0,"key":"Juzu Bracelet"},{"floor":26.0,"key":"Bag of Preparation"},{"floor":40.0,"key":"Art of War"},{"floor":41.0,"key":"CatCart"},{"floor":42.0,"key":"Dream Catcher"},{"floor":47.0,"key":"Happy Flower"},{"floor":54,"key":"HornCleat"}],"event_choices":[{"damage_healed":0.0,"max_hp_gain":0.0,"max_hp_loss":0.0,"gold_gain":0.0,"event_name":"Scrap Ooze","player_choice":"Success","floor":3.0,"gold_loss":0.0,"damage_taken":33.0,"relics_obtained":["RobotSpaceExplorer:ClockworkSextant"]},{"damage_healed":0.0,"max_hp_gain":0.0,"max_hp_loss":0.0,"gold_gain":0.0,"event_name":"Golden Idol","player_choice":"Take Damage","floor":4.0,"gold_loss":0.0,"damage_taken":20.0,"relics_obtained":["Golden Idol"]},{"damage_healed":0.0,"max_hp_gain":0.0,"max_hp_loss":0.0,"gold_gain":0.0,"event_name":"Match and Keep!","player_choice":"1 cards matched","floor":5.0,"gold_loss":0.0,"damage_taken":0.0,"cards_obtained":["RobotSpaceExplorer:ScrapToss"]},{"damage_healed":0.0,"max_hp_gain":0.0,"max_hp_loss":0.0,"gold_gain":0.0,"event_name":"Liars Game","player_choice":"Ignored","floor":11.0,"gold_loss":0.0,"damage_taken":0.0},{"damage_healed":0.0,"max_hp_gain":0.0,"max_hp_loss":0.0,"gold_gain":0.0,"event_name":"Forgotten Altar","player_choice":"Gave Idol","floor":19.0,"relics_lost":["Golden Idol"],"gold_loss":0.0,"damage_taken":0.0,"relics_obtained":["Bloody Idol"]},{"damage_healed":0.0,"max_hp_gain":0.0,"max_hp_loss":0.0,"gold_gain":0.0,"event_name":"Cursed Tome","player_choice":"Obtained Book","floor":22.0,"gold_loss":0.0,"damage_taken":16.0},{"damage_healed":0.0,"max_hp_gain":0.0,"max_hp_loss":0.0,"gold_gain":540.0,"event_name":"Knowing Skull","player_choice":"POTION GOLD GOLD GOLD GOLD GOLD GOLD ","floor":24.0,"potions_obtained":["LiquidBronze"],"gold_loss":0.0,"damage_taken":63.0,"cards_obtained":[]},{"damage_healed":0.0,"max_hp_gain":0.0,"max_hp_loss":0.0,"gold_gain":0.0,"event_name":"Addict","player_choice":"Stole Relic","floor":28.0,"gold_loss":0.0,"damage_taken":0.0,"relics_obtained":["War Paint"],"cards_obtained":["Shame"]},{"cards_removed":["RobotSpaceExplorer:Strike"],"damage_healed":0.0,"max_hp_gain":0.0,"max_hp_loss":0.0,"gold_gain":0.0,"event_name":"Beggar","player_choice":"Gave Gold","floor":31.0,"gold_loss":75.0,"damage_taken":0.0},{"damage_healed":0.0,"max_hp_gain":0.0,"max_hp_loss":0.0,"gold_gain":0.0,"cards_transformed":["RobotSpaceExplorer:Defend"],"event_name":"Transmorgrifier","player_choice":"Transformed","floor":39.0,"gold_loss":0.0,"damage_taken":0.0,"cards_obtained":["RobotSpaceExplorer:MakeshiftVolley"]},{"damage_healed":0.0,"max_hp_gain":0.0,"max_hp_loss":0.0,"gold_gain":0.0,"event_name":"OrinTheCat","player_choice":"Fight","floor":41.0,"gold_loss":0.0,"damage_taken":0.0}],"is_beta":false,"boss_relics":[{"not_picked":["Cursed Key","SlaversCollar"],"picked":"RobotSpaceExplorer:TurboCore"},{"not_picked":["Black Star","Runesmith:UraniumAnvil"],"picked":"Empty Cage"}],"items_purged_floors":[2,20,27,48],"is_endless":false,"potions_floor_spawned":[7,12,25,29,33,37,41,42,44,47],"ascension_level":4}}