{"host":"27wa8ufp4ryspt1p","time":1607838753,"event":{"mods":["2.2 Compatiblity","Abigail Mod","Act Like it!","Aspiration","BaseMod","Better Altar","Better Note","Better Skull","Better Third Choice","Colored Map","Conspire","Downfall","Elementarium","Energized Spire","Friendly Minions","Gensokyo","GifTheSpireLib","Gold Saver","Halation","Hallownest","HololiveMod","Hubris","Humility","Infinite Spire","Keyboard Shortcuts","Menagerie","Mimic Mod","Minty Spire (QoL Compilation)","Pale of the Ancients","Quarter Circle Forward PUNCH!","Reimu??????","Relic Sorter","Relic Stats","Replay The Spire","Reworked Bosses","Shop Mod","Spicy Shops","Spikes Relics","StSLib","Stuff the Spire","SuperFastMode","The Cursed","The Exalted","The Factory","The Judge","The Necromancer","Trackpad","Waifu the Spire","Wandering Minibosses","[IsaacMod]????","??????REMEMod","????"],"gold_per_floor":[124,149,159,159,9,43,43,488,531,551,567,383,397,415,415,493,493,505,510,510],"floor_reached":19,"playtime":668,"items_purged":[],"score":432,"play_id":"225f1d0e-a627-4079-897f-31dcb52cc491","local_time":"20201212235233","daily_mods":["SealedDeck","Colorless Cards","Heirloom","Elite Swarm","Lethality"],"is_ascension_mode":true,"campfire_choices":[{"data":"ElectricPowerLearning","floor":7.0,"key":"SMITH"},{"floor":15.0,"key":"RECALL"}],"circlet_count":0,"master_deck":["AscendersBane","BasicCrystalCard","StuffTheSpire:FreeRealEstate","Discovery","Replay:SS_forest_6","Conserve Battery","Bandage Up","Panic Button","Streamline","Conserve Battery","Rebound","Rainbow","Ball Lightning","Sweeping Beam","ReplayTheSpireMod:Private Reserves","ElectricPowerLearning+1","expansioncontent:TimeRipple","Ball Lightning","Flash of Steel","DiskWipe","Core Surge"],"relics":["Cracked Core","HushsDoor","REME_ComplimentaryCards","aspiration:MysteriousAuxiliaryCore","Void","halation:EternalFortune","Bag of Marbles","MerchantsRug","energizedSpire:NeverEndingSparkler"],"acts_visited":["Menagerie:Menagerie","Hallownest:CityofTears"],"potions_floor_usage":[16,16],"damage_taken":[{"damage":3.0,"enemies":"Menagerie:2_RABBITS","floor":1.0,"turns":3.0},{"damage":6.0,"enemies":"Menagerie:WhisperingWraith","floor":2.0,"turns":1.0},{"damage":5.0,"enemies":"Menagerie:StygianBoar","floor":3.0,"turns":2.0},{"damage":0.0,"enemies":"Menagerie:VoidReaper","floor":6.0,"turns":1.0},{"damage":11.0,"enemies":"Menagerie:BEAST_MAGE_AND_PROWLING_AMALGAM","floor":9.0,"turns":5.0},{"damage":0.0,"enemies":"Menagerie:BEAST_MAGE_AND_PROWLING_AMALGAM","floor":10.0,"turns":2.0},{"damage":17.0,"enemies":"Menagerie:3_RABBITS","floor":11.0,"turns":3.0},{"damage":0.0,"enemies":"Menagerie:KEEPER_AND_YOUNG_SUNEATER","floor":13.0,"turns":2.0},{"damage":12.0,"enemies":"Menagerie:BEAST_MAGE_AND_PROWLING_AMALGAM","floor":14.0,"turns":3.0},{"damage":51,"enemies":"Menagerie:Suneater","floor":16,"turns":5},{"damage":54,"enemies":"Hallownest:3_Youths","floor":18,"turns":3},{"damage":31,"enemies":"Hallownest:Guard_and_Sentry","floor":19,"turns":2}],"seed_played":"2135731052764287557","potions_obtained":[{"floor":1.0,"key":"ColorlessPotion"},{"floor":2.0,"key":"FearPotion"},{"floor":10.0,"key":"DuplicationPotion"},{"floor":13.0,"key":"DistilledChaos"},{"floor":14.0,"key":"Explosive Potion"}],"is_trial":true,"path_per_floor":["M","M","M","?","$","E","R","?","MIM","M","M","R","M","M","R","B",null,"M","M"],"character_chosen":"DEFECT","items_purchased":["ReplayTheSpireMod:Private Reserves","MerchantsRug","Ball Lightning"],"campfire_rested":0,"item_purchase_floors":[5,12,12],"current_hp_per_floor":[71,65,68,71,71,74,74,26,30,42,37,37,49,49,49,2,61,19,0,0],"gold":510,"neow_bonus":"","is_daily":false,"chose_seed":false,"campfire_upgraded":1,"win_rate":0.0,"timestamp":1607838753,"path_taken":["M","M","M","?","$","E","R","?","MIM","M","M","R","M","M","R","BOSS","M","M"],"items_purchased_type":["Card","Relic","Card"],"build_version":"2020-11-30","purchased_purges":0,"victory":false,"max_hp_per_floor":[71,71,71,74,74,77,77,77,80,80,80,80,80,80,80,80,80,80,80,80],"relic_stats":{"counters":[12,32],"obtain_stats":[{"KeepersGift":0,"MerchantsRug":12,"energizedSpire:NeverEndingSparkler":17,"halation:EternalFortune":4,"Bag of Marbles":6,"aspiration:MysteriousAuxiliaryCore":0,"Void":1,"Cracked Core":0,"HushsDoor":0,"REME_ComplimentaryCards":0},{"KeepersGift":0,"MerchantsRug":7,"energizedSpire:NeverEndingSparkler":10,"halation:EternalFortune":3,"Bag of Marbles":4,"aspiration:MysteriousAuxiliaryCore":0,"Void":1,"Cracked Core":0,"HushsDoor":0,"REME_ComplimentaryCards":0},{"KeepersGift":0,"MerchantsRug":17,"energizedSpire:NeverEndingSparkler":27,"halation:EternalFortune":6,"Bag of Marbles":7,"aspiration:MysteriousAuxiliaryCore":0,"Void":1,"Cracked Core":0,"HushsDoor":0,"REME_ComplimentaryCards":0}]},"card_choices":[{"not_picked":["Streamline","expansioncontent:ChargeUp","Rebound"],"picked":"SKIP","floor":1.0},{"not_picked":["Sweeping Beam","expansioncontent:CaCaw"],"picked":"Ball Lightning","floor":2.0},{"not_picked":["BasicCrystalCard","Gash"],"picked":"Sweeping Beam","floor":3.0},{"not_picked":["Electrodynamics","hubris:DoWhile"],"picked":"ElectricPowerLearning","floor":6.0},{"not_picked":["Hologram","Redo","Stack"],"picked":"SKIP","floor":10.0},{"not_picked":["Beam Cell","Dark Shackles"],"picked":"expansioncontent:TimeRipple","floor":11.0},{"not_picked":["Beam Cell","Stack"],"picked":"Flash of Steel","floor":13.0},{"not_picked":["Streamline","expansioncontent:StudyTheSpire"],"picked":"DiskWipe","floor":14.0},{"not_picked":["StuffTheSpire:Recharge","ReplayRNGCard"],"picked":"Core Surge","floor":16},{"not_picked":["Go for the Eyes","Redo","BasicCrystalCard"],"picked":"SKIP","floor":18}],"player_experience":3886484,"relics_obtained":[{"floor":6.0,"key":"halation:EternalFortune"},{"floor":6.0,"key":"Bag of Marbles"},{"floor":9.0,"key":"halation:EternalFortune"}],"event_choices":[{"damage_healed":0.0,"max_hp_gain":0.0,"max_hp_loss":0.0,"gold_gain":445.0,"event_name":"betterSkull:BetterSkull","player_choice":"GO GO GO GO GO ","floor":8.0,"gold_loss":0.0,"damage_taken":53.0,"cards_upgraded":[],"relics_obtained":[]}],"is_beta":false,"boss_relics":[{"not_picked":["Astrolabe","Nuclear Battery"],"picked":"energizedSpire:NeverEndingSparkler"},{"not_picked":[]}],"items_purged_floors":[],"is_endless":false,"potions_floor_spawned":[1,2,10,13,14],"killed_by":"Hallownest:Guard_and_Sentry","ascension_level":20}}