{"host":"8a3jzv7qxg3y7b6t","time":1607844760,"event":{"mods":["BaseMod","Better Third Choice","Downfall","Hermit","Minty Spire (QoL Compilation)","Relic Stats","StSLib","The Bug Knight","The Cursed"],"gold_per_floor":[118,129,30,50,62,97,97,115,140,171,184,202,202,222,222,325,325,343,309,309,320,320,320,340,356,426,461,461,461],"floor_reached":28,"playtime":1894,"items_purged":[],"score":256,"play_id":"7745a3ee-5f2f-4478-a351-3bfe114f3627","local_time":"20201212233240","is_ascension_mode":false,"campfire_choices":[{"floor":7,"key":"RECALL"},{"floor":15,"key":"REST"},{"floor":23,"key":"REST"}],"circlet_count":0,"master_deck":["hermit:Strike_Hermit","hermit:Strike_Hermit","hermit:Strike_Hermit","hermit:Strike_Hermit","hermit:Defend_Hermit","hermit:Defend_Hermit","hermit:Defend_Hermit+1","hermit:Defend_Hermit","hermit:Snapshot","hermit:Covet","hermit:Grudge","hermit:Coalescence","hermit:BigShot","hermit:Dive","hermit:Spite","hermit:Desperado","hermit:Coalescence+1","hermit:Roughhouse","hermit:HoleUp","hermit:Desperado","hermit:Gestalt","Parasite","hermit:Grudge","hermit:EternalForm","hermit:Brawl","hermit:Headshot","Writhe","hermit:GhostlyPresence","hermit:Snipe+1","hermit:Coalescence","hermit:TrackingShot+1"],"relics":["hermit:Momento","Turnip","Bottled Lightning","Happy Flower","SlaversCollar","War Paint","Molten Egg 2","Pocketwatch"],"acts_visited":["Exordium","TheCity"],"potions_floor_usage":[4,12,16,16,21,25],"damage_taken":[{"damage":0,"enemies":"Cultist","floor":1,"turns":3},{"damage":11,"enemies":"Jaw Worm","floor":2,"turns":2},{"damage":0,"enemies":"2 Louse","floor":4,"turns":2},{"damage":4,"enemies":"2 Fungi Beasts","floor":5,"turns":4},{"damage":19,"enemies":"3 Sentries","floor":6,"turns":7},{"damage":20,"enemies":"Exordium Wildlife","floor":8,"turns":4},{"damage":11,"enemies":"HollowMod:MossKnight","floor":10,"turns":10},{"damage":0,"enemies":"Looter","floor":11,"turns":3},{"damage":0,"enemies":"2 Fungi Beasts","floor":12,"turns":3},{"damage":1,"enemies":"Exordium Thugs","floor":14,"turns":5},{"damage":18,"enemies":"The Guardian","floor":16,"turns":12},{"damage":10,"enemies":"Spheric Guardian","floor":18,"turns":3},{"damage":28,"enemies":"2 Thieves","floor":19,"turns":5},{"damage":27,"enemies":"Chosen and Byrds","floor":21,"turns":8},{"damage":7,"enemies":"3 Cultists","floor":24,"turns":6},{"damage":15,"enemies":"Shelled Parasite and Fungi","floor":25,"turns":8},{"damage":7,"enemies":"HollowMod:Nosk","floor":27,"turns":10},{"damage":16,"enemies":"Snecko","floor":28,"turns":3}],"seed_played":"6008952833347066807","potions_obtained":[{"floor":1,"key":"Block Potion"},{"floor":4,"key":"Ancient Potion"},{"floor":8,"key":"SpeedPotion"},{"floor":12,"key":"FearPotion"},{"floor":14,"key":"Energy Potion"},{"floor":16,"key":"ColorlessPotion"},{"floor":18,"key":"hermit:BlackBile"},{"floor":19,"key":"Ancient Potion"},{"floor":25,"key":"SmokeBomb"}],"is_trial":false,"path_per_floor":["M","M","$","M","M","E","R","M","T","E","M","M","?","M","R","B",null,"M","M","?","M","?","R","M","M","T","E","M"],"character_chosen":"HERMIT","items_purchased":["hermit:BigShot","hermit:Dive"],"campfire_rested":2,"item_purchase_floors":[3,3],"current_hp_per_floor":[68,57,57,57,53,34,34,14,14,3,3,3,20,19,39,21,68,58,30,30,3,25,45,38,23,23,16,0,0],"gold":461,"neow_bonus":"ONE_RARE_RELIC","is_daily":false,"chose_seed":false,"campfire_upgraded":0,"win_rate":0.0,"timestamp":1607844760,"path_taken":["M","?","$","?","M","E","R","M","T","E","M","?","?","M","R","BOSS","M","M","?","M","?","R","M","M","T","E","M"],"items_purchased_type":["Card","Card"],"build_version":"2020-11-30","purchased_purges":0,"victory":false,"max_hp_per_floor":[68,68,68,68,68,68,68,68,68,68,68,68,68,68,68,68,68,68,68,68,68,68,68,68,68,68,68,68,68],"relic_stats":{"Happy Flower":[22],"counters":[18,98],"Turnip":[68],"War Paint":["hermit:Coalescence","hermit:Defend_Hermit"],"obtain_stats":[{"SlaversCollar":17,"Happy Flower":10,"Molten Egg 2":26,"Turnip":0,"Bottled Lightning":6,"War Paint":20,"hermit:Momento":0,"Pocketwatch":27},{"SlaversCollar":11,"Happy Flower":7,"Molten Egg 2":16,"Turnip":0,"Bottled Lightning":5,"War Paint":13,"hermit:Momento":0,"Pocketwatch":17},{"SlaversCollar":55,"Happy Flower":32,"Molten Egg 2":85,"Turnip":0,"Bottled Lightning":18,"War Paint":63,"hermit:Momento":0,"Pocketwatch":95}],"Pocketwatch":[3]},"card_choices":[{"not_picked":["hermit:HighCaliber","hermit:Glare"],"picked":"hermit:Grudge","floor":1},{"not_picked":["hermit:WideOpen","hermit:LowProfile"],"picked":"hermit:Coalescence","floor":2},{"not_picked":["hermit:Manifest","hermit:Deadeye"],"picked":"hermit:Spite","floor":4},{"not_picked":["hermit:HighCaliber","hermit:TakeCover"],"picked":"hermit:Desperado","floor":5},{"not_picked":["hermit:Shortfuse","hermit:Cheat"],"picked":"hermit:Coalescence","floor":6},{"not_picked":["hermit:EyeOfTheStorm","hermit:Vantage"],"picked":"hermit:Roughhouse","floor":8},{"not_picked":["hermit:LowProfile","hermit:ShadowCloak"],"picked":"hermit:HoleUp","floor":10},{"not_picked":["hermit:Glare","hermit:CalledShot"],"picked":"hermit:Desperado","floor":11},{"not_picked":["hermit:TrackingShot","hermit:WideOpen"],"picked":"hermit:Gestalt","floor":12},{"not_picked":["hermit:Vantage","hermit:Manifest"],"picked":"hermit:Grudge","floor":14},{"not_picked":["hermit:FatalDesire","hermit:FromBeyond"],"picked":"hermit:EternalForm","floor":16},{"not_picked":["hermit:Desperado","hermit:NoHoldsBarred"],"picked":"hermit:Brawl","floor":18},{"not_picked":["hermit:WideOpen+1","hermit:Cheat"],"picked":"hermit:Headshot","floor":19},{"not_picked":["hermit:Dive","hermit:HighCaliber"],"picked":"hermit:GhostlyPresence","floor":21},{"not_picked":["hermit:NoHoldsBarred+1","hermit:BodyArmor"],"picked":"hermit:Snipe+1","floor":24},{"not_picked":["hermit:Roughhouse","hermit:Roulette"],"picked":"hermit:Coalescence","floor":25},{"not_picked":["hermit:Spite+1","hermit:FatalDesire"],"picked":"hermit:TrackingShot+1","floor":27}],"player_experience":587505,"relics_obtained":[{"floor":6,"key":"Bottled Lightning"},{"floor":10,"key":"Happy Flower"},{"floor":26,"key":"Molten Egg 2"},{"floor":27,"key":"Pocketwatch"}],"event_choices":[{"damage_healed":17,"gold_gain":0,"player_choice":"Healed and dodged fight","damage_taken":0,"max_hp_gain":0,"max_hp_loss":0,"event_name":"Mushrooms","floor":13,"gold_loss":0,"cards_obtained":["Parasite"]},{"damage_healed":0,"gold_gain":0,"player_choice":"Opened","damage_taken":0,"relics_obtained":["War Paint"],"max_hp_gain":0,"max_hp_loss":0,"event_name":"The Mausoleum","floor":20,"gold_loss":0,"cards_obtained":["Writhe"]},{"damage_healed":22,"gold_gain":0,"player_choice":"Heal","damage_taken":0,"max_hp_gain":0,"max_hp_loss":0,"event_name":"The Library","floor":22,"gold_loss":0}],"is_beta":false,"boss_relics":[{"not_picked":["Sozu","Pandora\u0027s Box"],"picked":"SlaversCollar"}],"items_purged_floors":[],"is_endless":false,"potions_floor_spawned":[1,4,8,12,14,16,18,19,25],"killed_by":"Snecko","ascension_level":0}}