{"host":"kh6fvhxn285ncg0o","time":1607847424,"event":{"mods":["Act Like it!","BaseMod","Colored Map","Friendly Minions","Keyboard Shortcuts","Minty Spire (QoL Compilation)","Quick Restart","Relic Stats","StSLib","SuperFastMode"],"gold_per_floor":[112,122,122,122,122,156,176,176,176,216,254,295,220,19,19,19,19],"floor_reached":16,"playtime":300,"items_purged":["Strike_R"],"score":232,"play_id":"a633619f-692f-4326-bf0b-cc4ab78091e4","local_time":"20201213171704","is_ascension_mode":true,"campfire_choices":[{"floor":8.0,"key":"REST"},{"data":"Flame Barrier","floor":15,"key":"SMITH"}],"circlet_count":0,"master_deck":["AscendersBane","Strike_R","Strike_R","Defend_R","Defend_R","Defend_R","Defend_R","Bash","Shrug It Off","Body Slam","Flame Barrier+1","Burning Pact","Bludgeon","Whirlwind","Carnage"],"relics":["Mark of Pain","Golden Idol","Turnip","Du-Vu Doll","WingedGreaves","Odd Mushroom","Vajra","Membership Card"],"acts_visited":[],"potions_floor_usage":[10],"damage_taken":[{"damage":4.0,"enemies":"Jaw Worm","floor":1.0,"turns":3.0},{"damage":0.0,"enemies":"2 Louse","floor":2.0,"turns":3.0},{"damage":40.0,"enemies":"Lagavulin","floor":6.0,"turns":9.0},{"damage":0.0,"enemies":"Cultist","floor":7.0,"turns":4.0},{"damage":12,"enemies":"3 Sentries","floor":10,"turns":7},{"damage":6,"enemies":"The Mushroom Lair","floor":11,"turns":3},{"damage":20,"enemies":"Lagavulin","floor":12,"turns":5},{"damage":6,"enemies":"Hexaghost","floor":16,"turns":8}],"seed_played":"7630535611358992096","potions_obtained":[{"floor":1.0,"key":"Energy Potion"},{"floor":7.0,"key":"DistilledChaos"}],"is_trial":false,"path_per_floor":["M","M","?","?","?","E","M","R","T","E","?","E","?","$","R","B"],"character_chosen":"IRONCLAD","items_purchased":["Membership Card"],"campfire_rested":1,"item_purchase_floors":[14],"current_hp_per_floor":[64,64,64,64,64,24,24,44,44,32,26,6,6,6,6,0,0],"gold":19,"neow_bonus":"BOSS_RELIC","is_daily":false,"chose_seed":false,"campfire_upgraded":1,"win_rate":0.0,"timestamp":1607847424,"path_taken":["M","M","?","?","?","E","?","R","T","E","?","E","?","$","R","BOSS"],"items_purchased_type":["Relic"],"build_version":"2020-11-30","purchased_purges":1,"victory":false,"max_hp_per_floor":[75,75,75,68,68,68,68,68,68,68,68,68,68,68,68,68,68],"relic_stats":{"counters":[8,42],"Golden Idol":35,"Turnip":[0],"obtain_stats":[{"Du-Vu Doll":9,"Golden Idol":4,"Vajra":12,"Mark of Pain":0,"Turnip":6,"WingedGreaves":10,"Membership Card":14,"Odd Mushroom":11,"Burning Blood":0},{"Du-Vu Doll":4,"Golden Idol":2,"Vajra":7,"Mark of Pain":0,"Turnip":3,"WingedGreaves":5,"Membership Card":7,"Odd Mushroom":6,"Burning Blood":0},{"Du-Vu Doll":19,"Golden Idol":6,"Vajra":34,"Mark of Pain":0,"Turnip":15,"WingedGreaves":26,"Membership Card":34,"Odd Mushroom":29,"Burning Blood":0}]},"card_choices":[{"not_picked":["Whirlwind","Perfected Strike"],"picked":"Shrug It Off","floor":1.0},{"not_picked":["Seeing Red","Clash"],"picked":"Body Slam","floor":2.0},{"not_picked":["Shockwave","Wild Strike"],"picked":"Burning Pact","floor":6.0},{"not_picked":["Flex","Shrug It Off"],"picked":"Bludgeon","floor":7.0},{"not_picked":["Entrench","Intimidate"],"picked":"Whirlwind","floor":10},{"not_picked":["Body Slam","Pommel Strike"],"picked":"Carnage","floor":11},{"not_picked":["Infernal Blade","Cleave","Demon Form"],"picked":"SKIP","floor":12}],"player_experience":3143222,"relics_obtained":[{"floor":6.0,"key":"Turnip"},{"floor":9.0,"key":"Du-Vu Doll"},{"floor":10,"key":"WingedGreaves"},{"floor":11,"key":"Odd Mushroom"},{"floor":12,"key":"Vajra"}],"event_choices":[{"damage_healed":0.0,"max_hp_gain":0.0,"max_hp_loss":0.0,"gold_gain":0.0,"event_name":"Liars Game","player_choice":"Ignored","floor":3.0,"gold_loss":0.0,"damage_taken":0.0},{"damage_healed":0.0,"max_hp_gain":0.0,"max_hp_loss":7.0,"gold_gain":0.0,"event_name":"Golden Idol","player_choice":"Lose Max HP","floor":4.0,"gold_loss":0.0,"damage_taken":0.0,"relics_obtained":["Golden Idol"]},{"damage_healed":0.0,"max_hp_gain":0.0,"max_hp_loss":0.0,"gold_gain":0.0,"cards_transformed":["Strike_R"],"event_name":"Transmorgrifier","player_choice":"Transformed","floor":5.0,"gold_loss":0.0,"damage_taken":0.0,"cards_obtained":["Flame Barrier"]},{"damage_healed":0,"gold_gain":0,"player_choice":"Fought Mushrooms","damage_taken":0,"max_hp_gain":0,"max_hp_loss":0,"event_name":"Mushrooms","floor":11,"gold_loss":0},{"cards_removed":["Strike_R"],"damage_healed":0,"gold_gain":0,"player_choice":"Card Removal","damage_taken":0,"max_hp_gain":0,"max_hp_loss":0,"event_name":"The Cleric","floor":13,"gold_loss":75}],"is_beta":false,"boss_relics":[],"items_purged_floors":[14],"is_endless":false,"potions_floor_spawned":[1,7],"killed_by":"Hexaghost","ascension_level":20}}