{"host":"hwui1o2d2vvxl1xp","time":1607838397,"event":{"mods":["AchievementEnabler","Act Like it!","Alarm Clock","BaseMod","CapriCore","Colored Map","Colored Powertips","Dota2Spire","Downfall","Gensokyo","GungeonMod","Minty Spire (QoL Compilation)","MostiFishMod","Pale of the Ancients","Quick Restart","Robot Space Explorer","RumiaBox-露米娅的神秘盒子","Ryuuou龙王","Shop Mod","StSLib","TestMod","The Dragon Tamer","The Forsaken","Waifu the Spire","simple","【功能Mod】混沌之环修复补丁","【功能Mod】聪明的最终Boss","【遗物卡牌】REMEMod","篝火指南"],"gold_per_floor":[18,29,429,429,439,473,220,220,220,220,247,261,101,119,44,147,147,167,167,167,182,193,227,0,35,83,103,117,132,83,83,83,186,186,201,201,213,223,273,80,114,131,179,179,199,219,245,262,262,262,272,287,287,287,287,302,302,46,46,46],"floor_reached":61,"playtime":7627,"items_purged":["theForsaken:DarkBargain"],"score":1637,"play_id":"5271dcaa-42fd-4aee-9eac-8f478c7d16fb","local_time":"20201213134637","is_ascension_mode":false,"campfire_choices":[{"floor":8.0,"key":"RECALL"},{"data":"theForsaken:DarkBargain","floor":10.0,"key":"SMITH"},{"data":"theForsaken:QuickAttack","floor":32.0,"key":"SMITH"},{"data":"testmod-EternalityOfKhronos","floor":49,"key":"SMITH"},{"data":"RobotSpaceExplorer:Comet","floor":55,"key":"SMITH"},{"data":"theForsaken:WordsOfMight","floor":57,"key":"SMITH"}],"circlet_count":0,"master_deck":["theForsaken:TheForsaken_Strike+1","theForsaken:TheForsaken_Strike","theForsaken:TheForsaken_Strike","theForsaken:TheForsaken_Strike","theForsaken:TheForsaken_Defend","theForsaken:TheForsaken_Defend","theForsaken:TheForsaken_Defend","theForsaken:TheForsaken_Defend","theForsaken:Smite","theForsaken:Penitence","RobotSpaceExplorer:Comet+1","DemoMod:Deposit","theForsaken:CleansingLight+1","theForsaken:Bolster","theForsaken:Mantra","theForsaken:Thunderbolt","theForsaken:WordOfPower","theForsaken:HymnOfPatience","theForsaken:WordsOfMight+1","theForsaken:Purification","MostiFishMod:Neptune","MostiFishMod:TheEndOfMoonlight","MostiFishMod:SparklingWater+1","MostiFishMod:FantasySummer","MostiFishMod:NightSea","theForsaken:DefensiveStance","theForsaken:Preservation+1","theForsaken:StoreUp","theForsaken:Terrorize+1","theForsaken:FuryStrikes+1","theForsaken:Thunderbolt","theForsaken:DesperatePlea","theForsaken:WordOfPower","theForsaken:QuickAttack+1","theForsaken:SpreadingPlague","theForsaken:CleansingLight+1","theForsaken:SolarFlare","theForsaken:PreciseStrike","theForsaken:Eulogy","theForsaken:DefensiveStance","theForsaken:BlightOfFamine+1","Flash of Steel","testmod-EternalityOfKhronos+1","testmod-Bloodthirsty","theForsaken:Prudence","theForsaken:Riposte+1","theForsaken:ShieldCharge","theForsaken:Parry","theForsaken:ShieldBash+1","theForsaken:Terrorize+1","MostiFishMod:SparklingWater"],"relics":["theForsaken:JudgementScales","testmod-TestBox","DianDianMeat","testmod-ArcanaOfDestiny","Question Card","Strawberry","Happy Flower","Oddly Smooth Stone","testmod-TurbochargingSystem","DemoMod:PoisonVial","Gensokyo:Bombinomicon","ImportantClient","MoonlightInvasionPlan","DaveBox","Nloth\u0027s Gift","Gensokyo:MosesMiracle","Dota2Spire:ArcaneBoots","Dream Catcher","HornCleat","HereWithMe","DemoMod:Antibody","MerchantsRug","Lantern","DemoMod:Metronome","Vajra","paleoftheancients:Timepiece","paleoftheancients:KeyRelic","Mercury Hourglass","CultistMask","Du-Vu Doll","DemoMod:GlassGuonStoneRelic","paleoftheancients:SoulOfTheShrineMaiden","REME_HandOfSuture"],"acts_visited":["Gensokyo:Gensokyo","Gensokyo:Gensokyoer","TheBeyond","paleoftheancients:PaleOfTheAncients"],"potions_floor_usage":[],"damage_taken":[{"damage":10.0,"enemies":"Gensokyo:2_Kodama","floor":1.0,"turns":3.0},{"damage":3.0,"enemies":"Gensokyo:3_Fairies","floor":2.0,"turns":6.0},{"damage":1.0,"enemies":"Gensokyo:Python","floor":5.0,"turns":6.0},{"damage":11.0,"enemies":"Gensokyo:Aya","floor":6.0,"turns":6.0},{"damage":0.0,"enemies":"Gensokyo:Mamizou","floor":11.0,"turns":4.0},{"damage":9.0,"enemies":"Gensokyo:Kitsune","floor":12.0,"turns":5.0},{"damage":0.0,"enemies":"Gensokyo:LivingMonolith","floor":14.0,"turns":3.0},{"damage":21.0,"enemies":"Gensokyo:Kokoro","floor":16.0,"turns":10.0},{"damage":0.0,"enemies":"Gensokyo:2_Gloops","floor":18.0,"turns":3.0},{"damage":0.0,"enemies":"Gensokyo:CosmicMonolith","floor":21.0,"turns":1.0},{"damage":0.0,"enemies":"Gensokyo:Mirror_and_Dog","floor":22.0,"turns":2.0},{"damage":0.0,"enemies":"Gensokyo:Koishi","floor":23.0,"turns":3.0},{"damage":15.0,"enemies":"Gensokyo:Tenshi","floor":25.0,"turns":3.0},{"damage":12.0,"enemies":"Gensokyo:Monolith_and_Dog","floor":27.0,"turns":5.0},{"damage":5.0,"enemies":"Gensokyo:Wraith","floor":28.0,"turns":5.0},{"damage":0.0,"enemies":"Gensokyo:Slime_Group","floor":29.0,"turns":1.0},{"damage":2.0,"enemies":"Gensokyo:Eiki","floor":33.0,"turns":6.0},{"damage":0.0,"enemies":"Orb Walker","floor":35.0,"turns":2.0},{"damage":9.0,"enemies":"3 Darklings","floor":37.0,"turns":6.0},{"damage":0.0,"enemies":"Transient","floor":38.0,"turns":5.0},{"damage":0.0,"enemies":"Mind Bloom Boss Battle","floor":39.0,"turns":5.0},{"damage":7.0,"enemies":"Reptomancer","floor":41.0,"turns":6.0},{"damage":0.0,"enemies":"Sphere and 2 Shapes","floor":42.0,"turns":3.0},{"damage":0.0,"enemies":"Maw","floor":45.0,"turns":5.0},{"damage":1,"enemies":"Jaw Worm Horde","floor":46,"turns":2},{"damage":17,"enemies":"Nemesis","floor":47,"turns":4},{"damage":5,"enemies":"Transient","floor":48,"turns":6},{"damage":0,"enemies":"Donu and Deca","floor":50,"turns":8},{"damage":6,"enemies":"Donu and Deca","floor":51,"turns":7},{"damage":127,"enemies":"Donu and Deca","floor":52,"turns":8},{"damage":151,"enemies":"Donu and Deca","floor":56,"turns":19},{"damage":0,"enemies":"paleoftheancients:N","floor":60,"turns":9}],"seed_played":"2745541484329537462","potions_obtained":[{"floor":6.0,"key":"Fire Potion"},{"floor":12.0,"key":"EssenceOfSteel"},{"floor":14.0,"key":"FearPotion"},{"floor":16.0,"key":"Fruit Juice"},{"floor":18.0,"key":"GamblersBrew"},{"floor":25.0,"key":"DuplicationPotion"},{"floor":27.0,"key":"testmod-SpacePotion"},{"floor":28.0,"key":"BlessingOfTheForge"},{"floor":29.0,"key":"Ancient Potion"},{"floor":41.0,"key":"Swift Potion"},{"floor":42.0,"key":"AttackPotion"},{"floor":47,"key":"Energy Potion"}],"is_trial":false,"path_per_floor":["M","M","?","?","M","E","$","R","T","R","E","M","?","M","R","B",null,"M","?","?","M","M","E","?","E","T","M","M","M","R","?","R","B",null,"M","?","M","M","?","R","E","M","T","?","M","M","E","M","R","B","M","M","?","T","R","M","R","$","?","B",null],"character_chosen":"THE_FORSAKEN","items_purchased":["theForsaken:DarkBargain","Oddly Smooth Stone","theForsaken:Thunderbolt","theForsaken:QuickAttack","MerchantsRug","theForsaken:Eulogy","theForsaken:DefensiveStance","REME_HandOfSuture","MostiFishMod:SparklingWater"],"campfire_rested":0,"item_purchase_floors":[7,7,7,30,40,40,40,58,58],"current_hp_per_floor":[62,69,69,66,70,68,83,83,83,83,92,93,93,104,104,100,230,248,248,248,267,287,308,308,315,315,329,348,373,399,394,394,419,421,449,449,470,500,503,571,569,602,602,709,746,784,823,858,858,863,904,927,927,927,927,877,877,920,920,989],"gold":46,"neow_bonus":"RANDOM_COLORLESS_2","is_daily":false,"chose_seed":false,"campfire_upgraded":5,"win_rate":0.0,"timestamp":1607838397,"path_taken":["M","M","?","?","M","E","$","R","T","R","E","M","?","M","R","BOSS","M","?","?","M","M","E","?","E","T","M","M","?","R","?","R","BOSS","M","?","M","M","?","R","E","M","T","?","M","M","E","M","R","BOSS","M","M","?","T","R","M","R","$","?","BOSS"],"items_purchased_type":["Card","Relic","Card","Card","Relic","Card","Card","Relic","Card"],"build_version":"2020-11-30","purchased_purges":1,"victory":true,"max_hp_per_floor":[71,75,75,82,87,93,108,108,108,108,117,127,127,138,138,155,230,248,248,248,267,287,308,308,330,330,353,377,402,428,394,394,421,421,449,449,478,508,508,571,571,604,604,709,746,784,823,863,863,863,904,946,946,946,946,946,946,989,989,989],"card_choices":[{"not_picked":["testmod-ShutDown","testmod-AssimilatedRune"],"picked":"DemoMod:Deposit","floor":0.0},{"not_picked":["theForsaken:AncientWords","theForsaken:ChargeAttack"],"picked":"theForsaken:CleansingLight","floor":1.0},{"not_picked":["theForsaken:Parry","theForsaken:FatRoll","theForsaken:PanicDive"],"picked":"theForsaken:Bolster","floor":2.0},{"not_picked":["theForsaken:FatRoll","theForsaken:ShieldBash","theForsaken:ShieldCharge"],"picked":"theForsaken:DarkBargain","floor":5.0},{"not_picked":["theForsaken:HymnOfPatience","theForsaken:StoreUp","theForsaken:NobleSacrifice"],"picked":"theForsaken:Mantra","floor":6.0},{"not_picked":["theForsaken:BlightOfFamine","theForsaken:PowerUp","theForsaken:CorruptedWord"],"picked":"theForsaken:WordOfPower","floor":11.0},{"not_picked":["theForsaken:RainingSunlight","theForsaken:ScorchingSunlight","theForsaken:SiphonStrike"],"picked":"theForsaken:HymnOfPatience","floor":12.0},{"not_picked":["theForsaken:FuryStrikes","theForsaken:BlightOfFamine","theForsaken:ShieldCharge"],"picked":"theForsaken:WordsOfMight","floor":14.0},{"not_picked":["theForsaken:CorruptedForm","theForsaken:SpreadingPlague","theForsaken:Mantra"],"picked":"theForsaken:Purification","floor":16.0},{"not_picked":["theForsaken:FatRoll","theForsaken:HymnOfPatience","theForsaken:CreepingInfection"],"picked":"theForsaken:DefensiveStance","floor":18.0},{"not_picked":["theForsaken:CleansingLight","theForsaken:Terrorize","theForsaken:CorruptedWord"],"picked":"theForsaken:Preservation+1","floor":21.0},{"not_picked":["theForsaken:CreepingInfection","theForsaken:ChargeAttack+1","theForsaken:Mantra"],"picked":"theForsaken:StoreUp","floor":22.0},{"not_picked":["theForsaken:SiphonStrike","theForsaken:BountifulSunlight","theForsaken:FatRoll"],"picked":"theForsaken:Terrorize+1","floor":23.0},{"not_picked":["theForsaken:FatRoll","theForsaken:Eulogy","theForsaken:StoreUp+1"],"picked":"theForsaken:FuryStrikes+1","floor":25.0},{"not_picked":["theForsaken:HymnOfPatience+1","theForsaken:PowerUp","theForsaken:SiphonStrike"],"picked":"theForsaken:Thunderbolt","floor":27.0},{"not_picked":["theForsaken:ScorchingSunlight","theForsaken:ChargeAttack","theForsaken:QuickAttack"],"picked":"theForsaken:DesperatePlea","floor":28.0},{"not_picked":["theForsaken:WordsOfPestilence","theForsaken:SiphonStrike+1","theForsaken:RainingSunlight"],"picked":"theForsaken:WordOfPower","floor":29.0},{"not_picked":["theForsaken:SacredOath","theForsaken:Confusion","theForsaken:TearsOfSunlight"],"picked":"theForsaken:SpreadingPlague","floor":33.0},{"not_picked":["theForsaken:CowardsBrand+1","theForsaken:BattleHymn","theForsaken:NobleSacrifice+1"],"picked":"theForsaken:CleansingLight+1","floor":35.0},{"not_picked":["theForsaken:NobleSacrifice+1","theForsaken:BindingThorns+1","theForsaken:Terrorize+1"],"picked":"theForsaken:SolarFlare","floor":37.0},{"not_picked":["theForsaken:BlightOfFamine","theForsaken:WordsOfMight+1","theForsaken:HymnOfPatience+1"],"picked":"theForsaken:PreciseStrike","floor":38.0},{"not_picked":["theForsaken:Tranquility+1","theForsaken:WardingHymn","theForsaken:CowardsBrand","theForsaken:InspiringBlow"],"picked":"SKIP","floor":41.0},{"not_picked":["theForsaken:Horror","theForsaken:BountifulSunlight","theForsaken:ShieldCharge"],"picked":"theForsaken:BlightOfFamine+1","floor":42.0},{"not_picked":["REME_TheoryOfElimination","expansioncontent:Hexaburn","REME_ShortnessOfBreath"],"picked":"Flash of Steel","floor":44.0},{"not_picked":["testmod-SubstituteBySubterfuge","expansioncontent:DefensiveStance","Dark Shackles"],"picked":"testmod-EternalityOfKhronos","floor":44.0},{"not_picked":["REME_ShortnessOfBreath","Forethought","testmod-DeathImprint"],"picked":"testmod-Bloodthirsty","floor":44.0},{"not_picked":["theForsaken:Backlash","theForsaken:SpreadingPlague","theForsaken:PanicDive"],"picked":"theForsaken:Prudence","floor":45.0},{"not_picked":["theForsaken:BountifulSunlight+1","theForsaken:Backlash","theForsaken:Eulogy"],"picked":"theForsaken:Riposte+1","floor":46},{"not_picked":["theForsaken:BottledPlague+1","theForsaken:BlightOfFamine+1","theForsaken:PanicDive+1"],"picked":"theForsaken:ShieldCharge","floor":47},{"not_picked":["theForsaken:Backlash+1","theForsaken:DefensiveStance","theForsaken:Eulogy+1"],"picked":"theForsaken:Parry","floor":48},{"not_picked":["theForsaken:ScorchingSunlight","theForsaken:NobleSacrifice","theForsaken:StoreUp"],"picked":"theForsaken:ShieldBash+1","floor":51},{"not_picked":["theForsaken:ScorchingSunlight+1","theForsaken:PanicDive","theForsaken:Thunderbolt"],"picked":"theForsaken:Terrorize+1","floor":52},{"not_picked":["theForsaken:PanicDive","theForsaken:CorruptedWord+1","theForsaken:TearsOfSunlight","theForsaken:CreepingInfection"],"picked":"SKIP","floor":56}],"player_experience":35609,"relics_obtained":[{"floor":1.0,"key":"Question Card"},{"floor":6.0,"key":"Happy Flower"},{"floor":9.0,"key":"testmod-TurbochargingSystem"},{"floor":11.0,"key":"DemoMod:PoisonVial"},{"floor":16.0,"key":"ImportantClient"},{"floor":23.0,"key":"Gensokyo:MosesMiracle"},{"floor":23.0,"key":"Dota2Spire:ArcaneBoots"},{"floor":25.0,"key":"Dream Catcher"},{"floor":39.0,"key":"DemoMod:Antibody"},{"floor":41.0,"key":"Lantern"},{"floor":43.0,"key":"DemoMod:Metronome"},{"floor":47,"key":"Vajra"},{"floor":54,"key":"Du-Vu Doll"},{"floor":56,"key":"paleoftheancients:SoulOfTheShrineMaiden"}],"event_choices":[{"damage_healed":0.0,"max_hp_gain":0.0,"max_hp_loss":0.0,"gold_gain":400.0,"event_name":"恩洛斯的盘子","player_choice":"Sell","floor":3.0,"relics_lost":["DaveBox"],"gold_loss":0.0,"damage_taken":0.0},{"damage_healed":0.0,"max_hp_gain":0.0,"max_hp_loss":0.0,"gold_gain":0.0,"event_name":"给自己的盒子","player_choice":"Swap Relic","floor":19.0,"relics_lost":["REME_ComplimentaryCards"],"gold_loss":0.0,"damage_taken":0.0,"relics_obtained":["DaveBox"]},{"cards_removed":["theForsaken:DarkBargain"],"damage_healed":0.0,"max_hp_gain":0.0,"max_hp_loss":0.0,"gold_gain":0.0,"event_name":"Falling","player_choice":"Removed Power","floor":36.0,"gold_loss":0.0,"damage_taken":0.0},{"damage_healed":0.0,"max_hp_gain":0.0,"max_hp_loss":0.0,"gold_gain":0.0,"event_name":"MindBloom","player_choice":"Fight","floor":39.0,"gold_loss":0.0,"damage_taken":0.0},{"damage_healed":0.0,"max_hp_gain":0.0,"max_hp_loss":0.0,"gold_gain":0.0,"event_name":"SensoryStone","player_choice":"Memory 3","floor":44.0,"gold_loss":0.0,"damage_taken":10.0}],"is_beta":false,"boss_relics":[{"not_picked":["testmod-IncinerationGenerator","testmod-D_4"],"picked":"MoonlightInvasionPlan"},{"not_picked":["REME_DemonsWealth","Velvet Choker"],"picked":"HereWithMe"}],"items_purged_floors":[15],"is_endless":false,"potions_floor_spawned":[6,12,14,16,18,25,27,28,29,35,41,42,47,48,56,60],"ascension_level":0}}