{"host":"r5mr2vnv825vb4hc","time":1607843901,"event":{"mods":["Astrologer","BaseMod","Best Route Mod","CapriCore","Ekko","Hermit","Hero for Fun","KOR Keyword Fix","Koishi","Lobotomy","Minty Spire (QoL Compilation)","Potion Indicator Mod","Quick Restart","Rare Cards Sparkle","Replay The Spire","StSLib","The Cursed","The Dragon Tamer","The Gatherer","The Immortal","The Jungle"],"gold_per_floor":[15,26,44,55,55,86,86,117,117,127,127,127,127,143,160,160,160,255,255,274,274,274,289,308,335,335,346,427,454,484,484,484,518,518,613,613,626,395,416,672,727,727,757,773,797,835,835,866,866,884,884,899],"floor_reached":53,"playtime":1023,"items_purged":["Strike_Y"],"score":1357,"play_id":"8e70370c-81dc-417a-9b01-5a4443a95650","local_time":"20201213161821","is_ascension_mode":false,"campfire_choices":[{"data":"Serious_Side_Hops","floor":7,"key":"SMITH"},{"data":"Strike_Y","floor":17,"key":"SMITH"},{"data":"Hip_Strike","floor":26,"key":"SMITH"},{"data":"Defend_Y","floor":34,"key":"PURGE"},{"data":"Serious_Punch","floor":42,"key":"SMITH"},{"data":"Wear_Disguise","floor":51,"key":"SMITH"}],"circlet_count":0,"master_deck":["Strike_Y","Strike_Y","Strike_Y","Serious_Side_Hops+1","Hip_Strike+1","Serious_Punch+1","Wear_Disguise+1"],"relics":["Runic Dome","Replay:Towering Pillar of Hats","HornCleat","Matryoshka","Ring of Hypnosis","Ring of Fangs","Replay:Drink Me","MutagenicStrength","WingedGreaves","Pen Nib","Bag of Preparation","Shuriken","Lantern","Oddly Smooth Stone","Juzu Bracelet","Replay:Bandana","ReplayTheSpireMod:TigerMarble","Mango","Simple Rune","ReplayFunnel","Toy Ornithopter"],"acts_visited":["Exordium","TheCity","TheBeyond"],"potions_floor_usage":[35,48,48],"damage_taken":[{"damage":0,"enemies":"Small Slimes","floor":1,"turns":1},{"damage":0,"enemies":"Jaw Worm","floor":2,"turns":1},{"damage":0,"enemies":"Cultist","floor":3,"turns":1},{"damage":0,"enemies":"Exordium Wildlife","floor":4,"turns":2},{"damage":0,"enemies":"Lagavulin","floor":6,"turns":1},{"damage":0,"enemies":"Gremlin Nob","floor":8,"turns":1},{"damage":0,"enemies":"2 Fungi Beasts","floor":10,"turns":1},{"damage":0,"enemies":"Exordium Thugs","floor":14,"turns":1},{"damage":0,"enemies":"3 Louse","floor":15,"turns":2},{"damage":0,"enemies":"The Guardian","floor":18,"turns":1},{"damage":0,"enemies":"3 Byrds","floor":20,"turns":1},{"damage":0,"enemies":"Spheric Guardian","floor":23,"turns":1},{"damage":0,"enemies":"Shelled Parasite and Fungi","floor":24,"turns":1},{"damage":0,"enemies":"Book of Stabbing","floor":25,"turns":1},{"damage":0,"enemies":"Sentry and Sphere","floor":27,"turns":1},{"damage":0,"enemies":"Replay:Snechameleon","floor":29,"turns":1},{"damage":0,"enemies":"Slavers","floor":30,"turns":1},{"damage":0,"enemies":"Gremlin Leader","floor":33,"turns":1},{"damage":0,"enemies":"Collector","floor":35,"turns":11},{"damage":0,"enemies":"3 Darklings","floor":37,"turns":1},{"damage":0,"enemies":"Orb Walker","floor":39,"turns":1},{"damage":0,"enemies":"Mind Bloom Boss Battle","floor":41,"turns":1},{"damage":0,"enemies":"R_Hoarder","floor":43,"turns":1},{"damage":0,"enemies":"Spire Growth","floor":44,"turns":1},{"damage":0,"enemies":"Nemesis","floor":46,"turns":1},{"damage":0,"enemies":"Jaw Worm Horde","floor":48,"turns":1},{"damage":0,"enemies":"Maw","floor":50,"turns":1},{"damage":0,"enemies":"Awakened One","floor":52,"turns":2}],"seed_played":"-4261685204801886675","potions_obtained":[{"floor":1,"key":"AttackPotion"},{"floor":4,"key":"SteroidPotion"},{"floor":6,"key":"BlessingOfTheForge"},{"floor":8,"key":"AttackPotion"},{"floor":15,"key":"ColorlessPotion"},{"floor":20,"key":"Doom Potion"},{"floor":41,"key":"Fire Potion"},{"floor":46,"key":"SkillPotion"},{"floor":50,"key":"Milkshake"}],"is_trial":false,"path_per_floor":["M","M","M","M","?","E","R","E","T","M","PTL","PTL","?","M","M","?","R","B",null,"M","?","?","M","M","E","R","M","T","E","E","?","?","E","R","B",null,"M","$","M","?","?","R","E","M","T","E","?","M","?","M","R","B",null],"character_chosen":"OPM","items_purchased":["Replay:Bandana"],"campfire_rested":0,"item_purchase_floors":[38],"current_hp_per_floor":[999,999,999,999,999,999,999,999,999,999,999,999,999,999,999,999,999,999,750,750,750,750,750,750,750,750,750,750,750,750,750,755,755,755,755,755,755,755,755,755,769,769,769,769,769,769,769,769,769,769,769,769],"gold":899,"neow_bonus":"BOSS_RELIC","is_daily":false,"chose_seed":false,"campfire_upgraded":5,"win_rate":0.0,"timestamp":1607843901,"path_taken":["M","M","M","M","?","E","R","E","T","M","PTL","PTL","?","?","M","?","R","BOSS","M","?","?","?","M","E","R","M","T","E","E","?","?","E","R","BOSS","M","$","M","?","?","R","E","M","T","E","?","M","?","M","R","BOSS"],"items_purchased_type":["Relic"],"build_version":"2020-11-30","purchased_purges":1,"victory":true,"max_hp_per_floor":[999,999,999,999,999,999,999,999,999,999,999,999,999,999,999,999,999,999,750,750,750,750,750,750,750,750,750,750,750,750,750,755,755,755,755,755,755,755,755,755,769,769,769,769,769,769,769,769,769,769,769,769],"card_choices":[{"not_picked":["Wear_Disguise","Yawn","Hop"],"picked":"SKIP","floor":1},{"not_picked":["Normal_Punch","Consecutive_Normal_Punch","Side_Hop"],"picked":"SKIP","floor":2},{"not_picked":["Ignore","Consecutive_Normal_Punch","Yawn"],"picked":"SKIP","floor":3},{"not_picked":["Toss_Stone","Yawn","Side_Hop"],"picked":"SKIP","floor":4},{"not_picked":["Consecutive_Normal_Punch","Side_Hop"],"picked":"Serious_Side_Hops","floor":6},{"not_picked":["Wear_Disguise","Ignore","Side_Hop"],"picked":"SKIP","floor":8},{"not_picked":["Toss_Stone","Ignore","Get_Hopes_Up"],"picked":"SKIP","floor":10},{"not_picked":["Slap","Side_Hop","Ignore"],"picked":"SKIP","floor":14},{"not_picked":["Slap","Hop","Consecutive_Normal_Punch"],"picked":"SKIP","floor":15},{"not_picked":["Serious_Punch","Serious_Side_Hops"],"picked":"Hip_Strike","floor":18},{"not_picked":["Do_Nothing","Hop+1","Yawn"],"picked":"SKIP","floor":20},{"not_picked":["Side_Hop","Slap","Yawn+1"],"picked":"SKIP","floor":23},{"not_picked":["Wear_Disguise","Ignore","Side_Hop"],"picked":"SKIP","floor":24},{"not_picked":["Ignore","Toss_Stone","Hip_Strike"],"picked":"SKIP","floor":25},{"not_picked":["Hop+1","Yawn","Toss_Stone"],"picked":"SKIP","floor":27},{"not_picked":["Toss_Stone","Consecutive_Normal_Punch","Wear_Disguise"],"picked":"SKIP","floor":29},{"not_picked":["Consecutive_Normal_Punch","Do_Nothing","Toss_Stone"],"picked":"SKIP","floor":30},{"not_picked":["Hop+1","Get_Hopes_Up","Do_Nothing+1"],"picked":"SKIP","floor":33},{"not_picked":["Terrifying_Presence","Oh"],"picked":"Serious_Punch","floor":35},{"not_picked":["Normal_Punch+1","Do_Nothing","Yawn+1"],"picked":"SKIP","floor":37},{"not_picked":["Ignore+1","Slap","Yawn+1"],"picked":"SKIP","floor":39},{"not_picked":["Consecutive_Normal_Punch","Hip_Strike"],"picked":"Wear_Disguise","floor":40},{"not_picked":["Side_Hop+1","Toss_Stone","Yawn"],"picked":"SKIP","floor":43},{"not_picked":["Hop+1","Wear_Disguise","Slap"],"picked":"SKIP","floor":44},{"not_picked":["Do_Nothing+1","Toss_Stone+1","Consecutive_Normal_Punch"],"picked":"SKIP","floor":46},{"not_picked":["Consecutive_Normal_Punch+1","Hop+1","Slap+1"],"picked":"SKIP","floor":48},{"not_picked":["Wear_Disguise","Serious_Side_Hops","Hop"],"picked":"SKIP","floor":50}],"player_experience":17217,"relics_obtained":[{"floor":6,"key":"Replay:Towering Pillar of Hats"},{"floor":8,"key":"HornCleat"},{"floor":9,"key":"Matryoshka"},{"floor":16,"key":"Ring of Hypnosis"},{"floor":16,"key":"Ring of Fangs"},{"floor":22,"key":"WingedGreaves"},{"floor":25,"key":"Pen Nib"},{"floor":28,"key":"Bag of Preparation"},{"floor":28,"key":"Shuriken"},{"floor":29,"key":"Lantern"},{"floor":30,"key":"Oddly Smooth Stone"},{"floor":33,"key":"Juzu Bracelet"},{"floor":40,"key":"ReplayTheSpireMod:TigerMarble"},{"floor":41,"key":"Mango"},{"floor":43,"key":"Simple Rune"},{"floor":45,"key":"ReplayFunnel"},{"floor":46,"key":"Toy Ornithopter"}],"event_choices":[{"cards_removed":["Defend_Y"],"damage_healed":0,"gold_gain":0,"player_choice":"Card Removal","damage_taken":7,"max_hp_gain":0,"max_hp_loss":0,"event_name":"Golden Wing","floor":13,"gold_loss":0},{"damage_healed":0,"gold_gain":0,"player_choice":"Inject Mutagens","damage_taken":0,"relics_obtained":["MutagenicStrength"],"max_hp_gain":0,"max_hp_loss":0,"event_name":"Drug Dealer","floor":21,"gold_loss":0},{"damage_healed":0,"gold_gain":0,"player_choice":"Relic","damage_taken":0,"max_hp_gain":0,"max_hp_loss":0,"event_name":"Wheel of Change","floor":22,"gold_loss":0},{"cards_removed":["Defend_Y"],"damage_healed":0,"gold_gain":0,"player_choice":"Elegance","damage_taken":0,"max_hp_gain":0,"max_hp_loss":0,"event_name":"Back to Basics","floor":31,"gold_loss":0},{"damage_healed":0,"gold_gain":0,"player_choice":"Shed Blood","damage_taken":188,"max_hp_gain":5,"max_hp_loss":0,"event_name":"Forgotten Altar","floor":32,"gold_loss":0},{"damage_healed":0,"gold_gain":0,"player_choice":"Fight","damage_taken":0,"max_hp_gain":0,"max_hp_loss":0,"event_name":"MindBloom","floor":41,"gold_loss":0},{"cards_removed":["Strike_Y"],"damage_healed":0,"gold_gain":0,"player_choice":"Removed Attack","damage_taken":0,"max_hp_gain":0,"max_hp_loss":0,"event_name":"Falling","floor":47,"gold_loss":0},{"damage_healed":0,"gold_gain":0,"player_choice":"Ignored","damage_taken":0,"max_hp_gain":0,"max_hp_loss":0,"event_name":"Tomb of Lord Red Mask","floor":49,"gold_loss":0}],"is_beta":false,"boss_relics":[{"not_picked":["Black Star","Empty Cage"],"picked":"Replay:Drink Me"},{"not_picked":["Painkiller Herb","Cursed Key","Honey Jar"]}],"items_purged_floors":[38],"is_endless":false,"potions_floor_spawned":[1,4,6,8,15,20,23,30,41,44,46,50],"ascension_level":0}}