{"host":"pf47v7h0307523iy","time":1607889757,"event":{"mods":["BaseMod","Minty Spire (QoL Compilation)"],"gold_per_floor":[112,112,124,137,150,170,170,170,170,170,204,204,238,248,248,248,248],"floor_reached":16,"playtime":1245,"items_purged":[],"score":224,"play_id":"001b0c60-bb33-4bdd-9668-75f9edb426eb","local_time":"20201213220237","is_ascension_mode":true,"campfire_choices":[{"data":"Dagger Spray","floor":7,"key":"SMITH"},{"floor":10,"key":"REST"},{"data":"Neutralize","floor":15,"key":"SMITH"}],"circlet_count":0,"master_deck":["AscendersBane","Strike_G","Strike_G","Strike_G","Strike_G","Strike_G+1","Defend_G","Defend_G","Defend_G","Defend_G","Defend_G","Survivor","Neutralize+1","Sucker Punch","Wraith Form v2","Endless Agony","Blade Dance","Dagger Spray+1","Cloak And Dagger","Well Laid Plans+1","Crippling Poison","A Thousand Cuts","Catalyst"],"relics":["Black Star","Happy Flower","Orichalcum","Blue Candle","Omamori","Strawberry"],"acts_visited":["Exordium"],"potions_floor_usage":[11,11,16],"damage_taken":[{"damage":1,"enemies":"Small Slimes","floor":1,"turns":5},{"damage":0,"enemies":"Cultist","floor":3,"turns":5},{"damage":4,"enemies":"Jaw Worm","floor":4,"turns":2},{"damage":5,"enemies":"Gremlin Gang","floor":5,"turns":4},{"damage":7,"enemies":"Blue Slaver","floor":6,"turns":4},{"damage":14,"enemies":"Gremlin Nob","floor":11,"turns":6},{"damage":30,"enemies":"Lagavulin","floor":13,"turns":8},{"damage":1,"enemies":"3 Louse","floor":14,"turns":2},{"damage":19,"enemies":"The Guardian","floor":16,"turns":14}],"seed_played":"-7341659359766125604","potions_obtained":[{"floor":5,"key":"Swift Potion"},{"floor":6,"key":"Regen Potion"},{"floor":13,"key":"Fire Potion"}],"is_trial":false,"path_per_floor":["M","?","M","M","M","M","R","?","T","R","E","?","E","M","R","B"],"character_chosen":"THE_SILENT","items_purchased":[],"campfire_rested":1,"item_purchase_floors":[],"current_hp_per_floor":[58,58,58,54,49,42,42,22,22,41,42,42,19,18,18,0,0],"gold":248,"neow_bonus":"BOSS_RELIC","is_daily":false,"chose_seed":false,"campfire_upgraded":2,"win_rate":0.0,"timestamp":1607889757,"path_taken":["M","?","M","M","?","M","R","?","T","R","E","?","E","M","R","BOSS"],"items_purchased_type":[],"build_version":"2020-11-30","purchased_purges":0,"victory":false,"max_hp_per_floor":[66,66,66,66,66,66,66,66,66,66,66,66,73,73,73,73,73],"card_choices":[{"not_picked":["Backflip","Acrobatics"],"picked":"Sucker Punch","floor":1},{"not_picked":["Cloak And Dagger","Heel Hook"],"picked":"Blade Dance","floor":3},{"not_picked":["Poisoned Stab","Backflip"],"picked":"Dagger Spray","floor":4},{"not_picked":["Tactician","Doppelganger"],"picked":"Cloak And Dagger","floor":5},{"not_picked":["Dagger Spray","Infinite Blades"],"picked":"Well Laid Plans","floor":6},{"not_picked":["Cloak And Dagger","Deflect"],"picked":"Crippling Poison","floor":11},{"not_picked":["Underhanded Strike","Escape Plan"],"picked":"A Thousand Cuts","floor":13},{"not_picked":["Caltrops","Dodge and Roll"],"picked":"Catalyst","floor":14}],"player_experience":1481280,"relics_obtained":[{"floor":9,"key":"Happy Flower"},{"floor":11,"key":"Orichalcum"},{"floor":11,"key":"Blue Candle"},{"floor":13,"key":"Omamori"},{"floor":13,"key":"Strawberry"}],"event_choices":[{"damage_healed":0,"gold_gain":0,"player_choice":"2 cards matched","damage_taken":0,"max_hp_gain":0,"max_hp_loss":0,"event_name":"Match and Keep!","floor":2,"gold_loss":0,"cards_obtained":["Wraith Form v2","Endless Agony"]},{"damage_healed":0,"gold_gain":0,"player_choice":"Entered Light","damage_taken":20,"max_hp_gain":0,"max_hp_loss":0,"event_name":"Shining Light","floor":8,"gold_loss":0,"cards_upgraded":["Strike_G","Well Laid Plans"]},{"damage_healed":0,"gold_gain":0,"player_choice":"Ignored","damage_taken":0,"max_hp_gain":0,"max_hp_loss":0,"event_name":"Liars Game","floor":12,"gold_loss":0}],"is_beta":false,"boss_relics":[],"items_purged_floors":[],"is_endless":false,"potions_floor_spawned":[5,6,13],"killed_by":"The Guardian","ascension_level":20}}