{"host":"mmvmlqmvbrlj5jge","time":1607842484,"event":{"mods":["Act Like it!","BaseMod","Dota2Spire","Gensokyo","Hallownest","Koishi","Lobotomy","Mari Mod (Legacy)","Mari\u0027s V1 Patch","Minty Spire (QoL Compilation)","MostiFishMod","Pale of the Ancients","Quick Restart","Remilia（蕾米莉亚）","Robot Space Explorer","RumiaBox-露米娅的神秘盒子","Spicy Shops","StSLib","TestMod","The Bug Knight","【功能Mod】混沌之环修复补丁","【遗物卡牌】REMEMod","篝火指南"],"gold_per_floor":[117,117,135,153,164,196,196,226,226,226,226,261,261,287,287,401,-999,-989,-989,-980,-980,-969,-935,-935,-906,-879,-859,-859,-821,-821,-801,-801,-695,-695,-678,-658,-658,341,341,41,108,118,118,206,240,249,249,249],"floor_reached":47,"playtime":1615,"items_purged":["Envy_TH"],"score":941,"play_id":"42a44ac6-884c-4933-a632-5ba2ba1a9500","local_time":"20201213145444","is_ascension_mode":true,"campfire_choices":[{"data":"ScarletImprint","floor":7.0,"key":"SMITH"},{"data":"EternalNight","floor":10.0,"key":"SMITH"},{"data":"MastersStateliness","floor":15.0,"key":"SMITH"},{"data":"TricksterDevil","floor":24.0,"key":"SMITH"},{"data":"NightLord","floor":28.0,"key":"SMITH"},{"floor":32.0,"key":"REST"}],"circlet_count":0,"master_deck":["Strike_RM","Strike_RM+1","Strike_RM","Defend_RM","Defend_RM","Defend_RM","RedMoon","ScarletShoot","Writhe","Gensokyo:ImpossibleRequest","ChaoticDestiny+1","BombardNight","EternalNight+1","MastersStateliness+1","ScarletImprint+1","HunterOfTheNight","Regret","TricksterDevil+1","NightLord+1","MastersStateliness","BloodySeventeenLaser","BatForm","CeilingFear","ChainGang+1","TransientEternity","Hallownest:curseDreamersLament"],"relics":["DaveBox","testmod-TestBox","REME_ComplimentaryCards","RhineSuit","testmod-Laevatain","ChiXiaoBlade","Question Card","SSSystem","Ancient Tea Set","Juzu Bracelet","testmod-DragonStarHat","testmod-CrystalShield","CeramicFish","ImportantClient","SynthV:MejaisSoulstealer","MutagenicStrength","Bronze Scales","Regal Pillow","Tiny Chest","Anchor","Dota2Spire:ArmletOfMordiggian","Enchiridion","RedBat","Dota2Spire:HandOfMidas","Smiling Mask","Du-Vu Doll","Dota2Spire:ArcaneBoots","Hallownest:BeastSealRelic"],"acts_visited":["Exordium","TheCity","Hallownest:KingdomsEdge"],"potions_floor_usage":[],"damage_taken":[{"damage":0.0,"enemies":"Small Slimes","floor":1.0,"turns":2.0},{"damage":0.0,"enemies":"Jaw Worm","floor":3.0,"turns":3.0},{"damage":0.0,"enemies":"Cultist","floor":4.0,"turns":3.0},{"damage":0.0,"enemies":"Exordium Wildlife","floor":5.0,"turns":2.0},{"damage":0.0,"enemies":"Gremlin Nob","floor":6.0,"turns":2.0},{"damage":10.0,"enemies":"3 Sentries","floor":8.0,"turns":4.0},{"damage":0.0,"enemies":"Gremlin Nob","floor":12.0,"turns":2.0},{"damage":12.0,"enemies":"The Guardian","floor":16.0,"turns":6.0},{"damage":0.0,"enemies":"Spheric Guardian","floor":18.0,"turns":2.0},{"damage":0.0,"enemies":"Snake Plant","floor":22.0,"turns":3.0},{"damage":16.0,"enemies":"REME_1_Revenger","floor":23.0,"turns":4.0},{"damage":15.0,"enemies":"Book of Stabbing","floor":25.0,"turns":4.0},{"damage":1.0,"enemies":"Cultist and Chosen","floor":27.0,"turns":3.0},{"damage":0.0,"enemies":"Slavers","floor":29.0,"turns":2.0},{"damage":0.0,"enemies":"Snecko","floor":31.0,"turns":2.0},{"damage":0.0,"enemies":"Collector","floor":33.0,"turns":2.0},{"damage":0.0,"enemies":"Hallownest:3_Siblings","floor":35.0,"turns":1.0},{"damage":4.0,"enemies":"Hallownest:Shield_Heavy","floor":36.0,"turns":2.0},{"damage":1.0,"enemies":"Hallownest:eliteCollector","floor":41.0,"turns":3.0},{"damage":1.0,"enemies":"Hallownest:Slobbering_and_Violent","floor":42.0,"turns":3.0},{"damage":0.0,"enemies":"Hallownest:2_Primals","floor":44.0,"turns":2.0},{"damage":0.0,"enemies":"Hallownest:eliteHiveKnight","floor":45.0,"turns":1.0}],"seed_played":"984419210721773494","potions_obtained":[{"floor":4.0,"key":"AttackPotion"},{"floor":5.0,"key":"Dexterity Potion"},{"floor":8.0,"key":"BlessingOfTheForge"},{"floor":18.0,"key":"SkillPotion"}],"is_trial":false,"path_per_floor":["M","?","M","M","M","E","R","E","T","R","?","E","?","T","R","B",null,"M","?","?","?","M","E","R","E","T","M","R","E","?","M","R","B",null,"M","M","?","?","T","R","E","M","T","?","E","?","?"],"character_chosen":"REMILIA","items_purchased":["Dota2Spire:HandOfMidas","CeilingFear"],"campfire_rested":1,"item_purchase_floors":[40,40],"current_hp_per_floor":[75,60,62,64,66,69,69,59,59,59,59,59,59,59,59,62,75,75,75,75,75,75,59,59,48,48,49,49,52,36,36,73,75,75,75,71,71,71,71,71,70,73,73,73,75,75,75,75],"gold":249,"neow_bonus":"BOSS_RELIC","is_daily":false,"chose_seed":false,"campfire_upgraded":5,"win_rate":0.0,"timestamp":1607842484,"path_taken":["M","?","M","M","M","E","R","E","T","R","?","E","?","?","R","BOSS","M","?","?","?","M","E","R","E","T","M","R","E","?","M","R","BOSS","M","M","?","?","?","R","E","M","T","?","E","?","?"],"items_purchased_type":["Relic","Card"],"build_version":"2020-11-30","purchased_purges":1,"victory":false,"max_hp_per_floor":[75,75,75,75,75,75,75,75,75,75,75,75,75,75,75,75,75,75,75,75,75,75,75,75,75,75,75,75,75,75,75,75,75,75,75,75,75,75,75,75,75,75,75,75,75,75,75,75],"card_choices":[{"not_picked":["MillenniumVampire","EndlessAdversity","CharismaGuard"],"picked":"SKIP","floor":1.0},{"not_picked":["StarOfDavid","HellCatastrophe","MiserableFate"],"picked":"BombardNight","floor":3.0},{"not_picked":["Stigmanizer","ChainGang","BlasphemousPunishment"],"picked":"EternalNight","floor":4.0},{"not_picked":["FavorOfDestiny","DiffusionOfMisfortune","BloodyTrap"],"picked":"MastersStateliness","floor":5.0},{"not_picked":["VampireSweep","Ultimatum","SuperhumanBloodyKnife"],"picked":"ScarletImprint","floor":6.0},{"not_picked":["EmergencyRegeneration","ScarletDevil","DevilSight","DemonKingCradle"],"picked":"SKIP","floor":8.0},{"not_picked":["Ultimatum","BadLadyScramble","SuperhumanBloodyKnife"],"picked":"HunterOfTheNight","floor":12.0},{"not_picked":["CeilingFear","TransientEternity","BloodyHallows"],"picked":"TricksterDevil","floor":16.0},{"not_picked":["ScarletDream","VampireKiss","Stigmanizer","LeisurelyOfLord"],"picked":"SKIP","floor":18.0},{"not_picked":["UltimateOffering","SuperhumanBloodyKnife+1","CharismaGuard","ScarletImprint+1"],"picked":"SKIP","floor":22.0},{"not_picked":["RedRainbow+1","BloodAndWine","FitfulNightmare","DevilSight+1"],"picked":"SKIP","floor":23.0},{"not_picked":["ChaoticDestiny","ScarletDevil","UnstableMagic","VampireKiss"],"picked":"SKIP","floor":25.0},{"not_picked":["RedRainbow+1","StarOfDavid","FitfulNightmare+1"],"picked":"NightLord","floor":27.0},{"not_picked":["ScarletImprint","CharismaGuard","GlobalNightmare"],"picked":"MastersStateliness","floor":29.0},{"not_picked":["DiffusionOfMisfortune","VampireSweep","Ultimatum"],"picked":"BloodySeventeenLaser","floor":31.0},{"not_picked":["TricksterDevil","HellCatastrophe","ScarletMeister"],"picked":"BatForm","floor":33.0},{"not_picked":["UnstableMagic","VampirishNight+1","BloodHunter+1","ScarletSymphony"],"picked":"SKIP","floor":35.0},{"not_picked":["NightDance+1","RedNightlessCastle","EndlessAdversity","Stigmanizer+1"],"picked":"SKIP","floor":36.0},{"not_picked":["CurseOfVladTepes","BloodHunter+1","MastersStateliness"],"picked":"ChainGang+1","floor":41.0},{"not_picked":["ScarletDevil+1","VampireKiss+1","Septette","ScarletImprint+1"],"picked":"SKIP","floor":42.0},{"not_picked":["ForbiddenFruit+1","ScarletCoffin","BombardNight"],"picked":"TransientEternity","floor":45.0}],"player_experience":110653,"relics_obtained":[{"floor":1.0,"key":"Question Card"},{"floor":6.0,"key":"SSSystem"},{"floor":8.0,"key":"Ancient Tea Set"},{"floor":9.0,"key":"Juzu Bracelet"},{"floor":12.0,"key":"testmod-DragonStarHat"},{"floor":14.0,"key":"CeramicFish"},{"floor":16.0,"key":"ImportantClient"},{"floor":23.0,"key":"Regal Pillow"},{"floor":25.0,"key":"Tiny Chest"},{"floor":26.0,"key":"Anchor"},{"floor":29.0,"key":"Dota2Spire:ArmletOfMordiggian"},{"floor":30.0,"key":"Enchiridion"},{"floor":39.0,"key":"RedBat"},{"floor":41.0,"key":"Smiling Mask"},{"floor":44.0,"key":"Du-Vu Doll"},{"floor":45.0,"key":"Dota2Spire:ArcaneBoots"}],"event_choices":[{"damage_healed":0.0,"max_hp_gain":0.0,"max_hp_loss":0.0,"gold_gain":0.0,"event_name":"Shining Light","player_choice":"Entered Light","floor":2.0,"gold_loss":0.0,"damage_taken":15.0,"cards_upgraded":["ChaoticDestiny","Strike_RM"]},{"cards_removed":["Normality"],"damage_healed":0.0,"max_hp_gain":0.0,"max_hp_loss":0.0,"gold_gain":0.0,"event_name":"Purifier","player_choice":"Purged","floor":11.0,"gold_loss":0.0,"damage_taken":0.0},{"damage_healed":0.0,"max_hp_gain":0.0,"max_hp_loss":0.0,"gold_gain":0.0,"event_name":"Big Fish","player_choice":"Box","floor":13.0,"gold_loss":0.0,"damage_taken":0.0,"relics_obtained":["testmod-CrystalShield"],"cards_obtained":["Regret"]},{"damage_healed":0.0,"max_hp_gain":0.0,"max_hp_loss":0.0,"gold_gain":0.0,"event_name":"Drug Dealer","player_choice":"Inject Mutagens","floor":19.0,"gold_loss":0.0,"damage_taken":0.0,"relics_obtained":["MutagenicStrength"]},{"damage_healed":0.0,"max_hp_gain":0.0,"max_hp_loss":0.0,"gold_gain":0.0,"event_name":"Cursed Tome","player_choice":"Obtained Book","floor":30.0,"gold_loss":0.0,"damage_taken":16.0},{"damage_healed":0.0,"max_hp_gain":0.0,"max_hp_loss":0.0,"gold_gain":999.0,"event_name":"恩洛斯的盘子","player_choice":"Sell","floor":38.0,"relics_lost":["Snecko Eye"],"gold_loss":0.0,"damage_taken":0.0}],"is_beta":false,"boss_relics":[{"not_picked":["RhineFirstAidKit","testmod-BloodSacrificeSpiritualization"],"picked":"SynthV:MejaisSoulstealer"},{"not_picked":["EasyGame_NEW","Busted Crown"],"picked":"Snecko Eye"}],"items_purged_floors":[40],"is_endless":false,"potions_floor_spawned":[4,5,8,18,25,29,42,44,45],"ascension_level":4}}