{"host":"ow9msrs9p2ctkx99","time":1607850146,"event":{"mods":["AchievementEnabler","BaseMod","Colored Map","Colored Powertips","Minty Spire (QoL Compilation)","Permanent Neow","Quick Restart","SuperFastMode"],"gold_per_floor":[362,362,362,381,237,237,90,118,118,118,129,129,4,19,19,123,123,137,150,150,249,174,200,214,214,214,191,217,217,217,492,492,492,492],"floor_reached":33,"playtime":563,"items_purged":["Regret","Shame","Strike_B"],"score":494,"play_id":"3fa86d5a-e967-4267-a51a-1a9d30007742","local_time":"20201213100226","is_ascension_mode":true,"campfire_choices":[{"data":"Dualcast","floor":6,"key":"SMITH"},{"data":"Defragment","floor":10,"key":"SMITH"},{"data":"Sweeping Beam","floor":12,"key":"SMITH"},{"floor":15,"key":"REST"},{"floor":25,"key":"REST"},{"data":"Buffer","floor":30,"key":"SMITH"},{"floor":32,"key":"REST"}],"circlet_count":0,"master_deck":["AscendersBane","Defend_B","Defend_B","Defend_B","Defend_B","Zap","Dualcast+1","Ball Lightning","Coolheaded+1","Multi-Cast+1","Turbo+1","Defragment+1","Sweeping Beam+1","Steam+1","Fission+1","Steam+1","White Noise+1","Beam Cell+1","Aggregate+1","Redo+1","Buffer+1","Regret"],"relics":["Cracked Core","Toxic Egg 2","Mummified Hand","Lantern","Bottled Tornado","Empty Cage","Bag of Marbles","PreservedInsect"],"acts_visited":["Exordium","TheCity"],"potions_floor_usage":[8,16,16,23,33],"damage_taken":[{"damage":0,"enemies":"Small Slimes","floor":1,"turns":3},{"damage":15,"enemies":"Jaw Worm","floor":4,"turns":3},{"damage":26,"enemies":"3 Sentries","floor":8,"turns":7},{"damage":0,"enemies":"Cultist","floor":11,"turns":1},{"damage":0,"enemies":"Large Slime","floor":14,"turns":1},{"damage":0,"enemies":"Slime Boss","floor":16,"turns":6},{"damage":0,"enemies":"Spheric Guardian","floor":18,"turns":2},{"damage":0,"enemies":"Chosen","floor":19,"turns":4},{"damage":31,"enemies":"Gremlin Leader","floor":23,"turns":8},{"damage":9,"enemies":"Snecko","floor":24,"turns":5},{"damage":46,"enemies":"Slavers","floor":28,"turns":5},{"damage":61,"enemies":"Collector","floor":33,"turns":10}],"seed_played":"-9136468644394721492","potions_obtained":[{"floor":1,"key":"LiquidMemories"},{"floor":8,"key":"PowerPotion"},{"floor":11,"key":"Strength Potion"},{"floor":18,"key":"Strength Potion"},{"floor":28,"key":"Dexterity Potion"}],"is_trial":false,"path_per_floor":["M","?","T","M","$","R","$","E","T","R","M","R","$","M","R","B",null,"M","M","?","?","?","E","M","R","T","$","E","?","R","?","R","B"],"character_chosen":"DEFECT","items_purchased":["Multi-Cast+1","Turbo+1","Redo+1"],"campfire_rested":3,"item_purchase_floors":[5,7,27],"current_hp_per_floor":[68,68,68,53,53,53,53,27,27,27,27,27,27,27,49,49,69,69,69,69,69,69,38,29,51,51,51,5,30,30,30,52,0,0],"gold":492,"neow_bonus":"TWO_FIFTY_GOLD","is_daily":false,"chose_seed":false,"campfire_upgraded":4,"win_rate":0.0,"timestamp":1607850146,"path_taken":["M","?","?","M","$","R","$","E","T","R","M","R","$","?","R","BOSS","M","M","?","?","?","E","M","R","T","?","E","?","R","?","R","BOSS"],"items_purchased_type":["Card","Card","Card"],"build_version":"2020-11-30","purchased_purges":3,"victory":false,"max_hp_per_floor":[75,75,75,75,75,75,75,75,75,75,75,75,75,75,75,75,75,75,75,75,75,75,75,75,75,75,75,75,75,75,75,75,75,75],"card_choices":[{"not_picked":["Go for the Eyes","Gash"],"picked":"Ball Lightning","floor":1},{"not_picked":["Go for the Eyes","Streamline"],"picked":"Coolheaded+1","floor":4},{"not_picked":["Gash","Leap+1"],"picked":"Defragment","floor":8},{"not_picked":["Hyperbeam","Beam Cell"],"picked":"Sweeping Beam","floor":11},{"not_picked":["Scrape","Cold Snap"],"picked":"Steam+1","floor":14},{"not_picked":["Meteor Strike","Echo Form"],"picked":"Fission+1","floor":16},{"not_picked":["Auto Shields+1","Cold Snap"],"picked":"Steam+1","floor":18},{"not_picked":["Gash","Rebound"],"picked":"White Noise+1","floor":19},{"not_picked":["Cold Snap","Gash"],"picked":"Beam Cell+1","floor":23},{"not_picked":["Loop+1","Barrage"],"picked":"Aggregate+1","floor":24},{"not_picked":["Reboot+1","Conserve Battery+1"],"picked":"Buffer","floor":28}],"player_experience":997736,"relics_obtained":[{"floor":3,"key":"Mummified Hand"},{"floor":8,"key":"Lantern"},{"floor":9,"key":"Bottled Tornado"},{"floor":23,"key":"Bag of Marbles"},{"floor":28,"key":"PreservedInsect"}],"event_choices":[{"damage_healed":0,"gold_gain":0,"player_choice":"Box","damage_taken":0,"relics_obtained":["Toxic Egg 2"],"max_hp_gain":0,"max_hp_loss":0,"event_name":"Big Fish","floor":2,"gold_loss":0,"cards_obtained":["Regret"]},{"damage_healed":0,"gold_gain":0,"player_choice":"Ignored","damage_taken":0,"max_hp_gain":0,"max_hp_loss":0,"event_name":"Vampires","floor":20,"gold_loss":0},{"damage_healed":0,"gold_gain":99,"player_choice":"Stole From Cult","damage_taken":0,"max_hp_gain":0,"max_hp_loss":0,"event_name":"Nest","floor":21,"gold_loss":0},{"cards_removed":["Strike_B"],"damage_healed":0,"gold_gain":0,"player_choice":"Gave Gold","damage_taken":0,"max_hp_gain":0,"max_hp_loss":0,"event_name":"Beggar","floor":22,"gold_loss":75},{"damage_healed":25,"gold_gain":0,"player_choice":"Heal","damage_taken":0,"max_hp_gain":0,"max_hp_loss":0,"event_name":"The Library","floor":29,"gold_loss":0},{"damage_healed":0,"gold_gain":275,"player_choice":"Desecrate","damage_taken":0,"max_hp_gain":0,"max_hp_loss":0,"event_name":"Golden Shrine","floor":31,"gold_loss":0,"cards_obtained":["Regret"]}],"is_beta":false,"boss_relics":[{"not_picked":["Fusion Hammer","Tiny House"],"picked":"Empty Cage"}],"items_purged_floors":[5,7,13],"is_endless":false,"potions_floor_spawned":[1,8,11,18,28],"killed_by":"Collector","ascension_level":10}}