{"host":"eav5i5w47nlnv2l1","time":1607834042,"event":{"mods":["BaseMod","Minty Spire (QoL Compilation)"],"gold_per_floor":[114,126,139,64,14,45,45,61,85,98,108,108,143,143,143,143,143],"floor_reached":16,"playtime":1018,"items_purged":["Strike_P"],"score":112,"play_id":"a171a79c-e550-4a7f-a07d-834f807a5a80","local_time":"20201212233402","is_ascension_mode":false,"campfire_choices":[{"data":"Eruption","floor":7,"key":"SMITH"},{"floor":15,"key":"REST"}],"circlet_count":0,"master_deck":["Strike_P","Strike_P","Defend_P","Defend_P","Defend_P","Defend_P","Eruption+1","Vigilance","SashWhip","Crescendo","Indignation","Prostrate","EmptyBody"],"relics":["PureWater","Pen Nib","Omamori","Orichalcum","Regal Pillow","Molten Egg 2"],"acts_visited":["Exordium"],"potions_floor_usage":[10,13,13],"damage_taken":[{"damage":2,"enemies":"Small Slimes","floor":1,"turns":5},{"damage":0,"enemies":"2 Louse","floor":2,"turns":1},{"damage":0,"enemies":"Cultist","floor":3,"turns":3},{"damage":15,"enemies":"Lagavulin","floor":6,"turns":4},{"damage":2,"enemies":"Exordium Wildlife","floor":8,"turns":3},{"damage":16,"enemies":"Exordium Thugs","floor":10,"turns":7},{"damage":2,"enemies":"Blue Slaver","floor":11,"turns":3},{"damage":8,"enemies":"Gremlin Nob","floor":13,"turns":4},{"damage":49,"enemies":"Hexaghost","floor":16,"turns":12}],"seed_played":"5890719877507983251","potions_obtained":[{"floor":3,"key":"SpeedPotion"},{"floor":8,"key":"PowerPotion"},{"floor":11,"key":"Dexterity Potion"}],"is_trial":false,"path_per_floor":["M","M","M","$","?","E","R","M","T","M","M","?","E","?","R","B"],"character_chosen":"WATCHER","items_purchased":[],"campfire_rested":1,"item_purchase_floors":[],"current_hp_per_floor":[70,70,70,70,70,55,55,53,53,37,35,17,9,9,45,0,0],"gold":143,"neow_bonus":"RANDOM_COMMON_RELIC","is_daily":false,"chose_seed":false,"campfire_upgraded":1,"win_rate":0.0,"timestamp":1607834042,"path_taken":["M","M","M","$","?","E","R","M","T","M","M","?","E","?","R","BOSS"],"items_purchased_type":[],"build_version":"2020-11-30","purchased_purges":1,"victory":false,"max_hp_per_floor":[72,72,72,72,72,72,72,72,72,72,72,72,72,72,72,72,72],"card_choices":[{"not_picked":["WindmillStrike","WaveOfTheHand"],"picked":"SashWhip","floor":1},{"not_picked":["SashWhip","Vengeance","JustLucky"],"picked":"SKIP","floor":2},{"not_picked":["CarveReality","Study"],"picked":"Crescendo","floor":3},{"not_picked":["CrushJoints","SashWhip","JustLucky"],"picked":"SKIP","floor":6},{"not_picked":["SashWhip","PathToVictory"],"picked":"Indignation","floor":8},{"not_picked":["WheelKick","MasterReality"],"picked":"Prostrate","floor":10},{"not_picked":["PathToVictory","SandsOfTime","FollowUp"],"picked":"SKIP","floor":11},{"not_picked":["FlyingSleeves+1","ForeignInfluence"],"picked":"EmptyBody","floor":13}],"player_experience":1380717,"relics_obtained":[{"floor":6,"key":"Omamori"},{"floor":9,"key":"Orichalcum"},{"floor":13,"key":"Molten Egg 2"}],"event_choices":[{"cards_removed":["Strike_P"],"damage_healed":0,"gold_gain":0,"player_choice":"Card Removal","damage_taken":0,"max_hp_gain":0,"max_hp_loss":0,"event_name":"The Cleric","floor":5,"gold_loss":50},{"damage_healed":0,"gold_gain":0,"player_choice":"Success","damage_taken":18,"relics_obtained":["Regal Pillow"],"max_hp_gain":0,"max_hp_loss":0,"event_name":"Scrap Ooze","floor":12,"gold_loss":0},{"damage_healed":0,"gold_gain":0,"player_choice":"Ignored","damage_taken":0,"max_hp_gain":0,"max_hp_loss":0,"event_name":"Liars Game","floor":14,"gold_loss":0}],"is_beta":false,"boss_relics":[],"items_purged_floors":[4],"is_endless":false,"potions_floor_spawned":[3,8,11],"killed_by":"Hexaghost","ascension_level":0}}