{"host":"v1zz5dqrlq7zjvm7","time":1607856240,"event":{"mods":["Act Like it!","BaseMod","Colored Map","Colored Powertips","Friendly Minions","Gensokyo","HololiveMod","Minty Spire (QoL Compilation)","Prisma Mod","StSLib","The Servant 0.9.4","UnlockEverythingMod","Waifu the Spire"],"gold_per_floor":[76,76,95,95,105,140,140,152,231,231,269,269,294,19,19,129,156,185,194,194,194,222,222,269,291,363,363,372,398,398,449,449,567,567,591,619,903,903,645,645,695,695,695,695,695,735,778,800,809,900],"floor_reached":51,"playtime":1988,"items_purged":["Regret"],"score":1857,"play_id":"1958e57f-5c73-44bb-a03a-4e4244a390ba","local_time":"20201213211400","is_ascension_mode":true,"campfire_choices":[{"data":"Hololive_CallAkiRosenthal","floor":10,"key":"SMITH"},{"data":"Hololive_CallAZKi","floor":15,"key":"SMITH"},{"data":"Hololive_CallSakuraMiko","floor":23,"key":"SMITH"},{"data":"Hololive_CallHoshimachiSuisei","floor":30,"key":"SMITH"},{"floor":32,"key":"REST"},{"data":"Mayhem","floor":40,"key":"SMITH"},{"data":"Hololive_Nanodesu","floor":44,"key":"SMITH"},{"floor":49,"key":"REST"}],"circlet_count":0,"master_deck":["AscendersBane","Hololive_CallAmaneKanata","Hololive_CallYozoraMel","Hololive_CallHoushouMarine","Hololive_CallInugamiKorone","Hololive_CallHoshimachiSuisei+1","Hololive_Nanodesu+1","Hololive_CallAkiRosenthal+1","Hololive_CocoNews","Hololive_CallNekomataOkayu","Hololive_CallNatsuiroMatsuri","Hololive_CallUsadaPekora","Hololive_CallAZKi+1","Hololive_CallSakuraMiko+1","Hololive_WolfAndLamb","Hololive_CallShiroganeNoel+1","Hololive_FlareMind+1","Hololive_CandyCastle+1","Hololive_CallAiraniIofifteen","Hololive_CallShiranuiFlare","Hololive_CallTokoyamiTowa","Hololive_CallMoonaHoshinova+1","Hololive_CallOmaruPolka","Decay","Hololive_CallFriendA+1","Hololive_Thief","Hololive_CallYukihanaLamy","Hololive_CallRosalyn+1","Hololive_Spy","Mayhem+1","Hololive_CallMomosuzuNene+1","Hololive_CallArtia","Hololive_CallShiroganeNoel+1","Hololive_CallSakuraMiko+1","Hololive_CocoNews"],"relics":["Hololive_TheStar","Gensokyo:CelestialsFlawlessClothing","CaptainsWheel","Letter Opener","CeramicFish","Potion Belt","Astrolabe","Kunai","The Courier","Tiny Chest","Juzu Bracelet","Philosopher\u0027s Stone","Dream Catcher","Bag of Preparation","Regal Pillow"],"acts_visited":["Gensokyo:Gensokyo","TheCity","TheBeyond"],"potions_floor_usage":[6,16,18,24,31,31,50,50],"damage_taken":[{"damage":5,"enemies":"Gensokyo:3_Fairies","floor":1,"turns":4},{"damage":0,"enemies":"Gensokyo:2_Kodama","floor":3,"turns":2},{"damage":0,"enemies":"Gensokyo:Python","floor":5,"turns":3},{"damage":0,"enemies":"Gensokyo:Cirno","floor":6,"turns":5},{"damage":0,"enemies":"Gensokyo:Gryphon_and_Rabbit","floor":8,"turns":3},{"damage":0,"enemies":"Gensokyo:Aya","floor":11,"turns":3},{"damage":0,"enemies":"Gensokyo:Python_and_Kodama","floor":13,"turns":3},{"damage":0,"enemies":"Gensokyo:Kokoro","floor":16,"turns":4},{"damage":3,"enemies":"2 Thieves","floor":18,"turns":3},{"damage":0,"enemies":"3 Byrds","floor":22,"turns":4},{"damage":11,"enemies":"Book of Stabbing","floor":24,"turns":6},{"damage":5,"enemies":"Shelled Parasite and Fungi","floor":25,"turns":5},{"damage":5,"enemies":"Slavers","floor":31,"turns":5},{"damage":0,"enemies":"Champ","floor":33,"turns":10},{"damage":0,"enemies":"3 Shapes","floor":35,"turns":2},{"damage":0,"enemies":"3 Darklings","floor":36,"turns":5},{"damage":9,"enemies":"Nemesis","floor":41,"turns":7},{"damage":0,"enemies":"Spire Growth","floor":46,"turns":5},{"damage":0,"enemies":"Sphere and 2 Shapes","floor":47,"turns":4},{"damage":0,"enemies":"3 Darklings","floor":48,"turns":4},{"damage":0,"enemies":"Donu and Deca","floor":50,"turns":9}],"seed_played":"-4298040478940880730","potions_obtained":[{"floor":3,"key":"Dexterity Potion"},{"floor":5,"key":"Strength Potion"},{"floor":6,"key":"Fruit Juice"},{"floor":13,"key":"Energy Potion"},{"floor":18,"key":"AttackPotion"},{"floor":24,"key":"SneckoOil"},{"floor":25,"key":"AttackPotion"},{"floor":41,"key":"GamblersBrew"},{"floor":46,"key":"Strength Potion"},{"floor":47,"key":"SpeedPotion"}],"is_trial":false,"path_per_floor":["M","?","M","?","M","E","?","M","T","R","E","?","M","$","R","B",null,"M","?","?","?","M","R","E","M","T","?","?","T","R","E","R","B",null,"M","M","?","?","$","R","E","?","T","R","T","M","M","M","R","B",null],"character_chosen":"Hololive_HololiveCharacter","items_purchased":["Hololive_CallSakuraMiko","DistilledChaos","Potion Belt","Hololive_Spy","Mayhem"],"campfire_rested":2,"item_purchase_floors":[14,14,14,39,39],"current_hp_per_floor":[22,22,22,14,14,19,19,19,19,19,19,11,11,11,11,11,27,24,24,24,24,24,24,13,8,8,8,8,8,8,3,12,12,27,27,27,27,27,27,27,18,18,18,18,18,18,18,18,32,32],"gold":900,"neow_bonus":"THREE_RARE_CARDS","is_daily":false,"chose_seed":false,"campfire_upgraded":6,"win_rate":0.0,"timestamp":1607856240,"path_taken":["M","?","M","?","?","E","?","?","T","R","E","?","M","$","R","BOSS","M","?","?","?","M","R","E","M","T","?","?","?","R","E","R","BOSS","M","M","?","?","$","R","E","?","T","R","?","M","M","M","R","BOSS"],"items_purchased_type":["Card","Potion","Relic","Card","Card"],"build_version":"2020-11-30","purchased_purges":1,"victory":true,"max_hp_per_floor":[27,27,27,27,27,32,32,32,32,32,32,32,32,32,32,32,32,32,32,32,32,32,32,32,32,32,32,32,32,32,32,32,32,32,32,32,32,32,32,32,32,32,32,32,32,32,32,32,32,32],"card_choices":[{"not_picked":["Hololive_IdolExercise","Hololive_ASMR"],"picked":"Hololive_Nanodesu","floor":0},{"not_picked":["Hololive_Drill","Hololive_CallYogiri","Hololive_CallHoshimachiSuisei"],"picked":"Hololive_CallAkiRosenthal","floor":1},{"not_picked":["Hololive_HuntDinosaur","Hololive_Rebound","Hololive_Breathe"],"picked":"Hololive_CocoNews","floor":3},{"not_picked":["Hololive_OvertimeWork","Hololive_StrengthChampion","Hololive_HuntDinosaur"],"picked":"Hololive_LuckPotion","floor":5},{"not_picked":["Hololive_Drill","Hololive_CallTokoyamiTowa","Hololive_Sequa"],"picked":"Hololive_CallNekomataOkayu","floor":6},{"not_picked":["Hololive_FlareMind","Hololive_CallShishiroBotan","Hololive_Rebound"],"picked":"Hololive_CallNatsuiroMatsuri","floor":8},{"not_picked":["Hololive_CallAyundaRisu","Hololive_OvertimeWork","Hololive_Trident"],"picked":"Hololive_CallUsadaPekora","floor":11},{"not_picked":["Hololive_CallAiraniIofifteen","Hololive_CallHoshimachiSuisei","Hololive_Drill"],"picked":"Hololive_CallAZKi","floor":13},{"not_picked":["Hololive_ASMR","Hololive_FlareMind","Hololive_AWSL"],"picked":"Hololive_WolfAndLamb","floor":16},{"not_picked":["Hololive_Breathe","Hololive_Drill+1","Hololive_CocoNews"],"picked":"Hololive_CallAiraniIofifteen","floor":18},{"not_picked":["Hololive_CallAkiRosenthal","Hololive_Teleport","Hololive_Drill"],"picked":"Hololive_CallTokoyamiTowa","floor":22},{"not_picked":["Hololive_FlyingPonyTail","Hololive_DevilCharm","Hololive_Trident"],"picked":"Hololive_CallMoonaHoshinova+1","floor":24},{"not_picked":["Hololive_CallTokoyamiTowa","Hololive_Psychosis","Hololive_CocoNews"],"picked":"Hololive_CallOmaruPolka","floor":25},{"not_picked":["Hololive_Psychosis","Hololive_RevenueBasedLive","Hololive_CallKiryuuCoco"],"picked":"Hololive_CallFriendA+1","floor":31},{"not_picked":["Hololive_OpenUp","Hololive_StarCraft","Hololive_WolfAndLamb"],"picked":"Hololive_Thief","floor":33},{"not_picked":["Hololive_Breathe","Hololive_LuckPotion","Hololive_CallAiraniIofifteen"],"picked":"Hololive_CallYukihanaLamy","floor":35},{"not_picked":["Hololive_Drill","Hololive_CallYozoraMel","Hololive_OvertimeWork+1"],"picked":"Hololive_CallRosalyn+1","floor":36},{"not_picked":["Hololive_CallAiraniIofifteen","Hololive_Drill+1","Hololive_Rebound+1"],"picked":"Hololive_CallMomosuzuNene","floor":41},{"not_picked":["Hololive_CallNekomataOkayu+1","Hololive_StrengthChampion","Hololive_SummonFox+1"],"picked":"Hololive_CallArtia","floor":46},{"not_picked":["Hololive_Breathe+1","Hololive_Sequa","Hololive_StrengthChampion+1"],"picked":"Hololive_CallShiroganeNoel+1","floor":47},{"not_picked":["Hololive_StrengthChampion","Hololive_Psychosis","Hololive_Trident"],"picked":"Hololive_CallSakuraMiko+1","floor":48},{"not_picked":["Hololive_FlyingPonyTail","Hololive_LuckPotion","Hololive_Rebound"],"picked":"Hololive_CocoNews","floor":49}],"player_experience":160112,"relics_obtained":[{"floor":6,"key":"CaptainsWheel"},{"floor":9,"key":"Letter Opener"},{"floor":11,"key":"CeramicFish"},{"floor":24,"key":"Kunai"},{"floor":26,"key":"The Courier"},{"floor":29,"key":"Tiny Chest"},{"floor":31,"key":"Juzu Bracelet"},{"floor":41,"key":"Dream Catcher"},{"floor":43,"key":"Bag of Preparation"},{"floor":45,"key":"Regal Pillow"}],"event_choices":[{"damage_healed":0,"gold_gain":0,"player_choice":"Read","damage_taken":0,"max_hp_gain":0,"max_hp_loss":0,"event_name":"The Library","floor":19,"gold_loss":0,"cards_obtained":["Hololive_CallShiranuiFlare"]},{"damage_healed":0,"gold_gain":0,"player_choice":"Ignored","damage_taken":0,"max_hp_gain":0,"max_hp_loss":0,"event_name":"Ghosts","floor":20,"gold_loss":0},{"cards_removed":["Hololive_LuckPotion"],"damage_healed":0,"gold_gain":0,"player_choice":"Elegance","damage_taken":0,"max_hp_gain":0,"max_hp_loss":0,"event_name":"Back to Basics","floor":21,"gold_loss":0},{"damage_healed":0,"gold_gain":0,"player_choice":"Ignored","damage_taken":0,"max_hp_gain":0,"max_hp_loss":0,"event_name":"Vampires","floor":27,"gold_loss":0},{"damage_healed":0,"gold_gain":0,"player_choice":"Smashed Altar","damage_taken":0,"max_hp_gain":0,"max_hp_loss":0,"event_name":"Forgotten Altar","floor":28,"gold_loss":0,"cards_obtained":["Decay"]},{"damage_healed":0,"gold_gain":275,"player_choice":"Desecrate","damage_taken":0,"max_hp_gain":0,"max_hp_loss":0,"event_name":"Golden Shrine","floor":37,"gold_loss":0,"cards_obtained":["Regret"]},{"cards_removed":["Hololive_SoulCatcher"],"damage_healed":0,"gold_gain":0,"player_choice":"Removed Attack","damage_taken":0,"max_hp_gain":0,"max_hp_loss":0,"event_name":"Falling","floor":38,"gold_loss":0},{"damage_healed":0,"gold_gain":0,"player_choice":"Ignored","damage_taken":0,"max_hp_gain":0,"max_hp_loss":0,"event_name":"Tomb of Lord Red Mask","floor":42,"gold_loss":0}],"is_beta":false,"boss_relics":[{"not_picked":["Snecko Eye","Runic Pyramid"],"picked":"Astrolabe"},{"not_picked":["Tiny House","Empty Cage"],"picked":"Philosopher\u0027s Stone"}],"items_purged_floors":[39],"is_endless":false,"potions_floor_spawned":[3,5,6,13,18,24,25,41,46,47],"ascension_level":18}}