{"host":"mfgjat5rctdaqztb","time":1607900164,"event":{"mods":["AchievementEnabler","Act Like it!","BaseMod","Better Altar","Better Match","Better Note","Better Sensory Stone","Better Skull","Better Third Choice","Better Vampires","CapriCore","Gensokyo","Halation","Koishi","Marisa????????","Minty Spire (QoL Compilation)","Onozuka Komachi Mod","Quick Restart","Random Character Button","Reimu??????","Remilia??????","Shop Mod","Spicy Shops","StSLib","The Administrix","The Alterego","The Fake Hero","The Immortal","The Servant 0.9.4","Uncapped","UnlockEverythingMod","Waifu the Spire","Wandering Minibosses","Yuri Mod","Yuyuko","???????????mod"],"gold_per_floor":[116,116,132,148,180,225,22,94,121,121,46,80,17,87,87,205,205,257,369,428,428,428],"floor_reached":21,"playtime":1772,"items_purged":[],"score":216,"play_id":"8aea0b72-5ed2-4378-8dd4-46136cd0f264","local_time":"20201213175604","is_ascension_mode":true,"campfire_choices":[{"floor":10,"key":"REST"},{"floor":15,"key":"REST"}],"circlet_count":0,"master_deck":["Strike_RM","Strike_RM+1","Strike_RM","Strike_RM","Defend_RM","Defend_RM","Defend_RM","Defend_RM","RedMoon","ScarletShoot","FitfulNightmare","BombardNight","VampireClaw","FavorOfDestiny","HeartBreak","HunterOfTheNight","FavorOfDestiny","StarOfDavid","QueenOfMidnight+1","FavorOfDestiny","Stigmanizer","ScarletDevilSign","ScarletMeister","VampireSweep","MastersStateliness+1"],"relics":["ScarletHat","Omamori","Ancient Tea Set","WingedGreaves","Lantern","halation:LettersToHer","Art of War","SlaversCollar","Strawberry"],"acts_visited":["Gensokyo:Gensokyo","Gensokyo:Gensokyoer"],"potions_floor_usage":[4,6,14,18,18,20],"damage_taken":[{"damage":0,"enemies":"Gensokyo:Python","floor":1,"turns":4},{"damage":7,"enemies":"Gensokyo:3_Fairies","floor":2,"turns":7},{"damage":4,"enemies":"Gensokyo:Gryphon","floor":3,"turns":3},{"damage":5,"enemies":"Gensokyo:VengefulSpirit","floor":4,"turns":6},{"damage":23,"enemies":"Gensokyo:2_Rabbits","floor":5,"turns":7},{"damage":37,"enemies":"Gensokyo:Cirno","floor":6,"turns":11},{"damage":7,"enemies":"Gensokyo:Mamizou","floor":8,"turns":10},{"damage":6,"enemies":"Gensokyo:Kitsune","floor":12,"turns":5},{"damage":15,"enemies":"Gensokyo:Cirno","floor":14,"turns":8},{"damage":15,"enemies":"Gensokyo:Kokoro","floor":16,"turns":13},{"damage":28,"enemies":"Gensokyo:3_Dogs","floor":18,"turns":6},{"damage":22,"enemies":"Gensokyo:AngelMirror","floor":20,"turns":4},{"damage":13,"enemies":"Gensokyo:Wraith","floor":21,"turns":2}],"seed_played":"-3398715062177489162","potions_obtained":[{"floor":1,"key":"ZuzhouPotion:ReiMu"},{"floor":3,"key":"Explosive Potion"},{"floor":12,"key":"LiquidMemories"},{"floor":14,"key":"SpeedPotion"},{"floor":16,"key":"EssenceOfSteel"},{"floor":16,"key":"ZuzhouPotion:ReiMu"},{"floor":16,"key":"Energy Potion"},{"floor":18,"key":"ColorlessPotion"}],"is_trial":false,"path_per_floor":["M","M","M","M","M","E","$","E","T","R","?","M","$","E","R","B",null,"M","?","M","M"],"character_chosen":"REMILIA","items_purchased":["WingedGreaves","FavorOfDestiny","Stigmanizer"],"campfire_rested":2,"item_purchase_floors":[7,7,13],"current_hp_per_floor":[75,68,65,60,43,7,7,2,2,24,24,19,19,4,26,26,75,50,22,4,0,0],"gold":428,"neow_bonus":"RANDOM_COMMON_RELIC","is_daily":false,"chose_seed":false,"campfire_upgraded":0,"win_rate":0.0,"timestamp":1607900164,"path_taken":["M","M","M","M","M","E","$","E","T","R","?","?","?","E","R","BOSS","M","?","?","M"],"items_purchased_type":["Relic","Card","Card"],"build_version":"2020-11-30","purchased_purges":0,"victory":false,"max_hp_per_floor":[75,75,75,75,75,75,75,75,75,75,75,75,75,75,75,75,75,75,82,82,82,82],"card_choices":[{"not_picked":["HunterOfTheNight","BlasphemousPunishment"],"picked":"FitfulNightmare","floor":1},{"not_picked":["MastersStateliness","CharismaGuard"],"picked":"BombardNight","floor":2},{"not_picked":["BloodyTrap","UnstableMagic"],"picked":"VampireClaw","floor":3},{"not_picked":["UnderTheZenith","RedMagic"],"picked":"FavorOfDestiny","floor":4},{"not_picked":["EndlessAdversity","UnderTheZenith"],"picked":"HeartBreak","floor":5},{"not_picked":["EternalNight","VampireKiss"],"picked":"HunterOfTheNight","floor":6},{"not_picked":["EndlessAdversity","DevilSight"],"picked":"StarOfDavid","floor":8},{"not_picked":["BloodRain+1","HeartBreak+1"],"picked":"QueenOfMidnight+1","floor":11},{"not_picked":["Stigmanizer","DiffusionOfMisfortune"],"picked":"FavorOfDestiny","floor":12},{"not_picked":["BombardNight","RedMagic"],"picked":"ScarletDevilSign","floor":14},{"not_picked":["BloodySeventeenLaser","TransientEternity"],"picked":"ScarletMeister","floor":16},{"not_picked":["BombardNight+1","MastersStateliness"],"picked":"VampireSweep","floor":18},{"not_picked":["FavorOfDestiny+1","Stigmanizer"],"picked":"MastersStateliness+1","floor":20}],"player_experience":307191,"relics_obtained":[{"floor":6,"key":"Ancient Tea Set"},{"floor":8,"key":"Lantern"},{"floor":9,"key":"halation:LettersToHer"},{"floor":14,"key":"Art of War"}],"event_choices":[{"damage_healed":0,"gold_gain":0,"player_choice":"2","damage_taken":0,"max_hp_gain":0,"max_hp_loss":0,"event_name":"betterMatch:BetterMatch","floor":11,"gold_loss":0,"cards_obtained":["betterMatch:RareCard"]},{"damage_healed":0,"gold_gain":112,"player_choice":"GO UP RE ","damage_taken":40,"relics_obtained":["Strawberry"],"max_hp_gain":0,"max_hp_loss":0,"event_name":"betterSkull:BetterSkull","floor":19,"gold_loss":0,"cards_upgraded":["Strike_RM"]}],"is_beta":false,"boss_relics":[{"not_picked":["Astrolabe","Coffee Dripper"],"picked":"SlaversCollar"}],"items_purged_floors":[],"is_endless":false,"potions_floor_spawned":[1,3,14,16],"killed_by":"Gensokyo:Wraith","ascension_level":2}}