{"host":"pf47v7h0307523iy","time":1607893841,"event":{"mods":["BaseMod","Minty Spire (QoL Compilation)"],"gold_per_floor":[110,260,260,335,346,346,377,377,377,377,394,459,459,473,473,544,544,544,284,234,234,234,234,234,234,234,234,234,234,234,234,234,234,234,234,234,234,234,234,234,234,234,234,234,36,36,36,36,36,36,36,36,36,36,36,36],"floor_reached":55,"playtime":2914,"items_purged":["Strike_G"],"score":2089,"play_id":"dd144274-34bf-4f70-9d4a-810de5efd8b6","local_time":"20201213231040","is_ascension_mode":true,"campfire_choices":[{"data":"Bouncing Flask","floor":6,"key":"SMITH"},{"data":"Storm of Steel","floor":8,"key":"SMITH"},{"data":"Neutralize","floor":10,"key":"SMITH"},{"data":"Catalyst","floor":15,"key":"SMITH"},{"data":"A Thousand Cuts","floor":23,"key":"SMITH"},{"data":"Sadistic Nature","floor":25,"key":"SMITH"},{"data":"Bouncing Flask","floor":27,"key":"SMITH"},{"data":"Ghostly","floor":32,"key":"SMITH"},{"floor":42,"key":"REST"},{"data":"Noxious Fumes","floor":44,"key":"SMITH"},{"floor":49,"key":"RECALL"},{"data":"Wraith Form v2","floor":53,"key":"SMITH"}],"circlet_count":0,"master_deck":["AscendersBane","Strike_G","Strike_G","Strike_G+1","Defend_G+1","Defend_G","Defend_G","Defend_G","Defend_G","Survivor","Neutralize+1","Bouncing Flask+1","Storm of Steel+1","Bouncing Flask+1","PiercingWail","Catalyst+1","A Thousand Cuts+1","Sadistic Nature+1","Sucker Punch+1","Infinite Blades","Ghostly","Ghostly","Ghostly+1","Corpse Explosion","Prepared+1","Dodge and Roll+1","PiercingWail+1","Noxious Fumes+1","Catalyst+1","Caltrops","Wraith Form v2+1"],"relics":["Ring of the Snake","NeowsBlessing","Ancient Tea Set","StrikeDummy","Mummified Hand","Ectoplasm","Regal Pillow","Dream Catcher","Nunchaku","Snake Skull","Empty Cage","Unceasing Top","Lizard Tail","Orichalcum","Anchor","Vajra"],"acts_visited":["Exordium","TheCity","TheBeyond","TheEnding"],"potions_floor_usage":[12,22,28,36,39,50],"damage_taken":[{"damage":0,"enemies":"Small Slimes","floor":1,"turns":1},{"damage":0,"enemies":"2 Louse","floor":5,"turns":1},{"damage":0,"enemies":"Gremlin Nob","floor":7,"turns":1},{"damage":0,"enemies":"Cultist","floor":11,"turns":2},{"damage":15,"enemies":"3 Sentries","floor":12,"turns":6},{"damage":1,"enemies":"Blue Slaver","floor":14,"turns":3},{"damage":4,"enemies":"The Guardian","floor":16,"turns":7},{"damage":0,"enemies":"3 Byrds","floor":18,"turns":5},{"damage":0,"enemies":"Spheric Guardian","floor":21,"turns":2},{"damage":22,"enemies":"Shelled Parasite and Fungi","floor":22,"turns":6},{"damage":7,"enemies":"Book of Stabbing","floor":28,"turns":3},{"damage":0,"enemies":"Gremlin Leader","floor":31,"turns":8},{"damage":11,"enemies":"Champ","floor":33,"turns":7},{"damage":1,"enemies":"3 Shapes","floor":35,"turns":3},{"damage":33,"enemies":"2 Orb Walkers","floor":36,"turns":5},{"damage":9,"enemies":"Mind Bloom Boss Battle","floor":37,"turns":6},{"damage":0,"enemies":"Orb Walker","floor":39,"turns":3},{"damage":9,"enemies":"Nemesis","floor":40,"turns":7},{"damage":0,"enemies":"3 Darklings","floor":41,"turns":5},{"damage":1,"enemies":"Giant Head","floor":46,"turns":4},{"damage":5,"enemies":"Sphere and 2 Shapes","floor":48,"turns":3},{"damage":0,"enemies":"Awakened One","floor":50,"turns":8},{"damage":3,"enemies":"Time Eater","floor":51,"turns":7},{"damage":45,"enemies":"Shield and Spear","floor":55,"turns":2}],"seed_played":"-8192530801561490407","potions_obtained":[{"floor":5,"key":"BlessingOfTheForge"},{"floor":11,"key":"Swift Potion"},{"floor":16,"key":"GamblersBrew"},{"floor":18,"key":"SkillPotion"},{"floor":22,"key":"FairyPotion"},{"floor":33,"key":"SkillPotion"},{"floor":36,"key":"BlessingOfTheForge"},{"floor":37,"key":"BlessingOfTheForge"},{"floor":48,"key":"Strength Potion"}],"is_trial":false,"path_per_floor":["M","?","?","?","M","R","E","R","T","R","M","?","?","M","R","B",null,"M","$","?","M","M","R","?","R","T","R","E","?","?","E","R","B",null,"M","?","?","?","M","E","M","R","T","R","$","E","$","M","R","B","B",null,"R","$","E"],"character_chosen":"THE_SILENT","items_purchased":["Sadistic Nature","Anchor","Caltrops"],"campfire_rested":1,"item_purchase_floors":[19,45,45],"current_hp_per_floor":[59,59,59,48,48,48,48,48,48,48,48,33,13,12,12,8,52,52,52,52,52,30,30,30,30,30,30,23,16,16,16,16,5,30,29,11,2,2,2,14,14,38,38,38,38,37,37,32,32,32,29,36,36,36,0,0],"gold":36,"neow_bonus":"THREE_ENEMY_KILL","is_daily":false,"chose_seed":false,"campfire_upgraded":10,"win_rate":0.0,"timestamp":1607893840,"path_taken":["M","?","?","?","M","R","E","R","T","R","M","?","?","M","R","BOSS","M","$","?","?","M","R","?","R","T","R","E","?","?","E","R","BOSS","M","?","?","?","?","E","?","R","T","R","$","E","$","M","R","BOSS","BOSS","R","$","E"],"items_purchased_type":["Card","Relic","Card"],"build_version":"2020-11-30","purchased_purges":1,"victory":false,"max_hp_per_floor":[66,66,66,66,66,66,66,66,66,66,66,66,66,66,66,66,66,66,66,66,66,66,66,33,33,33,33,33,38,38,38,38,38,38,38,38,38,38,38,38,38,38,38,38,38,38,38,38,38,38,38,38,38,38,38,38],"card_choices":[{"not_picked":["Underhanded Strike","PiercingWail"],"picked":"Bouncing Flask","floor":1},{"not_picked":["Distraction","Heel Hook","Prepared"],"picked":"SKIP","floor":5},{"not_picked":["Deflect","Grand Finale"],"picked":"Storm of Steel","floor":7},{"not_picked":["Flying Knee","Quick Slash"],"picked":"Bouncing Flask","floor":11},{"not_picked":["Slice","Cloak And Dagger"],"picked":"PiercingWail","floor":12},{"not_picked":["Backstab","Acrobatics"],"picked":"Catalyst","floor":14},{"not_picked":["Tools of the Trade","Unload"],"picked":"A Thousand Cuts","floor":16},{"not_picked":["Choke","Deflect","Poisoned Stab"],"picked":"SKIP","floor":18},{"not_picked":["Dagger Spray","Quick Slash"],"picked":"Sucker Punch+1","floor":21},{"not_picked":["Blade Dance","Prepared"],"picked":"Infinite Blades","floor":22},{"not_picked":["Blade Dance","Deflect","Dagger Spray"],"picked":"SKIP","floor":28},{"not_picked":["Outmaneuver","Slice","Acrobatics"],"picked":"SKIP","floor":31},{"not_picked":["Malaise","Die Die Die"],"picked":"Corpse Explosion","floor":33},{"not_picked":["Slice","Quick Slash","Setup"],"picked":"SKIP","floor":35},{"not_picked":["Bane","Dagger Throw+1"],"picked":"Prepared+1","floor":36},{"not_picked":["Terror","Acrobatics"],"picked":"Dodge and Roll+1","floor":37},{"not_picked":["Infinite Blades","Backstab"],"picked":"PiercingWail+1","floor":39},{"not_picked":["Masterful Stab","Quick Slash","Corpse Explosion"],"picked":"SKIP","floor":40},{"not_picked":["Dagger Spray","Endless Agony"],"picked":"Noxious Fumes","floor":41},{"not_picked":["Choke+1","Acrobatics"],"picked":"Catalyst+1","floor":42},{"not_picked":["Grand Finale","Heel Hook"],"picked":"Wraith Form v2","floor":46},{"not_picked":["Bane","Blade Dance+1","Endless Agony+1"],"picked":"SKIP","floor":48}],"player_experience":1483665,"relics_obtained":[{"floor":7,"key":"Ancient Tea Set"},{"floor":9,"key":"StrikeDummy"},{"floor":12,"key":"Mummified Hand"},{"floor":26,"key":"Regal Pillow"},{"floor":28,"key":"Dream Catcher"},{"floor":31,"key":"Snake Skull"},{"floor":36,"key":"Unceasing Top"},{"floor":37,"key":"Lizard Tail"},{"floor":40,"key":"Orichalcum"},{"floor":46,"key":"Vajra"}],"event_choices":[{"damage_healed":0,"gold_gain":150,"player_choice":"AGREE","damage_taken":0,"max_hp_gain":0,"max_hp_loss":0,"event_name":"Liars Game","floor":2,"gold_loss":0,"cards_obtained":["Doubt"]},{"cards_removed":["Doubt"],"damage_healed":0,"gold_gain":0,"player_choice":"Forget","damage_taken":0,"max_hp_gain":0,"max_hp_loss":0,"event_name":"Living Wall","floor":3,"gold_loss":0},{"damage_healed":0,"gold_gain":75,"player_choice":"Gather Gold","damage_taken":11,"max_hp_gain":0,"max_hp_loss":0,"event_name":"World of Goop","floor":4,"gold_loss":0},{"damage_healed":0,"gold_gain":0,"player_choice":"Searched \u00271\u0027 times","damage_taken":0,"max_hp_gain":0,"max_hp_loss":0,"event_name":"Dead Adventurer","floor":12,"gold_loss":0},{"damage_healed":0,"gold_gain":0,"player_choice":"Entered Light","damage_taken":20,"max_hp_gain":0,"max_hp_loss":0,"event_name":"Shining Light","floor":13,"gold_loss":0,"cards_upgraded":["Strike_G","Defend_G"]},{"damage_healed":0,"gold_gain":0,"player_choice":"Bet on Owner","damage_taken":0,"max_hp_gain":0,"max_hp_loss":0,"event_name":"The Joust","floor":20,"gold_loss":50},{"damage_healed":0,"gold_gain":0,"player_choice":"Became a Ghost","damage_taken":0,"max_hp_gain":0,"max_hp_loss":33,"event_name":"Ghosts","floor":24,"gold_loss":0,"cards_obtained":["Ghostly","Ghostly","Ghostly"]},{"damage_healed":0,"gold_gain":0,"player_choice":"Shed Blood","damage_taken":12,"max_hp_gain":5,"max_hp_loss":0,"event_name":"Forgotten Altar","floor":29,"gold_loss":0},{"damage_healed":0,"gold_gain":0,"player_choice":"Opened","damage_taken":0,"relics_obtained":["Nunchaku"],"max_hp_gain":0,"max_hp_loss":0,"event_name":"The Mausoleum","floor":30,"gold_loss":0,"cards_obtained":["Writhe"]},{"damage_healed":0,"gold_gain":0,"player_choice":"Fight","damage_taken":0,"max_hp_gain":0,"max_hp_loss":0,"event_name":"Mysterious Sphere","floor":36,"gold_loss":0},{"damage_healed":0,"gold_gain":0,"player_choice":"Fight","damage_taken":0,"max_hp_gain":0,"max_hp_loss":0,"event_name":"MindBloom","floor":37,"gold_loss":0},{"damage_healed":0,"gold_gain":0,"player_choice":"Ignored","damage_taken":0,"max_hp_gain":0,"max_hp_loss":0,"event_name":"Tomb of Lord Red Mask","floor":38,"gold_loss":0}],"is_beta":false,"boss_relics":[{"not_picked":["Busted Crown","SacredBark"],"picked":"Ectoplasm"},{"not_picked":["Ring of the Serpent","SlaversCollar"],"picked":"Empty Cage"}],"items_purged_floors":[19],"is_endless":false,"potions_floor_spawned":[5,11,16,18,22,33,36,37,48],"killed_by":"Shield and Spear","ascension_level":20}}