{"host":"s41rn2jhghpwfrvz","time":1607883030,"event":{"mods":["BaseMod","Minty Spire (QoL Compilation)","Quick Restart","Relic Stats","SuperFastMode"],"gold_per_floor":[109,127,138,157,174,202,202,235,282,39,50,50,50,78,78,157,157,173,188,188,88,102,137,154,186,186,186,199,224,256,280,280,358,358,369,369,386,420,430,430,291,291,291,81,98,124,159,172,172,172,172,172,172,10,44,44],"floor_reached":57,"playtime":2059,"items_purged":["Hologram","Go for the Eyes","Melter+1","Streamline+1"],"score":3534,"play_id":"d11a15de-b5fc-4e55-ba4b-a632e7aeedfd","local_time":"20201213201030","daily_mods":["SealedDeck","Diverse","DeadlyEvents"],"is_ascension_mode":true,"campfire_choices":[{"data":"Prostrate","floor":7,"key":"SMITH"},{"data":"Acrobatics","floor":12,"key":"SMITH"},{"data":"Footwork","floor":15,"key":"SMITH"},{"floor":32,"key":"RECALL"},{"data":"Streamline","floor":40,"key":"SMITH"},{"data":"Deep Breath","floor":49,"key":"SMITH"},{"data":"Offering","floor":53,"key":"SMITH"}],"circlet_count":0,"master_deck":["AscendersBane","Warcry","Wallop+1","Footwork+1","Acrobatics+1","Beam Cell","Prostrate+1","Deep Breath+1","Madness","Madness","Offering+1","Backflip","Madness"],"relics":["Burning Blood","Happy Flower","Centennial Puzzle","Whetstone","OrangePellets","Blue Candle","Coffee Dripper","Anchor","Self Forming Clay","Omamori","Gremlin Horn","Potion Belt","Strawberry","Boot","Runic Pyramid","Smiling Mask","Medical Kit","Ancient Tea Set","Peace Pipe","Letter Opener"],"acts_visited":["Exordium","TheCity","TheBeyond","TheEnding"],"potions_floor_usage":[23,48],"damage_taken":[{"damage":0,"enemies":"Cultist","floor":1,"turns":3},{"damage":0,"enemies":"Jaw Worm","floor":2,"turns":3},{"damage":2,"enemies":"2 Louse","floor":3,"turns":3},{"damage":0,"enemies":"Large Slime","floor":4,"turns":5},{"damage":0,"enemies":"Blue Slaver","floor":5,"turns":4},{"damage":20,"enemies":"Gremlin Nob","floor":6,"turns":4},{"damage":38,"enemies":"3 Sentries","floor":8,"turns":10},{"damage":0,"enemies":"Red Slaver","floor":11,"turns":3},{"damage":0,"enemies":"Gremlin Nob","floor":14,"turns":3},{"damage":3,"enemies":"The Guardian","floor":16,"turns":5},{"damage":0,"enemies":"Spheric Guardian","floor":18,"turns":1},{"damage":6,"enemies":"3 Byrds","floor":19,"turns":3},{"damage":0,"enemies":"Centurion and Healer","floor":22,"turns":3},{"damage":0,"enemies":"Slavers","floor":23,"turns":4},{"damage":17,"enemies":"Chosen and Byrds","floor":24,"turns":4},{"damage":15,"enemies":"Gremlin Leader","floor":25,"turns":4},{"damage":0,"enemies":"3 Cultists","floor":28,"turns":3},{"damage":8,"enemies":"Slavers","floor":29,"turns":4},{"damage":0,"enemies":"Book of Stabbing","floor":30,"turns":3},{"damage":0,"enemies":"Champ","floor":33,"turns":5},{"damage":1,"enemies":"3 Shapes","floor":35,"turns":3},{"damage":0,"enemies":"3 Darklings","floor":37,"turns":3},{"damage":0,"enemies":"Reptomancer","floor":38,"turns":4},{"damage":15,"enemies":"4 Shapes","floor":39,"turns":2},{"damage":10,"enemies":"Jaw Worm Horde","floor":45,"turns":3},{"damage":28,"enemies":"Nemesis","floor":46,"turns":5},{"damage":6,"enemies":"Reptomancer","floor":47,"turns":4},{"damage":21,"enemies":"Transient","floor":48,"turns":6},{"damage":6,"enemies":"Awakened One","floor":50,"turns":2},{"damage":6,"enemies":"Donu and Deca","floor":51,"turns":5},{"damage":6,"enemies":"Shield and Spear","floor":55,"turns":2},{"damage":6,"enemies":"The Heart","floor":56,"turns":5}],"seed_played":"-601332147116387647","potions_obtained":[{"floor":2,"key":"SmokeBomb"},{"floor":3,"key":"BlessingOfTheForge"},{"floor":4,"key":"EssenceOfSteel"},{"floor":19,"key":"Swift Potion"},{"floor":24,"key":"Dexterity Potion"},{"floor":29,"key":"Ancient Potion"},{"floor":33,"key":"DistilledChaos"},{"floor":36,"key":"Ancient Potion"},{"floor":45,"key":"PowerPotion"},{"floor":55,"key":"SkillPotion"}],"is_trial":true,"path_per_floor":["M","M","M","M","M","E","R","E","T","$","M","R","$","E","R","B",null,"M","M","?","$","M","E","M","E","T","?","M","E","E","T","R","B",null,"M","?","M","E","M","R","$","?","T","$","M","E","E","M","R","B","B",null,"R","$","E","B",null],"character_chosen":"IRONCLAD","items_purchased":["OrangePellets","Deep Breath","Medical Kit","Backflip","Madness"],"campfire_rested":0,"item_purchase_floors":[10,41,44,54,54],"current_hp_per_floor":[74,75,75,75,75,61,61,29,29,29,35,35,35,41,41,44,67,73,73,73,73,75,75,64,55,55,34,40,38,51,51,51,57,80,85,85,87,87,78,78,78,62,62,62,58,36,36,21,21,21,21,71,71,71,71,71],"gold":44,"neow_bonus":"","is_daily":false,"chose_seed":false,"campfire_upgraded":6,"win_rate":0.0,"timestamp":1607883030,"path_taken":["M","?","M","M","M","E","R","E","T","?","M","R","$","E","R","BOSS","M","M","?","$","M","E","?","E","T","?","?","E","?","?","R","BOSS","M","?","M","?","?","R","$","?","T","$","?","?","E","M","R","BOSS","BOSS","R","$","E","BOSS"],"items_purchased_type":["Relic","Card","Relic","Card","Card"],"build_version":"2020-11-30","purchased_purges":4,"victory":true,"max_hp_per_floor":[75,75,75,75,75,75,75,75,75,75,75,75,75,75,75,75,75,75,75,75,75,75,75,75,75,75,80,80,80,87,87,87,87,87,87,87,87,87,87,87,87,87,87,87,87,87,87,87,87,87,87,87,87,87,87,87],"relic_stats":{"Happy Flower":[33],"Gremlin Horn":[28,28],"counters":[32,121],"Self Forming Clay":[54],"Blue Candle":[0],"Whetstone":["Melter","Wallop"],"Letter Opener":[73],"Boot":[101],"Smiling Mask":175,"Medical Kit":[14],"Burning Blood":151,"Peace Pipe":0,"OrangePellets":[0],"Centennial Puzzle":[45],"obtain_stats":[{"Potion Belt":29,"Happy Flower":6,"Gremlin Horn":26,"Self Forming Clay":23,"Blue Candle":14,"Omamori":25,"Whetstone":9,"Letter Opener":55,"Boot":31,"Smiling Mask":38,"Medical Kit":44,"Ancient Tea Set":46,"Burning Blood":0,"Peace Pipe":47,"OrangePellets":10,"Centennial Puzzle":8,"Anchor":20,"Strawberry":30,"Coffee Dripper":17,"Runic Pyramid":34},{"Potion Belt":18,"Happy Flower":6,"Gremlin Horn":16,"Self Forming Clay":14,"Blue Candle":9,"Omamori":16,"Whetstone":7,"Letter Opener":31,"Boot":19,"Smiling Mask":23,"Medical Kit":24,"Ancient Tea Set":26,"Burning Blood":0,"Peace Pipe":27,"OrangePellets":7,"Centennial Puzzle":7,"Anchor":12,"Strawberry":19,"Coffee Dripper":10,"Runic Pyramid":20},{"Potion Belt":69,"Happy Flower":22,"Gremlin Horn":62,"Self Forming Clay":54,"Blue Candle":38,"Omamori":62,"Whetstone":32,"Letter Opener":116,"Boot":72,"Smiling Mask":87,"Medical Kit":89,"Ancient Tea Set":97,"Burning Blood":0,"Peace Pipe":101,"OrangePellets":32,"Centennial Puzzle":32,"Anchor":47,"Strawberry":72,"Coffee Dripper":43,"Runic Pyramid":77}]},"card_choices":[{"not_picked":["Prepared","Rip and Tear","Ball Lightning"],"picked":"SKIP","floor":1},{"not_picked":["Flying Knee","Go for the Eyes","Riddle With Holes"],"picked":"SKIP","floor":2},{"not_picked":["Prepared","Slice","Crescendo"],"picked":"SKIP","floor":3},{"not_picked":["Dagger Spray","Hologram","Pommel Strike"],"picked":"SKIP","floor":4},{"not_picked":["Pummel","Thunderclap","Juggernaut"],"picked":"SKIP","floor":5},{"not_picked":["Darkness","Halt","Hello World"],"picked":"SKIP","floor":6},{"not_picked":["Streamline","Force Field","Dropkick"],"picked":"SKIP","floor":8},{"not_picked":["Iron Wave","Streamline","Flechettes"],"picked":"SKIP","floor":11},{"not_picked":["Infinite Blades","Feel No Pain","Distraction"],"picked":"SKIP","floor":14},{"not_picked":["Rupture","Cloak And Dagger","Leap"],"picked":"SKIP","floor":18},{"not_picked":["Carnage","Compile Driver","Twin Strike"],"picked":"SKIP","floor":19},{"not_picked":["White Noise","Iron Wave","Rebound"],"picked":"SKIP","floor":22},{"not_picked":["Chaos+1","Expertise","After Image"],"picked":"SKIP","floor":23},{"not_picked":["Flying Knee","Perseverance","Nirvana"],"picked":"SKIP","floor":24},{"not_picked":["Hello World","EmptyBody","Slice"],"picked":"SKIP","floor":25},{"not_picked":["Slice","Underhanded Strike","Heavy Blade+1"],"picked":"SKIP","floor":28},{"not_picked":["Anger","ThirdEye+1","Sever Soul"],"picked":"SKIP","floor":29},{"not_picked":["Hyperbeam","SashWhip","Terror"],"picked":"SKIP","floor":30},{"not_picked":["Wild Strike+1","White Noise+1","Leap"],"picked":"SKIP","floor":35},{"not_picked":["Worship+1","Body Slam+1","Halt"],"picked":"SKIP","floor":37},{"not_picked":["Metallicize+1","Bane","ThirdEye"],"picked":"SKIP","floor":38},{"not_picked":["Prostrate","Deadly Poison","Concentrate"],"picked":"SKIP","floor":39},{"not_picked":["FollowUp","Battle Trance","Echo Form"],"picked":"SKIP","floor":45},{"not_picked":["Fire Breathing","Slice","Dodge and Roll"],"picked":"SKIP","floor":46},{"not_picked":["Turbo","Conserve Battery"],"picked":"Offering","floor":47},{"not_picked":["SandsOfTime","EmptyBody","Beam Cell+1"],"picked":"SKIP","floor":48},{"not_picked":["ThirdEye","Leap","Establishment"],"picked":"SKIP","floor":55}],"player_experience":1580182,"relics_obtained":[{"floor":6,"key":"Happy Flower"},{"floor":8,"key":"Centennial Puzzle"},{"floor":9,"key":"Whetstone"},{"floor":14,"key":"Blue Candle"},{"floor":20,"key":"Anchor"},{"floor":23,"key":"Self Forming Clay"},{"floor":25,"key":"Omamori"},{"floor":26,"key":"Gremlin Horn"},{"floor":29,"key":"Potion Belt"},{"floor":30,"key":"Strawberry"},{"floor":31,"key":"Boot"},{"floor":38,"key":"Smiling Mask"},{"floor":46,"key":"Ancient Tea Set"},{"floor":47,"key":"Peace Pipe"},{"floor":55,"key":"Letter Opener"}],"event_choices":[{"damage_healed":0,"gold_gain":0,"player_choice":"Relic","damage_taken":0,"max_hp_gain":0,"max_hp_loss":0,"event_name":"Wheel of Change","floor":20,"gold_loss":0},{"damage_healed":0,"gold_gain":0,"player_choice":"Shed Blood","damage_taken":26,"max_hp_gain":5,"max_hp_loss":0,"event_name":"Forgotten Altar","floor":27,"gold_loss":0},{"damage_healed":0,"gold_gain":0,"player_choice":"Got Potions","damage_taken":0,"max_hp_gain":0,"max_hp_loss":0,"event_name":"Lab","floor":36,"gold_loss":0},{"damage_healed":0,"gold_gain":0,"player_choice":"Embrace Madness","damage_taken":16,"max_hp_gain":0,"max_hp_loss":0,"event_name":"Winding Halls","floor":42,"gold_loss":0,"cards_obtained":["Madness","Madness"]}],"is_beta":false,"boss_relics":[{"not_picked":["Busted Crown","Runic Dome"],"picked":"Coffee Dripper"},{"not_picked":["Fusion Hammer","Calling Bell"],"picked":"Runic Pyramid"}],"items_purged_floors":[10,21,41,44],"is_endless":false,"potions_floor_spawned":[2,3,4,5,11,18,19,24,29,33,35,37,45,46,55],"ascension_level":20}}