{"host":"vd5put2n5b3t1prw","time":1607890659,"event":{"mods":["2.2 Compatiblity","AchievementEnabler","BaseMod","Better Altar","Better Match","Better Note","Better Sensory Stone","Better Silent Start","Better Skull","Better Third Choice","Better Vampires","Better-Laid Plans","BetterRewards","Block Reminder","Card Forge","Colored Map","Custom Start","Downfall","Emptier Cage","Minty Spire (QoL Compilation)","Quick Restart","Random Character Button","Relic Stats","Reorder Act Four","Spicy Shops","StSLib","Transform Curses","Waifu the Spire"],"gold_per_floor":[113,113,133,157,177,214,214,253,253,296,296,4,0,42,42,153,153,153,153,153,153,36,36,36,36,36,36,36,36,36,36,36,36,36,36,36,36,36,36,36,36,36,36,36,36,36,36,36,36,36,36,36,36,36,36],"floor_reached":56,"playtime":4885,"items_purged":[],"score":1798,"play_id":"6f4dced2-464f-4569-a5f0-535f0a23f3d3","local_time":"20201213141739","is_ascension_mode":true,"campfire_choices":[{"floor":7.0,"key":"RECALL"},{"data":"hexamod:ApocalypticArmor","floor":15.0,"key":"SMITH"},{"data":"expansioncontent:Chronoboost","floor":24.0,"key":"SMITH"},{"floor":29,"key":"REST"},{"floor":32,"key":"REST"},{"data":"hexamod:RetreatToShadows","floor":41,"key":"SMITH"},{"data":"hexamod:GhostOfSpirePresent","floor":49,"key":"SMITH"},{"floor":53,"key":"REST"}],"circlet_count":0,"master_deck":["hexamod:Defend+1","hexamod:Defend+1","hexamod:Defend+1","Apotheosis+1","Heatsinks+1","Electrodynamics+1","Storm+1","Creative AI+1","Storm+1","hexamod:VolcanoVisage+1","hexamod:StepThrough+1","hexamod:StepThrough+1","hexamod:StepThrough+1","hexamod:StepThrough+1","hexamod:GhostOfSpirePresent+1","hexamod:GhostOfSpirePresent+1","hexamod:UnlimitedPower+1","hexamod:NightmareGuise+1","hexamod:ApocalypticArmor+1","hexamod:TimeOfNeed+1","hexamod:ParanormalForm+1","hexamod:Hexaguard+1","expansioncontent:Chronoboost+1","hexamod:FifthSeal","hexamod:SixthSeal","hexamod:EmpoweredFlame+1","hexamod:SixthSeal","hexamod:ThirdSeal","hexamod:ApocalypticArmor+1","hexamod:RetreatToShadows+1","hexamod:HexaLevel+1","hexamod:EmpoweringStance+1","hexamod:FirstSeal","hexamod:SixthSeal","hexamod:RetreatToShadows+1","hexamod:FifthSeal","hexamod:FifthSeal","hexamod:FourthSeal","hexamod:FifthSeal","hexamod:ApocalypticArmor+1","hexamod:FirstSeal","hexamod:RadiantFlame+1","hexamod:GhostOfSpirePresent+1","hexamod:FifthSeal","hexamod:FifthSeal","hexamod:GhostOfSpirePast+1"],"relics":["hexamod:SpiritBrand","Hammer of Thor","Seething Fire","Anvil of the Gods","Mummified Hand","DollysMirror","White Beast Statue","Ginger","Dead Branch","FossilizedHelix","Torii","Membership Card","betterThird:SlimedRelic","Incense Burner","Ectoplasm","Tiny Chest","Regal Pillow","Sundial","Shuriken","SlaversCollar","Akabeko","hexamod:TheBrokenSeal","Anchor","Peace Pipe","Juzu Bracelet","Unceasing Top","hexamod:TheBrokenSeal","hexamod:TheBrokenSeal","Pen Nib"],"acts_visited":["Exordium","TheCity","TheBeyond","TheEnding"],"potions_floor_usage":[],"damage_taken":[{"damage":1.0,"enemies":"Jaw Worm","floor":1.0,"turns":2.0},{"damage":0.0,"enemies":"2 Louse","floor":3.0,"turns":1.0},{"damage":0.0,"enemies":"Small Slimes","floor":4.0,"turns":3.0},{"damage":5.0,"enemies":"Looter","floor":5.0,"turns":2.0},{"damage":0.0,"enemies":"3 Sentries","floor":6.0,"turns":3.0},{"damage":0.0,"enemies":"Gremlin Nob","floor":8.0,"turns":2.0},{"damage":0.0,"enemies":"3 Sentries","floor":10.0,"turns":3.0},{"damage":0.0,"enemies":"Lagavulin","floor":14.0,"turns":2.0},{"damage":18.0,"enemies":"Hexaghost","floor":16.0,"turns":4.0},{"damage":0.0,"enemies":"Spheric Guardian","floor":18.0,"turns":2.0},{"damage":4.0,"enemies":"3 Byrds","floor":20.0,"turns":2.0},{"damage":0.0,"enemies":"Gremlin Leader","floor":23.0,"turns":4.0},{"damage":22,"enemies":"Slavers","floor":25,"turns":4},{"damage":0,"enemies":"Snecko","floor":27,"turns":2},{"damage":0,"enemies":"Cultist and Chosen","floor":28,"turns":3},{"damage":7,"enemies":"Book of Stabbing","floor":30,"turns":3},{"damage":32,"enemies":"Collector","floor":33,"turns":5},{"damage":0,"enemies":"3 Darklings","floor":35,"turns":1},{"damage":0,"enemies":"Orb Walker","floor":38,"turns":2},{"damage":1,"enemies":"Transient","floor":39,"turns":5},{"damage":0,"enemies":"Reptomancer","floor":40,"turns":3},{"damage":0,"enemies":"Giant Head","floor":42,"turns":6},{"damage":0,"enemies":"Nemesis","floor":44,"turns":3},{"damage":0,"enemies":"Sphere and 2 Shapes","floor":46,"turns":2},{"damage":0,"enemies":"Spire Growth","floor":47,"turns":1},{"damage":0,"enemies":"3 Darklings","floor":48,"turns":2},{"damage":6,"enemies":"Time Eater","floor":50,"turns":6},{"damage":0,"enemies":"Shield and Spear","floor":54,"turns":2},{"damage":32,"enemies":"The Heart","floor":55,"turns":4}],"seed_played":"324935168825570694","potions_obtained":[{"floor":1.0,"key":"LiquidMemories"},{"floor":3.0,"key":"Block Potion"},{"floor":4.0,"key":"Slimebound:ThreeZeroPotion"},{"floor":4.0,"key":"FearPotion"},{"floor":5.0,"key":"Fruit Juice"},{"floor":5.0,"key":"EntropicBrew"},{"floor":8.0,"key":"EntropicBrew"},{"floor":10.0,"key":"DuplicationPotion"},{"floor":25,"key":"FairyPotion"}],"is_trial":false,"path_per_floor":["M","?","M","M","M","E","R","E","T","E","?","$","?","E","R","B",null,"M","?","M","?","$","E","R","E","T","M","M","R","E","?","R","B",null,"M","?","T","M","M","E","R","E","T","E","?","M","M","M","R","B",null,"$","R","E","B",null],"character_chosen":"THE_SPIRIT","items_purchased":["Mummified Hand","Apotheosis","DollysMirror","hexamod:SecondSeal","hexamod:StepThrough","White Beast Statue","Membership Card","hexamod:ApocalypticArmor","expansioncontent:Chronoboost","Tiny Chest"],"campfire_rested":3,"item_purchase_floors":[0,0,0,0,0,0,12,12,22,22],"current_hp_per_floor":[70,70,70,70,65,70,70,75,75,75,68,68,57,64,64,53,75,75,75,71,71,71,71,71,49,49,49,49,75,68,68,75,57,75,75,71,71,71,81,81,81,81,81,81,91,91,91,91,91,111,111,111,111,111,93],"gold":36,"neow_bonus":"","is_daily":false,"chose_seed":false,"campfire_upgraded":4,"win_rate":0.0,"timestamp":1607890659,"path_taken":["M","?","M","M","M","E","R","E","T","E","?","$","?","E","R","BOSS","M","?","M","?","$","E","R","E","T","M","?","R","E","?","R","BOSS","M","?","?","M","M","E","R","E","T","E","?","M","M","M","R","BOSS","$","R","E","BOSS"],"items_purchased_type":["Relic","Card","Relic","Card","Card","Relic","Relic","Card","Card","Relic"],"build_version":"2020-11-30","purchased_purges":0,"victory":true,"max_hp_per_floor":[70,70,70,70,70,70,70,75,75,75,75,75,75,75,75,75,75,75,75,75,75,75,75,75,75,75,75,75,75,75,75,75,75,75,75,71,71,71,81,81,81,81,81,81,91,91,91,91,91,111,111,111,111,111,111],"relic_stats":{"Regal Pillow":4,"Torii":12,"counters":[29,84],"Dead Branch":[79],"Pen Nib":[0],"Juzu Bracelet":1,"Ginger":[8],"Peace Pipe":1,"Mummified Hand":[455],"Sundial":[0],"Shuriken":[2],"Tiny Chest":1,"Ectoplasm":690,"obtain_stats":[{"Regal Pillow":23,"Torii":10,"Hammer of Thor":0,"Incense Burner":14,"Juzu Bracelet":43,"Ginger":6,"Cursed Key":0,"Mummified Hand":0,"DollysMirror":0,"Sundial":25,"Tiny Chest":22,"hexamod:SpiritBrand":0,"Dead Branch":8,"hexamod:TheBrokenSeal":39,"Pen Nib":54,"Seething Fire":0,"White Beast Statue":0,"Akabeko":37,"Peace Pipe":42,"SlaversCollar":34,"Anchor":40,"Anvil of the Gods":0,"Shuriken":30,"betterThird:SlimedRelic":13,"Ectoplasm":17,"Membership Card":12,"FossilizedHelix":9,"Unceasing Top":44},{"Regal Pillow":12,"Torii":7,"Hammer of Thor":0,"Incense Burner":8,"Juzu Bracelet":22,"Ginger":5,"Cursed Key":0,"Mummified Hand":0,"DollysMirror":0,"Sundial":13,"Tiny Chest":11,"hexamod:SpiritBrand":0,"Dead Branch":6,"hexamod:TheBrokenSeal":20,"Pen Nib":28,"Seething Fire":0,"White Beast Statue":0,"Akabeko":18,"Peace Pipe":22,"SlaversCollar":17,"Anchor":21,"Anvil of the Gods":0,"Shuriken":16,"betterThird:SlimedRelic":7,"Ectoplasm":9,"Membership Card":7,"FossilizedHelix":6,"Unceasing Top":23},{"Regal Pillow":30,"Torii":16,"Hammer of Thor":0,"Incense Burner":18,"Juzu Bracelet":64,"Ginger":11,"Cursed Key":0,"Mummified Hand":0,"DollysMirror":0,"Sundial":34,"Tiny Chest":26,"hexamod:SpiritBrand":0,"Dead Branch":13,"hexamod:TheBrokenSeal":54,"Pen Nib":80,"Seething Fire":0,"White Beast Statue":0,"Akabeko":48,"Peace Pipe":64,"SlaversCollar":47,"Anchor":58,"Anvil of the Gods":0,"Shuriken":42,"betterThird:SlimedRelic":16,"Ectoplasm":22,"Membership Card":16,"FossilizedHelix":13,"Unceasing Top":67}],"Unceasing Top":[12]},"card_choices":[{"not_picked":["hexamod:Incineration","hexamod:InspiringFlames","hexamod:ThermalTransfer"],"picked":"SKIP","floor":1.0},{"not_picked":["hexamod:BurningTouch","hexamod:RainOfEmbers","hexamod:SpectralAdrenaline"],"picked":"SKIP","floor":3.0},{"not_picked":["hexamod:RadiantFlame","hexamod:Hexaguard"],"picked":"hexamod:GhostOfSpirePresent","floor":4.0},{"not_picked":["hexamod:SwordOfDarkness","hexamod:BacktrackSmack"],"picked":"hexamod:GhostOfSpirePresent","floor":4.0},{"not_picked":["hexamod:BurningTouch","hexamod:ThermalTransfer"],"picked":"hexamod:UnlimitedPower","floor":5.0},{"not_picked":["hexamod:SecondSeal","hexamod:ThirdSeal"],"picked":"hexamod:SixthSeal","floor":6.0},{"not_picked":["hexamod:TimeWarp","hexamod:HauntingEcho","hexamod:GhostflameBarrier"],"picked":"SKIP","floor":6.0},{"not_picked":["hexamod:Again","hexamod:SkipABeat","hexamod:GhostOfSpirePast"],"picked":"SKIP","floor":6.0},{"not_picked":["hexamod:SearingWound","hexamod:SwordOfDarkness"],"picked":"hexamod:NightmareGuise","floor":8.0},{"not_picked":["hexamod:GhostShield","hexamod:InspiringFlames","hexamod:WildfireWeapon"],"picked":"SKIP","floor":8.0},{"not_picked":["hexamod:InspiringFlames","hexamod:GhostShield","hexamod:PhantomCloak"],"picked":"SKIP","floor":10.0},{"not_picked":["hexamod:SpectersWail","hexamod:ApocalypseNow","hexamod:FlamesFromBeyond"],"picked":"SKIP","floor":14.0},{"not_picked":["hexamod:EmpoweringStance","hexamod:TimeWarp"],"picked":"hexamod:TimeOfNeed","floor":16.0},{"not_picked":["hexamod:TurnItUp","hexamod:ApocalypseNow"],"picked":"hexamod:ParanormalForm","floor":16.0},{"not_picked":["hexamod:SecondSeal","hexamod:ThirdSeal"],"picked":"hexamod:SixthSeal","floor":18.0},{"not_picked":["hexamod:CatchUp","hexamod:Firestarter","hexamod:FastForward"],"picked":"SKIP","floor":18.0},{"not_picked":["hexamod:FourthSeal","hexamod:SecondSeal"],"picked":"hexamod:FifthSeal","floor":20.0},{"not_picked":["hexamod:AdvancingGuard","hexamod:RainOfEmbers+1"],"picked":"hexamod:Hexaguard","floor":20.0},{"not_picked":["hexamod:FastForward","hexamod:GhostLash"],"picked":"hexamod:ThirdSeal","floor":23.0},{"not_picked":["hexamod:FourthSeal","hexamod:SixthSeal"],"picked":"hexamod:FifthSeal","floor":23.0},{"not_picked":["hexamod:Toasty","hexamod:BurningTouch+1","hexamod:ChargedBarrage+1"],"picked":"SKIP","floor":23.0},{"not_picked":["hexamod:ThirdSeal","hexamod:SecondSeal"],"picked":"hexamod:FifthSeal","floor":25},{"not_picked":["hexamod:FifthSeal","hexamod:FourthSeal"],"picked":"hexamod:SixthSeal","floor":25},{"not_picked":["hexamod:HauntingEcho","hexamod:RainOfEmbers"],"picked":"hexamod:EmpoweredFlame+1","floor":25},{"not_picked":["hexamod:Again","hexamod:Firestarter","hexamod:BurningTouch+1"],"picked":"SKIP","floor":25},{"not_picked":["hexamod:FirstSeal","hexamod:FourthSeal"],"picked":"hexamod:SixthSeal","floor":27},{"not_picked":["hexamod:FastForward+1","hexamod:ShieldOfDarkness","hexamod:SpectralAdrenaline"],"picked":"SKIP","floor":27},{"not_picked":["hexamod:SecondSeal","hexamod:FourthSeal"],"picked":"hexamod:FirstSeal","floor":28},{"not_picked":["hexamod:FourthSeal","hexamod:ThirdSeal"],"picked":"hexamod:FirstSeal","floor":28},{"not_picked":["hexamod:SoulSteal+1","hexamod:BacktrackSmack+1"],"picked":"hexamod:ThirdSeal","floor":28},{"not_picked":["hexamod:RecurringNightmare","hexamod:GhostLash+1","hexamod:BacktrackSmack"],"picked":"SKIP","floor":28},{"not_picked":["hexamod:SecondSeal","hexamod:FourthSeal"],"picked":"hexamod:ThirdSeal","floor":30},{"not_picked":["hexamod:FlamesFromBeyond","hexamod:BurningTouch+1"],"picked":"hexamod:ApocalypticArmor","floor":30},{"not_picked":["hexamod:RainOfEmbers+1","hexamod:NecessarySacrifice","hexamod:CrushingStance"],"picked":"SKIP","floor":30},{"not_picked":["hexamod:TimeWarp","hexamod:ParanormalForm"],"picked":"hexamod:HexaLevel","floor":33},{"not_picked":["hexamod:ApocalypticArmor","hexamod:GhostflameInferno"],"picked":"hexamod:EmpoweringStance","floor":33},{"not_picked":["hexamod:SixthSeal","hexamod:SecondSeal"],"picked":"hexamod:FirstSeal","floor":35},{"not_picked":["hexamod:SearingWound","hexamod:SpectersWail+1","hexamod:NecessarySacrifice"],"picked":"SKIP","floor":35},{"not_picked":["hexamod:FirstSeal","hexamod:SecondSeal"],"picked":"hexamod:SixthSeal","floor":38},{"not_picked":["hexamod:StepThrough","hexamod:Firestarter+1","hexamod:RainOfEmbers"],"picked":"SKIP","floor":38},{"not_picked":["hexamod:SecondSeal","hexamod:FifthSeal"],"picked":"hexamod:FourthSeal","floor":39},{"not_picked":["hexamod:RadiantFlame","hexamod:AdvancingGuard+1"],"picked":"hexamod:RetreatToShadows","floor":39},{"not_picked":["hexamod:SecondSeal","hexamod:FirstSeal"],"picked":"hexamod:FifthSeal","floor":39},{"not_picked":["hexamod:SwordOfDarkness","hexamod:BacktrackSmack+1","hexamod:RecurringNightmare"],"picked":"SKIP","floor":39},{"not_picked":["hexamod:SwordOfDarkness","hexamod:BacktrackSmack+1","hexamod:RecurringNightmare"],"picked":"SKIP","floor":39},{"not_picked":["hexamod:SecondSeal","hexamod:SixthSeal"],"picked":"hexamod:FifthSeal","floor":40},{"not_picked":["hexamod:FirstSeal","hexamod:ThirdSeal"],"picked":"hexamod:SixthSeal","floor":40},{"not_picked":["hexamod:GhostShield","hexamod:PowerFromBeyond+1"],"picked":"hexamod:FourthSeal","floor":40},{"not_picked":["hexamod:GhostLash","hexamod:NightmareGuise","hexamod:SkipABeat+1"],"picked":"SKIP","floor":40},{"not_picked":["hexamod:SpectersWail+1","hexamod:NightmareStrike+1","hexamod:Rewind"],"picked":"SKIP","floor":40},{"not_picked":["hexamod:ThirdSeal","hexamod:SixthSeal"],"picked":"hexamod:FourthSeal","floor":42},{"not_picked":["hexamod:SecondSeal","hexamod:FirstSeal"],"picked":"hexamod:FifthSeal","floor":42},{"not_picked":["hexamod:GhostShield","hexamod:Again","hexamod:NightmareStrike+1"],"picked":"SKIP","floor":42},{"not_picked":["hexamod:ThermalTransfer+1","hexamod:GhostOfSpirePast+1","hexamod:HeatShield+1"],"picked":"SKIP","floor":42},{"not_picked":["hexamod:InspiringFlames","hexamod:PhantomFireball"],"picked":"hexamod:ApocalypticArmor","floor":44},{"not_picked":["hexamod:GhostLash+1","hexamod:HeatMetal","hexamod:PowerFromBeyond"],"picked":"SKIP","floor":44},{"not_picked":["hexamod:HeatMetal","hexamod:CatchUp+1","hexamod:NightmareStrike+1"],"picked":"SKIP","floor":46},{"not_picked":["hexamod:ShieldOfDarkness+1","hexamod:FlamesFromBeyond+1"],"picked":"hexamod:FirstSeal","floor":47},{"not_picked":["hexamod:EtherealExpedition+1","hexamod:BurningTouch"],"picked":"hexamod:RadiantFlame+1","floor":48},{"not_picked":["hexamod:AdvancingGuard","hexamod:RainOfEmbers+1"],"picked":"hexamod:GhostOfSpirePresent","floor":48},{"not_picked":["hexamod:Hexaguard","hexamod:NightmareStrike","hexamod:GhostLash+1"],"picked":"SKIP","floor":48},{"not_picked":["hexamod:SixthSeal","hexamod:FirstSeal"],"picked":"hexamod:FifthSeal","floor":54},{"not_picked":["hexamod:FirstSeal","hexamod:ThirdSeal"],"picked":"hexamod:FifthSeal","floor":54},{"not_picked":["hexamod:BurningTouch+1","hexamod:FastForward"],"picked":"hexamod:GhostOfSpirePast+1","floor":54}],"player_experience":206313,"relics_obtained":[{"floor":6.0,"key":"Ginger"},{"floor":8.0,"key":"Dead Branch"},{"floor":9.0,"key":"FossilizedHelix"},{"floor":10.0,"key":"Torii"},{"floor":14.0,"key":"Incense Burner"},{"floor":23.0,"key":"Regal Pillow"},{"floor":25,"key":"Sundial"},{"floor":30,"key":"Shuriken"},{"floor":37,"key":"Akabeko"},{"floor":40,"key":"Anchor"},{"floor":42,"key":"Peace Pipe"},{"floor":43,"key":"Juzu Bracelet"},{"floor":44,"key":"Unceasing Top"},{"floor":54,"key":"Pen Nib"}],"event_choices":[{"cards_removed":["hexamod:Defend"],"damage_healed":0.0,"max_hp_gain":0.0,"max_hp_loss":0.0,"gold_gain":0.0,"event_name":"Golden Wing","player_choice":"Card Removal","floor":11.0,"gold_loss":0.0,"damage_taken":7.0},{"damage_healed":0.0,"max_hp_gain":0.0,"max_hp_loss":0.0,"gold_gain":0.0,"event_name":"betterThird:BetterGoop","player_choice":"Slimed","floor":13.0,"gold_loss":4.0,"damage_taken":11.0},{"damage_healed":0.0,"max_hp_gain":0.0,"max_hp_loss":0.0,"gold_gain":0.0,"event_name":"betterNote:BetterNote","player_choice":"Ignored","floor":19.0,"gold_loss":0.0,"damage_taken":0.0,"cards_obtained":["sneckomod:MasterEye"]},{"damage_healed":0.0,"max_hp_gain":0.0,"max_hp_loss":0.0,"gold_gain":0.0,"event_name":"Accursed Blacksmith","player_choice":"Ignored","floor":21.0,"gold_loss":0.0,"damage_taken":0.0},{"damage_healed":0,"gold_gain":0,"player_choice":"Read","damage_taken":0,"max_hp_gain":0,"max_hp_loss":0,"event_name":"The Library","floor":31,"gold_loss":0,"cards_obtained":["hexamod:RetreatToShadows"]},{"damage_healed":0,"gold_gain":0,"player_choice":"Max HP","damage_taken":0,"max_hp_gain":0,"max_hp_loss":4,"event_name":"Winding Halls","floor":36,"gold_loss":0},{"cards_removed":["hexamod:SixthSeal"],"damage_healed":0,"gold_gain":0,"player_choice":"Offered Rare","damage_taken":0,"max_hp_gain":10,"max_hp_loss":0,"event_name":"Bonfire Elementals","floor":45,"gold_loss":0}],"is_beta":false,"boss_relics":[{"not_picked":["Cursed Key","Coffee Dripper"],"picked":"Ectoplasm"},{"not_picked":["SacredBark","Velvet Choker"],"picked":"SlaversCollar"}],"items_purged_floors":[],"is_endless":false,"potions_floor_spawned":[1,3,4,5,8,10,14,16,18,20,27,33,35,38,44,46,47,48],"ascension_level":2}}