{"host":"6w8aqtnmxc00db5e","time":1607872740,"event":{"mods":["BaseMod","Better Altar","Better Match","Better Note","Better Sensory Stone","Better Skull","Better Third Choice","GifTheSpireLib","GungeonMod","Minty Spire (QoL Compilation)","Replay The Spire","StSLib"],"gold_per_floor":[109,128,128,138,138,171,171,206,233,244,24,56,56,81,81,183,233,248,260,260,287,306,332,332,364,364,392,405,405,45,58,58,153,153,173,188,202,220,97,97,132,152,233,261,228,228,263,293,293,293],"floor_reached":51,"playtime":2202,"items_purged":["Gash","Voices"],"score":1373,"play_id":"e88e575e-6e0f-4052-8ba5-be349b7588f9","local_time":"20201213101900","daily_mods":["SealedDeck","Vintage","Heirloom","Time Dilation","DeadlyEvents","Elite Swarm","Uncertain Future"],"is_ascension_mode":false,"campfire_choices":[{"data":"1","floor":7,"key":"LIFT"},{"data":"2","floor":13,"key":"LIFT"},{"data":"3","floor":15,"key":"LIFT"},{"data":"Firewall","floor":24,"key":"SMITH"},{"data":"ReplayGash","floor":32,"key":"SMITH"},{"data":"ReplayTheSpireMod:Omega Cannon","floor":40,"key":"SMITH"},{"data":"ReplayTheSpireMod:Calculation Training","floor":46,"key":"SMITH"},{"data":"Double Energy","floor":49,"key":"SMITH"}],"circlet_count":0,"master_deck":["ReplaySort","Double Energy+1","Beam Cell+1","Gash","Go for the Eyes+1","Scrape","Beam Cell+1","Beam Cell+1","ReplayTheSpireMod:Calculation Training+1","Go for the Eyes","ReplayTheSpireMod:Omega Cannon+1","All For One+1","ReplayTheSpireMod:Reroute Power","Firewall+1","Offering","Beam Cell+1","Seek","Reboot","ReplayGash+1","Gash","Gash"],"relics":["replay:Trail_Library","Girya","Blood Vial","Happy Flower","ReplayTheSpireMod:Ring of Collecting","Ring of Peace","Kunai","Iron Core","DemoMod:VorpalBullet","Replay:Rubber Ducky","Ring of Fury","Whetstone","DemoMod:PoisonVial","Toolbox","Bag of Preparation","Emotion Chip","Tiny House","MealTicket","Prayer Wheel","Cables","DemoMod:PinkGuonStone","Ancient Tea Set","Du-Vu Doll","DataDisk","ReplayTheSpireMod:Ring of Addiction","SacredBark","White Beast Statue","DemoMod:Metronome","HornCleat","Replay:Bottled Eggs","ReplayTheSpireMod:Ring of Exchange","Dream Catcher","Sundial","Quantum Egg","Runic Capacitor","Mirror","DemoMod:MeltedRock","Mummified Hand","Potion Belt","Toxic Egg 2","Ring of Shattering","Eternal Feather","MawBank","DemoMod:Orange","Ginger"],"acts_visited":["Exordium","TheCity","TheBeyond"],"potions_floor_usage":[16,16,16,23,27,31,33,33,33,35,37,38,41,44,47,48,50,50],"damage_taken":[{"damage":8,"enemies":"Small Slimes","floor":1,"turns":2},{"damage":0,"enemies":"2 Louse","floor":2,"turns":1},{"damage":5,"enemies":"Jaw Worm","floor":4,"turns":3},{"damage":12,"enemies":"3 Sentries","floor":6,"turns":4},{"damage":0,"enemies":"Lagavulin","floor":8,"turns":3},{"damage":0,"enemies":"Looter","floor":10,"turns":1},{"damage":0,"enemies":"Gremlin Nob","floor":12,"turns":2},{"damage":0,"enemies":"3 Sentries","floor":14,"turns":1},{"damage":2,"enemies":"Hexaghost","floor":16,"turns":3},{"damage":0,"enemies":"Chosen","floor":18,"turns":1},{"damage":0,"enemies":"Spheric Guardian","floor":19,"turns":2},{"damage":0,"enemies":"Replay:Snechameleon","floor":21,"turns":1},{"damage":0,"enemies":"Snecko","floor":22,"turns":1},{"damage":0,"enemies":"Slavers","floor":23,"turns":1},{"damage":0,"enemies":"Gremlin Leader","floor":25,"turns":1},{"damage":0,"enemies":"Replay:Snechameleon","floor":27,"turns":1},{"damage":0,"enemies":"3 Cultists","floor":28,"turns":1},{"damage":0,"enemies":"Centurion and Healer","floor":31,"turns":1},{"damage":0,"enemies":"Champ","floor":33,"turns":1},{"damage":3,"enemies":"3 Shapes","floor":35,"turns":1},{"damage":0,"enemies":"Orb Walker","floor":36,"turns":1},{"damage":0,"enemies":"4 Shapes","floor":37,"turns":1},{"damage":0,"enemies":"Maw","floor":38,"turns":1},{"damage":0,"enemies":"Giant Head","floor":41,"turns":2},{"damage":0,"enemies":"Writhing Mass","floor":42,"turns":1},{"damage":0,"enemies":"Reptomancer","floor":44,"turns":1},{"damage":0,"enemies":"R_Hoarder","floor":47,"turns":1},{"damage":1,"enemies":"Giant Head","floor":48,"turns":2},{"damage":0,"enemies":"Awakened One","floor":50,"turns":2}],"seed_played":"-3509696162438084871","potions_obtained":[{"floor":6,"key":"Dexterity Potion"},{"floor":10,"key":"FocusPotion"},{"floor":12,"key":"Venom Potion"},{"floor":16,"key":"SteroidPotion"},{"floor":26,"key":"Strength Potion"},{"floor":27,"key":"Weak Potion"},{"floor":31,"key":"SpeedPotion"},{"floor":33,"key":"ColorlessPotion"},{"floor":35,"key":"Adrenaline Potion"},{"floor":36,"key":"FearPotion"},{"floor":37,"key":"BlessingOfTheForge"},{"floor":38,"key":"Elixir"},{"floor":41,"key":"Dexterity Potion"},{"floor":42,"key":"EssenceOfSteel"},{"floor":44,"key":"DemoMod:LeadSkinPotion"},{"floor":47,"key":"Venom Potion"},{"floor":48,"key":"ColorlessPotion"}],"is_trial":true,"path_per_floor":["M","M","?","M","?","E","R","E","T","M","$","E","R","E","R","B",null,"M","M","?","E","M","E","R","E","T","E","M","T","$","M","R","B",null,"M","M","M","M","$","R","E","M","T","E","$","R","E","E","R","B",null],"character_chosen":"DEFECT","items_purchased":["Toolbox","ReplayTheSpireMod:Reroute Power","ReplayGash","Sundial","Gash","Gash"],"campfire_rested":0,"item_purchase_floors":[11,11,30,30,39,45],"current_hp_per_floor":[67,69,69,66,66,56,56,58,58,60,60,62,62,64,64,64,80,80,80,80,87,87,87,87,87,87,87,87,87,87,85,85,85,85,82,84,85,85,85,85,85,85,85,85,85,85,97,96,97,97],"gold":293,"neow_bonus":"","is_daily":false,"chose_seed":false,"campfire_upgraded":5,"win_rate":0.0,"timestamp":1607872740,"path_taken":["M","M","?","M","?","E","R","?","T","M","$","E","R","E","R","BOSS","M","M","?","?","M","E","R","E","T","E","M","?","$","M","R","BOSS","M","?","M","M","?","R","E","M","T","E","$","R","?","E","R","BOSS"],"items_purchased_type":["Relic","Card","Card","Relic","Card","Card"],"build_version":"2020-11-30","purchased_purges":2,"victory":true,"max_hp_per_floor":[75,75,75,75,75,75,75,75,75,75,75,75,75,75,75,75,80,80,80,80,87,87,87,87,87,87,87,87,87,87,85,85,85,85,85,85,85,85,85,85,85,85,85,85,85,85,97,97,97,97],"card_choices":[{"not_picked":["Amplify","Electrodynamics"],"picked":"ReplayTheSpireMod:Omega Cannon","floor":6},{"not_picked":["Creative AI","Machine Learning"],"picked":"All For One","floor":8},{"not_picked":["Reaper","Multi-Cast"],"picked":"Firewall","floor":12},{"not_picked":["Multi-Cast","Machine Learning"],"picked":"Offering","floor":14},{"not_picked":["Firewall","Creative AI"],"picked":"ReplayTheSpireMod:Fabricate Wheel","floor":16},{"not_picked":["Crystallizer","Seeing Red"],"picked":"Beam Cell","floor":17},{"not_picked":["ReplayTheSpireMod:Omega Cannon","Rainbow"],"picked":"Seek","floor":21},{"not_picked":["Meteor Strike","Thunder Strike","Amplify"],"picked":"SKIP","floor":23},{"not_picked":["ReplayTheSpireMod:Fabricate Wheel","Thunder Strike"],"picked":"Reboot","floor":25},{"not_picked":["Core Surge","Seek","Hyperbeam"],"picked":"SKIP","floor":27},{"not_picked":["All For One","Electrodynamics","Amplify"],"picked":"SKIP","floor":41},{"not_picked":["Multi-Cast+1","Machine Learning","Meteor Strike"],"picked":"SKIP","floor":44},{"not_picked":["Mirror Shield+1","Seek+1","Buffer"],"picked":"SKIP","floor":47},{"not_picked":["Machine Learning","Mirror Shield+1","Buffer"],"picked":"SKIP","floor":48}],"player_experience":525307,"relics_obtained":[{"floor":1,"key":"Blood Vial"},{"floor":2,"key":"Happy Flower"},{"floor":3,"key":"ReplayTheSpireMod:Ring of Collecting"},{"floor":3,"key":"Ring of Peace"},{"floor":4,"key":"Kunai"},{"floor":6,"key":"DemoMod:VorpalBullet"},{"floor":8,"key":"Replay:Rubber Ducky"},{"floor":9,"key":"Ring of Fury"},{"floor":9,"key":"Whetstone"},{"floor":10,"key":"DemoMod:PoisonVial"},{"floor":12,"key":"Bag of Preparation"},{"floor":14,"key":"Emotion Chip"},{"floor":18,"key":"MealTicket"},{"floor":19,"key":"Cables"},{"floor":21,"key":"DemoMod:PinkGuonStone"},{"floor":22,"key":"Ancient Tea Set"},{"floor":23,"key":"Du-Vu Doll"},{"floor":25,"key":"DataDisk"},{"floor":26,"key":"ReplayTheSpireMod:Ring of Addiction"},{"floor":26,"key":"SacredBark"},{"floor":26,"key":"White Beast Statue"},{"floor":26,"key":"DemoMod:Metronome"},{"floor":27,"key":"HornCleat"},{"floor":28,"key":"Replay:Bottled Eggs"},{"floor":29,"key":"ReplayTheSpireMod:Ring of Exchange"},{"floor":29,"key":"Dream Catcher"},{"floor":31,"key":"Quantum Egg"},{"floor":36,"key":"Mirror"},{"floor":37,"key":"DemoMod:MeltedRock"},{"floor":38,"key":"Mummified Hand"},{"floor":41,"key":"Potion Belt"},{"floor":42,"key":"Toxic Egg 2"},{"floor":43,"key":"Ring of Shattering"},{"floor":43,"key":"Eternal Feather"},{"floor":44,"key":"MawBank"},{"floor":47,"key":"DemoMod:Orange"},{"floor":48,"key":"Ginger"}],"event_choices":[{"damage_healed":0,"gold_gain":0,"player_choice":"Ignored","damage_taken":0,"max_hp_gain":0,"max_hp_loss":0,"event_name":"betterNote:BetterNote","floor":20,"gold_loss":0,"cards_obtained":["DemoMod:HardPowerCard"]}],"is_beta":false,"boss_relics":[{"not_picked":["Replay:Drink Me","Runic Dome"],"picked":"Tiny House"},{"not_picked":["ChewingGum","Busted Crown"],"picked":"Runic Capacitor"}],"items_purged_floors":[30,39],"is_endless":false,"potions_floor_spawned":[6,10,12,14,16,19,22,27,28,31,33,35,36,37,38,41,42,44,47,48],"ascension_level":0}}