{"host":"tmiksjdllv4oe9un","time":1607837912,"event":{"mods":["Act Like it!","BaseMod","BetterRewards","Defuse TimeMaze Blight","Duelist Mod","Faster Ascension Climbing","GifTheSpireLib","Googly Eyes","Halation","Hallownest","Infinite Spire","Jedi Mod","Minty Spire (QoL Compilation)","Quick Restart","Replay The Spire","Shop Mod","StSLib"],"gold_per_floor":[145,145,145,164,174,206,206,225,225,225,236,236,265,278,278,378,378,393,393,81,81,81],"floor_reached":21,"playtime":441,"items_purged":[],"score":213,"play_id":"ab7f17f6-446b-45a0-bf52-5adf14e64ad3","local_time":"20201213003832","is_ascension_mode":false,"campfire_choices":[{"data":"theDuelist:YamataDragon","floor":7,"key":"SMITH"},{"floor":15,"key":"DIG"}],"circlet_count":0,"master_deck":["theDuelist:BabyDragon","theDuelist:CastleWalls","theDuelist:CastleWalls","theDuelist:CaveDragon","theDuelist:CaveDragon","theDuelist:LesserDragon+1","theDuelist:LesserDragon+1","theDuelist:Sparks","theDuelist:Sparks","theDuelist:YamataDragon+1","theDuelist:Raigeki","theDuelist:BSkullDragon","theDuelist:Raigeki"],"relics":["theDuelist:MillenniumPuzzle","theDuelist:CardPoolRelic","theDuelist:CardPoolBasicRelic","theDuelist:BoosterPackPoolRelic","theDuelist:CardPoolAddRelic","theDuelist:CardPoolMinusRelic","theDuelist:CardPoolSaveRelic","theDuelist:CardPoolOptionsRelic","NeowsBlessing","Happy Flower","Spirit Poop","jedi:kaleidoscope","infinitespire:SolderingIron","Replay:Bottled Eggs","theDuelist:BoosterPackTrapEgg","Bronze Scales","Replay:Wax Seal","Mark of Pain","MerchantsRug","White Beast Statue"],"acts_visited":["Exordium","TheCity"],"potions_floor_usage":[13],"damage_taken":[{"damage":0,"enemies":"Small Slimes","floor":1,"turns":1},{"damage":0,"enemies":"Cultist","floor":4,"turns":1},{"damage":0,"enemies":"Jaw Worm","floor":5,"turns":1},{"damage":15,"enemies":"Replay:BlueRogue","floor":6,"turns":4},{"damage":0,"enemies":"Exordium Wildlife","floor":8,"turns":2},{"damage":0,"enemies":"Blue Slaver","floor":11,"turns":2},{"damage":0,"enemies":"Gremlin Nob","floor":13,"turns":3},{"damage":4,"enemies":"3 Louse","floor":14,"turns":2},{"damage":53,"enemies":"Fading Forest","floor":16,"turns":11},{"damage":0,"enemies":"Spheric Guardian","floor":18,"turns":3},{"damage":0,"enemies":"2 Thieves","floor":21,"turns":1}],"seed_played":"5272524755099337183","potions_obtained":[{"floor":4,"key":"jedi:tentaclejuice"},{"floor":5,"key":"Fruit Juice"},{"floor":11,"key":"theDuelist:FusionPotion"},{"floor":14,"key":"theDuelist:ExtraOrbsBottle"}],"is_trial":false,"path_per_floor":["M","?","?","M","M","E","R","M","T","T","M","?","E","M","R","B",null,"M","?","$","M"],"character_chosen":"THE_DUELIST","items_purchased":["MerchantsRug","White Beast Statue"],"campfire_rested":0,"item_purchase_floors":[20,20],"current_hp_per_floor":[80,80,80,80,80,65,65,65,65,65,65,59,64,60,60,17,85,85,85,85,85,85],"gold":81,"neow_bonus":"THREE_ENEMY_KILL","is_daily":false,"chose_seed":false,"campfire_upgraded":1,"win_rate":0.0,"timestamp":1607837912,"path_taken":["M","?","?","M","M","E","R","?","T","?","?","?","E","M","R","BOSS","M","?","$","M"],"items_purchased_type":["Relic","Relic"],"build_version":"2020-11-30","purchased_purges":0,"victory":false,"max_hp_per_floor":[80,80,80,80,80,80,80,80,80,80,80,80,85,85,85,85,85,85,85,85,85,85],"card_choices":[{"not_picked":["theDuelist:Sabersaurus","theDuelist:Carboneddon","theDuelist:BlackBrachios","theDuelist:Babycerasaurus","theDuelist:Anthrosaurus"],"picked":"SKIP","floor":1},{"not_picked":["theDuelist:BattleguardKing","theDuelist:BigFire","theDuelist:Hinotama","theDuelist:RainbowOverdragon","theDuelist:LightningDarts"],"picked":"SKIP","floor":4},{"not_picked":["theDuelist:SnowdustDragon","theDuelist:BlueEyesUltimate","theDuelist:ScrapIronScarecrow","theDuelist:BackupSoldier","theDuelist:HorusServant"],"picked":"SKIP","floor":5},{"not_picked":["theDuelist:DarkDriceratops","theDuelist:ScrapIronScarecrow","theDuelist:CloudianGhost","theDuelist:MirageDragon","theDuelist:ThreateningRoar"],"picked":"SKIP","floor":6},{"not_picked":["theDuelist:VeilDarkness+1","theDuelist:SpiralSpearStrike+1","theDuelist:SafeZone","theDuelist:DragonShield+1","theDuelist:DefenseDraw"],"picked":"SKIP","floor":8},{"not_picked":["theDuelist:Pyrorex","theDuelist:CyberTwinDragon","theDuelist:FrozenFitzgerald","theDuelist:BlackVeloci","theDuelist:AutorokketDragon"],"picked":"SKIP","floor":11},{"not_picked":["theDuelist:Beatraptor","theDuelist:CaveDragon","theDuelist:HazyFlameHydra","theDuelist:BlackPtera","theDuelist:TyrantWing+1"],"picked":"SKIP","floor":13},{"not_picked":["theDuelist:BigFire","theDuelist:LightningDarts+1","theDuelist:RainbowOverdragon","theDuelist:ForbiddenLance"],"picked":"theDuelist:Raigeki","floor":14},{"not_picked":["theDuelist:SurvivalFittest+1","theDuelist:OceanDragonLord","theDuelist:FiveHeaded","theDuelist:BusterBladerDDS"],"picked":"theDuelist:BSkullDragon","floor":16},{"not_picked":["theDuelist:BattleguardKing+1","theDuelist:Hinotama","theDuelist:LightningDarts+1","theDuelist:RainbowOverdragon"],"picked":"theDuelist:Raigeki","floor":18}],"player_experience":17216,"relics_obtained":[{"floor":6,"key":"jedi:kaleidoscope"},{"floor":9,"key":"infinitespire:SolderingIron"},{"floor":10,"key":"Replay:Bottled Eggs"},{"floor":13,"key":"Bronze Scales"},{"floor":15,"key":"Replay:Wax Seal"}],"event_choices":[{"damage_healed":0,"gold_gain":0,"player_choice":"Box","damage_taken":0,"relics_obtained":["Happy Flower"],"max_hp_gain":0,"max_hp_loss":0,"event_name":"Big Fish","floor":2,"gold_loss":0,"cards_obtained":["Regret"]},{"cards_removed":["Regret"],"damage_healed":0,"gold_gain":0,"player_choice":"Offered Curse","damage_taken":0,"relics_obtained":["Spirit Poop"],"max_hp_gain":0,"max_hp_loss":0,"event_name":"Bonfire Elementals","floor":3,"gold_loss":0},{"damage_healed":0,"gold_gain":0,"player_choice":"Dig - random Duelist relic","duelist":true,"damage_taken":0,"max_hp_gain":0,"max_hp_loss":0,"event_name":"Aknamkanon\u0027s Tomb","floor":12,"gold_loss":0},{"damage_healed":0,"gold_gain":0,"player_choice":"Leave","duelist":true,"damage_taken":0,"max_hp_gain":0,"max_hp_loss":0,"event_name":"Egyptian Village","floor":19,"gold_loss":0}],"is_beta":false,"boss_relics":[{"not_picked":["Replay:Drink Me","Ectoplasm"],"picked":"Mark of Pain"}],"items_purged_floors":[],"is_endless":false,"potions_floor_spawned":[4,5,11,14],"killed_by":"2 Thieves","ascension_level":0}}