{"host":"qwttrqaysb380yri","time":1607884550,"event":{"mods":["BaseMod","Custom Start","Minty Spire (QoL Compilation)","Puzzle Mod","Relic Stats","StSLib","The Cursed","The Hierophant"],"gold_per_floor":[118,118,138,138,150,153,153,145,145,147,167,177,207,223,223,288,288,295,307,307,132,132,132,165,165,242,253,253,106,106,56,56,128,128,131,131,146,368,386,369,358,358,385,397,389,361,361],"floor_reached":46,"playtime":1501,"items_purged":["hierophant:Strike_Hierophant","hierophant:Punish"],"score":942,"play_id":"ee9bd6bd-35b1-437c-87ec-96762de8977b","local_time":"20201213193550","is_ascension_mode":true,"campfire_choices":[{"floor":7,"key":"REST"},{"data":"hierophant:Purify","floor":15,"key":"SMITH"},{"floor":23,"key":"REST"},{"data":"hierophant:Martyrdom","floor":25,"key":"SMITH"},{"data":"hierophant:DeathKnell","floor":28,"key":"SMITH"},{"data":"hierophant:Empathy","floor":30,"key":"SMITH"},{"floor":32,"key":"REST"},{"data":"hierophant:HammerAndAnvil","floor":44,"key":"SMITH"}],"circlet_count":0,"master_deck":["AscendersBane","hierophant:Strike_Hierophant","hierophant:Strike_Hierophant","hierophant:Defend_Hierophant","hierophant:Defend_Hierophant","hierophant:Defend_Hierophant","hierophant:Defend_Hierophant","hierophant:ChurchCoffers","hierophant:Zeal","hierophant:FlamingChariot","hierophant:Zeal","hierophant:SealAway+1","hierophant:Purify+1","hierophant:ThreeLashes+1","hierophant:Kindle","hierophant:Martyrdom+1","hierophant:MorningPrayer","hierophant:DeathKnell+1","hierophant:Empathy+1","hierophant:Shelter","hierophant:HammerAndAnvil+1","hierophant:Shelter","hierophant:Encroach","hierophant:Levitation","hierophant:Purify+1","Writhe","Parasite"],"relics":["hierophant:PropheticMaskRelic","Blood Vial","FossilizedHelix","White Beast Statue","Omamori","Velvet Choker","Red Mask","Matryoshka","Molten Egg 2","Ornamental Fan","Calling Bell","Vajra","Frozen Egg 2","Bird Faced Urn","Turnip","MawBank","Whetstone"],"acts_visited":["Exordium","TheCity","TheBeyond"],"potions_floor_usage":[6,10,10,13,14,16,16,19,24,27,33,33,37,40,41,45,45],"damage_taken":[{"damage":0,"enemies":"2 Louse","floor":1,"turns":2},{"damage":7,"enemies":"Jaw Worm","floor":3,"turns":3},{"damage":0,"enemies":"Small Slimes","floor":5,"turns":2},{"damage":34,"enemies":"Gremlin Nob","floor":6,"turns":4},{"damage":41,"enemies":"Lagavulin","floor":8,"turns":6},{"damage":0,"enemies":"Looter","floor":10,"turns":2},{"damage":0,"enemies":"3 Louse","floor":11,"turns":1},{"damage":0,"enemies":"Exordium Thugs","floor":12,"turns":2},{"damage":0,"enemies":"Gremlin Nob","floor":13,"turns":2},{"damage":0,"enemies":"Blue Slaver","floor":14,"turns":2},{"damage":0,"enemies":"Hexaghost","floor":16,"turns":7},{"damage":11,"enemies":"Shell Parasite","floor":18,"turns":4},{"damage":41,"enemies":"Masked Bandits","floor":19,"turns":5},{"damage":21,"enemies":"Gremlin Leader","floor":24,"turns":5},{"damage":0,"enemies":"Chosen","floor":27,"turns":4},{"damage":45,"enemies":"Automaton","floor":33,"turns":10},{"damage":26,"enemies":"3 Darklings","floor":35,"turns":6},{"damage":4,"enemies":"3 Shapes","floor":37,"turns":3},{"damage":2,"enemies":"Transient","floor":39,"turns":5},{"damage":31,"enemies":"Giant Head","floor":40,"turns":7},{"damage":0,"enemies":"3 Darklings","floor":41,"turns":5},{"damage":19,"enemies":"Spire Growth","floor":45,"turns":6},{"damage":30,"enemies":"Writhing Mass","floor":46,"turns":6}],"seed_played":"-3848050865016669793","potions_obtained":[{"floor":1,"key":"DistilledChaos"},{"floor":6,"key":"Swift Potion"},{"floor":8,"key":"BlessingOfTheForge"},{"floor":10,"key":"PowerPotion"},{"floor":11,"key":"Fire Potion"},{"floor":12,"key":"BlessingOfTheForge"},{"floor":13,"key":"PowerPotion"},{"floor":14,"key":"DuplicationPotion"},{"floor":16,"key":"CultistPotion"},{"floor":18,"key":"Block Potion"},{"floor":19,"key":"Weak Potion"},{"floor":24,"key":"Regen Potion"},{"floor":27,"key":"Energy Potion"},{"floor":33,"key":"Fire Potion"},{"floor":35,"key":"Ancient Potion"},{"floor":37,"key":"LiquidBronze"},{"floor":39,"key":"ColorlessPotion"},{"floor":40,"key":"EssenceOfSteel"},{"floor":41,"key":"EssenceOfSteel"},{"floor":45,"key":"Fire Potion"}],"is_trial":false,"path_per_floor":["M","?","M","?","M","E","R","E","T","M","M","M","E","M","R","B",null,"M","?","?","$","?","R","E","R","T","M","R","$","R","$","R","B",null,"M","?","M","?","M","E","M","?","T","R","M","M"],"character_chosen":"HIEROPHANT","items_purchased":["hierophant:Shelter","hierophant:Purify","hierophant:Shelter","hierophant:Encroach"],"campfire_rested":3,"item_purchase_floors":[21,21,29,31],"current_hp_per_floor":[68,61,54,59,59,25,49,10,10,12,14,16,18,20,20,22,66,57,18,18,18,18,42,23,23,23,37,37,37,37,37,61,18,65,43,59,57,57,57,32,36,36,36,36,21,0,0],"gold":361,"neow_bonus":"THREE_CARDS","is_daily":false,"chose_seed":false,"campfire_upgraded":5,"win_rate":0.0,"timestamp":1607884550,"path_taken":["M","?","M","?","M","E","R","E","T","M","M","M","E","M","R","BOSS","M","?","?","$","?","R","E","R","T","M","R","$","R","?","R","BOSS","M","?","M","?","M","E","M","?","T","R","M","M"],"items_purchased_type":["Card","Card","Card","Card"],"build_version":"2020-11-30","purchased_purges":2,"victory":false,"max_hp_per_floor":[75,75,75,80,80,80,80,80,80,80,80,80,80,80,80,80,80,80,80,80,80,80,80,80,80,80,80,80,80,80,80,80,80,80,80,80,80,80,80,80,80,80,80,80,80,80,80],"relic_stats":{"Blood Vial":38,"counters":[23,99],"Ornamental Fan":[24],"Bird Faced Urn":[12],"Turnip":[0],"Whetstone":["hierophant:ThreeLashes","hierophant:SealAway"],"MawBank":36,"obtain_stats":[{"hierophant:PropheticMaskRelic":0,"Velvet Choker":17,"Vajra":34,"Omamori":13,"Whetstone":43,"Frozen Egg 2":34,"MawBank":43,"White Beast Statue":9,"Blood Vial":6,"Calling Bell":34,"Matryoshka":24,"Ornamental Fan":26,"Bird Faced Urn":34,"Molten Egg 2":26,"Turnip":40,"Red Mask":19,"FossilizedHelix":8},{"hierophant:PropheticMaskRelic":0,"Velvet Choker":11,"Vajra":16,"Omamori":9,"Whetstone":21,"Frozen Egg 2":16,"MawBank":21,"White Beast Statue":5,"Blood Vial":4,"Calling Bell":16,"Matryoshka":14,"Ornamental Fan":14,"Bird Faced Urn":16,"Molten Egg 2":14,"Turnip":20,"Red Mask":13,"FossilizedHelix":5},{"hierophant:PropheticMaskRelic":0,"Velvet Choker":33,"Vajra":61,"Omamori":24,"Whetstone":87,"Frozen Egg 2":61,"MawBank":87,"White Beast Statue":17,"Blood Vial":11,"Calling Bell":61,"Matryoshka":47,"Ornamental Fan":47,"Bird Faced Urn":61,"Molten Egg 2":47,"Turnip":82,"Red Mask":42,"FossilizedHelix":17}]},"card_choices":[{"not_picked":["hierophant:Sermon","hierophant:FieryStrike"],"picked":"hierophant:Zeal","floor":0},{"not_picked":["hierophant:Community","hierophant:ConvertCurrency"],"picked":"hierophant:FlamingChariot","floor":1},{"not_picked":["hierophant:PristineSoul","hierophant:Sermon"],"picked":"hierophant:Zeal","floor":3},{"not_picked":["hierophant:FaithHealing","hierophant:HolyVerse","hierophant:Prophecy"],"picked":"SKIP","floor":5},{"not_picked":["hierophant:Community","hierophant:DisplayOfPower","hierophant:AuricBeam"],"picked":"SKIP","floor":6},{"not_picked":["hierophant:ThreeLashes","hierophant:Zeal"],"picked":"hierophant:SealAway","floor":8},{"not_picked":["hierophant:TollTheBells","hierophant:Zeal"],"picked":"hierophant:Purify","floor":10},{"not_picked":["hierophant:SecretStash","hierophant:Doomsaying"],"picked":"hierophant:ThreeLashes","floor":11},{"not_picked":["hierophant:ThreeLashes","hierophant:Purify"],"picked":"hierophant:Kindle","floor":12},{"not_picked":["hierophant:FieryStrike","hierophant:RecallFunds"],"picked":"hierophant:Martyrdom","floor":13},{"not_picked":["hierophant:SealAway","hierophant:Purify"],"picked":"hierophant:MorningPrayer","floor":14},{"not_picked":["hierophant:Batter","hierophant:Cornucopia"],"picked":"hierophant:DeathKnell","floor":16},{"not_picked":["hierophant:Doubloon","hierophant:Remorse","hierophant:FlamingChariot"],"picked":"SKIP","floor":18},{"not_picked":["hierophant:Prophecy+1","hierophant:AuricBeam"],"picked":"hierophant:Empathy","floor":19},{"not_picked":["hierophant:DisplayOfPower","hierophant:ThreeLashes","hierophant:Remorse+1"],"picked":"SKIP","floor":24},{"not_picked":["hierophant:HammerAndAnvil","hierophant:FaithHealing","hierophant:Empathy+1"],"picked":"SKIP","floor":27},{"not_picked":["hierophant:Invocation","hierophant:Cornucopia"],"picked":"hierophant:Levitation","floor":33},{"not_picked":["hierophant:SecretStash","hierophant:Zeal+1"],"picked":"hierophant:Purify+1","floor":35},{"not_picked":["hierophant:PassingBell+1","hierophant:Doubloon+1","hierophant:Zeal+1"],"picked":"SKIP","floor":37},{"not_picked":["hierophant:AuricBeam+1","hierophant:Doubloon+1","hierophant:HammerAndAnvil"],"picked":"SKIP","floor":39},{"not_picked":["hierophant:Flagellation","hierophant:PassingBell+1","hierophant:Doubloon"],"picked":"SKIP","floor":40},{"not_picked":["hierophant:FlamingChariot+1","hierophant:RustyCrate","hierophant:DisplayOfPower+1"],"picked":"SKIP","floor":41},{"not_picked":["hierophant:FaithHealing+1","hierophant:Doubloon+1","hierophant:RepressedViolence+1"],"picked":"SKIP","floor":45}],"player_experience":1827665,"relics_obtained":[{"floor":6,"key":"Blood Vial"},{"floor":8,"key":"FossilizedHelix"},{"floor":9,"key":"White Beast Statue"},{"floor":13,"key":"Omamori"},{"floor":19,"key":"Red Mask"},{"floor":24,"key":"Matryoshka"},{"floor":26,"key":"Molten Egg 2"},{"floor":26,"key":"Ornamental Fan"},{"floor":34,"key":"Vajra"},{"floor":34,"key":"Frozen Egg 2"},{"floor":34,"key":"Bird Faced Urn"},{"floor":40,"key":"Turnip"},{"floor":43,"key":"MawBank"},{"floor":43,"key":"Whetstone"}],"event_choices":[{"cards_removed":["hierophant:Strike_Hierophant"],"damage_healed":0,"gold_gain":0,"player_choice":"Card Removal","damage_taken":7,"max_hp_gain":0,"max_hp_loss":0,"event_name":"Golden Wing","floor":2,"gold_loss":0},{"damage_healed":0,"gold_gain":0,"player_choice":"Donut","damage_taken":0,"max_hp_gain":5,"max_hp_loss":0,"event_name":"Big Fish","floor":4,"gold_loss":0},{"damage_healed":0,"gold_gain":0,"player_choice":"Fought Bandits","damage_taken":0,"max_hp_gain":0,"max_hp_loss":0,"event_name":"Masked Bandits","floor":19,"gold_loss":0},{"damage_healed":0,"gold_gain":0,"player_choice":"Smashed Altar","damage_taken":0,"max_hp_gain":0,"max_hp_loss":0,"event_name":"Forgotten Altar","floor":20,"gold_loss":0,"cards_obtained":["Decay"]},{"damage_healed":0,"gold_gain":0,"player_choice":"Read","damage_taken":0,"max_hp_gain":0,"max_hp_loss":0,"event_name":"The Library","floor":22,"gold_loss":0,"cards_obtained":["hierophant:HammerAndAnvil"]},{"damage_healed":16,"gold_gain":0,"player_choice":"Writhe","damage_taken":0,"max_hp_gain":0,"max_hp_loss":0,"event_name":"Winding Halls","floor":36,"gold_loss":0,"cards_obtained":["Writhe"]},{"damage_healed":0,"gold_gain":222,"player_choice":"Wore Mask","damage_taken":0,"max_hp_gain":0,"max_hp_loss":0,"event_name":"Tomb of Lord Red Mask","floor":38,"gold_loss":0},{"cards_removed":["hierophant:Purify"],"damage_healed":0,"gold_gain":0,"player_choice":"Removed Attack","damage_taken":0,"max_hp_gain":0,"max_hp_loss":0,"event_name":"Falling","floor":42,"gold_loss":0}],"is_beta":false,"boss_relics":[{"not_picked":["Coffee Dripper","Tiny House"],"picked":"Velvet Choker"},{"not_picked":["Fusion Hammer","Philosopher\u0027s Stone"],"picked":"Calling Bell"}],"items_purged_floors":[21,29],"is_endless":false,"potions_floor_spawned":[1,6,8,10,11,12,13,14,16,18,19,24,27,33,35,37,39,40,41,45],"killed_by":"Writhing Mass","ascension_level":15}}