{"host":"ks12kfi5c4d9hdxy","time":1607885817,"event":{"mods":["BaseMod","Conspire","GifTheSpireLib","HololiveMod","Koishi","LagranYue(拉格朗・月)","Marisa（F雨　魔理沙）","Minty Spire (QoL Compilation)","Reimu（博丽灵梦）","Remilia（蕾米莉亚）","Replay The Spire","RumiaBox-露米娅的神秘盒子","StSLib","SuperFastMode","The Administrix","The Servant 0.9.4","Youmu（魂魄妖梦）","Yuyuko","【功能Mod】混沌之环修复补丁","【功能Mod】聪明的最终Boss","篝火指南"],"gold_per_floor":[110,110,122,137,156,187,204,204,204],"floor_reached":8,"playtime":189,"items_purged":[],"score":105,"play_id":"d8eae3a5-ca3b-48e6-a7d0-cf00ff2358ec","local_time":"20201214025657","is_ascension_mode":true,"campfire_choices":[],"circlet_count":0,"master_deck":["AscendersBane","Strike_MRS","Strike_MRS","Strike_MRS","Strike_MRS","Defend_MRS","Defend_MRS","Defend_MRS","Defend_MRS","MasterSpark+1","UpSweep","MilkyWay","DeepEcoloBomb","MagicAbsorber","UnstableBomb"],"relics":["MiniHakkero","LagranYue:RandomDrawCardRelic","NeowsBlessing"],"acts_visited":["Exordium"],"potions_floor_usage":[8],"damage_taken":[{"damage":0.0,"enemies":"Small Slimes","floor":1.0,"turns":1.0},{"damage":0.0,"enemies":"Cultist","floor":3.0,"turns":1.0},{"damage":0.0,"enemies":"Jaw Worm","floor":4.0,"turns":1.0},{"damage":3.0,"enemies":"Looter","floor":5.0,"turns":4.0},{"damage":24.0,"enemies":"Gremlin Nob","floor":6.0,"turns":4.0},{"damage":2,"enemies":"Large Slime","floor":7,"turns":4},{"damage":27,"enemies":"3 Sentries","floor":8,"turns":8}],"seed_played":"3864316685125563849","potions_obtained":[{"floor":4.0,"key":"Strength Potion"},{"floor":7,"key":"Reflective Coating"}],"is_trial":false,"path_per_floor":["M","?","M","M","M","E","M","E"],"character_chosen":"MARISA","items_purchased":[],"campfire_rested":0,"item_purchase_floors":[],"current_hp_per_floor":[63,63,63,63,60,36,34,7,7],"gold":204,"neow_bonus":"THREE_ENEMY_KILL","is_daily":false,"chose_seed":false,"campfire_upgraded":0,"win_rate":0.0,"timestamp":1607885817,"path_taken":["M","?","M","M","?","E","M","E"],"items_purchased_type":[],"build_version":"2020-11-30","purchased_purges":0,"victory":false,"max_hp_per_floor":[70,70,70,70,70,70,70,70,70],"card_choices":[{"not_picked":["SporeBomb","MysteriousBeam","Robbery"],"picked":"SKIP","floor":1.0},{"not_picked":["OpenUniverse","DC"],"picked":"MilkyWay","floor":3.0},{"not_picked":["LuminesStrike","NonDirectionalLaser"],"picked":"DeepEcoloBomb","floor":4.0},{"not_picked":["DC","SporeBomb"],"picked":"MagicAbsorber","floor":5.0},{"not_picked":["Occultation","DarkSpark","WitchLeyline"],"picked":"SKIP","floor":6},{"not_picked":["MysteriousBeam","GrandCross"],"picked":"UnstableBomb","floor":7}],"player_experience":450433,"relics_obtained":[],"event_choices":[{"damage_healed":0.0,"max_hp_gain":0.0,"max_hp_loss":0.0,"gold_gain":0.0,"event_name":"Upgrade Shrine","player_choice":"Upgraded","floor":2.0,"gold_loss":0.0,"damage_taken":0.0,"cards_upgraded":["MasterSpark"]}],"is_beta":false,"boss_relics":[],"items_purged_floors":[],"is_endless":false,"potions_floor_spawned":[4,7],"killed_by":"3 Sentries","ascension_level":15}}