{"host":"ljavmhyz2e552xgo","time":1607853747,"event":{"mods":["BaseMod","Better Third Choice","Downfall","Friendly Minions","Minty Spire (QoL Compilation)","Permanent Neow","Spicy Shops","StSLib"],"gold_per_floor":[99,99,99,99,127,127,127,137,137,163,174,186,186,202,222,318,318,318],"floor_reached":17,"playtime":988,"items_purged":[],"score":190,"play_id":"53faca9a-7b91-4c52-98e1-d22463367d3e","local_time":"20201213040227","is_ascension_mode":false,"campfire_choices":[{"data":"Slimebound:Split","floor":1,"key":"SMITH"}],"circlet_count":0,"master_deck":["Slimebound:Strike_Slimebound","Slimebound:Tackle","Slimebound:Defend_Slimebound","Slimebound:Defend_Slimebound","Slimebound:Defend_Slimebound","Slimebound:Defend_Slimebound","Slimebound:Split+1","Slimebound:CorrosiveSpit","Slimebound:Repurpose","Slimebound:LeechingTouch","Slimebound:ProtectTheBoss","Regret","Slimebound:GoopSpray","Slimebound:SplitLeeching","Slimebound:SplitBruiser","Slimebound:SplitMire","Slimebound:SpikyOuterGoop","Slimebound:LeechingTouch","Slimebound:LivingWall","Slimebound:DouseInSlime"],"relics":["Slimebound:AbsorbEndCombat","downfall:HeartsMalice","Ornamental Fan","Smiling Mask","Lantern","downfall:BrokenWingStatue","Gremlin Horn","Sozu"],"acts_visited":["Exordium","TheCity"],"potions_floor_usage":[10,11,16,16,16],"damage_taken":[{"damage":0,"enemies":"Small Slimes","floor":3,"turns":1},{"damage":0,"enemies":"Cultist","floor":4,"turns":1},{"damage":0,"enemies":"Gremlin Nob","floor":5,"turns":1},{"damage":9,"enemies":"2 Louse","floor":8,"turns":3},{"damage":49,"enemies":"Lagavulin","floor":10,"turns":8},{"damage":15,"enemies":"2 Fungi Beasts","floor":11,"turns":3},{"damage":13,"enemies":"Lots of Slimes","floor":12,"turns":2},{"damage":32,"enemies":"Large Slime","floor":14,"turns":5},{"damage":21,"enemies":"Blue Slaver","floor":15,"turns":4},{"damage":53,"enemies":"downfall:Defect","floor":16,"turns":9}],"seed_played":"-2122315372293572342","potions_obtained":[{"floor":5,"key":"FearPotion"},{"floor":10,"key":"Explosive Potion"},{"floor":12,"key":"ColorlessPotion"},{"floor":14,"key":"Slimebound:SlimedPotion"},{"floor":15,"key":"Energy Potion"}],"is_trial":false,"path_per_floor":["R","?","M","M","E","?","T","M","?","E","M","M","?","M","M","B",null],"character_chosen":"SLIMEBOUND","items_purchased":[],"campfire_rested":0,"item_purchase_floors":[],"current_hp_per_floor":[60,60,60,60,60,60,60,59,59,32,39,44,44,36,33,16,60,60],"gold":318,"neow_bonus":"THREE_ENEMY_KILL","is_daily":false,"chose_seed":false,"campfire_upgraded":1,"win_rate":0.0,"timestamp":1607853747,"path_taken":["R","?","?","M","E","?","T","M","?","E","M","M","?","?","M","BOSS"],"items_purchased_type":[],"build_version":"2020-11-30","purchased_purges":0,"victory":false,"max_hp_per_floor":[60,60,60,60,60,60,60,60,60,60,60,60,60,60,60,60,60,60],"card_choices":[{"not_picked":["Slimebound:Replication","Slimebound:Schlurp"],"picked":"Slimebound:Repurpose","floor":3},{"not_picked":["Slimebound:Schlurp","Slimebound:SamplingLick"],"picked":"Slimebound:LeechingTouch","floor":4},{"not_picked":["Slimebound:Schlurp","Slimebound:MegaLick"],"picked":"Slimebound:ProtectTheBoss","floor":5},{"not_picked":["Slimebound:GrowthPunch","Slimebound:SlimeBrawl"],"picked":"Slimebound:GoopSpray","floor":8},{"not_picked":["Slimebound:Nibble","Slimebound:ForwardTackle"],"picked":"Slimebound:SplitLeeching","floor":10},{"not_picked":["Slimebound:ViciousTackle","Slimebound:RejuvenatingLick"],"picked":"Slimebound:SplitBruiser","floor":11},{"not_picked":["Slimebound:TongueLash","Slimebound:CheckThePlaybook"],"picked":"Slimebound:SplitMire","floor":12},{"not_picked":["Slimebound:SplitBruiser","Slimebound:ProtectTheBoss"],"picked":"Slimebound:LeechingTouch","floor":14},{"not_picked":["Slimebound:SlimeSpikes","Slimebound:SplitAcid"],"picked":"Slimebound:LivingWall","floor":15},{"not_picked":["Slimebound:OneTwoCombo","Slimebound:CheckThePlaybook"],"picked":"Slimebound:DouseInSlime","floor":16}],"player_experience":1397597,"relics_obtained":[{"floor":5,"key":"Ornamental Fan"},{"floor":7,"key":"Lantern"},{"floor":10,"key":"Gremlin Horn"}],"event_choices":[{"cards_removed":["Slimebound:Strike_Slimebound"],"damage_healed":0,"gold_gain":0,"player_choice":"Purged","damage_taken":0,"max_hp_gain":0,"max_hp_loss":0,"event_name":"Purifier","floor":2,"gold_loss":0},{"damage_healed":0,"gold_gain":0,"player_choice":"Box","damage_taken":0,"relics_obtained":["Smiling Mask"],"max_hp_gain":0,"max_hp_loss":0,"event_name":"Big Fish","floor":6,"gold_loss":0,"cards_obtained":["Regret"]},{"damage_healed":0,"gold_gain":0,"cards_transformed":["Slimebound:Strike_Slimebound"],"player_choice":"Transformed","damage_taken":0,"max_hp_gain":0,"max_hp_loss":0,"event_name":"Transmorgrifier","floor":13,"gold_loss":0,"cards_obtained":["Slimebound:SpikyOuterGoop"]}],"is_beta":false,"boss_relics":[{"not_picked":["Empty Cage","Busted Crown"],"picked":"Sozu"}],"items_purged_floors":[],"is_endless":false,"potions_floor_spawned":[5,10,12,14,15],"ascension_level":0}}