{"host":"vzugls1u57eppbds","time":1607883053,"event":{"mods":["AchievementEnabler","BaseMod","Better Third Choice","Minty Spire (QoL Compilation)","Relic Stats","Shop Mod","StSLib","The IronCluck"],"gold_per_floor":[117,117,217,230,82,82,411,411,434,450,460,475,485,517,517,622,622,635,635,8,22,22,22,22],"floor_reached":23,"playtime":590,"items_purged":[],"score":331,"play_id":"86a666f3-32ed-4f2d-8e20-538b29041015","local_time":"20201213191053","is_ascension_mode":true,"campfire_choices":[{"data":"Cleave","floor":6.0,"key":"SMITH"},{"data":"Pommel Strike","floor":8.0,"key":"SMITH"},{"floor":15.0,"key":"REST"}],"circlet_count":0,"master_deck":["Strike_R","Strike_R","Strike_R","Strike_R","Strike_R","Defend_R","Defend_R","Defend_R","Defend_R","Bash","Cleave","Cleave+1","Pummel","Bloodletting","Pommel Strike+1","Shrug It Off","Feel No Pain","Wild Strike","Dropkick","Impervious","Feed","Blood for Blood","Dark Embrace","Transmutation","Second Wind"],"relics":["Burning Blood","NeowsBlessing","Old Coin","Bag of Preparation","Letter Opener","SacredBark","Tiny Chest","Chemical X"],"acts_visited":["Exordium","TheCity"],"potions_floor_usage":[23,23],"damage_taken":[{"damage":0.0,"enemies":"Small Slimes","floor":1.0,"turns":1.0},{"damage":0.0,"enemies":"Cultist","floor":4.0,"turns":1.0},{"damage":0.0,"enemies":"Gremlin Nob","floor":7.0,"turns":1.0},{"damage":1.0,"enemies":"2 Louse","floor":10.0,"turns":2.0},{"damage":11.0,"enemies":"Looter","floor":11.0,"turns":2.0},{"damage":29.0,"enemies":"Red Slaver","floor":12.0,"turns":5.0},{"damage":0.0,"enemies":"3 Louse","floor":13.0,"turns":2.0},{"damage":48.0,"enemies":"Lagavulin","floor":14.0,"turns":6.0},{"damage":39.0,"enemies":"The Guardian","floor":16.0,"turns":15.0},{"damage":54.0,"enemies":"Shell Parasite","floor":18.0,"turns":8.0},{"damage":6.0,"enemies":"3 Byrds","floor":21.0,"turns":5.0},{"damage":0.0,"enemies":"3 Cultists","floor":22.0,"turns":1.0},{"damage":0,"enemies":"Slavers","floor":23,"turns":1}],"seed_played":"6721284481082996186","potions_obtained":[{"floor":10.0,"key":"PowerPotion"},{"floor":12.0,"key":"EssenceOfSteel"},{"floor":13.0,"key":"Block Potion"},{"floor":16.0,"key":"PowerPotion"},{"floor":18.0,"key":"SmokeBomb"},{"floor":21.0,"key":"Weak Potion"}],"is_trial":false,"path_per_floor":["M","?","?","M","$","R","E","R","T","M","M","M","M","E","R","B",null,"M","?","$","M","M","E"],"character_chosen":"IRONCLAD","items_purchased":["Pummel","Bloodletting","Tiny Chest","Blood for Blood","Dark Embrace","Transmutation","Chemical X"],"campfire_rested":1,"item_purchase_floors":[5,5,20,20,20,20,20],"current_hp_per_floor":[78,78,78,80,80,80,80,80,80,80,75,52,58,16,40,7,62,14,14,14,14,20,20,20],"gold":22,"neow_bonus":"THREE_ENEMY_KILL","is_daily":false,"chose_seed":false,"campfire_upgraded":2,"win_rate":0.0,"timestamp":1607883053,"path_taken":["M","?","?","M","$","R","E","R","T","M","?","M","M","E","R","BOSS","M","?","$","M","M","E"],"items_purchased_type":["Card","Card","Relic","Card","Card","Card","Relic"],"build_version":"2020-11-30","purchased_purges":0,"victory":false,"max_hp_per_floor":[80,80,80,80,80,80,80,80,80,80,80,80,80,80,80,80,80,80,80,80,80,80,80,80],"relic_stats":{"counters":[13,50],"Tiny Chest":0,"Bag of Preparation":[20],"Letter Opener":[38],"Chemical X":[2],"obtain_stats":[{"NeowsBlessing":0,"SacredBark":17,"Tiny Chest":20,"Bag of Preparation":9,"Letter Opener":14,"Chemical X":20,"Burning Blood":0,"Old Coin":7},{"NeowsBlessing":0,"SacredBark":9,"Tiny Chest":10,"Bag of Preparation":3,"Letter Opener":8,"Chemical X":10,"Burning Blood":0,"Old Coin":3},{"NeowsBlessing":0,"SacredBark":35,"Tiny Chest":43,"Bag of Preparation":3,"Letter Opener":20,"Chemical X":43,"Burning Blood":0,"Old Coin":3}],"Burning Blood":57},"card_choices":[{"not_picked":["Inflame","Carnage"],"picked":"Cleave","floor":1.0},{"not_picked":["Warcry","Twin Strike"],"picked":"Cleave","floor":4.0},{"not_picked":["Seeing Red","Inflame"],"picked":"Pommel Strike","floor":7.0},{"not_picked":["Feel No Pain","Flex"],"picked":"Shrug It Off","floor":10.0},{"not_picked":["Sever Soul","Havoc"],"picked":"Feel No Pain","floor":11.0},{"not_picked":["Heavy Blade","Havoc"],"picked":"Wild Strike","floor":12.0},{"not_picked":["Cleave","Shockwave"],"picked":"Dropkick","floor":13.0},{"not_picked":["Blood for Blood","True Grit"],"picked":"Impervious","floor":14.0},{"not_picked":["Corruption","Barricade"],"picked":"Feed","floor":16.0},{"not_picked":["Flex","Dual Wield","Armaments"],"picked":"SKIP","floor":18.0},{"not_picked":["Flame Barrier","Perfected Strike+1"],"picked":"Second Wind","floor":21.0}],"player_experience":210555,"relics_obtained":[{"floor":7.0,"key":"Old Coin"},{"floor":9.0,"key":"Bag of Preparation"},{"floor":14.0,"key":"Letter Opener"}],"event_choices":[{"damage_healed":0.0,"max_hp_gain":0.0,"max_hp_loss":0.0,"gold_gain":0.0,"event_name":"The Cleric","player_choice":"Leave","floor":2.0,"gold_loss":0.0,"damage_taken":0.0},{"damage_healed":0.0,"max_hp_gain":0.0,"max_hp_loss":0.0,"gold_gain":100.0,"event_name":"Golden Shrine","player_choice":"Pray","floor":3.0,"gold_loss":0.0,"damage_taken":0.0},{"damage_healed":0.0,"max_hp_gain":0.0,"max_hp_loss":0.0,"gold_gain":0.0,"event_name":"Ghosts","player_choice":"Ignored","floor":19.0,"gold_loss":0.0,"damage_taken":0.0}],"is_beta":false,"boss_relics":[{"not_picked":["Philosopher\u0027s Stone","Empty Cage"],"picked":"SacredBark"}],"items_purged_floors":[],"is_endless":false,"potions_floor_spawned":[10,12,13,16,18,21],"killed_by":"Slavers","ascension_level":9}}