{"host":"qr1bwouox9un7py1","time":1607837239,"event":{"mods":["2.2 Compatiblity","AchievementEnabler","BaseMod","Colored Map","Colored Powertips","GifTheSpireLib","Highlight Path","Infinite Spire","Lobotomy","LobotomyExtend","Minty Spire (QoL Compilation)","Quick Restart","Shop Mod","StSLib","Unceasing Turn Reminder"],"gold_per_floor":[276,286,112,123,88,120,120,146,146,156,156,190,210,220,220,322,322,322,322,341,359,458,458,485,510,510,533,554,570,570],"floor_reached":29,"playtime":1393,"items_purged":[],"score":435,"play_id":"8d2dc375-fbd2-4dd4-9e0f-0feb8b618e66","local_time":"20201213162719","is_ascension_mode":true,"campfire_choices":[{"floor":7,"key":"REST"},{"floor":15,"key":"REST"},{"floor":23,"key":"REST"}],"circlet_count":0,"master_deck":["Funeral","Strike_R","Strike_R","Strike_R","Strike_R","Strike_R","Defend_R","Defend_R","Defend_R","Bash","FieryBird","Twin Strike","ShyLook","Heavy Blade","Iron Wave","UniverseFragment","Thunderclap","CrumblingArmor","Cleave+1","Intimidate","OSAHOGD","SnowQueen","Rudolta","RedShoes","Demon Form+1","PunishingBird","Immolate","BlueStar","Heavy Blade","Rampage","WallGazer","LaLuna","BigBird","Cleave","QueenOfHatred","Anger"],"relics":["Burning Blood","CogitoBucket","LetterFromLob","Sling","Justitia_r","Mercury Hourglass","Juzu Bracelet","Self Forming Clay","LuminousBracelet","infinitespire:WardingShard","SolemnVow_r","Fusion Hammer","Peace Pipe","SkinProphecy","Amita_r","infinitespire:Midas Blood","infinitespire:ShieldingShard","BackwardClock","AtMidnight"],"acts_visited":["Exordium","TheCity"],"potions_floor_usage":[21,21,21],"damage_taken":[{"damage":7,"enemies":"2 Louse","floor":1,"turns":4},{"damage":18,"enemies":"Jaw Worm","floor":2,"turns":4},{"damage":4,"enemies":"Cultist","floor":4,"turns":3},{"damage":67,"enemies":"3 Sentries","floor":6,"turns":7},{"damage":13,"enemies":"Gremlin Nob","floor":8,"turns":3},{"damage":19,"enemies":"Blue Slaver","floor":10,"turns":2},{"damage":16,"enemies":"3 Sentries","floor":12,"turns":4},{"damage":8,"enemies":"2 Fungi Beasts","floor":13,"turns":2},{"damage":6,"enemies":"Large Slime","floor":14,"turns":3},{"damage":35,"enemies":"Hexaghost","floor":16,"turns":6},{"damage":20,"enemies":"2 Thieves","floor":20,"turns":4},{"damage":69,"enemies":"Chosen","floor":21,"turns":5},{"damage":17,"enemies":"Gremlin Leader","floor":24,"turns":4},{"damage":18,"enemies":"Centurion and Healer","floor":25,"turns":4},{"damage":26,"enemies":"Snake Plant","floor":27,"turns":3},{"damage":33,"enemies":"Shelled Parasite and Fungi","floor":28,"turns":6},{"damage":50,"enemies":"Nightmare","floor":29,"turns":4}],"seed_played":"-380805706259607911","potions_obtained":[{"floor":2,"key":"FearPotion"},{"floor":10,"key":"BloodPotion"},{"floor":14,"key":"LiquidMemories"}],"is_trial":false,"path_per_floor":["M","M","$","M","?","E","R","E","T","M","?","E","M","M","R","B",null,"M","?","M","M","?","R","E","M","T","M","M","NM"],"character_chosen":"IRONCLAD","items_purchased":["Sling","Heavy Blade"],"campfire_rested":3,"item_purchase_floors":[3,3],"current_hp_per_floor":[71,59,59,61,80,19,43,36,36,38,38,31,30,30,58,47,83,83,83,88,58,58,87,79,76,76,55,25,0,0],"gold":570,"neow_bonus":"","is_daily":false,"chose_seed":false,"campfire_upgraded":0,"win_rate":0.0,"timestamp":1607837239,"path_taken":["M","M","$","M","?","E","R","E","T","M","?","E","M","M","R","BOSS","M","?","M","M","?","R","E","M","T","M","M","NM"],"items_purchased_type":["Relic","Card"],"build_version":"2020-11-30","purchased_purges":0,"victory":false,"max_hp_per_floor":[80,80,80,80,80,80,80,80,80,95,95,95,95,95,95,95,95,95,95,95,98,98,98,101,105,105,108,119,121,121],"card_choices":[{"not_picked":["HappyTeddy","PunishingBird","MHz"],"picked":"Singing Bowl","floor":1},{"not_picked":["LittleHelper","Scorched"],"picked":"FieryBird","floor":1},{"not_picked":["Flex","Perfected Strike"],"picked":"Twin Strike","floor":1},{"not_picked":["MeatLantern","LittleHelper","Laetitia"],"picked":"Singing Bowl","floor":2},{"not_picked":["MHz","MeatLantern"],"picked":"ShyLook","floor":2},{"not_picked":["Warcry","Headbutt","Dropkick"],"picked":"SKIP","floor":2},{"not_picked":["Wellcheers","RedShoes"],"picked":"LongBird","floor":4},{"not_picked":["Rupture","Dark Embrace"],"picked":"Iron Wave","floor":4},{"not_picked":["SpiderBud","VoidDream"],"picked":"UniverseFragment","floor":6},{"not_picked":["Entrench","Fiend Fire"],"picked":"Thunderclap","floor":6},{"not_picked":["MHz","FairyFestival","OldLady"],"picked":"Singing Bowl","floor":8},{"not_picked":["Wellcheers","SingingMachine"],"picked":"CrumblingArmor","floor":8},{"not_picked":["Rampage","Flame Barrier"],"picked":"Cleave","floor":8},{"not_picked":["PunishingBird","Porccubus","FairyFestival"],"picked":"Singing Bowl","floor":10},{"not_picked":["OldLady","SilentOrchestra"],"picked":"Funeral","floor":10},{"not_picked":["Flame Barrier","Flex"],"picked":"Intimidate","floor":10},{"not_picked":["HappyTeddy","WhitesApple"],"picked":"OSAHOGD","floor":12},{"not_picked":["Juggernaut","Havoc","Wild Strike"],"picked":"SKIP","floor":12},{"not_picked":["SpiderBud","Bloodbath","DreamingCurrent"],"picked":"Singing Bowl","floor":13},{"not_picked":["BlackArmy","DespairKnight"],"picked":"SnowQueen","floor":13},{"not_picked":["Headbutt","Clothesline"],"picked":"Pummel","floor":13},{"not_picked":["Freischutz","FairyFestival","HeroicMonk"],"picked":"Singing Bowl","floor":14},{"not_picked":["Bloodbath","MeatLantern"],"picked":"Rudolta","floor":14},{"not_picked":["Iron Wave","Battle Trance","Clash"],"picked":"SKIP","floor":14},{"not_picked":["MHz","FairyFestival","GreedKing"],"picked":"Singing Bowl","floor":16},{"not_picked":["DreamingCurrent","LittleHelper"],"picked":"RedShoes","floor":16},{"not_picked":["Offering","Exhume"],"picked":"Demon Form","floor":16},{"not_picked":["SingingMachine","LittleHelper"],"picked":"PunishingBird","floor":20},{"not_picked":["Heavy Blade+1","Searing Blow"],"picked":"Immolate","floor":20},{"not_picked":["FairyFestival","BeautyBeast"],"picked":"BlueStar","floor":21},{"not_picked":["Intimidate+1","Feel No Pain"],"picked":"Heavy Blade","floor":21},{"not_picked":["Twin Strike+1","Carnage"],"picked":"Rampage","floor":24},{"not_picked":["FairyFestival","MeatLantern"],"picked":"WallGazer","floor":24},{"not_picked":["Wild Strike","Iron Wave"],"picked":"Heavy Blade","floor":25},{"not_picked":["MHz","CherryBlossoms","MeatLantern"],"picked":"Singing Bowl","floor":25},{"not_picked":["QueenBee","BlackSwan"],"picked":"LaLuna","floor":25},{"not_picked":["BlackSwan","CherryBlossoms"],"picked":"BigBird","floor":27},{"not_picked":["Iron Wave","Wild Strike"],"picked":"Cleave","floor":27},{"not_picked":["FairyFestival","Woodsman","Yin"],"picked":"Singing Bowl","floor":28},{"not_picked":["GreedKing","LittleHelper"],"picked":"QueenOfHatred","floor":28},{"not_picked":["Rupture","Intimidate"],"picked":"Anger","floor":28}],"player_experience":239967,"relics_obtained":[{"floor":1,"key":"LetterFromLob"},{"floor":6,"key":"Mercury Hourglass"},{"floor":8,"key":"Juzu Bracelet"},{"floor":9,"key":"Self Forming Clay"},{"floor":12,"key":"infinitespire:WardingShard"},{"floor":24,"key":"infinitespire:Midas Blood"},{"floor":26,"key":"infinitespire:ShieldingShard"},{"floor":28,"key":"AtMidnight"}],"event_choices":[{"damage_healed":20,"gold_gain":0,"player_choice":"Healed","damage_taken":0,"max_hp_gain":0,"max_hp_loss":0,"event_name":"The Cleric","floor":5,"gold_loss":35},{"damage_healed":0,"gold_gain":0,"player_choice":"Grow","damage_taken":0,"max_hp_gain":0,"max_hp_loss":0,"event_name":"Living Wall","floor":11,"gold_loss":0,"cards_upgraded":["Cleave"]},{"damage_healed":0,"gold_gain":0,"player_choice":"Opened","damage_taken":0,"relics_obtained":["Peace Pipe"],"max_hp_gain":0,"max_hp_loss":0,"event_name":"The Mausoleum","floor":19,"gold_loss":0},{"damage_healed":0,"gold_gain":99,"player_choice":"Stole From Cult","damage_taken":0,"max_hp_gain":0,"max_hp_loss":0,"event_name":"Nest","floor":22,"gold_loss":0}],"is_beta":false,"boss_relics":[{"not_picked":["Snecko Eye","Tiny House"],"picked":"Fusion Hammer"}],"items_purged_floors":[],"is_endless":false,"potions_floor_spawned":[2,8,10,14,16,20],"killed_by":"Nightmare","ascension_level":7}}