{"host":"8go86nc4uvfs5029","time":1607867607,"event":{"mods":["BaseMod","KOR Keyword Fix","Lobotomy","Minty Spire (QoL Compilation)","StSLib"],"gold_per_floor":[99999,100013,99026,99026,98189,98224,98241,98241,98241,98241,98276,97460,97474,97492,97492,97593,97593,97610,96732,96747,96762,96762,96762,96775,96775,96775,96802,96822,95932,95965,95965,95965,96069,96069,96084,96098,95336,95436,95448,95479,94717,94727,94727,94742,94771,94771,94216,94216,94216,94216,94216],"floor_reached":52,"playtime":2584,"items_purged":["Strike_R","Strike_R","Strike_R","Defend_R","Writhe","Defend_R","Whirlwind+1"],"score":985,"play_id":"4d88a819-953a-4e4e-8787-50c8ed4e7ce7","local_time":"20201213225327","is_ascension_mode":false,"campfire_choices":[{"data":"Apotheosis","floor":10,"key":"SMITH"},{"floor":15,"key":"REST"},{"floor":23,"key":"REST"},{"floor":32,"key":"REST"},{"floor":46,"key":"REST"},{"floor":49,"key":"REST"}],"circlet_count":0,"master_deck":["Bash+1","Pommel Strike+1","True Grit","Apotheosis+1","Forethought","Thunderclap","Disarm","Warcry","Warcry","Finesse","Dual Wield","Feed+1","Berserk","Double Tap+1","Battle Trance","Shockwave+1","Feel No Pain","Violence","Impatience","Warcry","Searing Blow+1","Offering+1","Seeing Red+1","Warcry","Dropkick+1","Fiend Fire+1","Warcry+1","Dropkick+1"],"relics":["Burning Blood","Toolbox","Pen Nib","ClockworkSouvenir","Juzu Bracelet","Meat on the Bone","Self Forming Clay","Potion Belt","Question Card","Chemical X","Orichalcum","Bottled Lightning","Empty Cage","White Beast Statue","Bottled Flame","Molten Egg 2","Nloth\u0027s Gift","Mummified Hand","Boot","Sling","Ancient Tea Set","Whetstone","Red Skull","Black Star","Pantograph","Frozen Egg 2","Anchor","Unceasing Top","Bag of Preparation","Gremlin Horn","Orrery","War Paint","PreservedInsect","Kunai","TheAbacus","Lantern","Pear"],"acts_visited":["Exordium","TheCity","TheBeyond"],"potions_floor_usage":[16,20,27,33,50,50,50,50,50],"damage_taken":[{"damage":11,"enemies":"Jaw Worm","floor":1,"turns":2},{"damage":9,"enemies":"2 Louse","floor":2,"turns":2},{"damage":0,"enemies":"Lagavulin","floor":6,"turns":5},{"damage":4,"enemies":"Cultist","floor":7,"turns":3},{"damage":5,"enemies":"Gremlin Nob","floor":11,"turns":4},{"damage":0,"enemies":"Large Slime","floor":13,"turns":5},{"damage":7,"enemies":"Exordium Thugs","floor":14,"turns":4},{"damage":23,"enemies":"The Guardian","floor":16,"turns":8},{"damage":6,"enemies":"Shell Parasite","floor":18,"turns":4},{"damage":0,"enemies":"2 Thieves","floor":20,"turns":3},{"damage":7,"enemies":"Snake Plant","floor":21,"turns":4},{"damage":19,"enemies":"Snecko","floor":24,"turns":7},{"damage":20,"enemies":"Book of Stabbing","floor":27,"turns":9},{"damage":0,"enemies":"3 Cultists","floor":28,"turns":4},{"damage":6,"enemies":"Slavers","floor":30,"turns":3},{"damage":46,"enemies":"Champ","floor":33,"turns":9},{"damage":7,"enemies":"3 Shapes","floor":35,"turns":3},{"damage":19,"enemies":"3 Darklings","floor":36,"turns":3},{"damage":16,"enemies":"Writhing Mass","floor":39,"turns":3},{"damage":6,"enemies":"Giant Head","floor":40,"turns":2},{"damage":0,"enemies":"4 Shapes","floor":42,"turns":1},{"damage":9,"enemies":"Maw","floor":44,"turns":3},{"damage":6,"enemies":"Reptomancer","floor":45,"turns":1},{"damage":35,"enemies":"Awakened One","floor":50,"turns":5}],"seed_played":"-8510540067536087713","potions_obtained":[{"floor":7,"key":"EntropicBrew"},{"floor":11,"key":"Swift Potion"},{"floor":20,"key":"Swift Potion"},{"floor":24,"key":"BloodPotion"},{"floor":27,"key":"SkillPotion"},{"floor":33,"key":"Block Potion"}],"is_trial":false,"path_per_floor":["M","M","$","?","$","E","M","?","T","R","E","$","M","M","R","B",null,"M","$","M","M","?","R","M","?","T","E","M","$","E","?","R","B",null,"M","M","$","?","M","E","$","M","T","M","E","R","$","?","R","B",null,null],"character_chosen":"IRONCLAD","items_purchased":["Toolbox","Pen Nib","Vajra","Apotheosis","Forethought","Thunderclap","Energy Potion","Strength Potion","GamblersBrew","ClockworkSouvenir","Juzu Bracelet","Meat on the Bone","HeartOfIron","DuplicationPotion","Chemical X","Orichalcum","Bottled Lightning","Energy Potion","Finesse","White Beast Statue","Regen Potion","Double Tap","Bottled Flame","Sling","Ancient Tea Set","Violence","Impatience","Whetstone","Pantograph","Frozen Egg 2","Regen Potion","Bag of Preparation","Gremlin Horn","Orrery","TheAbacus","Lantern","Pear"],"campfire_rested":5,"item_purchase_floors":[3,3,3,3,3,3,3,3,3,5,5,5,5,5,12,12,12,12,12,19,19,19,19,29,29,29,29,29,37,37,37,41,41,41,47,47,47],"current_hp_per_floor":[75,72,72,77,77,83,85,85,85,85,85,85,85,84,85,72,89,89,89,93,96,96,97,88,88,88,93,103,103,111,111,117,81,121,124,111,111,111,105,109,109,119,119,120,124,145,155,155,155,159,159],"gold":94216,"neow_bonus":"","is_daily":false,"chose_seed":false,"campfire_upgraded":1,"win_rate":0.0,"timestamp":1607867607,"path_taken":["M","M","$","?","$","E","M","?","T","R","E","?","M","M","R","BOSS","M","$","M","M","?","R","M","?","T","E","M","$","E","?","R","BOSS","M","M","$","?","M","E","$","M","T","M","E","R","?","?","R","BOSS"],"items_purchased_type":["Relic","Relic","Relic","Card","Card","Card","Potion","Potion","Potion","Relic","Relic","Relic","Potion","Potion","Relic","Relic","Relic","Potion","Card","Relic","Potion","Card","Relic","Relic","Relic","Card","Card","Relic","Relic","Relic","Potion","Relic","Relic","Relic","Relic","Card","Relic"],"build_version":"2020-11-30","purchased_purges":7,"victory":true,"max_hp_per_floor":[80,80,80,85,85,85,85,85,85,85,85,85,85,85,85,89,89,89,89,93,97,97,97,101,101,101,105,109,109,117,117,117,121,121,125,125,125,125,129,133,133,137,137,141,145,145,155,155,155,159,159],"card_choices":[{"not_picked":["Body Slam","Whirlwind"],"picked":"Pommel Strike","floor":1},{"not_picked":["Shockwave","Shrug It Off"],"picked":"True Grit","floor":2},{"not_picked":["Body Slam","Flex"],"picked":"Disarm","floor":6},{"not_picked":["Barricade","Shrug It Off"],"picked":"Warcry","floor":7},{"not_picked":["Rampage","Shrug It Off"],"picked":"Warcry","floor":11},{"not_picked":["Whirlwind","Inflame","Sword Boomerang"],"picked":"Dual Wield","floor":13},{"not_picked":["Perfected Strike","Uppercut","Flex"],"picked":"Feed","floor":14},{"not_picked":["Corruption","Brutality","Feed"],"picked":"Berserk","floor":16},{"not_picked":["Shrug It Off","Blood for Blood","Thunderclap","True Grit+1"],"picked":"SKIP","floor":18},{"not_picked":["Warcry+1","Pommel Strike","Ghostly Armor"],"picked":"Battle Trance","floor":20},{"not_picked":["Rage","Rampage","Body Slam"],"picked":"Shockwave+1","floor":21},{"not_picked":["Clothesline+1","Blood for Blood+1","Rage"],"picked":"Feel No Pain","floor":24},{"not_picked":["Clash+1","Infernal Blade","Berserk","Carnage+1"],"picked":"SKIP","floor":27},{"not_picked":["Clash+1","Flex+1","Sword Boomerang+1","Fire Breathing"],"picked":"SKIP","floor":28},{"not_picked":["Impervious","Shockwave","Twin Strike+1"],"picked":"Warcry","floor":30},{"not_picked":["Berserk","Juggernaut","Fiend Fire+1"],"picked":"Offering","floor":33},{"not_picked":["Dual Wield","Flame Barrier+1","True Grit"],"picked":"Seeing Red+1","floor":35},{"not_picked":["Inflame+1","Flex+1","Pommel Strike+1"],"picked":"Warcry","floor":36},{"not_picked":["Shrug It Off+1","Iron Wave+1","Cleave+1","Rage+1"],"picked":"SKIP","floor":39},{"not_picked":["Impervious","Headbutt+1","Cleave+1"],"picked":"Dropkick+1","floor":40},{"not_picked":["Clash+1","Pommel Strike+1","Headbutt+1"],"picked":"Fiend Fire+1","floor":42},{"not_picked":["Berserk+1","Thunderclap+1","Carnage+1"],"picked":"Warcry+1","floor":44},{"not_picked":["Bludgeon+1","Flex","Power Through+1"],"picked":"Dropkick+1","floor":45}],"player_experience":60827,"relics_obtained":[{"floor":6,"key":"Self Forming Clay"},{"floor":9,"key":"Potion Belt"},{"floor":11,"key":"Question Card"},{"floor":26,"key":"Mummified Hand"},{"floor":27,"key":"Boot"},{"floor":30,"key":"Red Skull"},{"floor":40,"key":"Anchor"},{"floor":40,"key":"Unceasing Top"},{"floor":43,"key":"War Paint"},{"floor":45,"key":"PreservedInsect"},{"floor":45,"key":"Kunai"}],"event_choices":[{"damage_healed":0,"gold_gain":0,"player_choice":"Donut","damage_taken":0,"max_hp_gain":5,"max_hp_loss":0,"event_name":"Big Fish","floor":4,"gold_loss":0},{"damage_healed":0,"gold_gain":0,"player_choice":"Ignored","damage_taken":0,"max_hp_gain":0,"max_hp_loss":0,"event_name":"Golden Idol","floor":8,"gold_loss":0},{"damage_healed":0,"gold_gain":0,"player_choice":"Opened","damage_taken":0,"relics_obtained":["Molten Egg 2"],"max_hp_gain":0,"max_hp_loss":0,"event_name":"The Mausoleum","floor":22,"gold_loss":0,"cards_obtained":["Writhe"]},{"damage_healed":0,"gold_gain":0,"player_choice":"Traded Relic","damage_taken":0,"relics_obtained":["Nloth\u0027s Gift"],"max_hp_gain":0,"max_hp_loss":0,"event_name":"N\u0027loth","floor":25,"relics_lost":["Vajra"],"gold_loss":0},{"damage_healed":0,"gold_gain":0,"cards_transformed":["Defend_R","Defend_R"],"player_choice":"Became Test Subject","damage_taken":0,"max_hp_gain":0,"max_hp_loss":0,"event_name":"Drug Dealer","floor":31,"gold_loss":0,"cards_obtained":["Whirlwind","Searing Blow"]},{"damage_healed":0,"gold_gain":100,"player_choice":"Pray","damage_taken":0,"max_hp_gain":0,"max_hp_loss":0,"event_name":"Golden Shrine","floor":38,"gold_loss":0},{"damage_healed":0,"gold_gain":0,"player_choice":"Upgraded","damage_taken":0,"max_hp_gain":0,"max_hp_loss":0,"event_name":"Upgrade Shrine","floor":48,"gold_loss":0,"cards_upgraded":["Pommel Strike"]}],"is_beta":false,"boss_relics":[{"not_picked":["Calling Bell","Runic Dome"],"picked":"Empty Cage"},{"not_picked":["Tiny House","Black Blood"],"picked":"Black Star"}],"items_purged_floors":[3,5,12,19,29,37,41],"is_endless":false,"potions_floor_spawned":[6,7,11,14,20,21,24,27,28,30,33,35,36,39,40,42,44,45],"ascension_level":0}}