{"host":"ow9msrs9p2ctkx99","time":1607895733,"event":{"mods":["AchievementEnabler","BaseMod","Colored Map","Colored Powertips","Minty Spire (QoL Compilation)","Permanent Neow","Quick Restart","SuperFastMode"],"gold_per_floor":[360,435,31,46,100,100,135,153,153,185,45,45,10,42,42,141,141,158,83,83,83,110,122,163,175,210,222,222],"floor_reached":27,"playtime":445,"items_purged":["Doubt","Strike_B"],"score":377,"play_id":"6e74a3bb-39af-4241-b935-037d52aec0b9","local_time":"20201213224213","is_ascension_mode":true,"campfire_choices":[{"data":"Sunder","floor":6.0,"key":"SMITH"},{"data":"Darkness","floor":12,"key":"SMITH"},{"data":"Dualcast","floor":15,"key":"SMITH"},{"data":"Buffer","floor":23,"key":"SMITH"},{"data":"Doom and Gloom","floor":25,"key":"SMITH"}],"circlet_count":0,"master_deck":["AscendersBane","Strike_B","Strike_B","Defend_B","Defend_B","Defend_B","Defend_B","Zap","Dualcast+1","Compile Driver","Sunder+1","BootSequence","FTL","Skim","Darkness+1","FTL","Buffer+1","Doom and Gloom+1","Melter","Necronomicurse"],"relics":["Cracked Core","Meat on the Bone","Happy Flower","Gambling Chip","Matryoshka","Bottled Lightning","Blue Candle","SacredBark","Necronomicon","MawBank","Omamori","FossilizedHelix","Dream Catcher","Pen Nib"],"acts_visited":["Exordium","TheCity"],"potions_floor_usage":[14,16],"damage_taken":[{"damage":9.0,"enemies":"Jaw Worm","floor":1.0,"turns":4.0},{"damage":3.0,"enemies":"Small Slimes","floor":4.0,"turns":3.0},{"damage":20.0,"enemies":"Gremlin Nob","floor":7.0,"turns":4.0},{"damage":8.0,"enemies":"2 Louse","floor":8.0,"turns":2.0},{"damage":20.0,"enemies":"3 Sentries","floor":10.0,"turns":7.0},{"damage":9,"enemies":"Gremlin Nob","floor":14,"turns":3},{"damage":29,"enemies":"Hexaghost","floor":16,"turns":8},{"damage":0,"enemies":"Chosen","floor":18,"turns":4},{"damage":25,"enemies":"Slavers","floor":24,"turns":4},{"damage":34,"enemies":"Book of Stabbing","floor":27,"turns":3}],"seed_played":"5285511210191106559","potions_obtained":[{"floor":4.0,"key":"Swift Potion"},{"floor":7.0,"key":"Weak Potion"},{"floor":14,"key":"Ancient Potion"},{"floor":18,"key":"SteroidPotion"}],"is_trial":false,"path_per_floor":["M","?","$","M","T","R","E","M","T","E","$","R","?","E","R","B",null,"M","?","?","?","T","R","E","R","T","E"],"character_chosen":"DEFECT","items_purchased":["Meat on the Bone","Sunder","Darkness"],"campfire_rested":0,"item_purchase_floors":[3,3,11],"current_hp_per_floor":[59,48,48,45,45,45,37,41,41,33,33,33,51,42,42,25,63,63,63,63,47,47,47,34,34,34,0,0],"gold":222,"neow_bonus":"TWO_FIFTY_GOLD","is_daily":false,"chose_seed":false,"campfire_upgraded":5,"win_rate":0.0,"timestamp":1607895733,"path_taken":["M","?","$","M","?","R","E","M","T","E","$","R","?","E","R","BOSS","M","?","?","?","?","R","E","R","T","E"],"items_purchased_type":["Relic","Card","Card"],"build_version":"2020-11-30","purchased_purges":2,"victory":false,"max_hp_per_floor":[75,75,75,75,75,75,75,75,75,75,75,75,75,75,75,75,75,75,75,75,75,75,75,75,75,75,75,75],"card_choices":[{"not_picked":["Capacitor","Beam Cell"],"picked":"Compile Driver","floor":1.0},{"not_picked":["Ball Lightning","Streamline"],"picked":"BootSequence","floor":4.0},{"not_picked":["Sunder","Scrape"],"picked":"FTL","floor":7.0},{"not_picked":["Barrage","Chaos","Scrape"],"picked":"SKIP","floor":8.0},{"not_picked":["Melter","Consume"],"picked":"Skim","floor":10},{"not_picked":["Go for the Eyes","Beam Cell"],"picked":"FTL","floor":14},{"not_picked":["Reboot","Rainbow"],"picked":"Buffer","floor":16},{"not_picked":["Turbo","Rebound"],"picked":"Doom and Gloom","floor":18},{"not_picked":["Coolheaded","Turbo","Leap"],"picked":"SKIP","floor":24}],"player_experience":1045205,"relics_obtained":[{"floor":5.0,"key":"Happy Flower"},{"floor":7.0,"key":"Gambling Chip"},{"floor":9.0,"key":"Matryoshka"},{"floor":10,"key":"Bottled Lightning"},{"floor":14,"key":"Blue Candle"},{"floor":21,"key":"Necronomicon"},{"floor":22,"key":"MawBank"},{"floor":22,"key":"Omamori"},{"floor":24,"key":"FossilizedHelix"},{"floor":26,"key":"Dream Catcher"},{"floor":26,"key":"Pen Nib"}],"event_choices":[{"damage_healed":0.0,"max_hp_gain":0.0,"max_hp_loss":0.0,"gold_gain":75.0,"event_name":"World of Goop","player_choice":"Gather Gold","floor":2.0,"gold_loss":0.0,"damage_taken":11.0},{"damage_healed":18,"gold_gain":0,"player_choice":"Healed","damage_taken":0,"max_hp_gain":0,"max_hp_loss":0,"event_name":"The Cleric","floor":13,"gold_loss":35},{"cards_removed":["Strike_B"],"damage_healed":0,"gold_gain":0,"player_choice":"Gave Gold","damage_taken":0,"max_hp_gain":0,"max_hp_loss":0,"event_name":"Beggar","floor":19,"gold_loss":75},{"damage_healed":0,"gold_gain":0,"player_choice":"Read","damage_taken":0,"max_hp_gain":0,"max_hp_loss":0,"event_name":"The Library","floor":20,"gold_loss":0,"cards_obtained":["Melter"]},{"damage_healed":0,"gold_gain":0,"player_choice":"Obtained Book","damage_taken":16,"max_hp_gain":0,"max_hp_loss":0,"event_name":"Cursed Tome","floor":21,"gold_loss":0}],"is_beta":false,"boss_relics":[{"not_picked":["Inserter","Runic Dome"],"picked":"SacredBark"}],"items_purged_floors":[3,11],"is_endless":false,"potions_floor_spawned":[4,7,14,18,24],"killed_by":"Book of Stabbing","ascension_level":11}}