{"host":"4k3z1vmw52e7hl04","time":1607901762,"event":{"mods":["BaseMod","Best Route Mod","Better Altar","Better Note","Better Third Choice","Colored Powertips","GifTheSpireLib","Hermit","HexUI Lib","Highlight Path","Hubris","Minty Spire (QoL Compilation)","Rare Cards Sparkle","Replay The Spire","Shop Mod","Spicy Shops","StSLib","SuperFastMode","Synergy Search","The Animator","everything is the same but u backflip on backflip"],"gold_per_floor":[116,291,291,311,324,324,338,357,357,357,60,60,60,86,86,186,186,200,227,227,54,54,54,70,70,95,109,109,109],"floor_reached":28,"playtime":1304,"items_purged":[],"score":241,"play_id":"a952f975-ac74-49c1-aa00-3d93878b0a93","local_time":"20201213152242","is_ascension_mode":false,"campfire_choices":[{"floor":6,"key":"REST"},{"floor":10,"key":"REST"},{"floor":15,"key":"REST"},{"data":"Crow Ritual","floor":23,"key":"SMITH"},{"floor":25,"key":"REST"}],"circlet_count":0,"master_deck":["Defend_B","Defend_B+1","Defend_B","Defend_B","Zap","Dualcast","Doubt","Coolheaded","Chill","Streamline+1","Force Field","Time Bomb+1","Crystallizer+1","Thunder Strike","Hello World","Echo Form","Gash+1","Crow Ritual+1","Bite","Bite","Bite","Bite","Bite","Rainbow","Defragment","Melter+1"],"relics":["Cracked Core","NeowsBlessing","hubris:FruitBowl","Tiny Chest","hubris:SphereOfDissonance","Gremlin Horn","hubris:OldNail","Dream Catcher","hubris:Towel","Gremlin Food","Ring of Chaos","Whetstone","Potion Belt"],"acts_visited":["Exordium","TheCity"],"potions_floor_usage":[16,16,28,28],"damage_taken":[{"damage":0,"enemies":"Small Slimes","floor":1,"turns":1},{"damage":0,"enemies":"Jaw Worm","floor":4,"turns":1},{"damage":0,"enemies":"Cultist","floor":5,"turns":1},{"damage":14,"enemies":"Gremlin Gang","floor":7,"turns":6},{"damage":8,"enemies":"Blue Slaver","floor":8,"turns":2},{"damage":5,"enemies":"Replay:BlueRogue","floor":14,"turns":5},{"damage":45,"enemies":"The Guardian","floor":16,"turns":16},{"damage":6,"enemies":"3 Byrds","floor":18,"turns":6},{"damage":20,"enemies":"Chosen","floor":24,"turns":8},{"damage":16,"enemies":"Snecko","floor":27,"turns":5},{"damage":35,"enemies":"Snake Plant","floor":28,"turns":5}],"seed_played":"2728625679012759420","potions_obtained":[{"floor":4,"key":"PotionOfCapacity"},{"floor":5,"key":"BlessingOfTheForge"},{"floor":14,"key":"Venom Potion"},{"floor":24,"key":"Weak Potion"}],"is_trial":false,"path_per_floor":["M","?","$","M","M","R","M","M","T","R","$","?","?","E","R","B",null,"M","T","?","$","?","R","M","R","T","M","M"],"character_chosen":"DEFECT","items_purchased":["hubris:FruitBowl","Tiny Chest","hubris:SphereOfDissonance","Gremlin Horn","Time Bomb","Dream Catcher","Crystallizer","Crow Ritual"],"campfire_rested":4,"item_purchase_floors":[3,3,3,3,11,11,11,21],"current_hp_per_floor":[75,75,15,15,15,37,23,15,15,37,37,37,37,32,54,9,75,69,69,69,69,41,41,27,39,39,31,0,0],"gold":109,"neow_bonus":"THREE_ENEMY_KILL","is_daily":false,"chose_seed":false,"campfire_upgraded":1,"win_rate":0.0,"timestamp":1607901762,"path_taken":["M","?","?","M","?","R","M","M","T","R","$","?","?","E","R","BOSS","M","?","?","$","?","R","M","R","T","M","M"],"items_purchased_type":["Relic","Relic","Relic","Relic","Card","Relic","Card","Card"],"build_version":"2020-11-30","purchased_purges":0,"victory":false,"max_hp_per_floor":[75,75,75,75,75,75,75,75,75,75,75,75,75,75,75,75,75,75,75,75,75,41,41,41,41,41,41,41,41],"card_choices":[{"not_picked":["Leap","Turbo","Conserve Battery"],"picked":"SKIP","floor":1},{"not_picked":["Steam","Rip and Tear"],"picked":"Coolheaded","floor":4},{"not_picked":["Leap","Reinforced Body"],"picked":"Chill","floor":5},{"not_picked":["Leap","Compile Driver"],"picked":"Streamline","floor":7},{"not_picked":["Beam Cell","Conserve Battery"],"picked":"Force Field","floor":8},{"not_picked":["Heatsinks","Darkness"],"picked":"Thunder Strike","floor":14},{"not_picked":["BasicCrystalCard","Gash"],"picked":"Hello World","floor":15},{"not_picked":["ReplayTheSpireMod:Fabricate Wheel","Fission"],"picked":"Echo Form","floor":16},{"not_picked":["Coolheaded","ReplayTheSpireMod:GoodbyeWorld"],"picked":"Gash+1","floor":18},{"not_picked":["Leap","Hologram"],"picked":"Rainbow","floor":24},{"not_picked":["Chill+1","Streamline+1"],"picked":"Defragment","floor":25},{"not_picked":["hubris:Ukulele","BasicCrystalCard+1"],"picked":"Melter+1","floor":27}],"player_experience":248101,"relics_obtained":[{"floor":9,"key":"hubris:OldNail"},{"floor":14,"key":"Gremlin Food"},{"floor":19,"key":"Whetstone"},{"floor":26,"key":"Potion Belt"}],"event_choices":[{"damage_healed":0,"gold_gain":175,"player_choice":"AGREE","damage_taken":116,"max_hp_gain":0,"max_hp_loss":0,"event_name":"betterThird:BetterSerpent","floor":2,"gold_loss":0},{"cards_removed":["Echo Form"],"damage_healed":0,"gold_gain":0,"player_choice":"Give","damage_taken":0,"max_hp_gain":0,"max_hp_loss":0,"event_name":"betterNote:BetterNote","floor":20,"gold_loss":0,"cards_obtained":["animator:Strike_Katanagatari"]},{"damage_healed":0,"gold_gain":0,"player_choice":"Became a vampire","damage_taken":0,"max_hp_gain":0,"max_hp_loss":23,"event_name":"Vampires","floor":22,"gold_loss":0,"cards_obtained":["Bite","Bite","Bite","Bite","Bite"]}],"is_beta":false,"boss_relics":[{"not_picked":["hubris:TerracottaHorce","Sozu"],"picked":"Ring of Chaos"}],"items_purged_floors":[],"is_endless":false,"potions_floor_spawned":[4,5,14,24],"killed_by":"Snake Plant","ascension_level":0}}