{"host":"tpad8qsc9e0g0pa5","time":1607857473,"event":{"mods":["BaseMod","Minty Spire (QoL Compilation)","Quick Restart","StSLib","The Bug Knight","The Servant 0.9.4"],"gold_per_floor":[119,137,152,164,183,211,211,222,246,246,257,289,306,2,2,100,100,112,33,43,58,58,88,88,107,134,21,35,35,35,115,115,212,212,226,245,2,16,32,62,62,82,82,92,0,10,10,10,10,10,10],"floor_reached":50,"playtime":11107,"items_purged":["Defend_P","Defend_P"],"score":588,"play_id":"baf9c50b-5260-4180-a731-a32e1819e69c","local_time":"20201213190433","is_ascension_mode":true,"campfire_choices":[{"data":"Crescendo","floor":7.0,"key":"SMITH"},{"floor":10.0,"key":"REST"},{"data":"Eruption","floor":15.0,"key":"SMITH"},{"floor":24.0,"key":"REST"},{"data":"Collect","floor":30.0,"key":"SMITH"},{"floor":32.0,"key":"REST"},{"floor":41,"key":"REST"},{"floor":47,"key":"REST"},{"floor":49,"key":"REST"}],"circlet_count":0,"master_deck":["Strike_P","Strike_P+1","Strike_P","Defend_P","Defend_P","Eruption+1","Vigilance+1","DeusExMachina","WindmillStrike","Nirvana","SignatureMove","JustLucky","ThirdEye","Crescendo+1","Consecrate","FlurryOfBlows","Weave","SpiritShield","Scrawl","FlurryOfBlows+1","Adaptation","CrushJoints","Meditate+1","Nirvana+1","BowlingBash+1","DeceiveReality","Collect+1","LessonLearned","FlyingSleeves+1","ClearTheMind+1","CarveReality+1","EmptyFist+1","EmptyMind","CutThroughFate+1"],"relics":["PureWater","Strawberry","Lantern","Omamori","ClockworkSouvenir","Vajra","Calling Bell","Calipers","HornCleat","Bag of Preparation","Anchor","PreservedInsect","HollowMod:StagPassRelic","Fusion Hammer","Melange","Ancient Tea Set","HollowMod:PaleOreRelic","Red Mask","Gambling Chip"],"acts_visited":["Exordium","TheCity","TheBeyond"],"potions_floor_usage":[38,42,44],"damage_taken":[{"damage":0.0,"enemies":"Cultist","floor":1.0,"turns":3.0},{"damage":0.0,"enemies":"Jaw Worm","floor":2.0,"turns":4.0},{"damage":0.0,"enemies":"2 Louse","floor":3.0,"turns":1.0},{"damage":1.0,"enemies":"Exordium Thugs","floor":4.0,"turns":4.0},{"damage":16.0,"enemies":"Lots of Slimes","floor":5.0,"turns":4.0},{"damage":10.0,"enemies":"Lagavulin","floor":6.0,"turns":4.0},{"damage":0.0,"enemies":"Large Slime","floor":8.0,"turns":2.0},{"damage":0.0,"enemies":"2 Fungi Beasts","floor":11.0,"turns":2.0},{"damage":0.0,"enemies":"HollowMod:MossKnight","floor":12.0,"turns":5.0},{"damage":2.0,"enemies":"Looter","floor":13.0,"turns":2.0},{"damage":20.0,"enemies":"Hexaghost","floor":16.0,"turns":7.0},{"damage":0.0,"enemies":"Shell Parasite","floor":18.0,"turns":3.0},{"damage":0.0,"enemies":"Chosen","floor":20.0,"turns":1.0},{"damage":0.0,"enemies":"Centurion and Healer","floor":21.0,"turns":3.0},{"damage":24.0,"enemies":"HollowMod:Nosk","floor":23.0,"turns":5.0},{"damage":0.0,"enemies":"Snake Plant","floor":25.0,"turns":3.0},{"damage":8.0,"enemies":"Sentry and Sphere","floor":28.0,"turns":4.0},{"damage":25.0,"enemies":"Automaton","floor":33.0,"turns":7.0},{"damage":0.0,"enemies":"Orb Walker","floor":35.0,"turns":3.0},{"damage":3,"enemies":"3 Darklings","floor":36,"turns":4},{"damage":0,"enemies":"Jaw Worm Horde","floor":38,"turns":1},{"damage":5,"enemies":"4 Shapes","floor":39,"turns":7},{"damage":0,"enemies":"Nemesis","floor":40,"turns":3},{"damage":5,"enemies":"Maw","floor":42,"turns":6},{"damage":26,"enemies":"Transient","floor":44,"turns":5},{"damage":20,"enemies":"Writhing Mass","floor":46,"turns":5},{"damage":76,"enemies":"Time Eater","floor":50,"turns":6}],"seed_played":"5674184324307502892","potions_obtained":[{"floor":1.0,"key":"SteroidPotion"},{"floor":3.0,"key":"Block Potion"},{"floor":6.0,"key":"Fire Potion"},{"floor":11.0,"key":"Energy Potion"},{"floor":13.0,"key":"SteroidPotion"},{"floor":23.0,"key":"PowerPotion"},{"floor":25.0,"key":"BottledMiracle"},{"floor":33.0,"key":"SpeedPotion"},{"floor":36,"key":"Ambrosia"},{"floor":38,"key":"Block Potion"},{"floor":40,"key":"EssenceOfSteel"}],"is_trial":false,"path_per_floor":["M","M","M","M","M","E","R","M","T","R","M","E","M","$","R","B",null,"M","$","M","M","?","E","R","M","T","$","M","?","R","T","R","B",null,"M","M","$","M","M","E","R","M","T","M","?","M","R","T","R","B"],"character_chosen":"WATCHER","items_purchased":["ClockworkSouvenir","Vajra","Adaptation","DeceiveReality","Melange"],"campfire_rested":6,"item_purchase_floors":[14,14,19,27,37],"current_hp_per_floor":[72,72,72,71,55,52,52,52,52,75,75,75,73,73,73,53,79,79,79,79,79,63,39,62,62,62,62,54,54,54,54,77,52,79,79,76,76,76,71,71,79,74,74,48,48,28,51,51,74,0,0],"gold":10,"neow_bonus":"ONE_RANDOM_RARE_CARD","is_daily":false,"chose_seed":false,"campfire_upgraded":3,"win_rate":0.0,"timestamp":1607857473,"path_taken":["M","M","M","M","M","E","R","M","T","R","M","E","M","$","R","BOSS","M","?","M","M","?","E","R","M","T","?","?","?","R","?","R","BOSS","M","M","$","M","M","E","R","?","T","M","?","M","R","?","R","BOSS"],"items_purchased_type":["Relic","Relic","Card","Card","Relic"],"build_version":"2020-11-30","purchased_purges":2,"victory":false,"max_hp_per_floor":[72,72,72,72,72,79,79,79,79,79,79,79,79,79,79,79,79,79,79,79,79,79,79,79,79,79,79,79,79,79,79,79,79,79,79,79,79,79,79,79,79,79,79,79,79,79,79,79,79,79,79],"card_choices":[{"not_picked":["Conclude","WreathOfFlame"],"picked":"WindmillStrike","floor":1.0},{"not_picked":["PathToVictory","FollowUp"],"picked":"Nirvana","floor":2.0},{"not_picked":["EmptyFist","FollowUp"],"picked":"SignatureMove","floor":3.0},{"not_picked":["Wallop","Consecrate"],"picked":"JustLucky","floor":4.0},{"not_picked":["Vengeance","SashWhip"],"picked":"ThirdEye","floor":5.0},{"not_picked":["ForeignInfluence","DeceiveReality"],"picked":"Crescendo","floor":6.0},{"not_picked":["SignatureMove","WaveOfTheHand"],"picked":"Consecrate","floor":8.0},{"not_picked":["ForeignInfluence","Sanctity"],"picked":"FlurryOfBlows","floor":11.0},{"not_picked":["FlurryOfBlows","EmptyBody"],"picked":"Weave","floor":12.0},{"not_picked":["EmptyFist","Consecrate"],"picked":"SpiritShield","floor":13.0},{"not_picked":["SpiritShield","ConjureBlade"],"picked":"Scrawl","floor":16.0},{"not_picked":["Prostrate+1","Wallop+1"],"picked":"FlurryOfBlows","floor":18.0},{"not_picked":["ThirdEye","Crescendo"],"picked":"CrushJoints","floor":20.0},{"not_picked":["SashWhip","Devotion"],"picked":"Meditate+1","floor":21.0},{"not_picked":["BowlingBash","Prostrate"],"picked":"Nirvana+1","floor":23.0},{"not_picked":["CrushJoints","Adaptation"],"picked":"BowlingBash+1","floor":25.0},{"not_picked":["CrushJoints","Sanctity"],"picked":"Collect","floor":28.0},{"not_picked":["Ragnarok","SpiritShield"],"picked":"LessonLearned","floor":33.0},{"not_picked":["Sanctity+1","Worship"],"picked":"FlyingSleeves+1","floor":35.0},{"not_picked":["Prostrate","EmptyBody+1"],"picked":"ClearTheMind+1","floor":36},{"not_picked":["PathToVictory+1","MasterReality","ThirdEye+1"],"picked":"SKIP","floor":38},{"not_picked":["Nirvana+1","CrushJoints+1"],"picked":"CarveReality+1","floor":39},{"not_picked":["DeusExMachina","Pray"],"picked":"EmptyFist+1","floor":40},{"not_picked":["Evaluate+1","JustLucky"],"picked":"EmptyMind","floor":42},{"not_picked":["SignatureMove","Consecrate+1"],"picked":"CutThroughFate+1","floor":44},{"not_picked":["SignatureMove","Crescendo","SashWhip"],"picked":"SKIP","floor":46}],"player_experience":225536,"relics_obtained":[{"floor":6.0,"key":"Strawberry"},{"floor":9.0,"key":"Lantern"},{"floor":12.0,"key":"Omamori"},{"floor":17.0,"key":"Calipers"},{"floor":17.0,"key":"HornCleat"},{"floor":17.0,"key":"Bag of Preparation"},{"floor":23.0,"key":"Anchor"},{"floor":26.0,"key":"PreservedInsect"},{"floor":31.0,"key":"HollowMod:StagPassRelic"},{"floor":40,"key":"Ancient Tea Set"},{"floor":43,"key":"HollowMod:PaleOreRelic"},{"floor":48,"key":"Gambling Chip"}],"event_choices":[{"damage_healed":0.0,"max_hp_gain":0.0,"max_hp_loss":0.0,"gold_gain":0.0,"event_name":"Cursed Tome","player_choice":"Obtained Book","floor":22.0,"gold_loss":0.0,"damage_taken":16.0},{"cards_removed":["Strike_P"],"damage_healed":0.0,"max_hp_gain":0.0,"max_hp_loss":0.0,"gold_gain":0.0,"event_name":"Back to Basics","player_choice":"Elegance","floor":29.0,"gold_loss":0.0,"damage_taken":0.0},{"damage_healed":0,"gold_gain":0,"player_choice":"Paid","damage_taken":0,"relics_obtained":["Red Mask"],"max_hp_gain":0,"max_hp_loss":0,"event_name":"Tomb of Lord Red Mask","floor":45,"gold_loss":92}],"is_beta":false,"boss_relics":[{"not_picked":["Sozu","Astrolabe"],"picked":"Calling Bell"},{"not_picked":["Coffee Dripper","HolyWater"],"picked":"Fusion Hammer"}],"items_purged_floors":[27,37],"is_endless":false,"potions_floor_spawned":[1,3,6,11,13,23,25,33,36,38,40],"killed_by":"Time Eater","ascension_level":1}}