{"host":"bf1tnxyvjw6wp3cl","time":1607828397,"event":{"mods":["AchievementEnabler","BaseMod","Block Reminder","Colored Powertips","Minty Spire (QoL Compilation)","Quick Restart","Relic Stats","StSLib","SuperFastMode"],"gold_per_floor":[117,117,192,203,166,166,166,196,250,250,250,250],"floor_reached":11,"playtime":240,"items_purged":[],"score":94,"play_id":"91ee5e58-d9cc-4cf1-bf41-3d3ab7e3ffb2","local_time":"20201212215957","is_ascension_mode":false,"campfire_choices":[{"floor":6,"key":"RECALL"}],"circlet_count":0,"master_deck":["Strike_P","Strike_P","Strike_P","Strike_P","Defend_P","Defend_P","Defend_P","Defend_P","Eruption","Vigilance","PathToVictory","LikeWater","Vault","JustLucky","Panacea"],"relics":["PureWater","NeowsBlessing","Omamori","Lantern"],"acts_visited":["Exordium"],"potions_floor_usage":[],"damage_taken":[{"damage":0,"enemies":"2 Louse","floor":1,"turns":1},{"damage":0,"enemies":"Small Slimes","floor":4,"turns":1},{"damage":0,"enemies":"Lagavulin","floor":8,"turns":1},{"damage":73,"enemies":"3 Sentries","floor":11,"turns":14}],"seed_played":"8330466287339152328","potions_obtained":[],"is_trial":false,"path_per_floor":["M","?","?","M","$","R","$","E","T","?","E"],"character_chosen":"WATCHER","items_purchased":["LikeWater"],"campfire_rested":0,"item_purchase_floors":[5],"current_hp_per_floor":[72,69,58,58,58,58,58,58,58,58,0,0],"gold":250,"neow_bonus":"THREE_ENEMY_KILL","is_daily":false,"chose_seed":false,"campfire_upgraded":0,"win_rate":0.0,"timestamp":1607828397,"path_taken":["M","?","?","M","$","R","$","E","T","?","E"],"items_purchased_type":["Card"],"build_version":"2020-11-30","purchased_purges":0,"victory":false,"max_hp_per_floor":[72,72,72,72,72,72,72,72,72,72,72,72],"relic_stats":{"counters":[4,17],"obtain_stats":[{"Lantern":8,"NeowsBlessing":0,"Omamori":2,"PureWater":0},{"Lantern":3,"NeowsBlessing":0,"Omamori":1,"PureWater":0},{"Lantern":3,"NeowsBlessing":0,"Omamori":1,"PureWater":0}]},"card_choices":[{"not_picked":["WaveOfTheHand","ForeignInfluence"],"picked":"PathToVictory","floor":1},{"not_picked":["Study","ThirdEye","FollowUp"],"picked":"SKIP","floor":4},{"not_picked":["Study","ThirdEye","FollowUp"],"picked":"SKIP","floor":4},{"not_picked":["CutThroughFate","WreathOfFlame"],"picked":"Vault","floor":8}],"player_experience":147379,"relics_obtained":[{"floor":8,"key":"Lantern"}],"event_choices":[{"damage_healed":0,"gold_gain":0,"player_choice":"Success","damage_taken":3,"relics_obtained":["Omamori"],"max_hp_gain":0,"max_hp_loss":0,"event_name":"Scrap Ooze","floor":2,"gold_loss":0},{"damage_healed":0,"gold_gain":75,"player_choice":"Gather Gold","damage_taken":11,"max_hp_gain":0,"max_hp_loss":0,"event_name":"World of Goop","floor":3,"gold_loss":0},{"damage_healed":0,"gold_gain":0,"player_choice":"3 cards matched","damage_taken":0,"max_hp_gain":0,"max_hp_loss":0,"event_name":"Match and Keep!","floor":10,"gold_loss":0,"cards_obtained":["JustLucky","Panacea","Doubt"]}],"is_beta":false,"boss_relics":[],"items_purged_floors":[],"is_endless":false,"potions_floor_spawned":[],"killed_by":"3 Sentries","ascension_level":0}}