{"host":"8go86nc4uvfs5029","time":1607869645,"event":{"mods":["BaseMod","KOR Keyword Fix","Lobotomy","Minty Spire (QoL Compilation)","StSLib"],"gold_per_floor":[99999,99963,99963,99973,98807,98833,98852,98885,98933,98933,98948,98948,98963,98079,98079,98176,98176,98193,97731,97747,97764,97764,97764,97791,97803,97803,97803,97816,97359,97378,97393,97393,97497,97497,97516,97516,97570,97570,97123,97123,97133,97150,97150,97180,97195,97214,97225,96766,96766,96766,96766],"floor_reached":52,"playtime":2010,"items_purged":["Strike_G","Strike_G","Strike_G","Strike_G","Defend_G","Defend_G"],"score":816,"play_id":"833ec5e8-9f26-44f2-8c5e-a1b139f09e52","local_time":"20201213232725","is_ascension_mode":false,"campfire_choices":[{"data":"Apotheosis","floor":10,"key":"SMITH"},{"data":"Infinite Blades","floor":15,"key":"SMITH"},{"data":"Prepared","floor":23,"key":"SMITH"},{"floor":27,"key":"REST"},{"data":"Blade Dance","floor":32,"key":"SMITH"},{"data":"Calculated Gamble","floor":40,"key":"SMITH"},{"floor":49,"key":"REST"}],"circlet_count":0,"master_deck":["Defend_G","Defend_G","Defend_G","Survivor","Neutralize","Underhanded Strike","Finisher","Apotheosis+1","Impatience","Tactician","Infinite Blades+1","Impatience","Heel Hook","PiercingWail","Prepared+1","Envenom","Blur","A Thousand Cuts+1","Flash of Steel","Reflex+1","Footwork+1","Choke+1","Blade Dance+1","Terror","Well Laid Plans+1","Burst","Backflip","Violence","Calculated Gamble+1","Escape Plan","Adrenaline","Distraction+1","Sadistic Nature+1"],"relics":["Runic Pyramid","Eternal Feather","Ancient Tea Set","Kunai","DollysMirror","Calipers","Vajra","Bag of Marbles","Letter Opener","Frozen Egg 2","Cauldron","Philosopher\u0027s Stone","Membership Card","Ninja Scroll","Pen Nib","Bottled Lightning","HornCleat","Sling","Centennial Puzzle","White Beast Statue","Black Star","Tough Bandages","Medical Kit","Nunchaku","Bronze Scales","Mummified Hand","Lantern","Bottled Tornado","Lee\u0027s Waffle","Pear","Toy Ornithopter"],"acts_visited":["Exordium","TheCity","TheBeyond"],"potions_floor_usage":[6,8,16,25,44,50,50,50,50,50,50],"damage_taken":[{"damage":0,"enemies":"Small Slimes","floor":1,"turns":3},{"damage":0,"enemies":"Jaw Worm","floor":4,"turns":3},{"damage":8,"enemies":"Lagavulin","floor":6,"turns":5},{"damage":6,"enemies":"Cultist","floor":7,"turns":3},{"damage":10,"enemies":"3 Sentries","floor":8,"turns":4},{"damage":0,"enemies":"Exordium Wildlife","floor":11,"turns":3},{"damage":1,"enemies":"Looter","floor":13,"turns":2},{"damage":27,"enemies":"Hexaghost","floor":16,"turns":5},{"damage":12,"enemies":"Chosen","floor":18,"turns":3},{"damage":0,"enemies":"3 Byrds","floor":20,"turns":2},{"damage":18,"enemies":"Snecko","floor":21,"turns":5},{"damage":0,"enemies":"Gremlin Leader","floor":24,"turns":3},{"damage":0,"enemies":"Snake Plant","floor":25,"turns":3},{"damage":0,"enemies":"Chosen and Byrds","floor":28,"turns":3},{"damage":4,"enemies":"Centurion and Healer","floor":30,"turns":2},{"damage":2,"enemies":"Snecko","floor":31,"turns":3},{"damage":4,"enemies":"Automaton","floor":33,"turns":4},{"damage":0,"enemies":"3 Darklings","floor":35,"turns":5},{"damage":27,"enemies":"2 Orb Walkers","floor":37,"turns":3},{"damage":6,"enemies":"3 Shapes","floor":41,"turns":2},{"damage":0,"enemies":"Transient","floor":42,"turns":5},{"damage":6,"enemies":"Giant Head","floor":44,"turns":2},{"damage":0,"enemies":"Spire Growth","floor":45,"turns":2},{"damage":18,"enemies":"4 Shapes","floor":46,"turns":2},{"damage":0,"enemies":"Jaw Worm Horde","floor":47,"turns":1},{"damage":22,"enemies":"Donu and Deca","floor":50,"turns":4}],"seed_played":"8047202069948457225","potions_obtained":[{"floor":6,"key":"Explosive Potion"},{"floor":8,"key":"ColorlessPotion"},{"floor":14,"key":"CultistPotion"},{"floor":16,"key":"Poison Potion"},{"floor":25,"key":"Explosive Potion"},{"floor":28,"key":"DuplicationPotion"},{"floor":44,"key":"CunningPotion"}],"is_trial":false,"path_per_floor":["M","?","T","M","$","E","M","E","T","R","M","?","M","$","R","B",null,"M","$","M","M","?","R","E","M","T","R","M","$","M","M","R","B",null,"M","?","?","?","$","R","M","M","T","E","M","M","M","$","R","B",null,null],"character_chosen":"THE_SILENT","items_purchased":["Apotheosis","Ancient Tea Set","Kunai","Impatience","Tactician","Infinite Blades","Poison Potion","Swift Potion","Energy Potion","DollysMirror","Letter Opener","Frozen Egg 2","Blur","Cauldron","Poison Potion","Membership Card","Ninja Scroll","Pen Nib","Flash of Steel","Sling","Centennial Puzzle","White Beast Statue","Blade Dance","Terror","EntropicBrew","Medical Kit","Nunchaku","Bronze Scales","Violence","Calculated Gamble","Regen Potion","Lee\u0027s Waffle","Pear","Toy Ornithopter","Sadistic Nature+1"],"campfire_rested":2,"item_purchase_floors":[5,5,5,5,5,5,5,5,5,5,14,14,14,14,14,19,19,19,19,29,29,29,29,29,29,39,39,39,39,39,39,48,48,48,48],"current_hp_per_floor":[70,70,70,70,70,62,56,46,46,58,58,58,57,57,69,42,70,58,58,58,40,40,52,52,52,52,70,70,70,66,64,70,66,70,70,66,39,39,39,57,51,51,51,50,50,32,32,83,83,83,83],"gold":96766,"neow_bonus":"BOSS_RELIC","is_daily":false,"chose_seed":false,"campfire_upgraded":5,"win_rate":0.0,"timestamp":1607869645,"path_taken":["M","?","?","M","$","E","?","E","T","R","M","?","M","$","R","BOSS","M","$","M","M","?","R","E","M","T","R","M","$","?","M","R","BOSS","M","?","?","?","$","R","M","?","T","E","M","M","M","$","R","BOSS"],"items_purchased_type":["Card","Relic","Relic","Card","Card","Card","Potion","Potion","Potion","Relic","Relic","Relic","Card","Relic","Potion","Relic","Relic","Relic","Card","Relic","Relic","Relic","Card","Card","Potion","Relic","Relic","Relic","Card","Card","Potion","Relic","Relic","Relic","Card"],"build_version":"2020-11-30","purchased_purges":6,"victory":true,"max_hp_per_floor":[70,70,70,70,70,70,70,70,70,70,70,70,70,70,70,70,70,70,70,70,70,70,70,70,70,70,70,70,70,70,70,70,70,70,70,66,66,66,66,66,66,66,66,66,66,66,66,83,83,83,83],"card_choices":[{"not_picked":["Dagger Throw","Acrobatics"],"picked":"Underhanded Strike","floor":1},{"not_picked":["Sucker Punch","Outmaneuver"],"picked":"Finisher","floor":4},{"not_picked":["Acrobatics","Terror"],"picked":"Heel Hook","floor":6},{"not_picked":["Heel Hook","Riddle With Holes"],"picked":"PiercingWail","floor":7},{"not_picked":["Caltrops","Poisoned Stab"],"picked":"Prepared","floor":8},{"not_picked":["Prepared","Infinite Blades"],"picked":"Envenom","floor":11},{"not_picked":["Masterful Stab","PiercingWail","Underhanded Strike"],"picked":"SKIP","floor":13},{"not_picked":["Unload","Bullet Time"],"picked":"A Thousand Cuts+1","floor":16},{"not_picked":["Masterful Stab","Deflect","Dagger Throw+1"],"picked":"SKIP","floor":18},{"not_picked":["Dash","Masterful Stab","Poisoned Stab"],"picked":"SKIP","floor":20},{"not_picked":["Outmaneuver","Dodge and Roll"],"picked":"Reflex","floor":21},{"not_picked":["PiercingWail","Glass Knife"],"picked":"Footwork+1","floor":24},{"not_picked":["Deflect","Riddle With Holes","Prepared+1"],"picked":"SKIP","floor":25},{"not_picked":["Deflect+1","Caltrops+1"],"picked":"Choke+1","floor":28},{"not_picked":["Slice","Underhanded Strike","Die Die Die"],"picked":"SKIP","floor":30},{"not_picked":["Flying Knee","Quick Slash+1"],"picked":"Well Laid Plans+1","floor":31},{"not_picked":["Bullet Time","Wraith Form v2+1"],"picked":"Burst","floor":33},{"not_picked":["Dodge and Roll","Riddle With Holes"],"picked":"Backflip","floor":35},{"not_picked":["Footwork+1","Slice+1","Endless Agony"],"picked":"SKIP","floor":41},{"not_picked":["Terror","Infinite Blades+1"],"picked":"Escape Plan","floor":42},{"not_picked":["Backflip","Outmaneuver","Eviscerate"],"picked":"SKIP","floor":44},{"not_picked":["Dodge and Roll","Dagger Spray+1"],"picked":"Adrenaline","floor":45},{"not_picked":["Slice+1","Dagger Throw+1"],"picked":"Distraction+1","floor":46},{"not_picked":["Infinite Blades+1","Calculated Gamble","Underhanded Strike+1"],"picked":"SKIP","floor":47}],"player_experience":2584,"relics_obtained":[{"floor":3,"key":"Eternal Feather"},{"floor":6,"key":"Calipers"},{"floor":8,"key":"Vajra"},{"floor":9,"key":"Bag of Marbles"},{"floor":24,"key":"Bottled Lightning"},{"floor":26,"key":"HornCleat"},{"floor":37,"key":"Tough Bandages"},{"floor":43,"key":"Mummified Hand"},{"floor":44,"key":"Lantern"},{"floor":44,"key":"Bottled Tornado"}],"event_choices":[{"damage_healed":0,"gold_gain":0,"player_choice":"Left Gold","damage_taken":0,"max_hp_gain":0,"max_hp_loss":0,"event_name":"World of Goop","floor":2,"gold_loss":36},{"damage_healed":0,"gold_gain":0,"player_choice":"Ignored","damage_taken":0,"max_hp_gain":0,"max_hp_loss":0,"event_name":"Liars Game","floor":12,"gold_loss":0},{"damage_healed":0,"gold_gain":0,"player_choice":"Upgraded","damage_taken":0,"max_hp_gain":0,"max_hp_loss":0,"event_name":"Upgrade Shrine","floor":22,"gold_loss":0,"cards_upgraded":["Reflex"]},{"damage_healed":0,"gold_gain":0,"player_choice":"Max HP","damage_taken":0,"max_hp_gain":0,"max_hp_loss":4,"event_name":"Winding Halls","floor":36,"gold_loss":0},{"damage_healed":0,"gold_gain":0,"player_choice":"Fight","damage_taken":0,"max_hp_gain":0,"max_hp_loss":0,"event_name":"Mysterious Sphere","floor":37,"gold_loss":0},{"cards_removed":["Strike_G"],"damage_healed":0,"gold_gain":0,"player_choice":"Removed Attack","damage_taken":0,"max_hp_gain":0,"max_hp_loss":0,"event_name":"Falling","floor":38,"gold_loss":0}],"is_beta":false,"boss_relics":[{"not_picked":["Fusion Hammer","Astrolabe"],"picked":"Philosopher\u0027s Stone"},{"not_picked":["Velvet Choker","Runic Dome"],"picked":"Black Star"}],"items_purged_floors":[5,14,19,29,39,48],"is_endless":false,"potions_floor_spawned":[6,8,13,16,18,25,28,30,31,33,35,37,41,42,44,45,46,47],"ascension_level":0}}