{"host":"a1eatafr7pisesky","time":1607876786,"event":{"mods":["BaseMod","Colored Map","DeckTracker","Highlight Path","Keyboard Shortcuts","Minty Spire (QoL Compilation)","Permanent Neow","Random Character Button","StSLib","SuperFastMode","everything is the same but u backflip on backflip"],"gold_per_floor":[117,117,136,61,72,105,105,120,120,133,33,33,33,53,53,151,151,170,170,180,192,18,18,32,32,56,56,83,99,99,109,109,212,212,228,244,1,1,54,54,73,107,131,131,131,160,178,228,228,228,228,228,17,47,47],"floor_reached":56,"playtime":1502,"items_purged":["Defend_G","Strike_G","Strike_G","Strike_G"],"score":1420,"play_id":"2e5c39d4-8b25-408a-bd17-ba2d45065fd7","local_time":"20201214012626","is_ascension_mode":true,"campfire_choices":[{"data":"Poisoned Stab","floor":7.0,"key":"SMITH"},{"floor":12.0,"key":"REST"},{"data":"Catalyst","floor":15.0,"key":"SMITH"},{"floor":23.0,"key":"REST"},{"floor":25.0,"key":"REST"},{"data":"Catalyst","floor":27.0,"key":"SMITH"},{"data":"Acrobatics","floor":30.0,"key":"SMITH"},{"floor":32.0,"key":"REST"},{"floor":40.0,"key":"REST"},{"data":"Tactician","floor":45.0,"key":"SMITH"},{"floor":49.0,"key":"RECALL"},{"data":"Footwork","floor":52.0,"key":"SMITH"}],"circlet_count":0,"master_deck":["Defend_G","Defend_G","Defend_G","Defend_G","Survivor","Neutralize","Poisoned Stab+1","Deadly Poison","Backflip","Reflex","Catalyst+1","Catalyst+1","Backstab","Corpse Explosion","Tactician+1","Deadly Poison+1","Acrobatics+1","Wraith Form v2","Poisoned Stab","Corpse Explosion","Deadly Poison+1","Footwork+1","Noxious Fumes","Deadly Poison","Footwork+1","Prepared+1","Reflex+1","Acrobatics+1","Tactician+1","Noxious Fumes+1"],"relics":["Ring of the Snake","Blood Vial","SlaversCollar","Omamori","The Courier","Cursed Key","Bird Faced Urn","Toxic Egg 2","Bag of Marbles","Anchor","Tough Bandages","Snake Skull","TungstenRod"],"acts_visited":["Exordium","TheCity","TheBeyond","TheEnding"],"potions_floor_usage":[],"damage_taken":[{"damage":3.0,"enemies":"2 Louse","floor":1.0,"turns":2.0},{"damage":1.0,"enemies":"Small Slimes","floor":3.0,"turns":3.0},{"damage":0.0,"enemies":"Jaw Worm","floor":5.0,"turns":3.0},{"damage":33.0,"enemies":"Lagavulin","floor":6.0,"turns":6.0},{"damage":14.0,"enemies":"Large Slime","floor":8.0,"turns":4.0},{"damage":4.0,"enemies":"Blue Slaver","floor":10.0,"turns":3.0},{"damage":0.0,"enemies":"Gremlin Gang","floor":14.0,"turns":2.0},{"damage":10.0,"enemies":"Hexaghost","floor":16.0,"turns":7.0},{"damage":0.0,"enemies":"3 Byrds","floor":18.0,"turns":2.0},{"damage":31.0,"enemies":"Spheric Guardian","floor":20.0,"turns":6.0},{"damage":12.0,"enemies":"Snake Plant","floor":21.0,"turns":4.0},{"damage":22.0,"enemies":"Sentry and Sphere","floor":24.0,"turns":6.0},{"damage":10.0,"enemies":"Slavers","floor":28.0,"turns":2.0},{"damage":7.0,"enemies":"Cultist and Chosen","floor":29.0,"turns":3.0},{"damage":11.0,"enemies":"Chosen and Byrds","floor":31.0,"turns":3.0},{"damage":14.0,"enemies":"Champ","floor":33.0,"turns":4.0},{"damage":9.0,"enemies":"3 Shapes","floor":35.0,"turns":4.0},{"damage":14.0,"enemies":"Orb Walker","floor":36.0,"turns":3.0},{"damage":24.0,"enemies":"2 Orb Walkers","floor":39.0,"turns":2.0},{"damage":10.0,"enemies":"Spire Growth","floor":41.0,"turns":2.0},{"damage":0.0,"enemies":"Giant Head","floor":42.0,"turns":5.0},{"damage":10.0,"enemies":"Reptomancer","floor":46.0,"turns":2.0},{"damage":6.0,"enemies":"Jaw Worm Horde","floor":47.0,"turns":2.0},{"damage":6.0,"enemies":"Mind Bloom Boss Battle","floor":48.0,"turns":4.0},{"damage":25.0,"enemies":"Time Eater","floor":50.0,"turns":4.0},{"damage":5.0,"enemies":"Shield and Spear","floor":54.0,"turns":4.0},{"damage":24,"enemies":"The Heart","floor":55,"turns":4}],"seed_played":"-7304387000754660044","potions_obtained":[{"floor":3.0,"key":"SkillPotion"},{"floor":6.0,"key":"Explosive Potion"},{"floor":14.0,"key":"Fruit Juice"},{"floor":16.0,"key":"SpeedPotion"},{"floor":18.0,"key":"ColorlessPotion"},{"floor":24.0,"key":"LiquidMemories"},{"floor":33.0,"key":"ColorlessPotion"},{"floor":36.0,"key":"Fire Potion"},{"floor":48.0,"key":"ColorlessPotion"}],"is_trial":false,"path_per_floor":["M","?","M","$","M","E","R","M","T","M","$","R","?","M","R","B",null,"M","?","M","M","$","R","M","R","T","R","E","M","R","M","R","B",null,"M","M","$","?","?","R","M","E","T","?","R","E","M","?","R","B",null,"R","$","E","B",null],"character_chosen":"THE_SILENT","items_purchased":["Acrobatics","Footwork","Noxious Fumes","Snake Skull","Acrobatics+1","Tactician+1"],"campfire_rested":5,"item_purchase_floors":[22,37,37,53,53,53],"current_hp_per_floor":[67,67,66,66,66,33,33,21,21,19,19,40,33,40,40,32,75,75,59,30,20,20,42,22,44,44,44,36,31,31,22,44,32,75,66,54,54,54,32,53,45,51,51,51,51,43,39,41,41,22,71,71,71,66,49],"gold":47,"neow_bonus":"TRANSFORM_CARD","is_daily":false,"chose_seed":false,"campfire_upgraded":6,"win_rate":0.0,"timestamp":1607876786,"path_taken":["M","?","M","$","M","E","R","M","T","M","$","R","?","M","R","BOSS","M","?","M","M","$","R","M","R","T","R","E","M","R","M","R","BOSS","M","M","$","?","?","R","M","E","T","?","R","E","M","?","R","BOSS","R","$","E","BOSS"],"items_purchased_type":["Card","Card","Card","Relic","Card","Card"],"build_version":"2020-11-30","purchased_purges":4,"victory":true,"max_hp_per_floor":[70,70,70,70,70,70,70,70,70,70,70,70,70,75,75,75,75,75,75,75,75,75,75,75,75,75,75,75,75,75,75,75,75,75,75,75,75,71,71,71,71,71,71,71,71,71,71,71,71,71,71,71,71,71,71],"card_choices":[{"not_picked":["Slice","Footwork"],"picked":"Poisoned Stab","floor":1.0},{"not_picked":["Dodge and Roll","Prepared"],"picked":"Deadly Poison","floor":3.0},{"not_picked":["Setup","Slice"],"picked":"Backflip","floor":5.0},{"not_picked":["Heel Hook","A Thousand Cuts"],"picked":"Reflex","floor":6.0},{"not_picked":["Eviscerate","Prepared"],"picked":"Catalyst","floor":8.0},{"not_picked":["Riddle With Holes","Blade Dance"],"picked":"Catalyst","floor":10.0},{"not_picked":["Infinite Blades","Calculated Gamble"],"picked":"Backstab","floor":14.0},{"not_picked":["After Image","Venomology"],"picked":"Corpse Explosion","floor":16.0},{"not_picked":["Riddle With Holes","All Out Attack+1"],"picked":"Tactician","floor":18.0},{"not_picked":["Sucker Punch+1","Heel Hook","Flying Knee"],"picked":"SKIP","floor":20.0},{"not_picked":["Flying Knee","Sucker Punch"],"picked":"Deadly Poison+1","floor":21.0},{"not_picked":["Quick Slash+1","Flying Knee","Underhanded Strike+1"],"picked":"SKIP","floor":24.0},{"not_picked":["Storm of Steel","Setup"],"picked":"Wraith Form v2","floor":28.0},{"not_picked":["Outmaneuver","All Out Attack","Dodge and Roll"],"picked":"SKIP","floor":29.0},{"not_picked":["Infinite Blades","Dagger Throw"],"picked":"Poisoned Stab","floor":31.0},{"not_picked":["Malaise","Grand Finale"],"picked":"Corpse Explosion","floor":33.0},{"not_picked":["Terror+1","Blade Dance+1","Flechettes+1"],"picked":"SKIP","floor":35.0},{"not_picked":["Backstab","Quick Slash"],"picked":"Deadly Poison+1","floor":36.0},{"not_picked":["Heel Hook+1","Flying Knee+1"],"picked":"Deadly Poison","floor":39.0},{"not_picked":["Slice","Expertise+1","Dash"],"picked":"SKIP","floor":41.0},{"not_picked":["Sucker Punch+1","Heel Hook"],"picked":"Footwork+1","floor":42.0},{"not_picked":["Slice+1","Choke"],"picked":"Prepared+1","floor":46.0},{"not_picked":["Underhanded Strike+1","Grand Finale"],"picked":"Reflex+1","floor":47.0},{"not_picked":["Dagger Spray","Expertise+1"],"picked":"Noxious Fumes+1","floor":54.0}],"player_experience":203713,"relics_obtained":[{"floor":6.0,"key":"Blood Vial"},{"floor":19.0,"key":"Necronomicon"},{"floor":26.0,"key":"Omamori"},{"floor":28.0,"key":"The Courier"},{"floor":39.0,"key":"Bird Faced Urn"},{"floor":42.0,"key":"Toxic Egg 2"},{"floor":43.0,"key":"Bag of Marbles"},{"floor":46.0,"key":"Anchor"},{"floor":48.0,"key":"Tough Bandages"},{"floor":54.0,"key":"TungstenRod"}],"event_choices":[{"damage_healed":0.0,"max_hp_gain":0.0,"max_hp_loss":0.0,"gold_gain":0.0,"event_name":"Liars Game","player_choice":"Ignored","floor":2.0,"gold_loss":0.0,"damage_taken":0.0},{"cards_removed":["Strike_G"],"damage_healed":0.0,"max_hp_gain":0.0,"max_hp_loss":0.0,"gold_gain":0.0,"event_name":"Golden Wing","player_choice":"Card Removal","floor":13.0,"gold_loss":0.0,"damage_taken":7.0},{"damage_healed":0.0,"max_hp_gain":0.0,"max_hp_loss":0.0,"gold_gain":0.0,"event_name":"Cursed Tome","player_choice":"Obtained Book","floor":19.0,"gold_loss":0.0,"damage_taken":16.0},{"damage_healed":0.0,"max_hp_gain":0.0,"max_hp_loss":4.0,"gold_gain":0.0,"event_name":"Winding Halls","player_choice":"Max HP","floor":38.0,"gold_loss":0.0,"damage_taken":0.0},{"damage_healed":0.0,"max_hp_gain":0.0,"max_hp_loss":0.0,"gold_gain":0.0,"event_name":"Mysterious Sphere","player_choice":"Fight","floor":39.0,"gold_loss":0.0,"damage_taken":0.0},{"cards_removed":["Quick Slash"],"damage_healed":0.0,"max_hp_gain":0.0,"max_hp_loss":0.0,"gold_gain":0.0,"event_name":"Falling","player_choice":"Removed Attack","floor":44.0,"gold_loss":0.0,"damage_taken":0.0},{"damage_healed":0.0,"max_hp_gain":0.0,"max_hp_loss":0.0,"gold_gain":0.0,"event_name":"MindBloom","player_choice":"Fight","floor":48.0,"gold_loss":0.0,"damage_taken":0.0}],"is_beta":false,"boss_relics":[{"not_picked":["Velvet Choker","Ectoplasm"],"picked":"SlaversCollar"},{"not_picked":["Ring of the Serpent","Coffee Dripper"],"picked":"Cursed Key"}],"items_purged_floors":[4,11,22,37],"is_endless":false,"potions_floor_spawned":[3,6,14,16,18,24,33,36,41,48],"ascension_level":3}}