{"host":"kos1s9q8ffr8fqos","time":1607827670,"event":{"mods":["2.2 Compatiblity","AchievementEnabler","AlwaysNeverKeys","Astrologer","BaseMod","Bestiary","Better Altar","Better Match","Better Note","Better Sensory Stone","Better Skull","Better Third Choice","Better Vampires","Colored Map","Colored Powertips","Curses Come First","Hermit","Infinite Spire","Jorbs\u0027s Wanderer Trilogy","Minty Spire (QoL Compilation)","Quick Restart","Random Character Button","Relic Stats","Shop Mod","StSLib","The Blue Laboratory","The Disciple","The Hierophant"],"gold_per_floor":[109,216,230,246,246,246,277,277,277,277,297,297,297,313,313,417,417,447,475,487,499,530,571,583,615,650,662,674,702,726,300,300,401,401,419,15,33,33,45,79,79,104,104,104,132,132,0,18,18,43],"floor_reached":51,"playtime":2466,"items_purged":["Strike_P","Defend_P","Defend_P","Forethought"],"score":1309,"play_id":"bd31f064-e829-43d4-a6fa-3f7a3624d5ae","local_time":"20201212204750","is_ascension_mode":true,"campfire_choices":[{"floor":6.0,"key":"REST"},{"data":"SignatureMove","floor":8.0,"key":"SMITH"},{"data":"Eruption","floor":12.0,"key":"SMITH"},{"data":"Study","floor":15.0,"key":"SMITH"},{"data":"PathToVictory","floor":24.0,"key":"SMITH"},{"floor":27.0,"key":"REST"},{"data":"Secret Technique","floor":32.0,"key":"SMITH"},{"floor":41.0,"key":"REST"},{"floor":44.0,"key":"REST"},{"data":"Establishment","floor":46.0,"key":"SMITH"},{"floor":49.0,"key":"REST"}],"circlet_count":0,"master_deck":["AscendersBane","Defend_P+1","Eruption+1","Vigilance+1","SignatureMove+1","LikeWater","Study+1","MasterReality","CurseOfTheBell","PathToVictory+1","Jack Of All Trades","infinitespire:Fortify","Crescendo","DeceiveReality+1","PathToVictory+1","CutThroughFate","LikeWater","LikeWater","Secret Technique+1","PathToVictory+1","Establishment+1","Perseverance+1","LikeWater","ClearTheMind","Wireheading+1"],"relics":["Busted Crown","Orichalcum","Bottled Flame","infinitespire:BottledMercury","CloakClasp","infinitespire:FocusingShard","Omamori","Lantern","MerchantsRug","Potion Belt","Empty Cage","War Paint","Chemical X","Regal Pillow","Boot","infinitespire:Bottled Soul","Dream Catcher","Red Mask"],"acts_visited":["Exordium","TheCity","TheBeyond"],"potions_floor_usage":[50,50,50],"damage_taken":[{"damage":6.0,"enemies":"2 Louse","floor":1.0,"turns":3.0},{"damage":0.0,"enemies":"Cultist","floor":3.0,"turns":3.0},{"damage":6.0,"enemies":"Small Slimes","floor":4.0,"turns":3.0},{"damage":0.0,"enemies":"Gremlin Nob","floor":7.0,"turns":2.0},{"damage":0.0,"enemies":"3 Louse","floor":11.0,"turns":2.0},{"damage":0.0,"enemies":"Large Slime","floor":14.0,"turns":1.0},{"damage":6.0,"enemies":"Slime Boss","floor":16.0,"turns":4.0},{"damage":0.0,"enemies":"Shell Parasite","floor":18.0,"turns":1.0},{"damage":6.0,"enemies":"Chosen","floor":19.0,"turns":4.0},{"damage":8.0,"enemies":"Snake Plant","floor":22.0,"turns":4.0},{"damage":17.0,"enemies":"Slavers","floor":23.0,"turns":10.0},{"damage":4.0,"enemies":"Shelled Parasite and Fungi","floor":25.0,"turns":4.0},{"damage":0.0,"enemies":"Snecko","floor":29.0,"turns":4.0},{"damage":11.0,"enemies":"Chosen and Byrds","floor":30.0,"turns":10.0},{"damage":13.0,"enemies":"Champ","floor":33.0,"turns":7.0},{"damage":16.0,"enemies":"3 Shapes","floor":35.0,"turns":7.0},{"damage":7.0,"enemies":"Orb Walker","floor":37.0,"turns":2.0},{"damage":15.0,"enemies":"3 Darklings","floor":39.0,"turns":5.0},{"damage":0.0,"enemies":"Nemesis","floor":40.0,"turns":5.0},{"damage":31.0,"enemies":"Reptomancer","floor":42.0,"turns":6.0},{"damage":17.0,"enemies":"Giant Head","floor":45.0,"turns":7.0},{"damage":13.0,"enemies":"Writhing Mass","floor":48.0,"turns":5.0},{"damage":66,"enemies":"Awakened One","floor":50,"turns":13}],"seed_played":"-6303974203295939238","potions_obtained":[{"floor":7.0,"key":"SteroidPotion"},{"floor":14.0,"key":"SpeedPotion"},{"floor":18.0,"key":"blueLaboratory:ArtificerPotion"},{"floor":25.0,"key":"ColorlessPotion"},{"floor":30.0,"key":"blueLaboratory:BottledHope"},{"floor":33.0,"key":"SpeedPotion"},{"floor":37.0,"key":"Fire Potion"},{"floor":48.0,"key":"Explosive Potion"}],"is_trial":false,"path_per_floor":["M","?","M","M","?","R","E","R","T","?","M","R","?","M","R","B",null,"M","M","?","AVR","M","E","R","M","T","R","?","M","M","$","R","B",null,"M","$","M","AVR","M","E","R","E","T","R","E","R","?","M","R","B",null],"character_chosen":"WATCHER","items_purchased":["MerchantsRug","LikeWater","Secret Technique","Potion Belt","Establishment","War Paint"],"campfire_rested":5,"item_purchase_floors":[31,31,31,31,36,36],"current_hp_per_floor":[59,20,20,14,14,37,37,37,37,37,37,37,37,37,37,31,67,67,61,61,61,53,36,36,32,32,55,55,55,44,44,44,31,67,51,51,44,44,29,29,67,36,36,74,57,57,57,44,79,13],"gold":43,"neow_bonus":"BOSS_RELIC","is_daily":false,"chose_seed":false,"campfire_upgraded":6,"win_rate":0.0,"timestamp":1607827670,"path_taken":["M","?","M","?","?","R","E","R","T","?","M","R","?","?","R","BOSS","M","M","?","AVR","M","E","R","M","T","R","?","M","M","$","R","BOSS","M","$","M","AVR","?","E","R","E","T","R","E","R","?","M","R","BOSS"],"items_purchased_type":["Relic","Card","Card","Relic","Card","Relic"],"build_version":"2020-11-30","purchased_purges":4,"victory":true,"max_hp_per_floor":[72,79,79,79,79,79,79,79,79,79,79,79,79,79,79,79,79,79,79,79,79,79,79,79,79,79,79,79,79,79,79,79,79,79,79,79,79,79,79,79,79,79,79,79,79,79,79,79,79,79],"relic_stats":{"Regal Pillow":42,"Dream Catcher":1,"Busted Crown":62,"counters":[23,112],"CloakClasp":[298],"Chemical X":[0],"Orichalcum":[144],"War Paint":["DeceiveReality","Defend_P"],"Boot":[0],"obtain_stats":[{"Potion Belt":31,"infinitespire:BottledMercury":9,"MerchantsRug":31,"Lantern":26,"Regal Pillow":40,"Blue Candle":17,"infinitespire:FocusingShard":21,"CloakClasp":17,"Omamori":23,"Orichalcum":2,"War Paint":36,"MawBank":17,"Empty Cage":34,"Boot":42,"Calling Bell":17,"Bottled Flame":7,"Dream Catcher":45,"Busted Crown":0,"infinitespire:Bottled Soul":43,"Strawberry":2,"Red Mask":47,"Chemical X":38,"PureWater":0},{"Potion Belt":14,"infinitespire:BottledMercury":4,"MerchantsRug":14,"Lantern":12,"Regal Pillow":19,"Blue Candle":7,"infinitespire:FocusingShard":9,"CloakClasp":7,"Omamori":11,"Orichalcum":1,"War Paint":16,"MawBank":7,"Empty Cage":15,"Boot":20,"Calling Bell":7,"Bottled Flame":4,"Dream Catcher":21,"Busted Crown":0,"infinitespire:Bottled Soul":20,"Strawberry":1,"Red Mask":21,"Chemical X":17,"PureWater":0},{"Potion Belt":55,"infinitespire:BottledMercury":11,"MerchantsRug":55,"Lantern":41,"Regal Pillow":81,"Blue Candle":18,"infinitespire:FocusingShard":23,"CloakClasp":18,"Omamori":37,"Orichalcum":3,"War Paint":69,"MawBank":18,"Empty Cage":62,"Boot":87,"Calling Bell":18,"Bottled Flame":11,"Dream Catcher":94,"Busted Crown":0,"infinitespire:Bottled Soul":87,"Strawberry":3,"Red Mask":94,"Chemical X":71,"PureWater":0}]},"card_choices":[{"not_picked":[],"picked":"SignatureMove","floor":1.0},{"not_picked":[],"picked":"LikeWater","floor":3.0},{"not_picked":["FlurryOfBlows"],"picked":"SKIP","floor":4.0},{"not_picked":["PathToVictory"],"picked":"SKIP","floor":7.0},{"not_picked":["CarveReality"],"picked":"SKIP","floor":11.0},{"not_picked":[],"picked":"Study","floor":14.0},{"not_picked":[],"picked":"MasterReality","floor":16.0},{"not_picked":[],"picked":"PathToVictory","floor":18.0},{"not_picked":["SashWhip"],"picked":"SKIP","floor":19.0},{"not_picked":[],"picked":"Jack Of All Trades","floor":20.0},{"not_picked":[],"picked":"Forethought","floor":20.0},{"not_picked":[],"picked":"Crescendo","floor":22.0},{"not_picked":[],"picked":"DeceiveReality","floor":23.0},{"not_picked":["Prostrate"],"picked":"SKIP","floor":25.0},{"not_picked":[],"picked":"CutThroughFate","floor":29.0},{"not_picked":[],"picked":"LikeWater","floor":30.0},{"not_picked":[],"picked":"PathToVictory+1","floor":35.0},{"not_picked":[],"picked":"Perseverance+1","floor":37.0},{"not_picked":[],"picked":"LikeWater","floor":39.0},{"not_picked":[],"picked":"ClearTheMind","floor":40.0},{"not_picked":["Halt+1"],"picked":"SKIP","floor":42.0},{"not_picked":["Perseverance"],"picked":"SKIP","floor":45.0},{"not_picked":[],"picked":"Wireheading+1","floor":48.0}],"player_experience":1217272,"relics_obtained":[{"floor":7.0,"key":"Bottled Flame"},{"floor":9.0,"key":"infinitespire:BottledMercury"},{"floor":17.0,"key":"MawBank"},{"floor":17.0,"key":"Blue Candle"},{"floor":17.0,"key":"CloakClasp"},{"floor":23.0,"key":"Omamori"},{"floor":26.0,"key":"Lantern"},{"floor":40.0,"key":"Regal Pillow"},{"floor":42.0,"key":"Boot"},{"floor":43.0,"key":"infinitespire:Bottled Soul"},{"floor":45.0,"key":"Dream Catcher"}],"event_choices":[{"damage_healed":0.0,"max_hp_gain":0.0,"max_hp_loss":0.0,"gold_gain":107.0,"event_name":"betterSkull:BetterSkull","player_choice":"RE UP RE GO ","floor":2.0,"gold_loss":0.0,"damage_taken":53.0,"cards_upgraded":["Vigilance"],"relics_obtained":["Strawberry","Orichalcum"]},{"damage_healed":0.0,"max_hp_gain":0.0,"max_hp_loss":0.0,"gold_gain":0.0,"event_name":"Golden Idol","player_choice":"Ignored","floor":5.0,"gold_loss":0.0,"damage_taken":0.0},{"cards_removed":["Strike_P"],"damage_healed":0.0,"max_hp_gain":0.0,"max_hp_loss":0.0,"gold_gain":0.0,"event_name":"Living Wall","player_choice":"Forget","floor":10.0,"gold_loss":0.0,"damage_taken":0.0},{"cards_removed":["Strike_P"],"damage_healed":0.0,"max_hp_gain":0.0,"max_hp_loss":0.0,"gold_gain":0.0,"event_name":"Purifier","player_choice":"Purged","floor":13.0,"gold_loss":0.0,"damage_taken":0.0},{"damage_healed":0.0,"max_hp_gain":0.0,"max_hp_loss":0.0,"gold_gain":2.0,"event_name":"betterStone:BetterStone","player_choice":"1","floor":20.0,"gold_loss":0.0,"damage_taken":0.0},{"damage_healed":0.0,"max_hp_gain":0.0,"max_hp_loss":0.0,"gold_gain":0.0,"event_name":"Duplicator","player_choice":"Copied","floor":28.0,"gold_loss":0.0,"damage_taken":0.0,"cards_obtained":["PathToVictory"]},{"damage_healed":0.0,"max_hp_gain":0.0,"max_hp_loss":0.0,"gold_gain":0.0,"event_name":"Tomb of Lord Red Mask","player_choice":"Paid","floor":47.0,"gold_loss":132.0,"damage_taken":0.0,"relics_obtained":["Red Mask"]}],"is_beta":false,"boss_relics":[{"not_picked":["Coffee Dripper","SacredBark"],"picked":"Calling Bell"},{"not_picked":["Sozu","Runic Pyramid"],"picked":"Empty Cage"}],"items_purged_floors":[21,31,36,38],"is_endless":false,"potions_floor_spawned":[7,14,16,18,25,30,33,37,39,40,48],"ascension_level":11}}