{"host":"i41n6wh529970c2c","time":1607823985,"event":{"mods":["Act Like it!","BaseMod","BetterRewards","Friendly Minions","Gold Saver","Hermit","Minty Spire (QoL Compilation)","Replay The Spire","Shop Mod","StSLib"],"gold_per_floor":[643,643,743,755,767,796,164,199,199,234,234,276,288,322,322,419,419,434,434,434,126,144,174,174,199,199,199,226,226,243,268,268,370,370,383,398,32,32,48,77,77,95,95,111,139,139,139,139],"floor_reached":47,"playtime":2980,"items_purged":["Defend_R"],"score":1266,"play_id":"650128ef-194c-449b-afd6-2775e3ee3660","local_time":"20201212204625","is_ascension_mode":true,"campfire_choices":[{"data":"Whirlwind","floor":11.0,"key":"SMITH"},{"data":"Strike_R","floor":15.0,"key":"PURGE"},{"data":"Seeing Red","floor":24.0,"key":"SMITH"},{"data":"Seeing Red","floor":27.0,"key":"SMITH"},{"data":"ReplayTheSpireMod:Muscle Training","floor":32.0,"key":"SMITH"}],"circlet_count":0,"master_deck":["AscendersBane","Strike_R","Strike_R","Strike_R+1","Defend_R+1","Defend_R","Defend_R","Bash","Seeing Red+1","Flex","Whirlwind+1","Seeing Red+1","Shrug It Off","ReplayTheSpireMod:Splinters","Dual Wield","Sever Soul","Offering","Flex","ReplayTheSpireMod:Muscle Training+1","Clothesline","Offering","Massacre","Berserk+1","Heavy Blade+1","ReplayTheSpireMod:IOU","Whirlwind+1","Life Link+1","ReplayTheSpireMod:Muscle Training","Impervious","Voices"],"relics":["Burning Blood","TungstenRod","Charon\u0027s Ashes","Chemical X","Chameleon Ring","Anchor","TheAbacus","Onion Ring","HornCleat","Pantograph","Boot","Centennial Puzzle","Potion Belt","Counterbalance","Paper Frog","Red Mask","The Courier","Replay:Wax Seal","Mark of Pain","Bag of Marbles","MerchantsRug","Replay:Bottled Flurry","DollysMirror","Replay:Multitool","Darkstone Periapt","Replay:Baseball","ReplayTheSpireMod:Ring of Addiction","SacredBark","White Beast Statue","Ring of Panic"],"acts_visited":["Exordium","TheCity","TheBeyond"],"potions_floor_usage":[44,45,47,47,47],"damage_taken":[{"damage":11.0,"enemies":"Jaw Worm","floor":1.0,"turns":4.0},{"damage":1.0,"enemies":"Small Slimes","floor":4.0,"turns":3.0},{"damage":0.0,"enemies":"Cultist","floor":5.0,"turns":3.0},{"damage":27.0,"enemies":"Replay:BlueRogue","floor":6.0,"turns":10.0},{"damage":7.0,"enemies":"Lagavulin","floor":8.0,"turns":3.0},{"damage":0.0,"enemies":"Gremlin Nob","floor":10.0,"turns":2.0},{"damage":0.0,"enemies":"3 Louse","floor":13.0,"turns":1.0},{"damage":0.0,"enemies":"3 Sentries","floor":14.0,"turns":3.0},{"damage":26.0,"enemies":"Slime Boss","floor":16.0,"turns":6.0},{"damage":0.0,"enemies":"3 Byrds","floor":18.0,"turns":3.0},{"damage":1.0,"enemies":"Chosen","floor":22.0,"turns":3.0},{"damage":5.0,"enemies":"Replay:Snechameleon","floor":23.0,"turns":2.0},{"damage":17.0,"enemies":"Gremlin Leader","floor":25.0,"turns":3.0},{"damage":5.0,"enemies":"Masked Bandits","floor":28.0,"turns":3.0},{"damage":0.0,"enemies":"Snake Plant","floor":30.0,"turns":1.0},{"damage":6.0,"enemies":"Replay:Snechameleon","floor":31.0,"turns":4.0},{"damage":13.0,"enemies":"Collector","floor":33.0,"turns":6.0},{"damage":5.0,"enemies":"3 Shapes","floor":35.0,"turns":1.0},{"damage":0.0,"enemies":"Orb Walker","floor":36.0,"turns":1.0},{"damage":31.0,"enemies":"Transient","floor":39.0,"turns":5.0},{"damage":23.0,"enemies":"Giant Head","floor":40.0,"turns":5.0},{"damage":5,"enemies":"Writhing Mass","floor":42,"turns":1},{"damage":5,"enemies":"4 Shapes","floor":44,"turns":2},{"damage":14,"enemies":"R_Hoarder","floor":45,"turns":7},{"damage":90,"enemies":"Giant Head","floor":47,"turns":7}],"seed_played":"5502636810373217144","potions_obtained":[{"floor":5.0,"key":"Toxic Potion"},{"floor":8.0,"key":"Milkshake"},{"floor":12.0,"key":"PowerPotion"},{"floor":12.0,"key":"Swift Potion"},{"floor":14.0,"key":"Elixir"},{"floor":16.0,"key":"FearPotion"},{"floor":22.0,"key":"Elixir"},{"floor":25.0,"key":"Toxic Potion"},{"floor":28.0,"key":"CultistPotion"},{"floor":31.0,"key":"SkillPotion"},{"floor":33.0,"key":"SkillPotion"},{"floor":35.0,"key":"SkillPotion"},{"floor":39.0,"key":"Fire Potion"},{"floor":44,"key":"PowerPotion"},{"floor":46,"key":"EssenceOfSteel"},{"floor":46,"key":"Dexterity Potion"},{"floor":46,"key":"DuplicationPotion"}],"is_trial":false,"path_per_floor":["M","?","?","M","M","E","$","E","T","E","R","?","M","E","R","B",null,"M","?","?","$","M","E","R","E","T","R","?","T","M","E","R","B",null,"M","M","$","?","M","E","R","M","T","M","E","?","E"],"character_chosen":"IRONCLAD","items_purchased":["Charon\u0027s Ashes","Chemical X","Anchor","TheAbacus","Whirlwind","Seeing Red","Energy Potion","ColorlessPotion","Centennial Puzzle","Potion Belt","Bag of Marbles","MerchantsRug","Replay:Bottled Flurry","DollysMirror"],"campfire_rested":0,"item_purchase_floors":[0,0,7,7,7,7,7,7,21,21,37,37,37,37],"current_hp_per_floor":[38,23,23,28,34,13,13,12,12,18,18,18,24,30,30,35,69,75,75,61,61,66,67,67,56,56,56,57,57,63,63,63,78,83,84,85,85,85,60,43,68,69,69,70,62,68,0,0],"gold":139,"neow_bonus":"","is_daily":false,"chose_seed":false,"campfire_upgraded":4,"win_rate":0.0,"timestamp":1607823985,"path_taken":["M","?","?","M","?","E","$","E","T","E","R","?","M","E","R","BOSS","M","?","?","$","M","E","R","E","T","R","?","?","M","E","R","BOSS","M","M","$","?","?","E","R","M","T","M","E","?","E"],"items_purchased_type":["Relic","Relic","Relic","Relic","Card","Card","Potion","Potion","Relic","Relic","Relic","Relic","Relic","Relic"],"build_version":"2020-11-30","purchased_purges":1,"victory":false,"max_hp_per_floor":[80,80,80,80,80,80,80,80,80,80,80,80,80,80,80,80,80,80,80,85,85,85,85,85,85,85,85,85,85,85,85,85,85,85,85,85,85,85,85,85,85,85,85,85,85,91,91,91],"card_choices":[{"not_picked":["Cleave","Clothesline"],"picked":"Perfected Strike","floor":1.0},{"not_picked":["ReplayReversal","Clothesline","Clash"],"picked":"SKIP","floor":4.0},{"not_picked":["Metallicize","Brutality"],"picked":"Seeing Red","floor":5.0},{"not_picked":["Clothesline","ReplayTheSpireMod:Strike From Hell"],"picked":"Flex","floor":6.0},{"not_picked":["Clash","Rampage","ReplayTheSpireMod:Corrosion Curse"],"picked":"SKIP","floor":8.0},{"not_picked":["Reckless Charge","Armaments"],"picked":"Shrug It Off","floor":10.0},{"not_picked":["Power Through","ReplayTheSpireMod:Limb From Limb"],"picked":"Dual Wield","floor":12.0},{"not_picked":["Clash","Anger","Searing Blow"],"picked":"SKIP","floor":13.0},{"not_picked":["Anger","Brutality"],"picked":"Sever Soul","floor":14.0},{"not_picked":["Demon Form","Bludgeon"],"picked":"Offering","floor":16.0},{"not_picked":["Rage","Warcry"],"picked":"Flex","floor":18.0},{"not_picked":["Body Slam","Seeing Red"],"picked":"ReplayTheSpireMod:Muscle Training","floor":22.0},{"not_picked":["Perfected Strike","ReplayTheSpireMod:Corrosion Curse"],"picked":"Clothesline","floor":23.0},{"not_picked":["Havoc+1","Rage"],"picked":"Offering","floor":25.0},{"not_picked":["Feel No Pain","Havoc"],"picked":"Massacre","floor":28.0},{"not_picked":["Sword Boomerang+1","True Grit","ReplayTheSpireMod:Strike From Hell"],"picked":"SKIP","floor":30.0},{"not_picked":["Pommel Strike","Run Through","Life Link"],"picked":"SKIP","floor":31.0},{"not_picked":["Feed","Immolate"],"picked":"Berserk","floor":33.0},{"not_picked":["Warcry","Run Through","True Grit"],"picked":"SKIP","floor":35.0},{"not_picked":["Headbutt+1","Clothesline"],"picked":"Heavy Blade","floor":36.0},{"not_picked":["Flex","Armaments","Flame Barrier"],"picked":"SKIP","floor":39.0},{"not_picked":["Perfected Strike+1","Warcry"],"picked":"Life Link+1","floor":40.0},{"not_picked":["Body Slam","Warcry","Anger"],"picked":"SKIP","floor":42},{"not_picked":["Armaments+1","Havoc+1"],"picked":"ReplayTheSpireMod:Muscle Training","floor":44},{"not_picked":["Combust","Fire Breathing+1"],"picked":"Impervious","floor":45}],"player_experience":740360,"relics_obtained":[{"floor":6.0,"key":"Chameleon Ring"},{"floor":8.0,"key":"Onion Ring"},{"floor":9.0,"key":"HornCleat"},{"floor":10.0,"key":"Pantograph"},{"floor":14.0,"key":"Boot"},{"floor":23.0,"key":"Counterbalance"},{"floor":25.0,"key":"Self Forming Clay"},{"floor":26.0,"key":"Paper Frog"},{"floor":28.0,"key":"Red Mask"},{"floor":29.0,"key":"The Courier"},{"floor":31.0,"key":"Replay:Wax Seal"},{"floor":40.0,"key":"Replay:Multitool"},{"floor":43,"key":"Darkstone Periapt"},{"floor":45,"key":"Replay:Baseball"},{"floor":46,"key":"ReplayTheSpireMod:Ring of Addiction"},{"floor":46,"key":"SacredBark"},{"floor":46,"key":"White Beast Statue"},{"floor":46,"key":"Ring of Panic"}],"event_choices":[{"damage_healed":0.0,"max_hp_gain":0.0,"max_hp_loss":0.0,"gold_gain":0.0,"event_name":"Shining Light","player_choice":"Entered Light","floor":2.0,"gold_loss":0.0,"damage_taken":16.0,"cards_upgraded":["Defend_R","Strike_R"]},{"damage_healed":0.0,"max_hp_gain":0.0,"max_hp_loss":0.0,"gold_gain":100.0,"event_name":"Wheel of Change","player_choice":"Gold","floor":3.0,"gold_loss":0.0,"damage_taken":0.0},{"damage_healed":0.0,"max_hp_gain":0.0,"max_hp_loss":0.0,"gold_gain":0.0,"event_name":"Vampires","player_choice":"Ignored","floor":19.0,"gold_loss":0.0,"damage_taken":0.0},{"damage_healed":0.0,"max_hp_gain":5.0,"max_hp_loss":0.0,"gold_gain":0.0,"event_name":"Forgotten Altar","player_choice":"Shed Blood","floor":20.0,"gold_loss":0.0,"damage_taken":20.0},{"damage_healed":0.0,"max_hp_gain":0.0,"max_hp_loss":0.0,"gold_gain":0.0,"event_name":"Masked Bandits","player_choice":"Fought Bandits","floor":28.0,"gold_loss":0.0,"damage_taken":0.0},{"damage_healed":0.0,"max_hp_gain":0.0,"max_hp_loss":0.0,"gold_gain":0.0,"event_name":"Upgrade Shrine","player_choice":"Upgraded","floor":38.0,"gold_loss":0.0,"damage_taken":0.0,"cards_upgraded":["Berserk"]}],"is_beta":false,"boss_relics":[{"not_picked":["Ring of Chaos","Cursed Key"],"picked":"Empty Cage"},{"not_picked":["Abe\u0027s Treasure","SacredBark"],"picked":"Mark of Pain"}],"items_purged_floors":[7],"is_endless":false,"potions_floor_spawned":[5,8,14,16,22,25,28,31,33,35,39,44],"killed_by":"Giant Head","ascension_level":10}}