{"host":"3lwutyfpza97k53s","time":1607888140,"event":{"mods":["A Magickal Journey","Act Like it!","BaseMod","BetterRewards","CapriCore","Clockwork Mod","Conspire","Dio Mod","Downfall","Hallownest","Hermit","Infinite Spire","Minty Spire (QoL Compilation)","Replay The Spire","Robot Space Explorer","Shade Mod","Shop Mod","StSLib","The Construct","The Immortal","The Judge","The Jungle","The Necromancer","TheVacant","TheWitcher"],"gold_per_floor":[119,136,218,237,237,271,221,221,271,288,288,300,300,300],"floor_reached":13,"playtime":875,"items_purged":["RobotSpaceExplorer:Strike","RobotSpaceExplorer:Strike","RobotSpaceExplorer:Strike","RobotSpaceExplorer:Strike"],"score":110,"play_id":"61c3e33f-88f9-4d6b-a2ad-e7857bd77568","local_time":"20201213133540","is_ascension_mode":false,"campfire_choices":[{"data":"RobotSpaceExplorer:Pulsar","floor":8,"key":"SMITH"},{"data":"RobotSpaceExplorer:TrailblazerForm","floor":11,"key":"SMITH"}],"circlet_count":1,"master_deck":["RobotSpaceExplorer:Defend","RobotSpaceExplorer:Defend","RobotSpaceExplorer:Defend","RobotSpaceExplorer:Scan","RobotSpaceExplorer:MiniLasers","RobotSpaceExplorer:MiniDrones+1","RobotSpaceExplorer:TrailblazerForm+1","RobotSpaceExplorer:MiniBoosters","RobotSpaceExplorer:LaserBurst+1","RobotSpaceExplorer:Pulsar","RobotSpaceExplorer:SurgingShield","RobotSpaceExplorer:DualCore","RobotSpaceExplorer:Pulsar+1"],"relics":["RobotSpaceExplorer:RoboCore","Circlet","conspire:InfiniteJournal","conspire:GiftBox","TungstenRod","infinitespire:Satchel","RobotSpaceExplorer:RingOfTheNewt","Calipers","CeramicFish","Regal Pillow","Orichalcum"],"acts_visited":["Exordium"],"potions_floor_usage":[6,12],"damage_taken":[{"damage":2,"enemies":"Small Slimes","floor":1,"turns":4},{"damage":0,"enemies":"conspire:RoseBush","floor":2,"turns":6},{"damage":0,"enemies":"2 Louse","floor":4,"turns":4},{"damage":4,"enemies":"3 Sentries","floor":6,"turns":7},{"damage":0,"enemies":"Blue Slaver","floor":10,"turns":4},{"damage":1,"enemies":"Large Slime","floor":12,"turns":6},{"damage":2,"enemies":"Replay:BlueRogue","floor":13,"turns":3}],"seed_played":"-7793100855331007930","potions_obtained":[{"floor":1,"key":"Weak Potion"},{"floor":2,"key":"Doom Potion"}],"is_trial":false,"path_per_floor":["M","M","?","M","?","E","?","R","T","M","R","M","E"],"character_chosen":"RobotSpaceExplorer","items_purchased":["RobotSpaceExplorer:MiniDrones","RobotSpaceExplorer:MiniBoosters","infinitespire:Satchel","RobotSpaceExplorer:LaserBurst","Explosive Potion"],"campfire_rested":0,"item_purchase_floors":[0,0,0,0,0],"current_hp_per_floor":[38,38,21,21,7,3,3,3,3,3,3,2,0,0],"gold":300,"neow_bonus":"","is_daily":false,"chose_seed":false,"campfire_upgraded":2,"win_rate":0.0,"timestamp":1607888140,"path_taken":["M","M","?","M","?","E","?","R","T","M","R","M","E"],"items_purchased_type":["Card","Card","Relic","Card","Potion"],"build_version":"2020-11-30","purchased_purges":4,"victory":false,"max_hp_per_floor":[75,75,75,75,75,75,75,75,75,75,75,75,75,75],"card_choices":[{"not_picked":["RobotSpaceExplorer:Arsenal","RobotSpaceExplorer:ShockMissile"],"picked":"RobotSpaceExplorer:TrailblazerForm","floor":0},{"not_picked":["RobotSpaceExplorer:Probe","RobotSpaceExplorer:GlueSpray"],"picked":"RobotSpaceExplorer:Pulsar","floor":1},{"not_picked":["RobotSpaceExplorer:TurboDodge","RobotSpaceExplorer:DoubleFind","RobotSpaceExplorer:MetalStrike"],"picked":"SKIP","floor":2},{"not_picked":["RobotSpaceExplorer:Ammunition","RobotSpaceExplorer:DoubleFind"],"picked":"RobotSpaceExplorer:SurgingShield","floor":3},{"not_picked":["RobotSpaceExplorer:ShockKick","RobotSpaceExplorer:SurgingShield"],"picked":"RobotSpaceExplorer:DualCore","floor":4},{"not_picked":["RobotSpaceExplorer:Blitz","RobotSpaceExplorer:StarLightning"],"picked":"RobotSpaceExplorer:Pulsar","floor":6},{"not_picked":["RobotSpaceExplorer:DoubleBlock","RobotSpaceExplorer:MakeshiftVolley","RobotSpaceExplorer:ShovelStrike"],"picked":"SKIP","floor":10},{"not_picked":["RobotSpaceExplorer:Electroshield","RobotSpaceExplorer:GlueSpray","RobotSpaceExplorer:SlimeMissile"],"picked":"SKIP","floor":12}],"player_experience":450304,"relics_obtained":[{"floor":3,"key":"CeramicFish"},{"floor":6,"key":"Regal Pillow"},{"floor":9,"key":"Orichalcum"}],"event_choices":[{"damage_healed":0,"gold_gain":0,"player_choice":"Entered Light","damage_taken":15,"max_hp_gain":0,"max_hp_loss":0,"event_name":"Shining Light","floor":5,"gold_loss":0,"cards_upgraded":["RobotSpaceExplorer:LaserBurst","RobotSpaceExplorer:MiniDrones"]},{"cards_removed":["RobotSpaceExplorer:Defend"],"damage_healed":0,"gold_gain":0,"player_choice":"Card Removal","damage_taken":0,"max_hp_gain":0,"max_hp_loss":0,"event_name":"The Cleric","floor":7,"gold_loss":50}],"is_beta":false,"boss_relics":[],"items_purged_floors":[0,0,0,0],"is_endless":false,"potions_floor_spawned":[1,2,4],"killed_by":"Replay:BlueRogue","ascension_level":0}}