{"host":"yiit85oc4oi3nqs8","time":1607835077,"event":{"mods":["AchievementEnabler","BaseMod","Better Third Choice","Block Reminder","DeckTracker","Highlight Path","Keyboard Shortcuts","Minty Spire (QoL Compilation)","MonsterHotkey","Quick Restart","Random Character Button","Relic Stats","StSLib"],"gold_per_floor":[118,68,68,68,92,104,104,81,81,81,93,93,120,120,120,420,431,431,451,471,481,337,88,88,88,192,192,211,229,229,229,229,229,153,153,180,180,180,190,190,237,262,272,272,172,172,172,189,200,200,200,200,296,296,314,339,339,359,377,172,172,172,172,199,222,222,222,237,237,237,237,237,248,248,294,294,169,196,118,118,118,118,118,118,118,118,25,25,56,56],"floor_reached":91,"playtime":10316,"items_purged":["Strike_B","Defend_B","Defend_B"],"score":2120,"play_id":"be08c53e-584e-49d1-9cdc-d7afd6b990ee","local_time":"20201213135117","is_ascension_mode":true,"campfire_choices":[{"data":"Zap","floor":9.0,"key":"SMITH"},{"data":"Dualcast","floor":10.0,"key":"SMITH"},{"data":"Go for the Eyes","floor":12.0,"key":"SMITH"},{"data":"Hologram","floor":14.0,"key":"SMITH"},{"data":"Chill","floor":24.0,"key":"SMITH"},{"data":"Blizzard","floor":25.0,"key":"SMITH"},{"data":"Hologram","floor":37.0,"key":"SMITH"},{"data":"Capacitor","floor":38.0,"key":"SMITH"},{"floor":46.0,"key":"REST"},{"floor":47.0,"key":"RECALL"},{"floor":50.0,"key":"REST"},{"floor":51.0,"key":"REST"},{"data":"Sweeping Beam","floor":52.0,"key":"SMITH"},{"data":"Loop","floor":66.0,"key":"SMITH"},{"floor":81.0,"key":"REST"},{"data":"Defragment","floor":82.0,"key":"SMITH"},{"data":"Defend_B","floor":83.0,"key":"SMITH"},{"floor":86.0,"key":"REST"}],"circlet_count":0,"master_deck":["AscendersBane","Strike_B+1","Defend_B+1","Zap+1","Dualcast+1","Go for the Eyes+1","Capacitor+1","Sweeping Beam+1","Hologram+1","Hologram+1","Blizzard+1","Chill+1","Redo+1","Coolheaded+1","Defragment+1","Coolheaded+1","Loop+1","Finesse+1","Amplify+1","Seek+1","Defragment+1","Glacier+1","Madness+1"],"relics":["Cracked Core","Tiny Chest","Anchor","Oddly Smooth Stone","Gremlin Horn","Old Coin","Toxic Egg 2","Sozu","Boot","Unceasing Top","Nilry\u0027s Codex","HornCleat","Prayer Wheel","Art of War","Inserter","Pen Nib","Mummified Hand","Orrery","Bottled Tornado","Strawberry","Letter Opener","Centennial Puzzle","DataDisk","Blue Candle","Whetstone","Toy Ornithopter","Ornamental Fan"],"acts_visited":["Exordium","TheCity","TheBeyond","TheEnding"],"potions_floor_usage":[],"damage_taken":[{"damage":0.0,"enemies":"Cultist","floor":1.0,"turns":3.0},{"damage":0.0,"enemies":"Small Slimes","floor":6.0,"turns":3.0},{"damage":0.0,"enemies":"2 Louse","floor":11.0,"turns":2.0},{"damage":12.0,"enemies":"Lagavulin","floor":13.0,"turns":6.0},{"damage":0.0,"enemies":"Exordium Thugs","floor":17.0,"turns":3.0},{"damage":0.0,"enemies":"Lots of Slimes","floor":19.0,"turns":3.0},{"damage":1.0,"enemies":"Large Slime","floor":20.0,"turns":5.0},{"damage":0.0,"enemies":"Looter","floor":21.0,"turns":2.0},{"damage":36.0,"enemies":"Slime Boss","floor":26.0,"turns":8.0},{"damage":4.0,"enemies":"Spheric Guardian","floor":28.0,"turns":4.0},{"damage":4.0,"enemies":"Shell Parasite","floor":29.0,"turns":7.0},{"damage":4.0,"enemies":"Slavers","floor":36.0,"turns":3.0},{"damage":0.0,"enemies":"Centurion and Healer","floor":39.0,"turns":6.0},{"damage":5.0,"enemies":"Sentry and Sphere","floor":43.0,"turns":6.0},{"damage":7.0,"enemies":"Chosen and Byrds","floor":48.0,"turns":6.0},{"damage":16.0,"enemies":"Snecko","floor":49.0,"turns":6.0},{"damage":18.0,"enemies":"Champ","floor":53.0,"turns":9.0},{"damage":0.0,"enemies":"3 Shapes","floor":55.0,"turns":2.0},{"damage":0.0,"enemies":"Orb Walker","floor":58.0,"turns":3.0},{"damage":12.0,"enemies":"Sphere and 2 Shapes","floor":59.0,"turns":4.0},{"damage":16.0,"enemies":"Nemesis","floor":64.0,"turns":9.0},{"damage":10.0,"enemies":"3 Darklings","floor":68.0,"turns":3.0},{"damage":1.0,"enemies":"Spire Growth","floor":73.0,"turns":4.0},{"damage":0.0,"enemies":"Reptomancer","floor":78.0,"turns":4.0},{"damage":15.0,"enemies":"Time Eater","floor":84.0,"turns":10.0},{"damage":19.0,"enemies":"Shield and Spear","floor":89.0,"turns":7.0},{"damage":8,"enemies":"The Heart","floor":90,"turns":9}],"seed_played":"381925418355159829","potions_obtained":[{"floor":1.0,"key":"Fire Potion"},{"floor":17.0,"key":"CultistPotion"}],"is_trial":false,"path_per_floor":["M","?","?","?","T","M","$","$","R","R","M","R","E","R","T","T","M","?","M","M","M","$","?","R","R","B",null,"M","M","?","T","?","$","$","?","E","R","R","M","T","T","T","M","?","$","R","R","M","M","R","R","R","B",null,"M","T","?","M","M","$","?","?","?","E","T","R","?","M","T","T","T","?","M","?","T","$","$","E","$","?","R","R","R","B",null,"R","$","$","E","B",null],"character_chosen":"DEFECT","items_purchased":["Sweeping Beam","Chill","Toxic Egg 2","Chaos+1","Coolheaded+1","Orrery","Glacier+1","Madness+1"],"campfire_rested":5,"item_purchase_floors":[8,22,23,34,60,60,79,87],"current_hp_per_floor":[68,68,61,61,61,61,61,61,61,61,61,61,49,49,49,49,49,49,49,48,48,48,48,48,48,12,59,55,51,51,51,51,51,51,35,31,31,31,31,31,31,31,26,12,12,36,36,29,13,37,61,61,43,71,71,71,71,71,59,59,59,59,59,43,50,50,50,40,40,40,40,40,39,39,39,39,39,39,39,39,65,65,65,50,78,87,87,87,68,60],"gold":56,"neow_bonus":"RANDOM_COMMON_RELIC","is_daily":false,"chose_seed":false,"campfire_upgraded":12,"win_rate":0.0,"timestamp":1607835077,"path_taken":["M","?","?","?","?","M","$","$","R","R","M","R","E","R","T","T","?","?","M","M","M","?","?","R","R","BOSS","M","?","?","?","?","$","$","?","E","R","R","M","T","T","T","M","?","?","R","R","M","M","R","R","R","BOSS","M","?","?","M","?","$","?","?","?","E","?","R","?","M","T","T","T","?","?","?","?","$","$","E","?","?","R","R","R","BOSS","R","$","$","E","BOSS"],"items_purchased_type":["Card","Card","Relic","Card","Card","Relic","Card","Card"],"build_version":"2020-11-30","purchased_purges":3,"victory":true,"max_hp_per_floor":[75,75,75,75,75,75,75,75,75,75,75,75,75,75,75,75,75,75,75,75,75,75,75,75,75,75,75,75,75,75,75,75,75,75,75,75,75,75,75,75,75,75,75,80,80,80,80,80,80,80,80,80,80,80,80,80,80,80,80,80,80,80,80,80,87,87,87,87,87,87,87,87,87,87,87,87,87,87,87,87,87,87,87,87,87,87,87,87,87,87],"relic_stats":{"Inserter":[22],"Gremlin Horn":[22,22],"counters":[27,137],"Blue Candle":[3],"Pen Nib":[8],"Letter Opener":[245],"Whetstone":["Strike_B"],"Boot":[82],"Sozu":6,"Centennial Puzzle":[12],"Mummified Hand":[42],"Ornamental Fan":[8],"Tiny Chest":5,"Prayer Wheel":8,"Art of War":[16],"obtain_stats":[{"Gremlin Horn":15,"Nilry\u0027s Codex":35,"Whetstone":75,"Bottled Tornado":64,"Boot":31,"Old Coin":16,"Sozu":27,"Centennial Puzzle":69,"HornCleat":36,"Mummified Hand":57,"Strawberry":65,"Tiny Chest":0,"Prayer Wheel":40,"Toxic Egg 2":23,"Cracked Core":0,"Inserter":54,"Blue Candle":71,"Oddly Smooth Stone":13,"Pen Nib":56,"Letter Opener":67,"Anchor":5,"DataDisk":70,"Ornamental Fan":89,"Orrery":60,"Art of War":42,"Unceasing Top":32,"Toy Ornithopter":78},{"Gremlin Horn":4,"Nilry\u0027s Codex":11,"Whetstone":23,"Bottled Tornado":21,"Boot":11,"Old Coin":4,"Sozu":9,"Centennial Puzzle":22,"HornCleat":12,"Mummified Hand":18,"Strawberry":21,"Tiny Chest":0,"Prayer Wheel":13,"Toxic Egg 2":8,"Cracked Core":0,"Inserter":17,"Blue Candle":22,"Oddly Smooth Stone":4,"Pen Nib":18,"Letter Opener":21,"Anchor":1,"DataDisk":22,"Ornamental Fan":26,"Orrery":20,"Art of War":13,"Unceasing Top":11,"Toy Ornithopter":24},{"Gremlin Horn":14,"Nilry\u0027s Codex":46,"Whetstone":107,"Bottled Tornado":100,"Boot":46,"Old Coin":14,"Sozu":35,"Centennial Puzzle":103,"HornCleat":49,"Mummified Hand":84,"Strawberry":100,"Tiny Chest":0,"Prayer Wheel":55,"Toxic Egg 2":27,"Cracked Core":0,"Inserter":82,"Blue Candle":103,"Oddly Smooth Stone":14,"Pen Nib":84,"Letter Opener":100,"Anchor":3,"DataDisk":103,"Ornamental Fan":128,"Orrery":91,"Art of War":55,"Unceasing Top":46,"Toy Ornithopter":111}],"Unceasing Top":[53],"Toy Ornithopter":0},"card_choices":[{"not_picked":["Darkness","Rip and Tear"],"picked":"Go for the Eyes","floor":1.0},{"not_picked":["Leap","Darkness"],"picked":"Capacitor","floor":6.0},{"not_picked":["Barrage","Double Energy"],"picked":"Hologram","floor":11.0},{"not_picked":["Storm","Coolheaded"],"picked":"Hologram","floor":13.0},{"not_picked":["Reprogram","Undo","Cold Snap"],"picked":"SKIP","floor":17.0},{"not_picked":["Ball Lightning","Turbo","Leap"],"picked":"SKIP","floor":19.0},{"not_picked":["Sweeping Beam","Darkness"],"picked":"Blizzard","floor":20.0},{"not_picked":["Barrage","Force Field","Undo"],"picked":"SKIP","floor":21.0},{"not_picked":["Hologram+1","Rebound","Stack+1"],"picked":"SKIP","floor":28.0},{"not_picked":["Static Discharge","Hologram+1","Turbo+1"],"picked":"SKIP","floor":29.0},{"not_picked":["Reprogram+1","Compile Driver+1","Steam Power+1"],"picked":"SKIP","floor":36.0},{"not_picked":["Blizzard","Sweeping Beam","Rebound"],"picked":"SKIP","floor":39.0},{"not_picked":["Chill+1","Heatsinks+1","White Noise+1"],"picked":"SKIP","floor":43.0},{"not_picked":["Ball Lightning","Streamline","Hello World"],"picked":"SKIP","floor":43.0},{"not_picked":["Barrage","Ball Lightning+1"],"picked":"Redo+1","floor":48.0},{"not_picked":["Hologram+1","Loop","Rainbow+1"],"picked":"SKIP","floor":48.0},{"not_picked":["Chill+1","Rebound","Barrage"],"picked":"SKIP","floor":49.0},{"not_picked":["BootSequence+1","Ball Lightning","Undo+1"],"picked":"SKIP","floor":49.0},{"not_picked":["Beam Cell+1","Go for the Eyes","Double Energy+1"],"picked":"SKIP","floor":55.0},{"not_picked":["Gash+1","Turbo+1","Self Repair"],"picked":"SKIP","floor":55.0},{"not_picked":["Skim+1","Double Energy+1","Streamline"],"picked":"SKIP","floor":58.0},{"not_picked":["Blizzard","Sweeping Beam","Stack+1"],"picked":"SKIP","floor":58.0},{"not_picked":["Skim+1","Double Energy+1","Streamline"],"picked":"SKIP","floor":58.0},{"not_picked":["Blizzard","Sweeping Beam","Stack+1"],"picked":"SKIP","floor":58.0},{"not_picked":["Skim+1","Go for the Eyes+1","Beam Cell"],"picked":"SKIP","floor":59.0},{"not_picked":["Skim+1","Capacitor","Force Field+1"],"picked":"SKIP","floor":59.0},{"not_picked":["Gash","Amplify+1"],"picked":"Defragment+1","floor":60.0},{"not_picked":["Turbo+1","Go for the Eyes+1"],"picked":"Coolheaded+1","floor":60.0},{"not_picked":["Sweeping Beam","Chill+1"],"picked":"Loop","floor":60.0},{"not_picked":["Trip+1","Forethought+1"],"picked":"Finesse+1","floor":62.0},{"not_picked":["Sweeping Beam","Coolheaded+1"],"picked":"Seek+1","floor":64.0},{"not_picked":["Sunder","Conserve Battery+1","Streamline"],"picked":"SKIP","floor":68.0},{"not_picked":["Stack+1","Amplify+1","Chill+1"],"picked":"SKIP","floor":68.0},{"not_picked":["Gash","Barrage","Stack+1"],"picked":"SKIP","floor":73.0},{"not_picked":["Cold Snap","Hologram+1","Coolheaded+1"],"picked":"SKIP","floor":73.0},{"not_picked":["Fusion+1","Multi-Cast+1"],"picked":"Defragment","floor":78.0},{"not_picked":["Darkness+1","Reprogram+1","Gash"],"picked":"SKIP","floor":89.0}],"player_experience":394205,"relics_obtained":[{"floor":5.0,"key":"Anchor"},{"floor":13.0,"key":"Oddly Smooth Stone"},{"floor":15.0,"key":"Gremlin Horn"},{"floor":16.0,"key":"Old Coin"},{"floor":31.0,"key":"Boot"},{"floor":32.0,"key":"Unceasing Top"},{"floor":35.0,"key":"Nilry\u0027s Codex"},{"floor":36.0,"key":"HornCleat"},{"floor":40.0,"key":"Prayer Wheel"},{"floor":42.0,"key":"Art of War"},{"floor":56.0,"key":"Pen Nib"},{"floor":57.0,"key":"Mummified Hand"},{"floor":64.0,"key":"Bottled Tornado"},{"floor":65.0,"key":"Strawberry"},{"floor":67.0,"key":"Letter Opener"},{"floor":69.0,"key":"Centennial Puzzle"},{"floor":70.0,"key":"DataDisk"},{"floor":71.0,"key":"Blue Candle"},{"floor":75.0,"key":"Whetstone"},{"floor":78.0,"key":"Toy Ornithopter"},{"floor":89.0,"key":"Ornamental Fan"}],"event_choices":[{"cards_removed":["Strike_B"],"damage_healed":0.0,"max_hp_gain":0.0,"max_hp_loss":0.0,"gold_gain":0.0,"event_name":"The Cleric","player_choice":"Card Removal","floor":2.0,"gold_loss":50.0,"damage_taken":0.0},{"cards_removed":["Defend_B"],"damage_healed":0.0,"max_hp_gain":0.0,"max_hp_loss":0.0,"gold_gain":0.0,"event_name":"Golden Wing","player_choice":"Card Removal","floor":3.0,"gold_loss":0.0,"damage_taken":7.0},{"cards_removed":["Strike_B"],"damage_healed":0.0,"max_hp_gain":0.0,"max_hp_loss":0.0,"gold_gain":0.0,"event_name":"Wheel of Change","player_choice":"Card Removal","floor":4.0,"gold_loss":0.0,"damage_taken":0.0},{"damage_healed":0.0,"max_hp_gain":0.0,"max_hp_loss":0.0,"gold_gain":0.0,"event_name":"Cursed Tome","player_choice":"Obtained Book","floor":35.0,"gold_loss":0.0,"damage_taken":16.0},{"damage_healed":0.0,"max_hp_gain":5.0,"max_hp_loss":0.0,"gold_gain":0.0,"event_name":"Forgotten Altar","player_choice":"Shed Blood","floor":44.0,"gold_loss":0.0,"damage_taken":19.0},{"damage_healed":0.0,"max_hp_gain":0.0,"max_hp_loss":0.0,"gold_gain":0.0,"event_name":"SensoryStone","player_choice":"Memory 1","floor":62.0,"gold_loss":0.0,"damage_taken":0.0},{"damage_healed":0.0,"max_hp_gain":0.0,"max_hp_loss":0.0,"gold_gain":0.0,"event_name":"betterThird:BetterPortal","player_choice":"Random: Orange","floor":63.0,"gold_loss":0.0,"damage_taken":0.0},{"damage_healed":0.0,"max_hp_gain":0.0,"max_hp_loss":0.0,"gold_gain":0.0,"event_name":"Match and Keep!","player_choice":"1 cards matched","floor":63.0,"gold_loss":0.0,"damage_taken":0.0,"cards_obtained":["Amplify"]},{"damage_healed":0.0,"max_hp_gain":0.0,"max_hp_loss":0.0,"gold_gain":0.0,"event_name":"Tomb of Lord Red Mask","player_choice":"Ignored","floor":72.0,"gold_loss":0.0,"damage_taken":0.0},{"cards_removed":["Chaos"],"damage_healed":0.0,"max_hp_gain":0.0,"max_hp_loss":0.0,"gold_gain":0.0,"event_name":"Falling","player_choice":"Removed Skill","floor":74.0,"gold_loss":0.0,"damage_taken":0.0}],"is_beta":false,"boss_relics":[{"not_picked":["Tiny House","Empty Cage"],"picked":"Sozu"},{"not_picked":["Busted Crown","Calling Bell"],"picked":"Inserter"}],"items_purged_floors":[22,45,77],"is_endless":false,"potions_floor_spawned":[1,17,19,21,39,48,49,53,59,73],"ascension_level":12}}