{"host":"pvf7uj918he10jir","time":1607834644,"event":{"mods":["AchievementEnabler","BaseMod","Colored Map","Colored Powertips","Highlight Path","Minty Spire (QoL Compilation)","Relic Stats","Slay the Relics Exporter","everything is the same but u backflip on backflip"],"gold_per_floor":[211,225,225,4,104,440,454,477,559,575,575,608,608,642,642,773,773,794,842,862,862,862,862,862],"floor_reached":23,"playtime":1290,"items_purged":["Injury"],"score":265,"play_id":"529c8407-8e41-4f18-94da-2ed6e1a54991","local_time":"20201212234404","is_ascension_mode":true,"campfire_choices":[{"floor":11,"key":"REST"},{"floor":13,"key":"REST"},{"data":"Bash","floor":15,"key":"SMITH"}],"circlet_count":0,"master_deck":["Strike_R","Strike_R","Strike_R","Strike_R","Strike_R","Defend_R","Defend_R","Defend_R","Defend_R","Bash+1","Flame Barrier","Cleave","Infernal Blade","Pummel+1","Immolate+1","Pommel Strike+1"],"relics":["Burning Blood","Golden Idol","TheAbacus","Old Coin","HornCleat","Dream Catcher","Molten Egg 2","Philosopher\u0027s Stone","Boot","Nilry\u0027s Codex"],"acts_visited":["Exordium","TheCity"],"potions_floor_usage":[14,16,16,23],"damage_taken":[{"damage":11,"enemies":"2 Louse","floor":1,"turns":3},{"damage":4,"enemies":"Jaw Worm","floor":2,"turns":4},{"damage":67,"enemies":"Lagavulin","floor":6,"turns":14},{"damage":1,"enemies":"Cultist","floor":7,"turns":4},{"damage":0,"enemies":"Red Slaver","floor":8,"turns":5},{"damage":17,"enemies":"Gremlin Gang","floor":10,"turns":3},{"damage":20,"enemies":"3 Sentries","floor":12,"turns":10},{"damage":13,"enemies":"Lagavulin","floor":14,"turns":6},{"damage":34,"enemies":"The Guardian","floor":16,"turns":12},{"damage":24,"enemies":"2 Thieves","floor":18,"turns":2},{"damage":8,"enemies":"Shell Parasite","floor":20,"turns":3},{"damage":52,"enemies":"Book of Stabbing","floor":23,"turns":4}],"seed_played":"-5181139814640822706","potions_obtained":[{"floor":1,"key":"Energy Potion"},{"floor":7,"key":"LiquidMemories"},{"floor":10,"key":"Regen Potion"},{"floor":14,"key":"SkillPotion"}],"is_trial":false,"path_per_floor":["M","M","?","$","?","E","M","M","T","M","R","E","R","E","R","B",null,"M","T","M","?","?","E"],"character_chosen":"IRONCLAD","items_purchased":["TheAbacus"],"campfire_rested":2,"item_purchase_floors":[4],"current_hp_per_floor":[75,77,77,77,77,16,21,27,27,16,40,26,50,43,43,15,80,62,62,60,60,44,0,0],"gold":862,"neow_bonus":"HUNDRED_GOLD","is_daily":false,"chose_seed":false,"campfire_upgraded":1,"win_rate":0.0,"timestamp":1607834644,"path_taken":["M","M","?","$","?","E","M","?","T","M","R","E","R","E","R","BOSS","M","?","?","?","?","E"],"items_purchased_type":["Relic"],"build_version":"2020-11-30","purchased_purges":1,"victory":false,"max_hp_per_floor":[80,80,80,80,80,80,80,80,80,80,80,80,80,80,80,80,80,80,80,80,80,80,80,80],"relic_stats":{"Dream Catcher":1,"TheAbacus":[132],"counters":[12,70],"Golden Idol":66,"Boot":[27],"obtain_stats":[{"Dream Catcher":12,"TheAbacus":4,"HornCleat":9,"Golden Idol":3,"Nilry\u0027s Codex":22,"Molten Egg 2":14,"Philosopher\u0027s Stone":17,"Boot":19,"Burning Blood":0,"Old Coin":6},{"Dream Catcher":7,"TheAbacus":2,"HornCleat":5,"Golden Idol":2,"Nilry\u0027s Codex":11,"Molten Egg 2":8,"Philosopher\u0027s Stone":9,"Boot":10,"Burning Blood":0,"Old Coin":3},{"Dream Catcher":43,"TheAbacus":7,"HornCleat":30,"Golden Idol":7,"Nilry\u0027s Codex":66,"Molten Egg 2":49,"Philosopher\u0027s Stone":61,"Boot":63,"Burning Blood":0,"Old Coin":21}],"Burning Blood":66},"card_choices":[{"not_picked":["Disarm","Flex","Perfected Strike"],"picked":"SKIP","floor":1},{"not_picked":["Anger","Dark Embrace"],"picked":"Flame Barrier","floor":2},{"not_picked":["Power Through","Shockwave"],"picked":"Cleave","floor":6},{"not_picked":["Clash","Power Through","Rage"],"picked":"SKIP","floor":7},{"not_picked":["Thunderclap","Shrug It Off"],"picked":"Infernal Blade","floor":8},{"not_picked":["Pommel Strike","Clothesline","Clash"],"picked":"SKIP","floor":10},{"not_picked":["Anger","Intimidate","Berserk"],"picked":"SKIP","floor":12},{"not_picked":["Spot Weakness","Thunderclap+1"],"picked":"Pummel+1","floor":14},{"not_picked":["Demon Form","Fiend Fire+1"],"picked":"Immolate+1","floor":16},{"not_picked":["Perfected Strike+1","True Grit"],"picked":"Pommel Strike+1","floor":18},{"not_picked":["Fire Breathing","Burning Pact","Searing Blow+1"],"picked":"SKIP","floor":20}],"player_experience":92909,"relics_obtained":[{"floor":6,"key":"Old Coin"},{"floor":9,"key":"HornCleat"},{"floor":12,"key":"Dream Catcher"},{"floor":14,"key":"Molten Egg 2"},{"floor":19,"key":"Boot"},{"floor":22,"key":"Nilry\u0027s Codex"}],"event_choices":[{"damage_healed":0,"gold_gain":0,"player_choice":"Take Wound","damage_taken":0,"relics_obtained":["Golden Idol"],"max_hp_gain":0,"max_hp_loss":0,"event_name":"Golden Idol","floor":3,"gold_loss":0,"cards_obtained":["Injury"]},{"damage_healed":0,"gold_gain":100,"player_choice":"Pray","damage_taken":0,"max_hp_gain":0,"max_hp_loss":0,"event_name":"Golden Shrine","floor":5,"gold_loss":0},{"damage_healed":0,"gold_gain":0,"player_choice":"Ignored","damage_taken":0,"max_hp_gain":0,"max_hp_loss":0,"event_name":"Vampires","floor":21,"gold_loss":0},{"damage_healed":0,"gold_gain":0,"player_choice":"Obtained Book","damage_taken":16,"max_hp_gain":0,"max_hp_loss":0,"event_name":"Cursed Tome","floor":22,"gold_loss":0}],"is_beta":false,"boss_relics":[{"not_picked":["Astrolabe","Runic Cube"],"picked":"Philosopher\u0027s Stone"}],"items_purged_floors":[4],"is_endless":false,"potions_floor_spawned":[1,7,10,12,14],"killed_by":"Book of Stabbing","ascension_level":3}}