{"host":"aw5aop3hbkunav4s","time":1607850584,"event":{"mods":["2.2 Compatiblity","AchievementEnabler","BaseMod","Colored Map","Curses Come First","Minty Spire (QoL Compilation)","Relic Stats","StSLib","Synergy Search"],"gold_per_floor":[117,136,136,146,146,146,71,71,117,17,52,63,63,89,89,189,189,208,208,225,225,242,267,283,311,362,382,395,395,316,345,345,450,450,465,465,485,165,184,212,227,13,13,13,47,19,72,97,97,97,97,97,38,69,69],"floor_reached":56,"playtime":7478,"items_purged":["Strike_R","Strike_R"],"score":1548,"play_id":"6bd229c3-267d-4285-964f-c515bf2573e6","local_time":"20201213040944","is_ascension_mode":true,"campfire_choices":[{"data":"Clothesline","floor":6.0,"key":"SMITH"},{"data":"Bash","floor":8.0,"key":"SMITH"},{"data":"Battle Trance","floor":13.0,"key":"SMITH"},{"data":"Corruption","floor":15.0,"key":"SMITH"},{"floor":32.0,"key":"RECALL"},{"floor":44.0,"key":"REST"},{"floor":49.0,"key":"REST"},{"floor":52.0,"key":"REST"}],"circlet_count":0,"master_deck":["Defend_R","Defend_R","Defend_R","Bash+1","Rampage","Shrug It Off","Clothesline+1","Corruption+1","Battle Trance+1","Feed","Bite","Bite","Bite","Bite","Bite","Dark Embrace","Disarm","Ghostly Armor+1","Shrug It Off","Shockwave","Hemokinesis+1","Spot Weakness","Feel No Pain","Blood for Blood","Shrug It Off+1","Dropkick+1","Exhume","True Grit+1","Feel No Pain","Demon Form","Combust+1","Shockwave+1","Pummel+1"],"relics":["Sozu","Eternal Feather","Lizard Tail","Matryoshka","Fusion Hammer","Du-Vu Doll","Ornamental Fan","Toy Ornithopter","The Courier","Runic Cube","Omamori","Singing Bowl","Smiling Mask","Membership Card","Bottled Tornado","Bronze Scales","Thread and Needle","Dream Catcher","Prayer Wheel","Letter Opener","Orrery","Boot"],"acts_visited":["Exordium","TheCity","TheBeyond","TheEnding"],"potions_floor_usage":[],"damage_taken":[{"damage":2.0,"enemies":"Jaw Worm","floor":1.0,"turns":3.0},{"damage":2.0,"enemies":"2 Louse","floor":2.0,"turns":3.0},{"damage":0.0,"enemies":"Cultist","floor":4.0,"turns":3.0},{"damage":12.0,"enemies":"Gremlin Nob","floor":11.0,"turns":4.0},{"damage":9.0,"enemies":"Blue Slaver","floor":12.0,"turns":3.0},{"damage":5.0,"enemies":"Lagavulin","floor":14.0,"turns":6.0},{"damage":37.0,"enemies":"Slime Boss","floor":16.0,"turns":11.0},{"damage":3.0,"enemies":"Shell Parasite","floor":18.0,"turns":4.0},{"damage":22.0,"enemies":"Spheric Guardian","floor":20.0,"turns":4.0},{"damage":25.0,"enemies":"Centurion and Healer","floor":22.0,"turns":7.0},{"damage":26.0,"enemies":"Book of Stabbing","floor":23.0,"turns":5.0},{"damage":22.0,"enemies":"Sentry and Sphere","floor":24.0,"turns":5.0},{"damage":26.0,"enemies":"Gremlin Leader","floor":25.0,"turns":5.0},{"damage":10.0,"enemies":"Chosen and Byrds","floor":27.0,"turns":6.0},{"damage":5.0,"enemies":"Cultist and Chosen","floor":28.0,"turns":6.0},{"damage":21.0,"enemies":"Book of Stabbing","floor":31.0,"turns":6.0},{"damage":59.0,"enemies":"Collector","floor":33.0,"turns":11.0},{"damage":6.0,"enemies":"3 Darklings","floor":35.0,"turns":5.0},{"damage":14.0,"enemies":"Orb Walker","floor":37.0,"turns":4.0},{"damage":30.0,"enemies":"Writhing Mass","floor":39.0,"turns":6.0},{"damage":29.0,"enemies":"Nemesis","floor":40.0,"turns":7.0},{"damage":32.0,"enemies":"Jaw Worm Horde","floor":41.0,"turns":6.0},{"damage":90.0,"enemies":"Giant Head","floor":45.0,"turns":10.0},{"damage":27.0,"enemies":"2 Orb Walkers","floor":47.0,"turns":6.0},{"damage":15.0,"enemies":"Nemesis","floor":48.0,"turns":5.0},{"damage":25.0,"enemies":"Time Eater","floor":50.0,"turns":8.0},{"damage":51.0,"enemies":"Shield and Spear","floor":54.0,"turns":5.0},{"damage":65,"enemies":"The Heart","floor":55,"turns":8}],"seed_played":"-8478396405171398","potions_obtained":[],"is_trial":false,"path_per_floor":["M","M","?","M","?","R","$","R","T","$","E","M","R","E","R","B",null,"M","?","M","?","M","E","M","E","T","M","M","?","$","E","R","B",null,"M","?","M","$","M","E","M","$","T","R","E","$","?","E","R","B",null,"R","$","E","B",null],"character_chosen":"IRONCLAD","items_purchased":["Feel No Pain","Omamori","Singing Bowl","Membership Card","Bottled Tornado","Feel No Pain","Orrery"],"campfire_rested":3,"item_purchase_floors":[30,38,38,42,42,46,53],"current_hp_per_floor":[78,76,76,76,69,75,75,80,80,80,68,61,67,64,70,35,69,71,71,66,66,78,68,71,69,69,71,89,89,89,84,95,61,89,100,101,99,99,86,79,64,64,64,109,43,43,35,34,88,75,106,118,122,87,38],"gold":69,"neow_bonus":"BOSS_RELIC","is_daily":false,"chose_seed":false,"campfire_upgraded":4,"win_rate":0.0,"timestamp":1607850584,"path_taken":["M","M","?","M","?","R","?","R","T","$","E","M","R","E","R","BOSS","M","?","M","?","M","E","M","E","T","M","?","?","$","E","R","BOSS","M","?","?","$","M","E","M","$","T","R","E","$","?","E","R","BOSS","R","$","E","BOSS"],"items_purchased_type":["Card","Relic","Relic","Relic","Relic","Card","Relic"],"build_version":"2020-11-30","purchased_purges":2,"victory":true,"max_hp_per_floor":[80,80,80,80,80,80,80,80,80,80,80,80,80,80,80,80,80,83,83,86,86,89,89,92,92,92,92,95,95,95,95,95,98,98,101,101,101,101,104,104,109,109,109,109,109,109,114,114,116,116,116,118,122,130,130],"relic_stats":{"Singing Bowl":14,"counters":[28,162],"Eternal Feather":77,"Letter Opener":[65],"Smiling Mask":0,"Boot":[0],"Sozu":12,"Lizard Tail":0,"Dream Catcher":2,"Ornamental Fan":[200],"Bronze Scales":[220],"Prayer Wheel":0,"obtain_stats":[{"Singing Bowl":38,"Eternal Feather":5,"Thread and Needle":43,"The Courier":31,"Omamori":38,"Letter Opener":48,"Bottled Tornado":42,"Smiling Mask":40,"Boot":54,"Burning Blood":0,"Sozu":0,"Blood Vial":9,"Du-Vu Doll":23,"Lizard Tail":11,"Dream Catcher":45,"Matryoshka":14,"Ornamental Fan":25,"Bronze Scales":43,"Orrery":53,"Prayer Wheel":47,"Fusion Hammer":17,"Membership Card":42,"Toy Ornithopter":26,"Runic Cube":34},{"Singing Bowl":19,"Eternal Feather":3,"Thread and Needle":22,"The Courier":16,"Omamori":19,"Letter Opener":25,"Bottled Tornado":22,"Smiling Mask":21,"Boot":27,"Burning Blood":0,"Sozu":0,"Blood Vial":3,"Du-Vu Doll":11,"Lizard Tail":4,"Dream Catcher":23,"Matryoshka":6,"Ornamental Fan":13,"Bronze Scales":22,"Orrery":26,"Prayer Wheel":24,"Fusion Hammer":7,"Membership Card":22,"Toy Ornithopter":13,"Runic Cube":17},{"Singing Bowl":101,"Eternal Feather":9,"Thread and Needle":120,"The Courier":81,"Omamori":101,"Letter Opener":141,"Bottled Tornado":120,"Smiling Mask":114,"Boot":154,"Burning Blood":0,"Sozu":0,"Blood Vial":9,"Du-Vu Doll":53,"Lizard Tail":13,"Dream Catcher":130,"Matryoshka":22,"Ornamental Fan":63,"Bronze Scales":120,"Orrery":149,"Prayer Wheel":136,"Fusion Hammer":33,"Membership Card":120,"Toy Ornithopter":63,"Runic Cube":92}],"Toy Ornithopter":0,"Runic Cube":[65]},"card_choices":[{"not_picked":["Blood for Blood","Entrench"],"picked":"Rampage","floor":1.0},{"not_picked":["Armaments","Clash"],"picked":"Shrug It Off","floor":2.0},{"not_picked":["Wild Strike","Anger"],"picked":"Clothesline","floor":4.0},{"not_picked":["Anger","Battle Trance"],"picked":"Corruption","floor":11.0},{"not_picked":["Armaments","Warcry"],"picked":"Battle Trance","floor":12.0},{"not_picked":["Flex","Iron Wave","True Grit"],"picked":"SKIP","floor":14.0},{"not_picked":["Limit Break","Impervious"],"picked":"Feed","floor":16.0},{"not_picked":["Clothesline+1","Flex","Havoc"],"picked":"SKIP","floor":18.0},{"not_picked":["Flex+1","Warcry"],"picked":"Dark Embrace","floor":20.0},{"not_picked":["Twin Strike","Clothesline+1"],"picked":"Clash+1","floor":22.0},{"not_picked":["Inflame","Perfected Strike"],"picked":"Ghostly Armor+1","floor":23.0},{"not_picked":["Metallicize","Warcry"],"picked":"Shrug It Off","floor":24.0},{"not_picked":["Thunderclap","Armaments","Twin Strike"],"picked":"SKIP","floor":25.0},{"not_picked":["Power Through","Barricade"],"picked":"Shockwave","floor":27.0},{"not_picked":["Flex","Cleave"],"picked":"Hemokinesis+1","floor":28.0},{"not_picked":["Pommel Strike","Twin Strike"],"picked":"Blood for Blood","floor":31.0},{"not_picked":["True Grit","Heavy Blade+1","Cleave"],"picked":"SKIP","floor":35.0},{"not_picked":["Carnage","Entrench"],"picked":"Shrug It Off+1","floor":37.0},{"not_picked":["Wild Strike","Warcry+1"],"picked":"Dropkick+1","floor":39.0},{"not_picked":["Rupture","Searing Blow+1"],"picked":"Exhume","floor":40.0},{"not_picked":["Thunderclap","Cleave+1","Heavy Blade"],"picked":"Singing Bowl","floor":41.0},{"not_picked":["Thunderclap","Sword Boomerang"],"picked":"True Grit+1","floor":45.0},{"not_picked":["Warcry+1","Sword Boomerang","Flex+1"],"picked":"Singing Bowl","floor":47.0},{"not_picked":["Sword Boomerang","Heavy Blade"],"picked":"Demon Form","floor":48.0},{"not_picked":["Armaments","Pommel Strike","Cleave"],"picked":"Singing Bowl","floor":49.0},{"not_picked":["Perfected Strike","Body Slam","Cleave"],"picked":"Singing Bowl","floor":52.0},{"not_picked":["Armaments","Heavy Blade+1"],"picked":"Combust+1","floor":53.0},{"not_picked":["Searing Blow+1","Sword Boomerang+1"],"picked":"Shockwave+1","floor":53.0},{"not_picked":["Clash+1","Sever Soul+1","Searing Blow"],"picked":"Singing Bowl","floor":53.0},{"not_picked":["Heavy Blade","Immolate","Wild Strike+1"],"picked":"Singing Bowl","floor":53.0},{"not_picked":["Body Slam","Havoc+1"],"picked":"Pummel+1","floor":53.0},{"not_picked":["Flex","Wild Strike+1","Headbutt"],"picked":"Singing Bowl","floor":54.0}],"player_experience":260271,"relics_obtained":[{"floor":9.0,"key":"Blood Vial"},{"floor":11.0,"key":"Lizard Tail"},{"floor":14.0,"key":"Matryoshka"},{"floor":23.0,"key":"Du-Vu Doll"},{"floor":25.0,"key":"Ornamental Fan"},{"floor":26.0,"key":"Toy Ornithopter"},{"floor":31.0,"key":"The Courier"},{"floor":40.0,"key":"Smiling Mask"},{"floor":43.0,"key":"Bronze Scales"},{"floor":43.0,"key":"Thread and Needle"},{"floor":45.0,"key":"Dream Catcher"},{"floor":47.0,"key":"Prayer Wheel"},{"floor":48.0,"key":"Letter Opener"},{"floor":54.0,"key":"Boot"}],"event_choices":[{"damage_healed":0.0,"max_hp_gain":0.0,"max_hp_loss":0.0,"gold_gain":0.0,"event_name":"Liars Game","player_choice":"Ignored","floor":3.0,"gold_loss":0.0,"damage_taken":0.0},{"damage_healed":0.0,"max_hp_gain":0.0,"max_hp_loss":0.0,"gold_gain":0.0,"event_name":"Scrap Ooze","player_choice":"Success","floor":5.0,"gold_loss":0.0,"damage_taken":7.0,"relics_obtained":["Eternal Feather"]},{"damage_healed":0.0,"max_hp_gain":0.0,"max_hp_loss":0.0,"gold_gain":0.0,"event_name":"Vampires","player_choice":"Became a vampire (Vial)","floor":19.0,"relics_lost":["Blood Vial"],"gold_loss":0.0,"damage_taken":0.0,"cards_obtained":["Bite","Bite","Bite","Bite","Bite"]},{"damage_healed":0.0,"max_hp_gain":0.0,"max_hp_loss":0.0,"gold_gain":0.0,"cards_transformed":["Defend_R"],"event_name":"Transmorgrifier","player_choice":"Transformed","floor":21.0,"gold_loss":0.0,"damage_taken":0.0,"cards_obtained":["Disarm"]},{"damage_healed":0.0,"max_hp_gain":0.0,"max_hp_loss":0.0,"gold_gain":0.0,"event_name":"The Library","player_choice":"Read","floor":29.0,"gold_loss":0.0,"damage_taken":0.0,"cards_obtained":["Spot Weakness"]},{"cards_removed":["Clash"],"damage_healed":5.0,"max_hp_gain":0.0,"max_hp_loss":0.0,"gold_gain":0.0,"event_name":"Bonfire Elementals","player_choice":"Offered Common","floor":36.0,"gold_loss":0.0,"damage_taken":0.0},{"cards_removed":["Clash"],"damage_healed":5.0,"max_hp_gain":0.0,"max_hp_loss":0.0,"gold_gain":0.0,"event_name":"Bonfire Elementals","player_choice":"Offered Special","floor":36.0,"gold_loss":0.0,"damage_taken":0.0},{"damage_healed":0.0,"max_hp_gain":0.0,"max_hp_loss":0.0,"gold_gain":0.0,"event_name":"Mysterious Sphere","player_choice":"Fight","floor":47.0,"gold_loss":0.0,"damage_taken":0.0}],"is_beta":false,"boss_relics":[{"not_picked":["Calling Bell","Mark of Pain"],"picked":"Fusion Hammer"},{"not_picked":["Tiny House","Black Star"],"picked":"Runic Cube"}],"items_purged_floors":[7,10],"is_endless":false,"potions_floor_spawned":[1,4,16,23,25,27,31,39,40,45,47,54],"ascension_level":5}}