{"host":"f5pfdf07lxwkzoqo","time":1607890817,"event":{"mods":["Act Like it!","Aspiration","BaseMod","BetterRewards","Colored Powertips","Conspire","Downfall","Duelist Mod","GifTheSpireLib","GungeonMod","Hallownest","Highlight Path","Hubris","Jorbs\u0027s Wanderer Trilogy","Minty Spire (QoL Compilation)","Rare Cards Sparkle","StSLib","The Animator"],"gold_per_floor":[136,136,136,21,36,67,67,98,98,131,131,154,154,168,168,292,292,306,326,340,340,340,376,390,390,469,482,518,518,533,569,569,700,700,714,714,407,407,407,442,455,455,455],"floor_reached":42,"playtime":5331,"items_purged":["Pain"],"score":630,"play_id":"7b0bd8d3-465c-471a-99c0-f5c23dd0419f","local_time":"20201213202017","is_ascension_mode":true,"campfire_choices":[{"data":"theDuelist:AncientRules","floor":7,"key":"SMITH"},{"floor":11,"key":"REST"},{"data":"theDuelist:ArmageddonDragonEmp","floor":13,"key":"SMITH"},{"floor":15,"key":"REST"},{"floor":29,"key":"REST"},{"floor":32,"key":"RECALL"}],"circlet_count":0,"master_deck":["theDuelist:BabyDragon","theDuelist:CastleWalls+1","theDuelist:CastleWalls","theDuelist:CaveDragon","theDuelist:CaveDragon","theDuelist:LesserDragon","theDuelist:LesserDragon","theDuelist:Sparks","theDuelist:Sparks","theDuelist:YamataDragon","theDuelist:ArmageddonDragonEmp+1","theDuelist:DeltaMagnet","theDuelist:AncientRules+1","theDuelist:TrihornedDragon","theDuelist:CyberDragonCore+1","theDuelist:SpiralSpearStrike","theDuelist:VoidOgreDragon","theDuelist:DragonMastery","theDuelist:Destroyersaurus","theDuelist:CyberDragonInfinity+1","theDuelist:SnowdustDragon","theDuelist:Sparks","theDuelist:SpiralSpearStrike","theDuelist:DragonMastery","hubris:DuctTapeCard","theDuelist:MirageDragon+1","theDuelist:SliferSky","theDuelist:DragonCaptureJar","theDuelist:ChimeratechOverdragon+1","theDuelist:HarpieFeather+1","theDuelist:CyberDragonDrei","theDuelist:ArmedDragon3","theDuelist:ArmageddonDragonEmp","theDuelist:CyberDragonSieger+1","Deep Breath","theDuelist:EvilMind","theDuelist:CoralDragon+1"],"relics":["theDuelist:MillenniumPuzzle","theDuelist:CardPoolRelic","theDuelist:CardPoolBasicRelic","theDuelist:BoosterPackPoolRelic","theDuelist:CardPoolAddRelic","theDuelist:CardPoolMinusRelic","theDuelist:CardPoolSaveRelic","theDuelist:CardPoolOptionsRelic","aspiration:Nostalgia","PureWater","Golden Idol","DemoMod:GnawedKey","DemoMod:ResourcefulSack","DemoMod:MemoryAlloy","DemoMod:DecoyRelic","DemoMod:Bottle","theDuelist:GamblerChip","hubris:DuctTape","War Paint","hubris:CrystalStatue","hubris:TerracottaHorce","WarpedTongs","theDuelist:BoosterPackTrapEgg","Magic Flower","hubris:BundleOfHerbs"],"acts_visited":["Exordium","TheCity","TheBeyond"],"potions_floor_usage":[20,31,40,40,41,42],"damage_taken":[{"damage":0,"enemies":"Small Slimes","floor":1,"turns":3},{"damage":0,"enemies":"2 Louse","floor":5,"turns":2},{"damage":23,"enemies":"Lagavulin","floor":6,"turns":4},{"damage":14,"enemies":"Gremlin Nob","floor":8,"turns":3},{"damage":21,"enemies":"Lagavulin","floor":10,"turns":5},{"damage":1,"enemies":"conspire:RoseBush","floor":12,"turns":2},{"damage":2,"enemies":"Lots of Slimes","floor":14,"turns":3},{"damage":1,"enemies":"The Guardian","floor":16,"turns":8},{"damage":0,"enemies":"conspire:FuzzyDice","floor":18,"turns":6},{"damage":0,"enemies":"Shell Parasite","floor":19,"turns":2},{"damage":0,"enemies":"Snake Plant","floor":20,"turns":1},{"damage":5,"enemies":"theDuelist:KaibaA2","floor":23,"turns":4},{"damage":17,"enemies":"Shelled Parasite and Fungi","floor":24,"turns":5},{"damage":10,"enemies":"Centurion and Healer","floor":27,"turns":4},{"damage":4,"enemies":"conspire:Head Lice","floor":28,"turns":6},{"damage":12,"enemies":"conspire:HollyBat","floor":30,"turns":6},{"damage":15,"enemies":"theDuelist:KaibaA2","floor":31,"turns":4},{"damage":5,"enemies":"Champ","floor":33,"turns":6},{"damage":9,"enemies":"Orb Walker","floor":35,"turns":2},{"damage":66,"enemies":"Reptomancer","floor":40,"turns":6},{"damage":24,"enemies":"3 Shapes","floor":41,"turns":4},{"damage":38,"enemies":"Nemesis","floor":42,"turns":2}],"seed_played":"-3744545395229980103","potions_obtained":[{"floor":6,"key":"theDuelist:SummonFuryPotion"},{"floor":8,"key":"Dexterity Potion"},{"floor":14,"key":"theDuelist:SummonFuryPotion"},{"floor":19,"key":"theDuelist:BabyPotion"},{"floor":20,"key":"conspire:TimeTravelPotion"},{"floor":27,"key":"theDuelist:SealedPackB"},{"floor":40,"key":"theDuelist:FreezingPotion"}],"is_trial":false,"path_per_floor":["M","?","?","$","M","E","R","E","T","E","R","M","R","M","R","B",null,"M","M","M","?","?","E","M","?","T","M","E","R","M","E","R","B",null,"M","?","$","T","?","E","M","E"],"character_chosen":"THE_DUELIST","items_purchased":["DemoMod:GnawedKey","theDuelist:BoosterPackTrapEgg","Deep Breath","theDuelist:EvilMind","theDuelist:SilverWing"],"campfire_rested":3,"item_purchase_floors":[4,37,37,37,37],"current_hp_per_floor":[80,60,60,60,60,37,37,23,23,13,37,36,36,34,58,57,80,80,80,80,80,80,75,58,58,58,48,44,68,56,41,41,36,69,60,60,60,60,60,47,23,0,0],"gold":455,"neow_bonus":"NOSTALGIA","is_daily":false,"chose_seed":false,"campfire_upgraded":2,"win_rate":0.0,"timestamp":1607890817,"path_taken":["M","?","?","$","M","E","R","E","T","E","R","M","R","M","R","BOSS","M","M","M","?","?","E","M","?","T","?","E","R","M","E","R","BOSS","M","?","$","?","?","E","M","E"],"items_purchased_type":["Relic","Relic","Card","Card","Card"],"build_version":"2020-11-30","purchased_purges":1,"victory":false,"max_hp_per_floor":[80,80,80,80,80,80,80,80,80,80,80,80,80,80,80,80,80,80,80,80,80,80,80,80,80,80,80,80,80,80,80,80,80,80,80,80,80,80,80,80,80,80,80],"card_choices":[{"not_picked":["theDuelist:SurvivalFittest","theDuelist:LostWorld","theDuelist:GaiaDragonChamp","theDuelist:BlasterDragonInfernos"],"picked":"theDuelist:ArmageddonDragonEmp","floor":1},{"not_picked":["theDuelist:Earthquake","theDuelist:RedRisingDragon","theDuelist:AncientPixieDragon","theDuelist:Pyrorex"],"picked":"theDuelist:AncientRules","floor":5},{"not_picked":["theDuelist:MadFlameKaiju","theDuelist:GiantRex","theDuelist:BlackTyranno","theDuelist:BarrelDragon"],"picked":"theDuelist:TrihornedDragon","floor":6},{"not_picked":["theDuelist:Hinotama","theDuelist:LightningDarts","theDuelist:PreventRat","theDuelist:MagicalStone"],"picked":"theDuelist:DianKeto","floor":8},{"not_picked":["theDuelist:CyberDinosaur","theDuelist:BusterBlader","theDuelist:DefenseZone","theDuelist:ScrapIronScarecrow"],"picked":"theDuelist:CyberDragonCore","floor":10},{"not_picked":["theDuelist:BusterBlader","theDuelist:SafeZone","theDuelist:GalaxyTyranno","theDuelist:CyberEltanin"],"picked":"theDuelist:SpiralSpearStrike","floor":12},{"not_picked":["theDuelist:TailSwipe","theDuelist:DoomkaiserDragon","theDuelist:BlueDuston","theDuelist:ArmedProtectorDragon"],"picked":"theDuelist:VoidOgreDragon","floor":14},{"not_picked":["theDuelist:TailSwipe","theDuelist:SliferSky","theDuelist:Lancephorhynchus","theDuelist:GravityLash"],"picked":"theDuelist:DragonMastery","floor":16},{"not_picked":["theDuelist:Sabersaurus","theDuelist:GiantRex","theDuelist:DarkDriceratops","theDuelist:Beatraptor"],"picked":"theDuelist:Destroyersaurus","floor":18},{"not_picked":["theDuelist:BlacklandFireDragon","theDuelist:DarkfireDragon","theDuelist:BeserkDragon+1","theDuelist:TrihornedDragon"],"picked":"theDuelist:CyberDragonInfinity+1","floor":19},{"not_picked":["theDuelist:Hydrogeddon","theDuelist:CurseDragon","theDuelist:BlackBrutdrago+1","theDuelist:Beatraptor"],"picked":"theDuelist:SnowdustDragon","floor":20},{"not_picked":["theDuelist:CoralDragon","theDuelist:SphereChaos+1","theDuelist:TwinHeadedFire","theDuelist:CyberEndDragon"],"picked":"theDuelist:MirageDragon+1","floor":23},{"not_picked":["theDuelist:Scapegoat","theDuelist:LostWorld","theDuelist:FiveHeaded","theDuelist:GravityLash"],"picked":"theDuelist:SliferSky","floor":24},{"not_picked":["theDuelist:VoidOgreDragon+1","theDuelist:SurvivalFittest","theDuelist:StardustDragon","theDuelist:QueenDragunDjinn"],"picked":"theDuelist:ChimeratechOverdragon+1","floor":27},{"not_picked":["theDuelist:RainbowOverdragon","theDuelist:RedMedicine","theDuelist:BigEye","theDuelist:DianKeto"],"picked":"theDuelist:HarpieFeather+1","floor":28},{"not_picked":["theDuelist:TwinBarrelDragon","theDuelist:CaveDragon","theDuelist:MirageDragon","theDuelist:SoulCharge"],"picked":"theDuelist:CyberDragonDrei","floor":30},{"not_picked":["theDuelist:FiveHeaded","theDuelist:CyberTwinDragon+1","theDuelist:QueenDragunDjinn","theDuelist:DoomkaiserDragon"],"picked":"theDuelist:ArmedDragon3","floor":31},{"not_picked":["theDuelist:StardustDragon","theDuelist:OceanDragonLord","theDuelist:LostWorld","theDuelist:BusterBladerDDS"],"picked":"theDuelist:ArmageddonDragonEmp","floor":33},{"not_picked":["theDuelist:LesserDragon","theDuelist:Duoterion+1","theDuelist:SphereChaos+1","theDuelist:DefenseDraw"],"picked":"theDuelist:CyberDragonSieger+1","floor":35},{"not_picked":["theDuelist:TyrantWing+1","theDuelist:ScrapIronScarecrow+1","theDuelist:Berserking+1","theDuelist:DefensiveTactics+1"],"picked":"theDuelist:SeismicShockwave+1","floor":40},{"not_picked":["theDuelist:Earthquake","theDuelist:CyberDinosaur+1","theDuelist:DefenseZone","theDuelist:TwinHeadedFire+1"],"picked":"theDuelist:CoralDragon+1","floor":41}],"player_experience":481037,"relics_obtained":[{"floor":6,"key":"DemoMod:ResourcefulSack"},{"floor":8,"key":"DemoMod:MemoryAlloy"},{"floor":9,"key":"DemoMod:DecoyRelic"},{"floor":10,"key":"DemoMod:Bottle"},{"floor":23,"key":"hubris:DuctTape"},{"floor":28,"key":"War Paint"},{"floor":31,"key":"hubris:CrystalStatue"},{"floor":38,"key":"Magic Flower"},{"floor":40,"key":"hubris:BundleOfHerbs"}],"event_choices":[{"damage_healed":0,"gold_gain":0,"player_choice":"Take Damage","damage_taken":20,"relics_obtained":["Golden Idol"],"max_hp_gain":0,"max_hp_loss":0,"event_name":"Golden Idol","floor":2,"gold_loss":0},{"damage_healed":0,"gold_gain":0,"player_choice":"Delta Electro","duelist":true,"damage_taken":0,"max_hp_gain":0,"max_hp_loss":0,"event_name":"Egyptian Village","floor":3,"gold_loss":0,"cards_obtained":["Delta Electromagnet Warrior"]},{"damage_healed":0,"gold_gain":0,"player_choice":"Intellect - dupe all spells","duelist":true,"damage_taken":0,"max_hp_gain":0,"max_hp_loss":0,"event_name":"Aknamkanon\u0027s Tomb","floor":21,"gold_loss":0},{"damage_healed":0,"gold_gain":0,"player_choice":"Ignored","damage_taken":0,"max_hp_gain":0,"max_hp_loss":0,"event_name":"Ghosts","floor":22,"gold_loss":0},{"damage_healed":0,"gold_gain":0,"cards_transformed":["theDuelist:Sparks"],"player_choice":"Transformed","damage_taken":0,"max_hp_gain":0,"max_hp_loss":0,"event_name":"Transmorgrifier","floor":25,"gold_loss":0,"cards_obtained":["theDuelist:DragonCaptureJar"]},{"damage_healed":0,"gold_gain":0,"player_choice":"Rummage","damage_taken":0,"relics_obtained":["WarpedTongs"],"max_hp_gain":0,"max_hp_loss":0,"event_name":"Accursed Blacksmith","floor":36,"gold_loss":0,"cards_obtained":["Pain"]},{"damage_healed":0,"gold_gain":0,"player_choice":"Ignored","damage_taken":0,"max_hp_gain":0,"max_hp_loss":0,"event_name":"SecretPortal","floor":39,"gold_loss":0}],"is_beta":false,"boss_relics":[{"not_picked":["conspire:SpecialSausage","Runic Dome"],"picked":"theDuelist:GamblerChip"},{"not_picked":["Inserter","Coffee Dripper"],"picked":"hubris:TerracottaHorce"}],"items_purged_floors":[37],"is_endless":false,"potions_floor_spawned":[6,8,14,19,20,24,27,40],"killed_by":"Nemesis","ascension_level":1}}