{"host":"kw4o7b3ro2ktmmbe","time":1607848728,"event":{"mods":["BaseMod","Minty Spire (QoL Compilation)","StSLib","The Death Knight","Treasure Hunter"],"gold_per_floor":[135,150,150,163,173,173,202,220,296,312,325,325,325,344,344,448,448,460,460,475,475,318,343,343,343,343],"floor_reached":25,"playtime":1661,"items_purged":[],"score":248,"play_id":"bc9b9cd9-68a5-4bec-a141-7d8e9215a2cb","local_time":"20201213213848","is_ascension_mode":true,"campfire_choices":[{"data":"DeathKnight:DarkSuccor","floor":6.0,"key":"SMITH"},{"data":"DeathKnight:DarkSuccor","floor":13.0,"key":"SMITH"},{"data":"TH:ElvenBoots","floor":15.0,"key":"SMITH"},{"data":"DeathKnight:WraithWalk","floor":24,"key":"SMITH"}],"circlet_count":0,"master_deck":["DeathKnight:Strike_DeathKnight","DeathKnight:Strike_DeathKnight","DeathKnight:Strike_DeathKnight","DeathKnight:Strike_DeathKnight","DeathKnight:Strike_DeathKnight","DeathKnight:Defend_DeathKnight","DeathKnight:Defend_DeathKnight","DeathKnight:Defend_DeathKnight","DeathKnight:Defend_DeathKnight","DeathKnight:Defend_DeathKnight","DeathKnight:PillarOfFrost","DeathKnight:DarkSuccor+1","DeathKnight:DancingRuneblade","DeathKnight:WraithWalk+1","DeathKnight:PlagueStrike","TH:ElvenBoots+1","DeathKnight:Defile+1","DeathKnight:DarkSuccor+1","TH:CopperCoins","DeathKnight:WraithWalk","DeathKnight:Hysteria+1","TH:DeckOfManyThings","DeathKnight:Defile+1","DeathKnight:Hysteria+1","DeathKnight:DarkSuccor","TH:CopperCoins"],"relics":["Sozu","Frozen Egg 2","Eternal Feather","Runic Pyramid","Medical Kit","Pocketwatch"],"acts_visited":["Exordium","TheCity"],"potions_floor_usage":[],"damage_taken":[{"damage":0.0,"enemies":"Small Slimes","floor":1.0,"turns":4.0},{"damage":1.0,"enemies":"Cultist","floor":2.0,"turns":3.0},{"damage":2.0,"enemies":"Jaw Worm","floor":4.0,"turns":3.0},{"damage":10.0,"enemies":"3 Louse","floor":5.0,"turns":4.0},{"damage":11.0,"enemies":"Lagavulin","floor":7.0,"turns":6.0},{"damage":10.0,"enemies":"Blue Slaver","floor":8.0,"turns":4.0},{"damage":9.0,"enemies":"Lots of Slimes","floor":10.0,"turns":4.0},{"damage":7.0,"enemies":"2 Fungi Beasts","floor":11.0,"turns":5.0},{"damage":3.0,"enemies":"Looter","floor":14.0,"turns":4.0},{"damage":1.0,"enemies":"Hexaghost","floor":16.0,"turns":7.0},{"damage":21.0,"enemies":"2 Thieves","floor":18.0,"turns":3.0},{"damage":6.0,"enemies":"Spheric Guardian","floor":20.0,"turns":5.0},{"damage":47,"enemies":"Book of Stabbing","floor":23,"turns":6},{"damage":33,"enemies":"Slavers","floor":25,"turns":4}],"seed_played":"-5592192169854060790","potions_obtained":[],"is_trial":false,"path_per_floor":["M","M","?","M","M","R","E","M","T","M","M","?","R","M","R","B",null,"M","?","M","?","$","E","R","E"],"character_chosen":"DEATH_KNIGHT","items_purchased":["Medical Kit"],"campfire_rested":0,"item_purchase_floors":[22],"current_hp_per_floor":[75,74,74,72,62,62,51,41,41,32,25,18,30,27,39,38,75,54,54,48,48,48,1,16,0,0],"gold":343,"neow_bonus":"BOSS_RELIC","is_daily":false,"chose_seed":false,"campfire_upgraded":4,"win_rate":0.0,"timestamp":1607848728,"path_taken":["M","M","?","M","M","R","E","M","T","M","?","?","R","M","R","BOSS","M","?","M","?","$","E","R","E"],"items_purchased_type":["Relic"],"build_version":"2020-11-30","purchased_purges":0,"victory":false,"max_hp_per_floor":[75,75,75,75,75,75,75,75,75,75,75,75,75,75,75,75,75,75,75,75,75,75,75,75,75,75],"card_choices":[{"not_picked":["DeathKnight:HowlingBlast","DeathKnight:Culling"],"picked":"DeathKnight:PillarOfFrost","floor":1.0},{"not_picked":["DeathKnight:UnholyFrenzy","DeathKnight:DeathRune"],"picked":"DeathKnight:DarkSuccor","floor":2.0},{"not_picked":["DeathKnight:DeathAndDecay","DeathKnight:HornOfWinter"],"picked":"DeathKnight:WraithWalk","floor":4.0},{"not_picked":["DeathKnight:Marrowrend","DeathKnight:BludPresence"],"picked":"DeathKnight:PlagueStrike","floor":5.0},{"not_picked":["TH:CopperCoins"],"picked":"TH:ElvenBoots","floor":7.0},{"not_picked":["DeathKnight:BoneShield","DeathKnight:Lichborne"],"picked":"DeathKnight:Defile+1","floor":7.0},{"not_picked":["DeathKnight:UnholyAssault","DeathKnight:BoneSpear"],"picked":"DeathKnight:DarkSuccor","floor":8.0},{"not_picked":["TH:DeckOfManyThings"],"picked":"TH:CopperCoins","floor":9.0},{"not_picked":["DeathKnight:ScourgeStrike","DeathKnight:ShatteringStrikes"],"picked":"DeathKnight:WraithWalk","floor":10.0},{"not_picked":["DeathKnight:RuneShock","DeathKnight:DeathGrip","DeathKnight:BloodBoil"],"picked":"SKIP","floor":11.0},{"not_picked":["DeathKnight:UnholyFrenzy","DeathKnight:Hemostasis"],"picked":"DeathKnight:Hysteria+1","floor":14.0},{"not_picked":["TH:EnergyPotion"],"picked":"TH:DeckOfManyThings","floor":16.0},{"not_picked":["DeathKnight:SindragosasBreath","DeathKnight:Simulacrum"],"picked":"DeathKnight:Defile+1","floor":16.0},{"not_picked":["DeathKnight:ShatteringStrikes","DeathKnight:MindFreeze"],"picked":"DeathKnight:Hysteria+1","floor":18.0},{"not_picked":["DeathKnight:ShatteringStrikes+1","DeathKnight:Hysteria+1"],"picked":"DeathKnight:DarkSuccor","floor":20.0},{"not_picked":["TH:ArmorSpikes"],"picked":"TH:CopperCoins","floor":23},{"not_picked":["DeathKnight:FrosPresence+1","DeathKnight:Rot","DeathKnight:BoneSpear"],"picked":"SKIP","floor":23}],"player_experience":1764055,"relics_obtained":[{"floor":7.0,"key":"Frozen Egg 2"},{"floor":9.0,"key":"Eternal Feather"},{"floor":23,"key":"Pocketwatch"}],"event_choices":[{"damage_healed":0.0,"max_hp_gain":0.0,"max_hp_loss":0.0,"gold_gain":0.0,"cards_transformed":["DeathKnight:RuneStrike"],"event_name":"Transmorgrifier","player_choice":"Transformed","floor":3.0,"gold_loss":0.0,"damage_taken":0.0,"cards_obtained":["DeathKnight:DancingRuneblade"]},{"cards_removed":["DeathKnight:RuneTap"],"damage_healed":0.0,"max_hp_gain":0.0,"max_hp_loss":0.0,"gold_gain":0.0,"event_name":"Golden Wing","player_choice":"Card Removal","floor":12.0,"gold_loss":0.0,"damage_taken":7.0},{"damage_healed":0.0,"max_hp_gain":0.0,"max_hp_loss":0.0,"gold_gain":0.0,"event_name":"Beggar","player_choice":"Ignored","floor":19.0,"gold_loss":0.0,"damage_taken":0.0},{"damage_healed":0.0,"max_hp_gain":0.0,"max_hp_loss":0.0,"gold_gain":0.0,"event_name":"The Woman in Blue","player_choice":"Bought 0 Potions","floor":21.0,"gold_loss":0.0,"damage_taken":0.0}],"is_beta":false,"boss_relics":[{"not_picked":["Fusion Hammer","Cursed Key"],"picked":"Runic Pyramid"}],"items_purged_floors":[],"is_endless":false,"potions_floor_spawned":[1,2,7,10,16],"killed_by":"Slavers","ascension_level":2}}