{"host":"7yyoe0ei0fseceei","time":1607881718,"event":{"mods":["BaseMod","Colored Map","Highlight Path","Minty Spire (QoL Compilation)","Quick Restart"],"gold_per_floor":[110,35,55,16,16,47,47,62,62,40,40,53,83,133,133,209,209,229,129,129],"floor_reached":19,"playtime":562,"items_purged":[],"score":350,"play_id":"dda6b2f8-b85f-4d00-ab26-4d5c2512082c","local_time":"20201213184838","is_ascension_mode":true,"campfire_choices":[{"data":"Fire Breathing","floor":7.0,"key":"SMITH"},{"data":"Seeing Red","floor":11,"key":"SMITH"},{"data":"Evolve","floor":15,"key":"SMITH"}],"circlet_count":0,"master_deck":["AscendersBane","Strike_R","Strike_R","Strike_R","Strike_R","Strike_R","Defend_R","Defend_R","Defend_R","Defend_R","Fire Breathing+1","Seeing Red+1","Evolve+1","Second Wind","Power Through","Pommel Strike","Armaments","Fiend Fire","Wild Strike"],"relics":["Burning Blood","NeowsBlessing","The Courier","Tiny Chest","Meat on the Bone","Boot","Sozu"],"acts_visited":["Exordium","TheCity"],"potions_floor_usage":[13,16],"damage_taken":[{"damage":0.0,"enemies":"Small Slimes","floor":1.0,"turns":1.0},{"damage":0.0,"enemies":"2 Louse","floor":3.0,"turns":1.0},{"damage":5.0,"enemies":"3 Sentries","floor":6.0,"turns":2.0},{"damage":2,"enemies":"Cultist","floor":8,"turns":4},{"damage":3,"enemies":"Exordium Wildlife","floor":12,"turns":4},{"damage":22,"enemies":"Lagavulin","floor":13,"turns":6},{"damage":42,"enemies":"The Guardian","floor":16,"turns":12},{"damage":24,"enemies":"Shell Parasite","floor":18,"turns":6},{"damage":47,"enemies":"2 Thieves","floor":19,"turns":3}],"seed_played":"-7202614746021341148","potions_obtained":[{"floor":1.0,"key":"Energy Potion"},{"floor":8,"key":"SteroidPotion"},{"floor":13,"key":"Fire Potion"}],"is_trial":false,"path_per_floor":["M","?","M","$","?","E","R","M","T","$","R","M","E","T","R","B",null,"M","M"],"character_chosen":"IRONCLAD","items_purchased":["Evolve","Pommel Strike"],"campfire_rested":0,"item_purchase_floors":[4,10],"current_hp_per_floor":[74,74,75,75,64,65,65,69,69,69,69,72,56,56,56,32,64,46,0,0],"gold":129,"neow_bonus":"THREE_ENEMY_KILL","is_daily":false,"chose_seed":false,"campfire_upgraded":3,"win_rate":0.0,"timestamp":1607881718,"path_taken":["M","?","M","$","?","E","R","M","T","$","R","?","E","?","R","BOSS","M","M"],"items_purchased_type":["Card","Card"],"build_version":"2020-11-30","purchased_purges":0,"victory":false,"max_hp_per_floor":[75,75,75,75,75,75,75,75,75,75,75,75,75,75,75,75,75,75,75,75],"card_choices":[{"not_picked":["Pommel Strike","Pummel"],"picked":"Fire Breathing","floor":1.0},{"not_picked":["Entrench","Anger","Seeing Red"],"picked":"SKIP","floor":3.0},{"not_picked":["Entrench","Anger"],"picked":"Seeing Red","floor":3.0},{"not_picked":["Spot Weakness","Evolve"],"picked":"Second Wind","floor":6.0},{"not_picked":["Entrench","Body Slam"],"picked":"Power Through","floor":8},{"not_picked":["Whirlwind","Flex"],"picked":"Armaments","floor":12},{"not_picked":["Rupture","Pummel","Twin Strike"],"picked":"SKIP","floor":13},{"not_picked":["Corruption","Double Tap"],"picked":"Fiend Fire","floor":16},{"not_picked":["Havoc","Metallicize"],"picked":"Wild Strike","floor":18}],"player_experience":843831,"relics_obtained":[{"floor":6.0,"key":"The Courier"},{"floor":9,"key":"Tiny Chest"},{"floor":13,"key":"Meat on the Bone"},{"floor":14,"key":"Boot"}],"event_choices":[{"cards_removed":["Bash"],"damage_healed":0.0,"max_hp_gain":0.0,"max_hp_loss":0.0,"gold_gain":0.0,"event_name":"The Cleric","player_choice":"Card Removal","floor":2.0,"gold_loss":75.0,"damage_taken":0.0},{"damage_healed":0.0,"max_hp_gain":0.0,"max_hp_loss":0.0,"gold_gain":0.0,"event_name":"Wheel of Change","player_choice":"Damaged","floor":5.0,"gold_loss":0.0,"damage_taken":11.0}],"is_beta":false,"boss_relics":[{"not_picked":["Fusion Hammer","Snecko Eye"],"picked":"Sozu"}],"items_purged_floors":[],"is_endless":false,"potions_floor_spawned":[1,8,12,13],"killed_by":"2 Thieves","ascension_level":20}}