{"host":"ih7ofq2zpufcoifs","time":1607874605,"event":{"mods":["BaseMod","Colored Map","Minty Spire (QoL Compilation)"],"gold_per_floor":[112,187,187,187,15,48,68,96,96,111,129,129,129,141,141,244,244,260,260,335,354,354,387,387,418,418,418,418,418],"floor_reached":28,"playtime":1120,"items_purged":["Strike_R"],"score":473,"play_id":"a3e6172e-8d9f-454f-b6ee-5b47b9ada2fb","local_time":"20201214015005","is_ascension_mode":true,"campfire_choices":[{"floor":12.0,"key":"DIG"},{"floor":15.0,"key":"DIG"}],"circlet_count":0,"master_deck":["AscendersBane","Strike_R+1","Strike_R+1","Strike_R","Strike_R+1","Defend_R","Defend_R","Defend_R+1","Defend_R","Bash","Uppercut","Wild Strike","Armaments","Cleave","Impervious","Berserk","RitualDagger+1","Corruption","Shame"],"relics":["Burning Blood","NeowsBlessing","Matryoshka","Shovel","Pear","Whetstone","Singing Bowl","White Beast Statue","Du-Vu Doll","Molten Egg 2","Fusion Hammer","Ice Cream","Magic Flower","Self Forming Clay","Orichalcum","Toxic Egg 2","Shuriken"],"acts_visited":["Exordium","TheCity"],"potions_floor_usage":[28,28],"damage_taken":[{"damage":0.0,"enemies":"Cultist","floor":1.0,"turns":1.0},{"damage":0.0,"enemies":"Gremlin Nob","floor":6.0,"turns":1.0},{"damage":0.0,"enemies":"Jaw Worm","floor":7.0,"turns":1.0},{"damage":30.0,"enemies":"3 Sentries","floor":8.0,"turns":9.0},{"damage":3.0,"enemies":"2 Louse","floor":10.0,"turns":3.0},{"damage":11.0,"enemies":"Looter","floor":11.0,"turns":3.0},{"damage":11.0,"enemies":"Exordium Thugs","floor":14.0,"turns":5.0},{"damage":8.0,"enemies":"Slime Boss","floor":16.0,"turns":9.0},{"damage":22.0,"enemies":"Spheric Guardian","floor":18.0,"turns":4.0},{"damage":16.0,"enemies":"Shell Parasite","floor":21.0,"turns":5.0},{"damage":15.0,"enemies":"Book of Stabbing","floor":23.0,"turns":5.0},{"damage":58,"enemies":"Gremlin Leader","floor":25,"turns":9},{"damage":19,"enemies":"Book of Stabbing","floor":28,"turns":3}],"seed_played":"-5006424149700416152","potions_obtained":[{"floor":1.0,"key":"Weak Potion"},{"floor":6.0,"key":"ColorlessPotion"},{"floor":11.0,"key":"DistilledChaos"},{"floor":14.0,"key":"SneckoOil"},{"floor":16.0,"key":"Strength Potion"},{"floor":18.0,"key":"CultistPotion"},{"floor":21.0,"key":"EssenceOfSteel"},{"floor":23.0,"key":"Dexterity Potion"},{"floor":25,"key":"Strength Potion"}],"is_trial":false,"path_per_floor":["M","?","?","?","$","E","M","E","T","M","M","R","?","M","R","B",null,"M","?","?","M","?","E","?","E","T","T","E"],"character_chosen":"IRONCLAD","items_purchased":["Wild Strike","Armaments"],"campfire_rested":0,"item_purchase_floors":[5,5],"current_hp_per_floor":[78,67,60,44,44,50,56,42,42,47,42,42,42,37,37,35,78,64,58,49,41,73,64,64,17,17,17,0,0],"gold":418,"neow_bonus":"THREE_ENEMY_KILL","is_daily":false,"chose_seed":false,"campfire_upgraded":0,"win_rate":0.0,"timestamp":1607874605,"path_taken":["M","?","?","?","?","E","M","E","T","?","M","R","?","M","R","BOSS","M","?","?","?","?","E","?","E","T","?","E"],"items_purchased_type":["Card","Card"],"build_version":"2020-11-30","purchased_purges":1,"victory":false,"max_hp_per_floor":[80,80,80,80,80,80,80,90,90,92,92,92,92,92,92,92,92,94,94,94,96,96,96,96,98,98,98,98,98],"card_choices":[{"not_picked":["Inflame","Evolve"],"picked":"Uppercut","floor":1.0},{"not_picked":["Dark Embrace","Clash","Wild Strike"],"picked":"SKIP","floor":6.0},{"not_picked":["Flame Barrier","Sentinel","Heavy Blade"],"picked":"SKIP","floor":7.0},{"not_picked":["Sword Boomerang","Armaments","Iron Wave"],"picked":"SKIP","floor":8.0},{"not_picked":["Sword Boomerang","Armaments","Iron Wave"],"picked":"SKIP","floor":8.0},{"not_picked":["Sword Boomerang","Armaments","Iron Wave"],"picked":"SKIP","floor":8.0},{"not_picked":["Twin Strike","Ghostly Armor","Searing Blow"],"picked":"Singing Bowl","floor":10.0},{"not_picked":["Second Wind","Iron Wave"],"picked":"Cleave","floor":11.0},{"not_picked":["Iron Wave","Shrug It Off"],"picked":"Impervious","floor":14.0},{"not_picked":["Offering","Barricade"],"picked":"Berserk","floor":16.0},{"not_picked":["Armaments","Headbutt+1","Havoc"],"picked":"Singing Bowl","floor":18.0},{"not_picked":["Rampage+1","Twin Strike+1","Ghostly Armor"],"picked":"Singing Bowl","floor":21.0},{"not_picked":["Carnage+1","Shockwave"],"picked":"Corruption","floor":23.0},{"not_picked":["Twin Strike+1","Blood for Blood+1","Flex+1"],"picked":"Singing Bowl","floor":25}],"player_experience":311815,"relics_obtained":[{"floor":6.0,"key":"Shovel"},{"floor":8.0,"key":"Pear"},{"floor":9.0,"key":"Whetstone"},{"floor":9.0,"key":"Singing Bowl"},{"floor":12.0,"key":"White Beast Statue"},{"floor":13.0,"key":"Du-Vu Doll"},{"floor":15.0,"key":"Molten Egg 2"},{"floor":23.0,"key":"Ice Cream"},{"floor":25,"key":"Self Forming Clay"},{"floor":26,"key":"Orichalcum"},{"floor":26,"key":"Toxic Egg 2"},{"floor":27,"key":"Shuriken"}],"event_choices":[{"damage_healed":0.0,"max_hp_gain":0.0,"max_hp_loss":0.0,"gold_gain":75.0,"event_name":"World of Goop","player_choice":"Gather Gold","floor":2.0,"gold_loss":0.0,"damage_taken":11.0},{"damage_healed":0.0,"max_hp_gain":0.0,"max_hp_loss":0.0,"gold_gain":0.0,"event_name":"Scrap Ooze","player_choice":"Success","floor":3.0,"gold_loss":0.0,"damage_taken":7.0,"relics_obtained":["Matryoshka"]},{"damage_healed":0.0,"max_hp_gain":0.0,"max_hp_loss":0.0,"gold_gain":0.0,"event_name":"Shining Light","player_choice":"Entered Light","floor":4.0,"gold_loss":0.0,"damage_taken":16.0,"cards_upgraded":["Defend_R","Strike_R"]},{"damage_healed":0.0,"max_hp_gain":0.0,"max_hp_loss":0.0,"gold_gain":0.0,"event_name":"Wheel of Change","player_choice":"Relic","floor":13.0,"gold_loss":0.0,"damage_taken":0.0},{"damage_healed":0.0,"max_hp_gain":0.0,"max_hp_loss":0.0,"gold_gain":0.0,"event_name":"Nest","player_choice":"Joined the Cult","floor":19.0,"gold_loss":0.0,"damage_taken":6.0,"cards_obtained":["RitualDagger"]},{"damage_healed":0.0,"max_hp_gain":0.0,"max_hp_loss":0.0,"gold_gain":75.0,"event_name":"FaceTrader","player_choice":"Touch","floor":20.0,"gold_loss":0.0,"damage_taken":9.0},{"damage_healed":32.0,"max_hp_gain":0.0,"max_hp_loss":0.0,"gold_gain":0.0,"event_name":"The Library","player_choice":"Heal","floor":22.0,"gold_loss":0.0,"damage_taken":0.0},{"damage_healed":0.0,"max_hp_gain":0.0,"max_hp_loss":0.0,"gold_gain":0.0,"event_name":"Addict","player_choice":"Stole Relic","floor":24.0,"gold_loss":0.0,"damage_taken":0.0,"relics_obtained":["Magic Flower"],"cards_obtained":["Shame"]}],"is_beta":false,"boss_relics":[{"not_picked":["Sozu","Astrolabe"],"picked":"Fusion Hammer"}],"items_purged_floors":[5],"is_endless":false,"potions_floor_spawned":[1,6,7,11,14,16,18,21,23,25],"killed_by":"Book of Stabbing","ascension_level":11}}