{"host":"skr63qsdfgeey3it","time":1607841540,"event":{"mods":["BaseMod","Minty Spire (QoL Compilation)","Replay The Spire","Robot Space Explorer","Spicy Shops","StSLib"],"gold_per_floor":[113,123,123,141,141,172,172,172,198,226,70,85,118,136,136,233,233,244,255,255,255,255,255,266,266,266,293,306,306,3,20,20,121,121,134,152,77,77,91,126,143,47,47,47,82,82,95,105,105,105],"floor_reached":51,"playtime":30593,"items_purged":["Strike_G"],"score":1198,"play_id":"6fa46fcd-9266-4666-92ee-f002ee68202b","local_time":"20201213003900","is_ascension_mode":true,"campfire_choices":[{"floor":8,"key":"REST"},{"data":"Footwork","floor":15,"key":"SMITH"},{"data":"Setup","floor":25,"key":"SMITH"},{"data":"Noxious Fumes","floor":32,"key":"SMITH"},{"floor":49,"key":"REST"}],"circlet_count":0,"master_deck":["Strike_G","Strike_G","Defend_G+1","Defend_G","Defend_G","Survivor","Neutralize","Flying Knee","Infinite Blades","Flying Knee","Blade Dance+1","Footwork+1","Atom Bomb+1","CurseOfTheBell","Prepared+1","Setup+1","Well Laid Plans+1","Blade Dance","Noxious Fumes+1","Storm of Steel+1","Outmaneuver+1","Blade Dance","Finisher","Blur+1","Infinite Blades+1","Secret Technique+1","ReplayTheSpireMod:Shiv Toss","ReplayTheSpireMod:Speed Training","Acrobatics+1","ReplayTheSpireMod:Scrap Shanks"],"relics":["NeowsBlessing","Sizzling Blood","Pet Ghost","Boot","Golden Egg","Nunchaku","Orichalcum","Calling Bell","Replay:Rubber Ducky","Letter Opener","Pondfish Scales","ReplayTheSpireMod:Ninjato","ReplayTheSpireMod:TigerMarble","Happy Flower","Lee\u0027s Waffle","WristBlade","Kunai","War Paint","Calipers"],"acts_visited":["Exordium","TheCity","TheBeyond"],"potions_floor_usage":[6,10,23,24,28,33,41,50,50,50],"damage_taken":[{"damage":0,"enemies":"Cultist","floor":1,"turns":1},{"damage":0,"enemies":"Small Slimes","floor":2,"turns":1},{"damage":0,"enemies":"2 Louse","floor":4,"turns":1},{"damage":19,"enemies":"3 Sentries","floor":6,"turns":8},{"damage":20,"enemies":"Lagavulin","floor":10,"turns":4},{"damage":1,"enemies":"Looter","floor":12,"turns":3},{"damage":16,"enemies":"3 Sentries","floor":13,"turns":6},{"damage":7,"enemies":"Gremlin Gang","floor":14,"turns":4},{"damage":27,"enemies":"The Guardian","floor":16,"turns":14},{"damage":0,"enemies":"Chosen","floor":18,"turns":3},{"damage":0,"enemies":"Spheric Guardian","floor":19,"turns":3},{"damage":0,"enemies":"Slavers","floor":23,"turns":1},{"damage":4,"enemies":"Cultist and Chosen","floor":24,"turns":4},{"damage":0,"enemies":"Replay:Snechameleon","floor":27,"turns":4},{"damage":3,"enemies":"Snake Plant","floor":28,"turns":3},{"damage":8,"enemies":"Centurion and Healer","floor":31,"turns":2},{"damage":35,"enemies":"Champ","floor":33,"turns":7},{"damage":0,"enemies":"3 Shapes","floor":35,"turns":3},{"damage":5,"enemies":"Orb Walker","floor":36,"turns":2},{"damage":10,"enemies":"Transient","floor":39,"turns":5},{"damage":10,"enemies":"Nemesis","floor":40,"turns":3},{"damage":20,"enemies":"Writhing Mass","floor":41,"turns":4},{"damage":4,"enemies":"R_Hoarder","floor":45,"turns":5},{"damage":0,"enemies":"3 Darklings","floor":47,"turns":3},{"damage":0,"enemies":"Sphere and 2 Shapes","floor":48,"turns":3},{"damage":29,"enemies":"Donu and Deca","floor":50,"turns":6}],"seed_played":"-3170578214729549987","potions_obtained":[{"floor":1,"key":"SneckoOil"},{"floor":6,"key":"AttackPotion"},{"floor":16,"key":"AttackPotion"},{"floor":19,"key":"SmokeBomb"},{"floor":24,"key":"Energy Potion"},{"floor":27,"key":"AttackPotion"},{"floor":40,"key":"ColorlessPotion"},{"floor":41,"key":"SpeedPotion"},{"floor":45,"key":"Reflective Coating"},{"floor":48,"key":"Dexterity Potion"}],"is_trial":false,"path_per_floor":["M","M","?","M","?","E","?","R","T","E","$","M","E","M","R","B",null,"M","M","?","?","?","E","M","R","T","E","M","?","$","M","R","B",null,"M","M","$","?","M","E","M","$","T","?","E","?","M","M","R","B",null],"character_chosen":"THE_SILENT","items_purchased":["Nunchaku","Happy Flower","Lee\u0027s Waffle","Infinite Blades"],"campfire_rested":2,"item_purchase_floors":[11,30,30,42],"current_hp_per_floor":[63,63,56,56,60,45,45,67,67,51,51,54,42,39,39,16,60,64,68,54,54,54,58,58,58,58,62,63,63,86,82,82,51,77,81,80,80,80,74,68,52,52,52,52,52,52,56,60,85,60],"gold":105,"neow_bonus":"THREE_ENEMY_KILL","is_daily":false,"chose_seed":false,"campfire_upgraded":3,"win_rate":0.0,"timestamp":1607841540,"path_taken":["M","?","?","M","?","E","?","R","T","E","$","?","E","M","R","BOSS","M","M","?","?","?","E","M","R","T","E","?","?","$","?","R","BOSS","M","M","$","?","?","E","M","$","T","?","E","?","?","M","R","BOSS"],"items_purchased_type":["Relic","Relic","Relic","Card"],"build_version":"2020-11-30","purchased_purges":1,"victory":true,"max_hp_per_floor":[70,70,70,70,74,74,74,74,74,74,74,74,74,74,74,74,74,74,74,79,79,79,79,79,79,79,79,79,79,86,86,86,86,86,86,86,86,86,86,86,86,86,86,86,86,86,86,86,86,86],"card_choices":[{"not_picked":["Tactician","Deflect"],"picked":"Flying Knee","floor":1},{"not_picked":["Hidden Blade","Terror"],"picked":"Infinite Blades","floor":2},{"not_picked":["Deadly Poison","PiercingWail"],"picked":"Flying Knee","floor":4},{"not_picked":["Blur","Toxin Wave"],"picked":"Blade Dance","floor":6},{"not_picked":["Draining Mist","Corpse Explosion"],"picked":"Footwork","floor":10},{"not_picked":["Prepared","PiercingWail","Acrobatics"],"picked":"SKIP","floor":12},{"not_picked":["ReplayTheSpireMod:Tripwire","Dagger Throw","Underhanded Strike"],"picked":"SKIP","floor":13},{"not_picked":["ReplayTheSpireMod:The Works","Reflex","Caltrops"],"picked":"SKIP","floor":14},{"not_picked":["Bullet Time","ReplayTheSpireMod:Necrosis"],"picked":"Atom Bomb","floor":16},{"not_picked":["Quick Slash","Poisoned Stab","Dagger Spray"],"picked":"SKIP","floor":18},{"not_picked":["Bane+1","Dodge and Roll"],"picked":"Prepared","floor":19},{"not_picked":["Poisoned Stab","Cloak And Dagger"],"picked":"Well Laid Plans+1","floor":24},{"not_picked":["Fluid Movement","Acrobatics"],"picked":"Blade Dance","floor":27},{"not_picked":["ReplayTheSpireMod:Tripwire","ReplayTheSpireMod:Speed Training+1","Well Laid Plans"],"picked":"SKIP","floor":28},{"not_picked":["All Out Attack","Bane"],"picked":"Noxious Fumes","floor":31},{"not_picked":["Wraith Form v2","ReplayTheSpireMod:Necrosis"],"picked":"Storm of Steel","floor":33},{"not_picked":["Blade Dance+1","Sucker Punch"],"picked":"Outmaneuver+1","floor":35},{"not_picked":["All Out Attack","Masterful Stab","Poisoned Stab+1"],"picked":"SKIP","floor":36},{"not_picked":["Dodge and Roll+1","Hidden Blade"],"picked":"Blade Dance","floor":39},{"not_picked":["Caltrops+1","Noxious Fumes+1"],"picked":"Finisher","floor":40},{"not_picked":["Fluid Movement","Sucker Punch"],"picked":"Blur+1","floor":41},{"not_picked":["Mind Blast","Sadistic Nature"],"picked":"Secret Technique","floor":44},{"not_picked":["Escape Plan","Dodge and Roll"],"picked":"ReplayTheSpireMod:Shiv Toss","floor":45},{"not_picked":["Sucker Punch+1","Dodge and Roll"],"picked":"Acrobatics+1","floor":47},{"not_picked":["Blur+1","Sucker Punch+1"],"picked":"ReplayTheSpireMod:Scrap Shanks","floor":48}],"player_experience":653925,"relics_obtained":[{"floor":6,"key":"Pet Ghost"},{"floor":9,"key":"Boot"},{"floor":10,"key":"Golden Egg"},{"floor":13,"key":"Orichalcum"},{"floor":17,"key":"Replay:Rubber Ducky"},{"floor":17,"key":"Letter Opener"},{"floor":17,"key":"Pondfish Scales"},{"floor":26,"key":"ReplayTheSpireMod:Ninjato"},{"floor":27,"key":"ReplayTheSpireMod:TigerMarble"},{"floor":40,"key":"Kunai"},{"floor":43,"key":"War Paint"},{"floor":45,"key":"Calipers"}],"event_choices":[{"cards_removed":["Strike_G"],"damage_healed":0,"gold_gain":0,"player_choice":"Card Removal","damage_taken":7,"max_hp_gain":0,"max_hp_loss":0,"event_name":"Golden Wing","floor":3,"gold_loss":0},{"damage_healed":0,"gold_gain":0,"player_choice":"Upgraded","damage_taken":0,"max_hp_gain":0,"max_hp_loss":0,"event_name":"Upgrade Shrine","floor":7,"gold_loss":0,"cards_upgraded":["Blade Dance"]},{"damage_healed":0,"gold_gain":0,"player_choice":"Shed Blood","damage_taken":19,"max_hp_gain":5,"max_hp_loss":0,"event_name":"Forgotten Altar","floor":20,"gold_loss":0},{"damage_healed":0,"gold_gain":0,"cards_transformed":["Strike_G","Defend_G"],"player_choice":"Became Test Subject","damage_taken":0,"max_hp_gain":0,"max_hp_loss":0,"event_name":"Drug Dealer","floor":21,"gold_loss":0,"cards_obtained":["Setup","ReplayTheSpireMod:Exploit Weakness"]},{"damage_healed":0,"gold_gain":0,"cards_transformed":["ReplayTheSpireMod:Exploit Weakness"],"player_choice":"Transformed","damage_taken":0,"max_hp_gain":0,"max_hp_loss":0,"event_name":"Transmorgrifier","floor":22,"gold_loss":0,"cards_obtained":["Underhanded Strike"]},{"cards_removed":["Underhanded Strike"],"damage_healed":0,"gold_gain":0,"player_choice":"Purged","damage_taken":0,"max_hp_gain":0,"max_hp_loss":0,"event_name":"Purifier","floor":29,"gold_loss":0},{"damage_healed":0,"gold_gain":0,"player_choice":"Ignored","damage_taken":0,"max_hp_gain":0,"max_hp_loss":0,"event_name":"SecretPortal","floor":38,"gold_loss":0},{"damage_healed":0,"gold_gain":0,"player_choice":"Memory 1","damage_taken":0,"max_hp_gain":0,"max_hp_loss":0,"event_name":"SensoryStone","floor":44,"gold_loss":0},{"damage_healed":0,"gold_gain":0,"cards_transformed":["Defend_G"],"player_choice":"Transformed","damage_taken":0,"max_hp_gain":0,"max_hp_loss":0,"event_name":"Transmorgrifier","floor":46,"gold_loss":0,"cards_obtained":["ReplayTheSpireMod:Speed Training"]}],"is_beta":false,"boss_relics":[{"not_picked":["Replay:Wanted Poster","Runic Dome"],"picked":"Calling Bell"},{"not_picked":["Honey Jar","Velvet Choker"],"picked":"WristBlade"}],"items_purged_floors":[37],"is_endless":false,"potions_floor_spawned":[1,6,16,19,23,24,27,40,41,45,48],"ascension_level":9}}