{"host":"90jl2h70xtuoeg0i","time":1607830532,"event":{"mods":["AchievementEnabler","BaseMod","Colored Map","Colored Powertips","Minty Spire (QoL Compilation)","Relic Stats","ojb\u0027s Better Paths Mod","ojb\u0027s Info Mod"],"gold_per_floor":[119,132,152,168,243,243,243],"floor_reached":6,"playtime":295,"items_purged":[],"score":68,"play_id":"918179c8-ff9f-40e0-aad5-4ac1574bbdac","local_time":"20201212223532","is_ascension_mode":true,"campfire_choices":[],"circlet_count":0,"master_deck":["AscendersBane","Strike_G","Strike_G","Strike_G","Strike_G","Strike_G","Defend_G","Defend_G","Defend_G","Defend_G","Defend_G","Survivor","Neutralize","Blade Dance","Dagger Spray"],"relics":["Velvet Choker"],"acts_visited":["Exordium"],"potions_floor_usage":[],"damage_taken":[{"damage":4.0,"enemies":"Small Slimes","floor":1.0,"turns":4.0},{"damage":7.0,"enemies":"Jaw Worm","floor":2.0,"turns":4.0},{"damage":2.0,"enemies":"2 Louse","floor":3.0,"turns":3.0},{"damage":19,"enemies":"Gremlin Gang","floor":4,"turns":6},{"damage":17,"enemies":"Gremlin Nob","floor":6,"turns":3}],"seed_played":"-539892581403078182","potions_obtained":[{"floor":2.0,"key":"SpeedPotion"},{"floor":4,"key":"Energy Potion"}],"is_trial":false,"path_per_floor":["M","M","M","M","?","E"],"character_chosen":"THE_SILENT","items_purchased":[],"campfire_rested":0,"item_purchase_floors":[],"current_hp_per_floor":[55,48,46,27,16,0,0],"gold":243,"neow_bonus":"BOSS_RELIC","is_daily":false,"chose_seed":false,"campfire_upgraded":0,"win_rate":0.0,"timestamp":1607830532,"path_taken":["M","M","M","M","?","E"],"items_purchased_type":[],"build_version":"2020-11-30","purchased_purges":0,"victory":false,"max_hp_per_floor":[66,66,66,66,66,66,66],"relic_stats":{"counters":[5,20],"obtain_stats":[{"Velvet Choker":0,"Ring of the Snake":0},{"Velvet Choker":0,"Ring of the Snake":0},{"Velvet Choker":0,"Ring of the Snake":0}]},"card_choices":[{"not_picked":["Cloak And Dagger","Heel Hook","Slice"],"picked":"SKIP","floor":1.0},{"not_picked":["Outmaneuver","Reflex","Acrobatics"],"picked":"SKIP","floor":2.0},{"not_picked":["Deadly Poison","Backstab"],"picked":"Blade Dance","floor":3.0},{"not_picked":["Setup","Poisoned Stab"],"picked":"Dagger Spray","floor":4}],"player_experience":1257330,"relics_obtained":[],"event_choices":[{"damage_healed":0,"gold_gain":75,"player_choice":"Gather Gold","damage_taken":11,"max_hp_gain":0,"max_hp_loss":0,"event_name":"World of Goop","floor":5,"gold_loss":0}],"is_beta":false,"boss_relics":[],"items_purged_floors":[],"is_endless":false,"potions_floor_spawned":[2,4],"killed_by":"Gremlin Nob","ascension_level":16}}