{"host":"49c2zf0lajbcs427","time":1607851539,"event":{"mods":["AchievementEnabler","BaseMod","Colored Map","Colored Powertips","Highlight Path","Minty Spire (QoL Compilation)","Relic Stats","StSLib"],"gold_per_floor":[119,119,130,74,88,88,115,115,115,115,149,149,176,187,187,266,266,266,140,140,140,140,140,140,140,140,140,140,140,140,55,55,55,55,55,55,55,55,55,55,55,55,55,0,0,0,0,0,0,0],"floor_reached":51,"playtime":4006,"items_purged":["Strike_P"],"score":1495,"play_id":"5c3e0f22-bd48-485c-b66c-fd09c500e7b0","local_time":"20201213222539","is_ascension_mode":true,"campfire_choices":[{"data":"Eruption","floor":6,"key":"SMITH"},{"data":"EmptyFist","floor":8,"key":"SMITH"},{"data":"EmptyFist","floor":15,"key":"SMITH"},{"data":"JustLucky","floor":30,"key":"SMITH"},{"data":"Prostrate","floor":32,"key":"SMITH"},{"data":"Weave","floor":40,"key":"SMITH"},{"data":"CutThroughFate","floor":42,"key":"SMITH"},{"floor":49,"key":"REST"}],"circlet_count":0,"master_deck":["AscendersBane","Strike_P","Strike_P","Defend_P","Defend_P","Eruption+1","Vigilance","Sanctity","EmptyFist+1","CutThroughFate+1","EmptyFist+1","Weave+1","WheelKick","JustLucky+1","Prostrate+1","JustLucky+1","FlurryOfBlows","Collect+1","Prostrate"],"relics":["Busted Crown","FossilizedHelix","Unceasing Top","Du-Vu Doll","Turnip","Ice Cream","Ectoplasm","Red Mask","CloakClasp","MutagenicStrength","Meat on the Bone","MealTicket","Sundial","Empty Cage","Question Card","StrikeDummy","Centennial Puzzle"],"acts_visited":["Exordium","TheCity","TheBeyond"],"potions_floor_usage":[7,16,25,30,35,42,50],"damage_taken":[{"damage":0,"enemies":"2 Louse","floor":1,"turns":2},{"damage":0,"enemies":"Small Slimes","floor":3,"turns":2},{"damage":0,"enemies":"Jaw Worm","floor":5,"turns":3},{"damage":12,"enemies":"Lagavulin","floor":7,"turns":6},{"damage":0,"enemies":"Gremlin Nob","floor":11,"turns":2},{"damage":0,"enemies":"3 Sentries","floor":13,"turns":5},{"damage":0,"enemies":"3 Louse","floor":14,"turns":3},{"damage":12,"enemies":"The Guardian","floor":16,"turns":8},{"damage":0,"enemies":"Spheric Guardian","floor":18,"turns":1},{"damage":0,"enemies":"Masked Bandits","floor":20,"turns":3},{"damage":12,"enemies":"Book of Stabbing","floor":23,"turns":4},{"damage":10,"enemies":"Gremlin Leader","floor":25,"turns":4},{"damage":0,"enemies":"Shell Parasite","floor":28,"turns":2},{"damage":0,"enemies":"Centurion and Healer","floor":29,"turns":3},{"damage":34,"enemies":"Automaton","floor":33,"turns":8},{"damage":1,"enemies":"3 Shapes","floor":35,"turns":7},{"damage":0,"enemies":"3 Darklings","floor":38,"turns":4},{"damage":0,"enemies":"Spire Growth","floor":41,"turns":3},{"damage":51,"enemies":"4 Shapes","floor":45,"turns":8},{"damage":0,"enemies":"Giant Head","floor":46,"turns":5},{"damage":0,"enemies":"Transient","floor":47,"turns":6},{"damage":11,"enemies":"Writhing Mass","floor":48,"turns":5},{"damage":30,"enemies":"Donu and Deca","floor":50,"turns":5}],"seed_played":"2028576199203126940","potions_obtained":[{"floor":1,"key":"ColorlessPotion"},{"floor":3,"key":"Block Potion"},{"floor":16,"key":"DuplicationPotion"},{"floor":23,"key":"LiquidMemories"},{"floor":25,"key":"Fruit Juice"},{"floor":33,"key":"Swift Potion"},{"floor":41,"key":"Fruit Juice"},{"floor":46,"key":"LiquidBronze"}],"is_trial":false,"path_per_floor":["M","?","M","$","M","R","E","R","T","?","E","T","E","M","R","B",null,"M","$","?","$","?","E","?","E","T","$","M","M","R","?","R","B",null,"M","?","?","M","$","R","M","R","T","?","M","E","M","M","R","B",null],"character_chosen":"WATCHER","items_purchased":["EmptyFist","JustLucky"],"campfire_rested":1,"item_purchase_floors":[4,19],"current_hp_per_floor":[61,66,66,66,66,66,54,54,54,54,54,54,54,54,54,42,65,65,65,65,65,65,53,53,43,43,58,58,58,63,63,63,41,69,68,68,68,68,74,74,74,79,79,79,40,40,40,41,64,46],"gold":0,"neow_bonus":"BOSS_RELIC","is_daily":false,"chose_seed":false,"campfire_upgraded":7,"win_rate":0.0,"timestamp":1607851539,"path_taken":["M","?","M","$","M","R","E","R","T","?","E","?","E","M","R","BOSS","M","$","?","$","?","E","?","E","T","?","M","?","R","?","R","BOSS","M","?","?","M","$","R","M","R","T","?","M","E","M","?","R","BOSS"],"items_purchased_type":["Card","Card"],"build_version":"2020-11-30","purchased_purges":1,"victory":true,"max_hp_per_floor":[68,73,73,73,73,73,73,73,73,73,73,73,73,73,73,73,73,73,73,73,73,73,73,73,73,73,73,73,73,78,78,78,78,78,78,74,74,74,74,74,74,79,79,79,79,79,79,79,79,79],"relic_stats":{"Centennial Puzzle":[6],"Busted Crown":44,"counters":[23,99],"Sundial":[16],"MealTicket":21,"Turnip":[4],"Ectoplasm":402,"CloakClasp":[112],"Question Card":4,"obtain_stats":[{"Ice Cream":13,"CloakClasp":23,"Empty Cage":34,"Question Card":43,"Du-Vu Doll":11,"Centennial Puzzle":46,"Busted Crown":0,"Sundial":31,"MutagenicStrength":24,"MealTicket":26,"Turnip":12,"Ectoplasm":17,"Red Mask":20,"PureWater":0,"StrikeDummy":44,"FossilizedHelix":7,"Unceasing Top":9,"Meat on the Bone":25},{"Ice Cream":6,"CloakClasp":11,"Empty Cage":15,"Question Card":18,"Du-Vu Doll":5,"Centennial Puzzle":20,"Busted Crown":0,"Sundial":14,"MutagenicStrength":11,"MealTicket":12,"Turnip":5,"Ectoplasm":8,"Red Mask":10,"PureWater":0,"StrikeDummy":18,"FossilizedHelix":4,"Unceasing Top":4,"Meat on the Bone":12},{"Ice Cream":20,"CloakClasp":39,"Empty Cage":56,"Question Card":70,"Du-Vu Doll":15,"Centennial Puzzle":83,"Busted Crown":0,"Sundial":48,"MutagenicStrength":39,"MealTicket":43,"Turnip":15,"Ectoplasm":31,"Red Mask":35,"PureWater":0,"StrikeDummy":70,"FossilizedHelix":13,"Unceasing Top":13,"Meat on the Bone":43}],"Unceasing Top":[67],"Meat on the Bone":48},"card_choices":[{"not_picked":[],"picked":"Study","floor":1},{"not_picked":[],"picked":"Sanctity","floor":3},{"not_picked":[],"picked":"CutThroughFate","floor":5},{"not_picked":[],"picked":"EmptyFist","floor":7},{"not_picked":[],"picked":"WheelKick","floor":11},{"not_picked":["Study"],"picked":"SKIP","floor":13},{"not_picked":["Conclude"],"picked":"SKIP","floor":14},{"not_picked":["PathToVictory"],"picked":"SKIP","floor":18},{"not_picked":[],"picked":"Prostrate","floor":20},{"not_picked":["Evaluate"],"picked":"SKIP","floor":23},{"not_picked":["Adaptation"],"picked":"SKIP","floor":25},{"not_picked":["PathToVictory"],"picked":"SKIP","floor":28},{"not_picked":["FollowUp"],"picked":"SKIP","floor":29},{"not_picked":["FlyingSleeves"],"picked":"SKIP","floor":35},{"not_picked":["EmptyBody"],"picked":"SKIP","floor":38},{"not_picked":[],"picked":"JustLucky+1","floor":41},{"not_picked":["Consecrate"],"picked":"FlurryOfBlows","floor":45},{"not_picked":["BowlingBash+1","PathToVictory"],"picked":"SKIP","floor":46},{"not_picked":["Weave"],"picked":"Collect+1","floor":47},{"not_picked":["EmptyBody"],"picked":"Prostrate","floor":48}],"player_experience":2085003,"relics_obtained":[{"floor":7,"key":"FossilizedHelix"},{"floor":9,"key":"Unceasing Top"},{"floor":11,"key":"Du-Vu Doll"},{"floor":12,"key":"Turnip"},{"floor":13,"key":"Ice Cream"},{"floor":20,"key":"Red Mask"},{"floor":23,"key":"CloakClasp"},{"floor":25,"key":"Meat on the Bone"},{"floor":26,"key":"MealTicket"},{"floor":43,"key":"Question Card"},{"floor":46,"key":"Centennial Puzzle"}],"event_choices":[{"damage_healed":0,"gold_gain":0,"player_choice":"Donut","damage_taken":0,"max_hp_gain":5,"max_hp_loss":0,"event_name":"Big Fish","floor":2,"gold_loss":0},{"damage_healed":0,"gold_gain":0,"cards_transformed":["Defend_P"],"player_choice":"Change","damage_taken":0,"max_hp_gain":0,"max_hp_loss":0,"event_name":"Living Wall","floor":10,"gold_loss":0,"cards_obtained":["Weave"]},{"damage_healed":0,"gold_gain":0,"player_choice":"Fought Bandits","damage_taken":0,"max_hp_gain":0,"max_hp_loss":0,"event_name":"Masked Bandits","floor":20,"gold_loss":0},{"damage_healed":0,"gold_gain":0,"player_choice":"Ignored","damage_taken":0,"max_hp_gain":0,"max_hp_loss":0,"event_name":"The Mausoleum","floor":22,"gold_loss":0},{"damage_healed":0,"gold_gain":0,"player_choice":"Inject Mutagens","damage_taken":0,"relics_obtained":["MutagenicStrength"],"max_hp_gain":0,"max_hp_loss":0,"event_name":"Drug Dealer","floor":24,"gold_loss":0},{"damage_healed":0,"gold_gain":0,"player_choice":"Obtained Relic","damage_taken":0,"relics_obtained":["Sundial"],"max_hp_gain":0,"max_hp_loss":0,"event_name":"Addict","floor":31,"gold_loss":85},{"damage_healed":0,"gold_gain":0,"player_choice":"Max HP","damage_taken":0,"max_hp_gain":0,"max_hp_loss":4,"event_name":"Winding Halls","floor":36,"gold_loss":0},{"cards_removed":["Study"],"damage_healed":0,"gold_gain":0,"player_choice":"Removed Power","damage_taken":0,"max_hp_gain":0,"max_hp_loss":0,"event_name":"Falling","floor":37,"gold_loss":0},{"damage_healed":0,"gold_gain":0,"player_choice":"Paid Gold","damage_taken":0,"relics_obtained":["StrikeDummy"],"max_hp_gain":0,"max_hp_loss":0,"event_name":"WeMeetAgain","floor":44,"gold_loss":55}],"is_beta":false,"boss_relics":[{"not_picked":["Tiny House","Black Star"],"picked":"Ectoplasm"},{"not_picked":["Calling Bell","Pandora\u0027s Box"],"picked":"Empty Cage"}],"items_purged_floors":[19],"is_endless":false,"potions_floor_spawned":[1,3,16,23,25,29,33,41,46,47],"ascension_level":17}}