{"host":"vtakxgab1vu2j1nx","time":1607833935,"event":{"mods":["AchievementEnabler","BaseMod","Colored Map","Minty Spire (QoL Compilation)","Quick Restart","SuperFastMode"],"gold_per_floor":[210,228,248,4,4,4,33,33,56,89,164,164,164,188,188,311,311,330,351,384,294,40,40,56,89,89,113,70,103,103,119,119,119,119],"floor_reached":33,"playtime":734,"items_purged":[],"score":509,"play_id":"d65bcc57-ef34-42f6-a506-e5c74b783592","local_time":"20201212233215","is_ascension_mode":true,"campfire_choices":[{"data":"Perfected Strike","floor":6.0,"key":"SMITH"},{"floor":8.0,"key":"REST"},{"floor":12.0,"key":"REST"},{"floor":15.0,"key":"RECALL"},{"data":"Double Tap","floor":23.0,"key":"SMITH"},{"data":"Perfected Strike","floor":32.0,"key":"SMITH"}],"circlet_count":0,"master_deck":["AscendersBane","Strike_R","Strike_R+1","Strike_R+1","Strike_R","Strike_R+1","Defend_R","Defend_R","Defend_R","Defend_R","Bash","Flex","Perfected Strike+1","Pommel Strike","Infernal Blade","Shockwave","Double Tap+1","Pummel","Perfected Strike+1","Perfected Strike","Seeing Red","Blind","Metallicize","Sentinel","Disarm","Flash of Steel"],"relics":["Burning Blood","StrikeDummy","Blood Vial","Regal Pillow","Vajra","Golden Idol","Busted Crown","Red Mask","Membership Card","Boot","Ginger","Toxic Egg 2"],"acts_visited":["Exordium","TheCity"],"potions_floor_usage":[33,33],"damage_taken":[{"damage":6.0,"enemies":"Cultist","floor":1.0,"turns":4.0},{"damage":8.0,"enemies":"2 Louse","floor":2.0,"turns":2.0},{"damage":12.0,"enemies":"Small Slimes","floor":3.0,"turns":4.0},{"damage":24.0,"enemies":"Gremlin Nob","floor":7.0,"turns":4.0},{"damage":30.0,"enemies":"3 Sentries","floor":10.0,"turns":8.0},{"damage":0.0,"enemies":"Blue Slaver","floor":14.0,"turns":1.0},{"damage":41.0,"enemies":"The Guardian","floor":16.0,"turns":8.0},{"damage":3.0,"enemies":"Chosen","floor":18.0,"turns":3.0},{"damage":12.0,"enemies":"3 Byrds","floor":19.0,"turns":5.0},{"damage":7.0,"enemies":"Masked Bandits","floor":20.0,"turns":3.0},{"damage":12.0,"enemies":"Centurion and Healer","floor":24.0,"turns":4.0},{"damage":0.0,"enemies":"Book of Stabbing","floor":25.0,"turns":3.0},{"damage":0.0,"enemies":"Snake Plant","floor":27.0,"turns":2.0},{"damage":17.0,"enemies":"Slavers","floor":29.0,"turns":4.0},{"damage":24.0,"enemies":"Chosen and Byrds","floor":31.0,"turns":5.0},{"damage":79,"enemies":"Collector","floor":33,"turns":6}],"seed_played":"-4983203538522573125","potions_obtained":[{"floor":10.0,"key":"SkillPotion"},{"floor":14.0,"key":"ColorlessPotion"},{"floor":19.0,"key":"PowerPotion"},{"floor":27.0,"key":"Regen Potion"},{"floor":29.0,"key":"Weak Potion"}],"is_trial":false,"path_per_floor":["M","M","M","$","?","R","E","R","T","E","?","R","?","M","R","B",null,"M","M","?","?","$","R","M","E","T","M","$","E","?","M","R","B"],"character_chosen":"IRONCLAD","items_purchased":["StrikeDummy","Membership Card","Seeing Red","Blind","Metallicize","Flash of Steel"],"campfire_rested":2,"item_purchase_floors":[4,22,22,22,22,28],"current_hp_per_floor":[72,70,64,64,48,48,30,54,54,32,21,60,60,68,68,35,69,74,70,71,71,71,71,67,75,75,80,80,78,78,62,62,0,0],"gold":119,"neow_bonus":"HUNDRED_GOLD","is_daily":false,"chose_seed":false,"campfire_upgraded":3,"win_rate":0.0,"timestamp":1607833935,"path_taken":["M","M","?","$","?","R","E","R","T","E","?","R","?","M","R","BOSS","M","M","?","?","$","R","?","E","T","M","?","E","?","M","R","BOSS"],"items_purchased_type":["Relic","Relic","Card","Card","Card","Card"],"build_version":"2020-11-30","purchased_purges":0,"victory":false,"max_hp_per_floor":[80,80,80,80,80,80,80,80,80,80,80,80,80,80,80,80,80,80,80,80,80,80,80,80,80,80,80,80,80,80,80,80,80,80],"card_choices":[{"not_picked":["Iron Wave","Carnage"],"picked":"Flex","floor":1.0},{"not_picked":["Twin Strike","Shrug It Off"],"picked":"Perfected Strike","floor":2.0},{"not_picked":["Carnage","Sentinel","Clothesline"],"picked":"SKIP","floor":3.0},{"not_picked":["Immolate","Warcry"],"picked":"Pommel Strike","floor":7.0},{"not_picked":["Battle Trance","Pommel Strike"],"picked":"Infernal Blade","floor":10.0},{"not_picked":["Pommel Strike","Second Wind"],"picked":"Shockwave","floor":14.0},{"not_picked":["Fiend Fire","Feed"],"picked":"Double Tap","floor":16.0},{"not_picked":[],"picked":"Pummel","floor":18.0},{"not_picked":[],"picked":"Perfected Strike","floor":19.0},{"not_picked":[],"picked":"Perfected Strike","floor":20.0},{"not_picked":[],"picked":"Sentinel","floor":24.0},{"not_picked":["Headbutt"],"picked":"SKIP","floor":25.0},{"not_picked":[],"picked":"Disarm","floor":27.0},{"not_picked":["Pummel"],"picked":"SKIP","floor":29.0},{"not_picked":["Sword Boomerang"],"picked":"SKIP","floor":31.0}],"player_experience":178752,"relics_obtained":[{"floor":7.0,"key":"Blood Vial"},{"floor":9.0,"key":"Regal Pillow"},{"floor":10.0,"key":"Vajra"},{"floor":20.0,"key":"Red Mask"},{"floor":25.0,"key":"Boot"},{"floor":26.0,"key":"Ginger"},{"floor":29.0,"key":"Toxic Egg 2"}],"event_choices":[{"damage_healed":0.0,"max_hp_gain":0.0,"max_hp_loss":0.0,"gold_gain":0.0,"event_name":"Shining Light","player_choice":"Entered Light","floor":5.0,"gold_loss":0.0,"damage_taken":16.0,"cards_upgraded":["Strike_R","Strike_R"]},{"damage_healed":0.0,"max_hp_gain":0.0,"max_hp_loss":0.0,"gold_gain":75.0,"event_name":"World of Goop","player_choice":"Gather Gold","floor":11.0,"gold_loss":0.0,"damage_taken":11.0},{"damage_healed":0.0,"max_hp_gain":0.0,"max_hp_loss":0.0,"gold_gain":0.0,"event_name":"Golden Idol","player_choice":"Take Wound","floor":13.0,"gold_loss":0.0,"damage_taken":0.0,"relics_obtained":["Golden Idol"],"cards_obtained":["Injury"]},{"damage_healed":0.0,"max_hp_gain":0.0,"max_hp_loss":0.0,"gold_gain":0.0,"event_name":"Masked Bandits","player_choice":"Fought Bandits","floor":20.0,"gold_loss":0.0,"damage_taken":0.0},{"cards_removed":["Injury"],"damage_healed":0.0,"max_hp_gain":0.0,"max_hp_loss":0.0,"gold_gain":0.0,"event_name":"Designer","player_choice":"Upgrade and Remove","floor":21.0,"gold_loss":90.0,"damage_taken":0.0,"cards_upgraded":["Strike_R"]},{"damage_healed":0.0,"max_hp_gain":0.0,"max_hp_loss":0.0,"gold_gain":0.0,"event_name":"Vampires","player_choice":"Ignored","floor":30.0,"gold_loss":0.0,"damage_taken":0.0}],"is_beta":false,"boss_relics":[{"not_picked":["Black Star","Ectoplasm"],"picked":"Busted Crown"}],"items_purged_floors":[],"is_endless":false,"potions_floor_spawned":[10,14,19,20,27,29],"killed_by":"Collector","ascension_level":12}}