{"host":"8aazbu429xvxw5ti","time":1607861054,"event":{"mods":["2.2 Compatiblity","BaseMod","Colored Map","DeckTracker","Highlight Path","Keyboard Shortcuts","Minty Spire (QoL Compilation)","Permanent Neow","Quick Restart","StSLib","SuperFastMode","everything is the same but u backflip on backflip"],"gold_per_floor":[115,131,151,167,167,167,186,206,206,220,220,220,230,248,248,349,349,363,378,39,39,39,39,39],"floor_reached":23,"playtime":5294,"items_purged":["Strike_G"],"score":306,"play_id":"f1b32c62-e106-423f-a2ff-594d028f3a21","local_time":"20201213210414","is_ascension_mode":true,"campfire_choices":[{"data":"Neutralize","floor":6.0,"key":"SMITH"},{"data":"All Out Attack","floor":11.0,"key":"SMITH"},{"data":"Infinite Blades","floor":15.0,"key":"SMITH"}],"circlet_count":0,"master_deck":["AscendersBane","Defend_G","Defend_G","Defend_G","Defend_G","Defend_G","Survivor","Neutralize+1","Blade Dance","Blade Dance","PiercingWail+1","Dagger Throw+1","All Out Attack+1","Backflip","Blade Dance","Cloak And Dagger","Infinite Blades+1","Adrenaline","Acrobatics+1","Cloak And Dagger","Endless Agony","Leg Sweep","Bite","Bite","Bite","Bite","Bite"],"relics":["Ring of the Snake","Happy Flower","Question Card","HoveringKite","Tiny Chest"],"acts_visited":["Exordium","TheCity"],"potions_floor_usage":[],"damage_taken":[{"damage":0.0,"enemies":"Small Slimes","floor":1.0,"turns":4.0},{"damage":2.0,"enemies":"2 Louse","floor":2.0,"turns":2.0},{"damage":0.0,"enemies":"Cultist","floor":3.0,"turns":3.0},{"damage":2.0,"enemies":"Exordium Wildlife","floor":4.0,"turns":6.0},{"damage":2.0,"enemies":"3 Louse","floor":7.0,"turns":3.0},{"damage":1.0,"enemies":"Gremlin Gang","floor":8.0,"turns":3.0},{"damage":0.0,"enemies":"Blue Slaver","floor":10.0,"turns":3.0},{"damage":1.0,"enemies":"Exordium Thugs","floor":13.0,"turns":3.0},{"damage":1.0,"enemies":"3 Louse","floor":14.0,"turns":2.0},{"damage":20.0,"enemies":"The Guardian","floor":16.0,"turns":13.0},{"damage":3.0,"enemies":"Shell Parasite","floor":18.0,"turns":6.0},{"damage":11,"enemies":"Spheric Guardian","floor":19,"turns":4},{"damage":44,"enemies":"Book of Stabbing","floor":23,"turns":8}],"seed_played":"2334674285832238175","potions_obtained":[{"floor":2.0,"key":"Swift Potion"},{"floor":3.0,"key":"Dexterity Potion"},{"floor":4.0,"key":"Energy Potion"},{"floor":14.0,"key":"Weak Potion"}],"is_trial":false,"path_per_floor":["M","M","M","M","?","R","M","M","T","M","R","?","M","M","R","B",null,"M","M","$","?","?","E"],"character_chosen":"THE_SILENT","items_purchased":["Endless Agony","Tiny Chest","Leg Sweep"],"campfire_rested":0,"item_purchase_floors":[20,20,20],"current_hp_per_floor":[63,61,61,59,45,45,43,42,42,42,42,42,41,40,40,20,58,55,44,44,44,37,1,1],"gold":39,"neow_bonus":"RANDOM_COMMON_RELIC","is_daily":false,"chose_seed":false,"campfire_upgraded":3,"win_rate":0.0,"timestamp":1607861054,"path_taken":["M","M","M","M","?","R","M","M","T","M","R","?","?","M","R","BOSS","M","M","$","?","?","E"],"items_purchased_type":["Card","Relic","Card"],"build_version":"2020-11-30","purchased_purges":1,"victory":false,"max_hp_per_floor":[70,70,70,70,70,70,70,70,70,70,70,70,70,70,70,70,70,70,70,70,49,54,54,54],"card_choices":[{"not_picked":["Accuracy","Eviscerate"],"picked":"Blade Dance","floor":1.0},{"not_picked":["Distraction","Sucker Punch"],"picked":"Blade Dance","floor":2.0},{"not_picked":["Riddle With Holes","Prepared"],"picked":"PiercingWail","floor":3.0},{"not_picked":["Sucker Punch","Distraction"],"picked":"Dagger Throw","floor":4.0},{"not_picked":["Setup","Dodge and Roll"],"picked":"All Out Attack","floor":7.0},{"not_picked":["All Out Attack","Dagger Spray"],"picked":"Backflip","floor":8.0},{"not_picked":["Deflect","Sucker Punch","Quick Slash"],"picked":"Blade Dance","floor":10.0},{"not_picked":["Deflect","Acrobatics","Quick Slash"],"picked":"Cloak And Dagger","floor":13.0},{"not_picked":["Setup","Heel Hook","Tools of the Trade"],"picked":"Infinite Blades","floor":14.0},{"not_picked":["Corpse Explosion","Venomology","Wraith Form v2"],"picked":"Adrenaline","floor":16.0},{"not_picked":["Backflip","Dagger Throw+1","Concentrate"],"picked":"Acrobatics+1","floor":18.0},{"not_picked":["Backflip","Noxious Fumes","Choke+1"],"picked":"Cloak And Dagger","floor":19}],"player_experience":398077,"relics_obtained":[{"floor":9.0,"key":"Question Card"}],"event_choices":[{"damage_healed":0.0,"max_hp_gain":0.0,"max_hp_loss":0.0,"gold_gain":0.0,"event_name":"Shining Light","player_choice":"Entered Light","floor":5.0,"gold_loss":0.0,"damage_taken":14.0,"cards_upgraded":["Strike_G","Dagger Throw"]},{"damage_healed":0.0,"max_hp_gain":0.0,"max_hp_loss":0.0,"gold_gain":0.0,"event_name":"Upgrade Shrine","player_choice":"Upgraded","floor":12.0,"gold_loss":0.0,"damage_taken":0.0,"cards_upgraded":["PiercingWail"]},{"damage_healed":0,"gold_gain":0,"player_choice":"Became a vampire","damage_taken":0,"max_hp_gain":0,"max_hp_loss":21,"event_name":"Vampires","floor":21,"gold_loss":0,"cards_obtained":["Bite","Bite","Bite","Bite","Bite"]},{"damage_healed":0,"gold_gain":0,"player_choice":"Shed Blood","damage_taken":12,"max_hp_gain":5,"max_hp_loss":0,"event_name":"Forgotten Altar","floor":22,"gold_loss":0}],"is_beta":false,"boss_relics":[{"not_picked":["Ectoplasm","Philosopher\u0027s Stone"],"picked":"HoveringKite"}],"items_purged_floors":[20],"is_endless":false,"potions_floor_spawned":[2,3,4,8,14],"killed_by":"Book of Stabbing","ascension_level":10}}