{"host":"ormi09wwzv7sq47a","time":1607865271,"event":{"mods":["2.2 Compatiblity","AchievementEnabler","Act Like it!","BaseMod","Better Note","Better Vampires","Colored Map","Colored Powertips","DeckTracker","Downfall","Hermit","Highlight Path","Jorbs\u0027s Wanderer Trilogy","Minty Spire (QoL Compilation)","Permanent Neow","Quick Restart","Rare Cards Sparkle","Relic Stats","Shop Mod","StSLib","The Cursed","The Hierophant","The Jungle","The Servant 0.9.4"],"gold_per_floor":[113,38,213,230,230,263,263,263,263,276,310,324,324,324,324,452,452,467,467,492,274,274,274,274,274],"floor_reached":24,"playtime":801,"items_purged":["hexamod:Strike","hexamod:Strike"],"score":275,"play_id":"766d50aa-164d-4977-aed7-75b1b020dd2c","local_time":"20201213101431","is_ascension_mode":false,"campfire_choices":[{"data":"hexamod:ExtraCrispy","floor":13.0,"key":"SMITH"},{"data":"hexamod:SpectralSpark","floor":15.0,"key":"SMITH"},{"data":"hexamod:HexaLevel","floor":23.0,"key":"SMITH"}],"circlet_count":0,"master_deck":["hexamod:Strike+1","hexamod:Defend","hexamod:Defend","hexamod:Defend+1","hexamod:Defend+1","hexamod:Sear+1","hexamod:Float","hexamod:ThermalTransfer","hexamod:GhostflameBarrier","hexamod:ExtraCrispy+1","hexamod:SpectralSpark+1","hexamod:HexaLevel+1","hexamod:ExtraCrispy","hexamod:ApocalypseNow","hexamod:GhostShield+1","hexamod:EmpoweredFlame","hexamod:RetreatToShadows"],"relics":["hexamod:SpiritBrand","NeowsBlessing","Nunchaku","Golden Idol","Art of War","Guardian:PocketSentry","Philosopher\u0027s Stone","War Paint"],"acts_visited":["Exordium","TheCity"],"potions_floor_usage":[],"damage_taken":[{"damage":0.0,"enemies":"Small Slimes","floor":1.0,"turns":1.0},{"damage":0.0,"enemies":"2 Louse","floor":4.0,"turns":1.0},{"damage":0.0,"enemies":"3 Sentries","floor":6.0,"turns":2.0},{"damage":0.0,"enemies":"Jaw Worm","floor":10.0,"turns":4.0},{"damage":3.0,"enemies":"Gremlin Nob","floor":11.0,"turns":3.0},{"damage":4.0,"enemies":"Looter","floor":12.0,"turns":3.0},{"damage":0.0,"enemies":"Hexaghost","floor":16.0,"turns":6.0},{"damage":19.0,"enemies":"2 Thieves","floor":18.0,"turns":4.0},{"damage":56,"enemies":"Slavers","floor":24,"turns":5}],"seed_played":"-5207115276222924761","potions_obtained":[{"floor":6.0,"key":"ColorlessPotion"},{"floor":10.0,"key":"ColorlessPotion"}],"is_trial":false,"path_per_floor":["M","$","?","M","?","E","?","?","T","M","E","M","R","?","R","B",null,"M","?","T","$","T","R","E"],"character_chosen":"THE_SPIRIT","items_purchased":["hexamod:EmpoweredFlame","hexamod:RetreatToShadows"],"campfire_rested":0,"item_purchase_floors":[21,21],"current_hp_per_floor":[70,70,70,70,70,70,53,39,39,39,36,32,32,32,32,32,70,51,51,51,51,51,51,0,0],"gold":274,"neow_bonus":"THREE_ENEMY_KILL","is_daily":false,"chose_seed":false,"campfire_upgraded":3,"win_rate":0.0,"timestamp":1607865271,"path_taken":["M","$","?","M","?","E","?","?","T","M","E","?","R","?","R","BOSS","M","?","?","$","?","R","E"],"items_purchased_type":["Card","Card"],"build_version":"2020-11-30","purchased_purges":2,"victory":false,"max_hp_per_floor":[70,70,70,70,70,70,70,70,70,70,70,70,70,70,70,70,70,70,70,70,70,70,70,70,70],"relic_stats":{"Nunchaku":[3],"counters":[9,28],"Golden Idol":42,"Art of War":[4],"War Paint":["hexamod:Defend","hexamod:Defend"],"obtain_stats":[{"Nunchaku":6,"NeowsBlessing":0,"Golden Idol":7,"Philosopher\u0027s Stone":17,"Art of War":9,"Guardian:PocketSentry":11,"War Paint":20,"hexamod:SpiritBrand":0},{"Nunchaku":3,"NeowsBlessing":0,"Golden Idol":3,"Philosopher\u0027s Stone":7,"Art of War":3,"Guardian:PocketSentry":5,"War Paint":8,"hexamod:SpiritBrand":0},{"Nunchaku":4,"NeowsBlessing":0,"Golden Idol":4,"Philosopher\u0027s Stone":19,"Art of War":4,"Guardian:PocketSentry":11,"War Paint":23,"hexamod:SpiritBrand":0}]},"card_choices":[{"not_picked":["hexamod:RainOfEmbers","hexamod:SwordOfDarkness"],"picked":"hexamod:ThermalTransfer","floor":1.0},{"not_picked":["hexamod:AdvancingGuard","hexamod:SpectersWail"],"picked":"hexamod:GhostflameBarrier","floor":4.0},{"not_picked":["hexamod:AdvancingGuard","hexamod:RainOfEmbers"],"picked":"hexamod:ExtraCrispy","floor":6.0},{"not_picked":["hexamod:PhantomFireball","hexamod:HeatShield"],"picked":"hexamod:SpectralSpark","floor":10.0},{"not_picked":["hexamod:BacktrackSmack","hexamod:RainOfEmbers"],"picked":"hexamod:HexaLevel","floor":11.0},{"not_picked":["hexamod:SpectralSpark","hexamod:NightmareGuise"],"picked":"hexamod:ExtraCrispy","floor":12.0},{"not_picked":["hexamod:TimeOfNeed","hexamod:ParanormalForm"],"picked":"hexamod:ApocalypseNow","floor":16.0},{"not_picked":["hexamod:SwordOfDarkness","hexamod:InspiringFlames"],"picked":"hexamod:GhostShield+1","floor":18.0}],"player_experience":737391,"relics_obtained":[{"floor":6.0,"key":"Nunchaku"},{"floor":9.0,"key":"Art of War"},{"floor":11.0,"key":"Guardian:PocketSentry"},{"floor":20.0,"key":"War Paint"}],"event_choices":[{"damage_healed":0.0,"max_hp_gain":0.0,"max_hp_loss":0.0,"gold_gain":175.0,"event_name":"Liars Game","player_choice":"AGREE","floor":3.0,"gold_loss":0.0,"damage_taken":0.0,"cards_obtained":["Doubt"]},{"damage_healed":0.0,"max_hp_gain":0.0,"max_hp_loss":0.0,"gold_gain":0.0,"event_name":"Golden Idol","player_choice":"Take Damage","floor":7.0,"gold_loss":0.0,"damage_taken":17.0,"relics_obtained":["Golden Idol"]},{"damage_healed":0.0,"max_hp_gain":0.0,"max_hp_loss":0.0,"gold_gain":0.0,"event_name":"Shining Light","player_choice":"Entered Light","floor":8.0,"gold_loss":0.0,"damage_taken":14.0,"cards_upgraded":["hexamod:Sear","hexamod:Strike"]},{"cards_removed":["Doubt"],"damage_healed":0.0,"max_hp_gain":0.0,"max_hp_loss":0.0,"gold_gain":0.0,"event_name":"Living Wall","player_choice":"Forget","floor":14.0,"gold_loss":0.0,"damage_taken":0.0},{"cards_removed":["hexamod:Strike"],"damage_healed":0.0,"max_hp_gain":0.0,"max_hp_loss":0.0,"gold_gain":0.0,"event_name":"Bonfire Elementals","player_choice":"Offered Basic","floor":19.0,"gold_loss":0.0,"damage_taken":0.0}],"is_beta":false,"boss_relics":[{"not_picked":["Pandora\u0027s Box","Calling Bell"],"picked":"Philosopher\u0027s Stone"}],"items_purged_floors":[2,21],"is_endless":false,"potions_floor_spawned":[6,10],"killed_by":"Slavers","ascension_level":0}}