{"host":"aeidq2c3auzxo1yh","time":1607828765,"event":{"mods":["AchievementEnabler","BaseMod","Colored Map","Colored Powertips","Minty Spire (QoL Compilation)","Relic Stats","StSLib"],"gold_per_floor":[113,113,113,134,147,190,190,190,190],"floor_reached":8,"playtime":311,"items_purged":[],"score":112,"play_id":"842f43e9-f183-4777-a446-4df13948a68b","local_time":"20201213080605","is_ascension_mode":true,"campfire_choices":[{"floor":7,"key":"REST"}],"circlet_count":0,"master_deck":["AscendersBane","Strike_G","Strike_G","Strike_G","Strike_G","Strike_G","Defend_G","Defend_G","Defend_G","Defend_G","Defend_G","Survivor","Neutralize+1","Sucker Punch+1","Dagger Spray","Well Laid Plans","Venomology"],"relics":["Ring of the Snake","Golden Idol","MealTicket"],"acts_visited":["Exordium"],"potions_floor_usage":[6,8],"damage_taken":[{"damage":9,"enemies":"Jaw Worm","floor":1,"turns":6},{"damage":3,"enemies":"Small Slimes","floor":4,"turns":3},{"damage":0,"enemies":"Cultist","floor":5,"turns":4},{"damage":31,"enemies":"Gremlin Nob","floor":6,"turns":5},{"damage":36,"enemies":"Lagavulin","floor":8,"turns":6}],"seed_played":"716457843169816971","potions_obtained":[{"floor":5,"key":"EssenceOfSteel"}],"is_trial":false,"path_per_floor":["M","?","?","M","M","E","R","E"],"character_chosen":"THE_SILENT","items_purchased":[],"campfire_rested":1,"item_purchase_floors":[],"current_hp_per_floor":[50,50,50,47,47,16,34,0,0],"gold":190,"neow_bonus":"UPGRADE_CARD","is_daily":false,"chose_seed":false,"campfire_upgraded":0,"win_rate":0.0,"timestamp":1607828765,"path_taken":["M","?","?","M","M","E","R","E"],"items_purchased_type":[],"build_version":"2020-11-30","purchased_purges":0,"victory":false,"max_hp_per_floor":[66,60,60,60,60,60,60,60,60],"relic_stats":{"counters":[5,24],"Golden Idol":16,"MealTicket":0,"obtain_stats":[{"Golden Idol":2,"MealTicket":6,"Ring of the Snake":0},{"Golden Idol":1,"MealTicket":4,"Ring of the Snake":0},{"Golden Idol":6,"MealTicket":18,"Ring of the Snake":0}],"Ring of the Snake":[10]},"card_choices":[{"not_picked":["Reflex","Deflect"],"picked":"Sucker Punch","floor":1},{"not_picked":["Footwork","Deadly Poison"],"picked":"Dagger Spray","floor":4},{"not_picked":["Sucker Punch","Escape Plan"],"picked":"Well Laid Plans","floor":5},{"not_picked":["Dodge and Roll","Choke"],"picked":"Venomology","floor":6}],"player_experience":855226,"relics_obtained":[{"floor":6,"key":"MealTicket"}],"event_choices":[{"damage_healed":0,"gold_gain":0,"player_choice":"Lose Max HP","damage_taken":0,"relics_obtained":["Golden Idol"],"max_hp_gain":0,"max_hp_loss":6,"event_name":"Golden Idol","floor":2,"gold_loss":0},{"damage_healed":0,"gold_gain":0,"player_choice":"Grow","damage_taken":0,"max_hp_gain":0,"max_hp_loss":0,"event_name":"Living Wall","floor":3,"gold_loss":0,"cards_upgraded":["Sucker Punch"]}],"is_beta":false,"boss_relics":[],"items_purged_floors":[],"is_endless":false,"potions_floor_spawned":[5],"killed_by":"Lagavulin","ascension_level":20}}