{"host":"2se5dq1do2gp0x9k","time":1607822497,"event":{"mods":["AchievementEnabler","BaseMod","Block Reminder","Colored Map","Colored Powertips","Minty Spire (QoL Compilation)","Relic Stats","StSLib","SuperFastMode"],"gold_per_floor":[361,50,67,32,32,32,65,65,90,106,106,118,176,201,213,297,309,331,343,33,33,33,33,67,78,103,103,103],"floor_reached":27,"playtime":897,"items_purged":["Strike_B"],"score":483,"play_id":"719a0cbf-6fce-4c2c-9b3a-367f97b49b1a","local_time":"20201212172137","is_ascension_mode":true,"campfire_choices":[{"data":"Darkness","floor":6.0,"key":"SMITH"},{"data":"Thinking Ahead","floor":8.0,"key":"SMITH"},{"data":"Chaos","floor":11.0,"key":"SMITH"},{"floor":15.0,"key":"REST"},{"floor":23,"key":"REST"}],"circlet_count":0,"master_deck":["AscendersBane","Defend_B","Defend_B","Defend_B","Defend_B","Zap","Dualcast","Darkness+1","Thinking Ahead+1","Leap","Sweeping Beam","Chaos+1","Chill","Steam","Hologram","Conserve Battery","Hologram","Fission","Leap","Biased Cognition","Darkness+1","Glacier","Necronomicurse","Bite","Bite","Bite","Bite","Bite","Doubt"],"relics":["Cracked Core","DataDisk","MawBank","Cursed Key","DollysMirror","Necronomicon","Symbiotic Virus"],"acts_visited":["Exordium","TheCity"],"potions_floor_usage":[24],"damage_taken":[{"damage":12.0,"enemies":"Jaw Worm","floor":1.0,"turns":4.0},{"damage":13.0,"enemies":"Small Slimes","floor":3.0,"turns":2.0},{"damage":31.0,"enemies":"Lagavulin","floor":7.0,"turns":8.0},{"damage":1.0,"enemies":"Cultist","floor":10.0,"turns":3.0},{"damage":11.0,"enemies":"Looter","floor":12.0,"turns":4.0},{"damage":0.0,"enemies":"3 Sentries","floor":13.0,"turns":7.0},{"damage":0.0,"enemies":"Large Slime","floor":14.0,"turns":4.0},{"damage":10.0,"enemies":"The Guardian","floor":16.0,"turns":9.0},{"damage":26.0,"enemies":"Shell Parasite","floor":18.0,"turns":4.0},{"damage":38,"enemies":"Slavers","floor":24,"turns":10},{"damage":12,"enemies":"3 Byrds","floor":25,"turns":7},{"damage":32,"enemies":"Book of Stabbing","floor":27,"turns":7}],"seed_played":"-1372893835285896789","potions_obtained":[{"floor":3.0,"key":"AttackPotion"},{"floor":7.0,"key":"Swift Potion"},{"floor":14.0,"key":"SkillPotion"},{"floor":16.0,"key":"Regen Potion"},{"floor":24,"key":"Strength Potion"}],"is_trial":false,"path_per_floor":["M","$","M","?","$","R","E","R","T","M","R","M","?","M","R","B",null,"M","?","$","?","?","R","E","M","T","E"],"character_chosen":"DEFECT","items_purchased":["Thinking Ahead","Leap","Sweeping Beam","DollysMirror","Glacier"],"campfire_rested":2,"item_purchase_floors":[2,2,2,20,20],"current_hp_per_floor":[52,52,39,55,55,55,24,24,24,23,23,12,12,12,31,21,53,27,27,27,6,6,19,12,20,20,0,0],"gold":103,"neow_bonus":"TWO_FIFTY_GOLD","is_daily":false,"chose_seed":false,"campfire_upgraded":3,"win_rate":0.0,"timestamp":1607822497,"path_taken":["M","$","M","?","?","R","E","R","T","M","R","M","?","M","R","BOSS","M","?","?","?","?","R","E","M","T","E"],"items_purchased_type":["Card","Card","Card","Relic","Card"],"build_version":"2020-11-30","purchased_purges":1,"victory":false,"max_hp_per_floor":[64,64,64,64,64,64,64,64,64,64,64,64,64,64,64,64,64,64,64,64,64,44,44,44,44,44,44,44],"relic_stats":{"counters":[12,69],"Necronomicon":[0],"MawBank":84,"Cursed Key":1,"obtain_stats":[{"DataDisk":9,"DollysMirror":20,"Necronomicon":21,"Cracked Core":0,"MawBank":13,"Cursed Key":17,"Symbiotic Virus":24},{"DataDisk":3,"DollysMirror":9,"Necronomicon":9,"Cracked Core":0,"MawBank":6,"Cursed Key":8,"Symbiotic Virus":10},{"DataDisk":14,"DollysMirror":45,"Necronomicon":45,"Cracked Core":0,"MawBank":28,"Cursed Key":41,"Symbiotic Virus":55}]},"card_choices":[{"not_picked":["Coolheaded","Turbo"],"picked":"Darkness","floor":1.0},{"not_picked":["Rip and Tear","Go for the Eyes"],"picked":"Chaos","floor":3.0},{"not_picked":["Steam","Melter"],"picked":"Chill","floor":7.0},{"not_picked":["Sunder","Stack"],"picked":"Steam","floor":10.0},{"not_picked":["Cold Snap","Steam"],"picked":"Hologram","floor":12.0},{"not_picked":["Heatsinks","Compile Driver"],"picked":"Conserve Battery","floor":13.0},{"not_picked":["Rebound","Core Surge"],"picked":"Hologram","floor":14.0},{"not_picked":["All For One","Rainbow"],"picked":"Fission","floor":16.0},{"not_picked":["Barrage","Turbo"],"picked":"Leap","floor":18.0},{"not_picked":["Barrage+1","Steam Power","Sweeping Beam"],"picked":"SKIP","floor":24},{"not_picked":["Cold Snap","Turbo+1","Force Field"],"picked":"SKIP","floor":25}],"player_experience":3606844,"relics_obtained":[{"floor":9.0,"key":"DataDisk"},{"floor":13.0,"key":"MawBank"},{"floor":21,"key":"Necronomicon"},{"floor":24,"key":"Symbiotic Virus"}],"event_choices":[{"damage_healed":16.0,"max_hp_gain":0.0,"max_hp_loss":0.0,"gold_gain":0.0,"event_name":"The Cleric","player_choice":"Healed","floor":4.0,"gold_loss":35.0,"damage_taken":0.0},{"damage_healed":0.0,"max_hp_gain":0.0,"max_hp_loss":0.0,"gold_gain":0.0,"event_name":"Dead Adventurer","player_choice":"Searched \u00272\u0027 times","floor":13.0,"gold_loss":0.0,"damage_taken":0.0},{"damage_healed":0,"gold_gain":0,"player_choice":"1 cards matched","damage_taken":0,"max_hp_gain":0,"max_hp_loss":0,"event_name":"Match and Keep!","floor":19,"gold_loss":0,"cards_obtained":["Biased Cognition"]},{"damage_healed":0,"gold_gain":0,"player_choice":"Obtained Book","damage_taken":21,"max_hp_gain":0,"max_hp_loss":0,"event_name":"Cursed Tome","floor":21,"gold_loss":0},{"damage_healed":0,"gold_gain":0,"player_choice":"Became a vampire","damage_taken":0,"max_hp_gain":0,"max_hp_loss":20,"event_name":"Vampires","floor":22,"gold_loss":0,"cards_obtained":["Bite","Bite","Bite","Bite","Bite"]}],"is_beta":false,"boss_relics":[{"not_picked":["Runic Dome","Philosopher\u0027s Stone"],"picked":"Cursed Key"}],"items_purged_floors":[20],"is_endless":false,"potions_floor_spawned":[3,7,14,16,24],"killed_by":"Book of Stabbing","ascension_level":20}}