{"host":"qwttrqaysb380yri","time":1607889014,"event":{"mods":["BaseMod","Custom Start","Minty Spire (QoL Compilation)","Puzzle Mod","Relic Stats","StSLib","The Cursed","The Hierophant"],"gold_per_floor":[109,129,146,139,160,175,175,195,221,228,228,243,243,295,295,386,467,519,46,119,119,119,178,178,178,178,178,263,352,361,455,455,571,571,659,696,309,178,53,36,36],"floor_reached":40,"playtime":1304,"items_purged":["hierophant:Patience","hierophant:EyeForCoin","hierophant:SealAway"],"score":874,"play_id":"786cc3b3-1752-4e53-9bb5-9744aa382369","local_time":"20201213205014","is_ascension_mode":true,"campfire_choices":[{"floor":7,"key":"REST"},{"data":"hierophant:Martyrdom","floor":11,"key":"SMITH"},{"floor":15,"key":"REST"},{"data":"hierophant:Exaltation","floor":25,"key":"SMITH"},{"data":"hierophant:DeathKnell","floor":27,"key":"SMITH"},{"data":"hierophant:ChurchCoffers","floor":32,"key":"SMITH"}],"circlet_count":0,"master_deck":["AscendersBane","hierophant:Punish","hierophant:ChurchCoffers+1","hierophant:RepressedViolence","hierophant:HolyVerse+1","hierophant:OrnateJavelin","hierophant:SolarFlare","hierophant:Smite","hierophant:Martyrdom+1","hierophant:DeathKnell+1","hierophant:Embezzle","hierophant:Endure","hierophant:Kindle","hierophant:HolyVerse","hierophant:Refuge","hierophant:SecretStash","hierophant:Exaltation+1","hierophant:Shelter","hierophant:Doubloon","hierophant:Doubloon","hierophant:Encroach+1","hierophant:CoinFling","hierophant:Doubloon","hierophant:HolyVerse","hierophant:SecretStash+1","hierophant:Doubloon","hierophant:Shelter","Necronomicurse","hierophant:Doubloon","hierophant:Dazzle","hierophant:DivineIntervention","hierophant:Exaltation","hierophant:Encroach+1"],"relics":["hierophant:PropheticMaskRelic","Centennial Puzzle","Bottled Lightning","Bronze Scales","War Paint","Bloody Idol","CeramicFish","Pandora\u0027s Box","ClockworkSouvenir","Lantern","Bag of Marbles","Kunai","Akabeko","Necronomicon","Sozu","PrismaticShard","Pen Nib","WingedGreaves"],"acts_visited":["Exordium","TheCity","TheBeyond"],"potions_floor_usage":[6,6,6,23,29,29,36,40],"damage_taken":[{"damage":6,"enemies":"Cultist","floor":1,"turns":3},{"damage":3,"enemies":"Small Slimes","floor":2,"turns":4},{"damage":8,"enemies":"Jaw Worm","floor":3,"turns":4},{"damage":18,"enemies":"Large Slime","floor":4,"turns":3},{"damage":2,"enemies":"3 Louse","floor":5,"turns":3},{"damage":10,"enemies":"3 Sentries","floor":6,"turns":5},{"damage":0,"enemies":"2 Fungi Beasts","floor":8,"turns":2},{"damage":8,"enemies":"Gremlin Nob","floor":10,"turns":3},{"damage":6,"enemies":"Exordium Thugs","floor":12,"turns":2},{"damage":20,"enemies":"Lagavulin","floor":14,"turns":5},{"damage":18,"enemies":"The Guardian","floor":16,"turns":7},{"damage":19,"enemies":"3 Byrds","floor":18,"turns":3},{"damage":0,"enemies":"Spheric Guardian","floor":20,"turns":2},{"damage":8,"enemies":"Book of Stabbing","floor":23,"turns":3},{"damage":31,"enemies":"Snake Plant","floor":28,"turns":4},{"damage":7,"enemies":"Slavers","floor":29,"turns":2},{"damage":5,"enemies":"Centurion and Healer","floor":31,"turns":3},{"damage":14,"enemies":"Automaton","floor":33,"turns":6},{"damage":3,"enemies":"3 Shapes","floor":35,"turns":3},{"damage":9,"enemies":"3 Darklings","floor":36,"turns":3},{"damage":49,"enemies":"Giant Head","floor":40,"turns":6}],"seed_played":"-3108362702921675419","potions_obtained":[{"floor":4,"key":"Energy Potion"},{"floor":5,"key":"Energy Potion"},{"floor":6,"key":"Fruit Juice"},{"floor":16,"key":"Weak Potion"},{"floor":28,"key":"ColorlessPotion"},{"floor":29,"key":"DuplicationPotion"},{"floor":31,"key":"SteroidPotion"},{"floor":33,"key":"DistilledChaos"}],"is_trial":false,"path_per_floor":["M","M","M","M","M","E","R","M","T","E","R","M","?","E","R","B",null,"M","$","M","?","?","E","?","R","T","R","M","E","?","M","R","B",null,"M","M","$","?","$","E"],"character_chosen":"HIEROPHANT","items_purchased":["hierophant:CoinFling","ClockworkSouvenir","Lantern","Fire Potion","PrismaticShard","Pen Nib"],"campfire_rested":2,"item_purchase_floors":[19,19,19,19,37,37],"current_hp_per_floor":[62,59,51,33,31,26,50,50,50,42,42,36,36,16,37,19,59,40,40,40,40,40,47,47,47,47,47,36,44,28,48,48,54,68,72,72,72,72,72,28,28],"gold":36,"neow_bonus":"RANDOM_COMMON_RELIC","is_daily":false,"chose_seed":false,"campfire_upgraded":4,"win_rate":0.0,"timestamp":1607889014,"path_taken":["M","?","M","M","M","E","R","M","T","E","R","M","?","E","R","BOSS","M","$","M","?","?","E","?","R","T","R","M","E","?","M","R","BOSS","M","M","$","?","?","E"],"items_purchased_type":["Card","Relic","Relic","Potion","Relic","Relic"],"build_version":"2020-11-30","purchased_purges":3,"victory":false,"max_hp_per_floor":[75,75,75,75,75,80,80,80,80,80,80,80,72,72,72,72,72,72,72,72,72,72,72,72,72,72,72,72,72,72,72,72,72,72,72,72,72,72,72,72,72],"relic_stats":{"Sozu":1,"Centennial Puzzle":[57],"counters":[21,76],"Bronze Scales":[164],"Bloody Idol":121,"CeramicFish":225,"Pandora\u0027s Box":["hierophant:HolyVerse","hierophant:SealAway","hierophant:Refuge","hierophant:EyeForCoin","hierophant:Patience","hierophant:SecretStash","hierophant:Exaltation","hierophant:Shelter"],"Pen Nib":[0],"Necronomicon":[8],"Kunai":[6],"War Paint":["hierophant:HolyVerse","hierophant:Defend_Hierophant"],"obtain_stats":[{"Lantern":19,"Golden Idol":13,"hierophant:PropheticMaskRelic":0,"CeramicFish":14,"Pen Nib":37,"War Paint":10,"PrismaticShard":37,"Akabeko":29,"ClockworkSouvenir":19,"Sozu":34,"Centennial Puzzle":0,"Bronze Scales":9,"Bloody Idol":21,"Pandora\u0027s Box":17,"WingedGreaves":38,"Bag of Marbles":23,"Necronomicon":30,"Bottled Lightning":6,"Kunai":26},{"Lantern":12,"Golden Idol":9,"hierophant:PropheticMaskRelic":0,"CeramicFish":10,"Pen Nib":20,"War Paint":8,"PrismaticShard":20,"Akabeko":16,"ClockworkSouvenir":12,"Sozu":18,"Centennial Puzzle":0,"Bronze Scales":7,"Bloody Idol":13,"Pandora\u0027s Box":11,"WingedGreaves":20,"Bag of Marbles":14,"Necronomicon":16,"Bottled Lightning":6,"Kunai":14},{"Lantern":44,"Golden Idol":29,"hierophant:PropheticMaskRelic":0,"CeramicFish":34,"Pen Nib":70,"War Paint":27,"PrismaticShard":70,"Akabeko":55,"ClockworkSouvenir":44,"Sozu":64,"Centennial Puzzle":0,"Bronze Scales":24,"Bloody Idol":46,"Pandora\u0027s Box":41,"WingedGreaves":70,"Bag of Marbles":49,"Necronomicon":55,"Bottled Lightning":22,"Kunai":49}]},"card_choices":[{"not_picked":["hierophant:PassingBell","hierophant:HammerAndAnvil"],"picked":"hierophant:RepressedViolence","floor":1},{"not_picked":["hierophant:Sermon","hierophant:RustyCrate"],"picked":"hierophant:HolyVerse","floor":2},{"not_picked":["hierophant:TollTheBells","hierophant:MirrorShield"],"picked":"hierophant:OrnateJavelin","floor":3},{"not_picked":["hierophant:Invocation","hierophant:AuricBeam","hierophant:ArchangelShield"],"picked":"SKIP","floor":4},{"not_picked":["hierophant:Empathy","hierophant:HolyVerse"],"picked":"hierophant:SolarFlare","floor":5},{"not_picked":["hierophant:AuricBeam","hierophant:FieryStrike"],"picked":"hierophant:Smite","floor":6},{"not_picked":["hierophant:Doubloon","hierophant:Refuge"],"picked":"hierophant:Martyrdom","floor":8},{"not_picked":["hierophant:FieryStrike","hierophant:SolarFlare"],"picked":"hierophant:DeathKnell","floor":10},{"not_picked":["hierophant:AuricShield","hierophant:HolyVerse"],"picked":"hierophant:Embezzle","floor":12},{"not_picked":["hierophant:HammerAndAnvil","hierophant:Cornucopia"],"picked":"hierophant:Endure","floor":14},{"not_picked":["hierophant:DeathKnell","hierophant:WrathOfGod"],"picked":"hierophant:Kindle","floor":16},{"not_picked":["hierophant:ThreeLashes","hierophant:PassingBell"],"picked":"hierophant:Encroach+1","floor":18},{"not_picked":["hierophant:PassingBell","hierophant:Blessing"],"picked":"hierophant:HolyVerse","floor":20},{"not_picked":["hierophant:SolarFlare","hierophant:Exaltation"],"picked":"hierophant:SecretStash+1","floor":23},{"not_picked":["hierophant:Patience+1","hierophant:Community+1","hierophant:ArchangelShield"],"picked":"SKIP","floor":28},{"not_picked":["hierophant:FlamingChariot","hierophant:PassingBell"],"picked":"hierophant:Shelter","floor":29},{"not_picked":["hierophant:Encroach","hierophant:PassingBell+1"],"picked":"hierophant:Dazzle","floor":31},{"not_picked":["hierophant:BulkyChest","hierophant:Levitation"],"picked":"hierophant:DivineIntervention","floor":33},{"not_picked":["hierophant:FlamingChariot","hierophant:Flagellation"],"picked":"hierophant:Exaltation","floor":35},{"not_picked":["hierophant:SealAway","hierophant:Racketeering"],"picked":"hierophant:Encroach+1","floor":36}],"player_experience":1829982,"relics_obtained":[{"floor":6,"key":"Bottled Lightning"},{"floor":9,"key":"Bronze Scales"},{"floor":10,"key":"War Paint"},{"floor":14,"key":"CeramicFish"},{"floor":23,"key":"Bag of Marbles"},{"floor":26,"key":"Kunai"},{"floor":29,"key":"Akabeko"},{"floor":30,"key":"Necronomicon"}],"event_choices":[{"damage_healed":0,"gold_gain":0,"player_choice":"Lose Max HP","damage_taken":0,"relics_obtained":["Golden Idol"],"max_hp_gain":0,"max_hp_loss":8,"event_name":"Golden Idol","floor":13,"gold_loss":0},{"damage_healed":0,"gold_gain":0,"player_choice":"Gave Idol","damage_taken":0,"relics_obtained":["Bloody Idol"],"max_hp_gain":0,"max_hp_loss":0,"event_name":"Forgotten Altar","floor":21,"relics_lost":["Golden Idol"],"gold_loss":0},{"damage_healed":0,"gold_gain":0,"player_choice":"Ignored","damage_taken":0,"max_hp_gain":0,"max_hp_loss":0,"event_name":"Vampires","floor":22,"gold_loss":0},{"damage_healed":0,"gold_gain":0,"player_choice":"Ignored","damage_taken":0,"max_hp_gain":0,"max_hp_loss":0,"event_name":"The Mausoleum","floor":24,"gold_loss":0},{"damage_healed":0,"gold_gain":0,"player_choice":"Obtained Book","damage_taken":21,"max_hp_gain":0,"max_hp_loss":0,"event_name":"Cursed Tome","floor":30,"gold_loss":0},{"damage_healed":0,"gold_gain":0,"player_choice":"Paid Gold","damage_taken":0,"relics_obtained":["WingedGreaves"],"max_hp_gain":0,"max_hp_loss":0,"event_name":"WeMeetAgain","floor":38,"gold_loss":131}],"is_beta":false,"boss_relics":[{"not_picked":["Coffee Dripper","Empty Cage"],"picked":"Pandora\u0027s Box"},{"not_picked":["SacredBark","Calling Bell"],"picked":"Sozu"}],"items_purged_floors":[19,37,39],"is_endless":false,"potions_floor_spawned":[4,5,6,16,28,29,31,33,36],"killed_by":"Giant Head","ascension_level":15}}