{"host":"tpbmol9dayg75a5s","time":1607878484,"event":{"mods":["2.2 Compatiblity","BaseMod","Bestiary","Block Reminder","Colored Powertips","Downfall","Minty Spire (QoL Compilation)","Relic Stats","StSLib"],"gold_per_floor":[110,110,126,126,76,114,114,114,163,206,206,239,259,20,20,109,109,123,123,123,144,168,168,209,209,234,269,269,289,127,141,141,231,231,256,156,170,193,193,224,224,255,255,255,271,309,309,27,27,27,27,27,27,65,65,65],"floor_reached":55,"playtime":9668,"items_purged":["Defend_G","Bite","Clumsy"],"score":1418,"play_id":"ce51d897-3cd4-4fbf-9e4b-3c9d83cbe85c","local_time":"20201213135444","is_ascension_mode":true,"campfire_choices":[{"data":"Neutralize","floor":7,"key":"SMITH"},{"data":"Well Laid Plans","floor":8,"key":"SMITH"},{"floor":11,"key":"REST"},{"data":"Deadly Poison","floor":15,"key":"SMITH"},{"data":"Wraith Form v2","floor":23,"key":"SMITH"},{"data":"PiercingWail","floor":25,"key":"SMITH"},{"data":"expansioncontent:DecasProtection","floor":32,"key":"SMITH"},{"data":"Night Terror","floor":41,"key":"SMITH"},{"data":"Adrenaline","floor":44,"key":"SMITH"},{"data":"Grand Finale","floor":47,"key":"SMITH"},{"floor":49,"key":"RECALL"},{"data":"Noxious Fumes","floor":52,"key":"SMITH"}],"circlet_count":0,"master_deck":["AscendersBane","Defend_G+1","Defend_G+1","Survivor+1","Neutralize+1","Predator+1","Well Laid Plans+1","Grand Finale+1","Deadly Poison+1","Backstab","Wraith Form v2+1","Dagger Throw","Bite","Bite","Bite","PiercingWail+1","Finisher","Night Terror+1","expansioncontent:DecasProtection+1","Adrenaline+1","Backflip","Caltrops+1","Underhanded Strike+1","Flying Knee+1","Noxious Fumes+1","Setup","PiercingWail"],"relics":["Ring of the Snake","NeowsBlessing","Golden Idol","WingedGreaves","Lantern","Tough Bandages","InkBottle","Eternal Feather","sneckomod:SneckoTalon","Bottled Tornado","Centennial Puzzle","War Paint","Bottled Flame","Cursed Key","Molten Egg 2","Gremlin Horn","Gambling Chip","Bag of Marbles","Happy Flower"],"acts_visited":["Exordium","TheCity","TheBeyond","TheEnding"],"potions_floor_usage":[10,33,54,55],"damage_taken":[{"damage":0,"enemies":"Small Slimes","floor":1,"turns":1},{"damage":0,"enemies":"2 Louse","floor":3,"turns":1},{"damage":0,"enemies":"Lagavulin","floor":6,"turns":1},{"damage":22,"enemies":"Gremlin Nob","floor":10,"turns":4},{"damage":14,"enemies":"3 Sentries","floor":12,"turns":8},{"damage":0,"enemies":"Jaw Worm","floor":13,"turns":1},{"damage":20,"enemies":"Hexaghost","floor":16,"turns":11},{"damage":1,"enemies":"3 Byrds","floor":18,"turns":3},{"damage":3,"enemies":"Spheric Guardian","floor":21,"turns":5},{"damage":10,"enemies":"Snake Plant","floor":22,"turns":6},{"damage":5,"enemies":"Book of Stabbing","floor":24,"turns":6},{"damage":4,"enemies":"Gremlin Leader","floor":27,"turns":5},{"damage":1,"enemies":"Centurion and Healer","floor":29,"turns":4},{"damage":0,"enemies":"Shelled Parasite and Fungi","floor":31,"turns":4},{"damage":8,"enemies":"Automaton","floor":33,"turns":10},{"damage":0,"enemies":"Orb Walker","floor":35,"turns":4},{"damage":1,"enemies":"3 Shapes","floor":37,"turns":3},{"damage":14,"enemies":"Writhing Mass","floor":38,"turns":3},{"damage":0,"enemies":"Nemesis","floor":40,"turns":5},{"damage":8,"enemies":"Giant Head","floor":42,"turns":9},{"damage":12,"enemies":"Jaw Worm Horde","floor":45,"turns":4},{"damage":1,"enemies":"Nemesis","floor":46,"turns":5},{"damage":20,"enemies":"Donu and Deca","floor":50,"turns":10},{"damage":0,"enemies":"Shield and Spear","floor":54,"turns":6},{"damage":52,"enemies":"The Heart","floor":55,"turns":5}],"seed_played":"8453613468214440298","potions_obtained":[{"floor":3,"key":"champ:CounterPotion"},{"floor":6,"key":"SmokeBomb"},{"floor":12,"key":"GamblersBrew"},{"floor":21,"key":"CunningPotion"},{"floor":35,"key":"Explosive Potion"},{"floor":38,"key":"AttackPotion"}],"is_trial":false,"path_per_floor":["M","?","M","?","?","E","R","R","T","E","R","E","M","$","R","B",null,"M","?","T","M","M","R","E","R","T","E","?","M","$","M","R","B",null,"M","$","M","M","?","E","R","E","T","R","M","E","R","$","R","B",null,"R","$","E","B"],"character_chosen":"THE_SILENT","items_purchased":["Eternal Feather","expansioncontent:DecasProtection","Bag of Marbles"],"campfire_rested":1,"item_purchase_floors":[14,30,48],"current_hp_per_floor":[59,59,59,46,46,46,46,46,46,24,43,29,29,29,38,18,54,53,46,46,46,42,46,46,46,46,46,46,46,46,46,46,46,46,46,46,46,34,34,44,46,46,46,46,40,46,46,46,46,36,44,46,46,46,0,0],"gold":65,"neow_bonus":"THREE_ENEMY_KILL","is_daily":false,"chose_seed":false,"campfire_upgraded":10,"win_rate":0.0,"timestamp":1607878484,"path_taken":["M","?","M","?","?","E","R","R","T","E","R","E","M","$","R","BOSS","M","?","?","M","M","R","E","R","T","E","?","M","$","M","R","BOSS","M","$","M","M","?","E","R","E","T","R","?","E","R","?","R","BOSS","R","$","E","BOSS"],"items_purchased_type":["Relic","Card","Relic"],"build_version":"2020-11-30","purchased_purges":3,"victory":false,"max_hp_per_floor":[66,66,66,66,66,66,66,66,66,66,66,66,66,66,66,66,66,66,46,46,46,46,46,46,46,46,46,46,46,46,46,46,46,46,46,46,46,46,46,46,46,46,46,46,46,46,46,46,46,46,46,46,46,46,46,46],"relic_stats":{"Gremlin Horn":[4,4],"Happy Flower":[1],"counters":[25,124],"Golden Idol":163,"Eternal Feather":17,"War Paint":["Survivor","Defend_G"],"Cursed Key":1,"Tough Bandages":[147],"Centennial Puzzle":[30],"Gambling Chip":[4],"obtain_stats":[{"Lantern":9,"NeowsBlessing":0,"Gremlin Horn":42,"Happy Flower":54,"Golden Idol":2,"Eternal Feather":14,"Bottled Tornado":20,"War Paint":26,"sneckomod:SneckoTalon":17,"Cursed Key":34,"Tough Bandages":10,"Centennial Puzzle":24,"Bottled Flame":27,"Gambling Chip":46,"Molten Egg 2":40,"WingedGreaves":6,"Bag of Marbles":48,"InkBottle":12,"Ring of the Snake":0},{"Lantern":3,"NeowsBlessing":0,"Gremlin Horn":20,"Happy Flower":24,"Golden Idol":1,"Eternal Feather":6,"Bottled Tornado":8,"War Paint":11,"sneckomod:SneckoTalon":7,"Cursed Key":15,"Tough Bandages":4,"Centennial Puzzle":11,"Bottled Flame":12,"Gambling Chip":22,"Molten Egg 2":19,"WingedGreaves":3,"Bag of Marbles":22,"InkBottle":5,"Ring of the Snake":0},{"Lantern":3,"NeowsBlessing":0,"Gremlin Horn":94,"Happy Flower":119,"Golden Idol":1,"Eternal Feather":16,"Bottled Tornado":30,"War Paint":47,"sneckomod:SneckoTalon":27,"Cursed Key":70,"Tough Bandages":7,"Centennial Puzzle":47,"Bottled Flame":52,"Gambling Chip":103,"Molten Egg 2":85,"WingedGreaves":3,"Bag of Marbles":103,"InkBottle":15,"Ring of the Snake":0}],"InkBottle":[44],"Ring of the Snake":[50]},"card_choices":[{"not_picked":["Dagger Throw","Expertise"],"picked":"Predator","floor":1},{"not_picked":["Backflip","Dodge and Roll"],"picked":"Well Laid Plans","floor":3},{"not_picked":["Bane","Burst"],"picked":"Grand Finale","floor":6},{"not_picked":["Heel Hook","Sucker Punch"],"picked":"Deadly Poison","floor":10},{"not_picked":["Masterful Stab","Dagger Spray"],"picked":"Backstab","floor":12},{"not_picked":["Underhanded Strike","Flying Knee","Deflect"],"picked":"SKIP","floor":13},{"not_picked":["Adrenaline","Envenom"],"picked":"Wraith Form v2","floor":16},{"not_picked":["Backflip","Dagger Spray"],"picked":"Dagger Throw","floor":18},{"not_picked":["Bouncing Flask","Leg Sweep","Dodge and Roll+1"],"picked":"SKIP","floor":21},{"not_picked":["Bouncing Flask","Leg Sweep","Dodge and Roll+1"],"picked":"SKIP","floor":21},{"not_picked":["Underhanded Strike","Bane"],"picked":"PiercingWail","floor":22},{"not_picked":["Sucker Punch","Tactician","Flying Knee"],"picked":"SKIP","floor":24},{"not_picked":["Blade Dance","Slice","Concentrate+1"],"picked":"SKIP","floor":27},{"not_picked":["Night Terror","Backflip","Flechettes"],"picked":"SKIP","floor":29},{"not_picked":["Reflex","Well Laid Plans","Calculated Gamble"],"picked":"SKIP","floor":31},{"not_picked":["Wraith Form v2","Envenom"],"picked":"Adrenaline","floor":33},{"not_picked":["Well Laid Plans+1","Deflect+1","PiercingWail+1"],"picked":"SKIP","floor":35},{"not_picked":["Accuracy","Poisoned Stab"],"picked":"Backflip","floor":37},{"not_picked":["Leg Sweep","Blade Dance"],"picked":"Caltrops+1","floor":38},{"not_picked":["Calculated Gamble+1","Cloak And Dagger"],"picked":"Underhanded Strike+1","floor":40},{"not_picked":["Endless Agony+1","Dodge and Roll"],"picked":"Flying Knee+1","floor":42},{"not_picked":["Underhanded Strike+1","Deadly Poison"],"picked":"Noxious Fumes","floor":45},{"not_picked":["All Out Attack+1","Dagger Spray+1","Setup"],"picked":"SKIP","floor":46},{"not_picked":["All Out Attack+1","Dagger Spray+1"],"picked":"Setup","floor":46},{"not_picked":["Accuracy","Masterful Stab+1"],"picked":"PiercingWail","floor":54}],"player_experience":919357,"relics_obtained":[{"floor":6,"key":"WingedGreaves"},{"floor":9,"key":"Lantern"},{"floor":10,"key":"Tough Bandages"},{"floor":12,"key":"InkBottle"},{"floor":20,"key":"Bottled Tornado"},{"floor":24,"key":"Centennial Puzzle"},{"floor":26,"key":"War Paint"},{"floor":27,"key":"Bottled Flame"},{"floor":40,"key":"Molten Egg 2"},{"floor":42,"key":"Gremlin Horn"},{"floor":46,"key":"Gambling Chip"},{"floor":54,"key":"Happy Flower"}],"event_choices":[{"damage_healed":0,"gold_gain":0,"player_choice":"Take Wound","damage_taken":0,"relics_obtained":["Golden Idol"],"max_hp_gain":0,"max_hp_loss":0,"event_name":"Golden Idol","floor":2,"gold_loss":0,"cards_obtained":["Injury"]},{"damage_healed":0,"gold_gain":0,"player_choice":"Entered Light","damage_taken":13,"max_hp_gain":0,"max_hp_loss":0,"event_name":"Shining Light","floor":4,"gold_loss":0,"cards_upgraded":["Predator","Defend_G"]},{"cards_removed":["Injury"],"damage_healed":0,"gold_gain":0,"player_choice":"Card Removal","damage_taken":0,"max_hp_gain":0,"max_hp_loss":0,"event_name":"The Cleric","floor":5,"gold_loss":50},{"damage_healed":0,"gold_gain":0,"player_choice":"Became a vampire","damage_taken":0,"max_hp_gain":0,"max_hp_loss":20,"event_name":"Vampires","floor":19,"gold_loss":0,"cards_obtained":["Bite","Bite","Bite","Bite","Bite"]},{"damage_healed":0,"gold_gain":0,"cards_transformed":["Defend_G","Defend_G"],"player_choice":"Became Test Subject","damage_taken":0,"max_hp_gain":0,"max_hp_loss":0,"event_name":"Drug Dealer","floor":28,"gold_loss":0,"cards_obtained":["Finisher","Night Terror"]},{"cards_removed":["Bite"],"damage_healed":0,"gold_gain":0,"player_choice":"Card Removal","damage_taken":0,"max_hp_gain":0,"max_hp_loss":0,"event_name":"Wheel of Change","floor":39,"gold_loss":0}],"is_beta":false,"boss_relics":[{"not_picked":["Coffee Dripper","SacredBark"],"picked":"sneckomod:SneckoTalon"},{"not_picked":["Calling Bell","WristBlade"],"picked":"Cursed Key"}],"items_purged_floors":[30,36,48],"is_endless":false,"potions_floor_spawned":[3,6,12,13,21,22,27,35,38,45],"killed_by":"The Heart","ascension_level":14}}