{"host":"fhujvjnj99vjue08","time":1607868324,"event":{"mods":["2.2 Compatiblity","AchievementEnabler","Aspiration","Astrologer","BaseMod","Beaked The Cultist","BetterRewards","CatGirl Mod","Colored Map","Colored Powertips","Conjunction","Conspire","Custom Start","Friendly Minions","GifTheSpireLib","Googly Eyes","Halation","Highlight Path","Hubris","Hyrulean Relics","Infinite Spire","Magitek Elite","Mimic Mod","Minty Spire (QoL Compilation)","Replay The Spire","Reworked Bosses","Shop Mod","StSLib","Strawberry Spire","Stuff the Spire","The Bug Knight","The Factory","The Gatherer","The Jungle","The Servant 0.9.4","TheBandit","TheFirefly","egg","thorton","vexMod"],"gold_per_floor":[112,15,15,30,46,46,46,46],"floor_reached":7,"playtime":284,"items_purged":[],"score":41,"play_id":"dac4cbf2-7deb-4842-9120-45da202820dc","local_time":"20201213140524","is_ascension_mode":false,"campfire_choices":[{"data":"theCatGirl:SearchBackpack","floor":6,"key":"SMITH"}],"circlet_count":0,"master_deck":["theCatGirl:Strike","theCatGirl:Strike","theCatGirl:Strike","theCatGirl:Strike","theCatGirl:Defend","theCatGirl:Defend","theCatGirl:Defend","theCatGirl:Defend","theCatGirl:ClawStrike","theCatGirl:Evasion","theCatGirl:TrainWreck","theCatGirl:ClenchYourTeeth","theCatGirl:LuckyBlow","theCatGirl:FocusedStrike","theCatGirl:SearchBackpack+1"],"relics":["theCatGirl:TrainedRelic","NeowsBlessing"],"acts_visited":["Exordium"],"potions_floor_usage":[7],"damage_taken":[{"damage":0,"enemies":"2 Louse","floor":1,"turns":1},{"damage":0,"enemies":"Cultist","floor":4,"turns":1},{"damage":0,"enemies":"Small Slimes","floor":5,"turns":1},{"damage":18,"enemies":"Lagavulin","floor":7,"turns":6}],"seed_played":"-7371567501433120984","potions_obtained":[{"floor":1,"key":"SneckoOil"},{"floor":4,"key":"Swift Potion"}],"is_trial":false,"path_per_floor":["M","$","?","M","M","R","E"],"character_chosen":"THE_CATGIRL","items_purchased":["theCatGirl:ClenchYourTeeth","theCatGirl:LuckyBlow"],"campfire_rested":0,"item_purchase_floors":[2,2],"current_hp_per_floor":[70,70,63,63,63,63,45,45],"gold":46,"neow_bonus":"THREE_ENEMY_KILL","is_daily":false,"chose_seed":false,"campfire_upgraded":1,"win_rate":0.0,"timestamp":1607868324,"path_taken":["M","$","?","M","?","R","E"],"items_purchased_type":["Card","Card"],"build_version":"2020-11-30","purchased_purges":0,"victory":false,"max_hp_per_floor":[70,70,70,70,70,70,70,70],"card_choices":[{"not_picked":["theCatGirl:RageClaws","theCatGirl:DecliningDefenses"],"picked":"theCatGirl:TrainWreck","floor":1},{"not_picked":["theCatGirl:PerfectBlock","theCatGirl:RunningWithDaggers"],"picked":"theCatGirl:FocusedStrike","floor":4},{"not_picked":["theCatGirl:GoddessOfMisfortune","theCatGirl:TrainWreck"],"picked":"theCatGirl:SearchBackpack","floor":5}],"player_experience":289815,"relics_obtained":[],"event_choices":[{"damage_healed":0,"gold_gain":0,"player_choice":"Damaged","damage_taken":7,"max_hp_gain":0,"max_hp_loss":0,"event_name":"Wheel of Change","floor":3,"gold_loss":0}],"is_beta":false,"boss_relics":[],"items_purged_floors":[],"is_endless":false,"potions_floor_spawned":[1,4],"killed_by":"Lagavulin","ascension_level":0}}