{"host":"ya062ahhhuj9au1o","time":1607872688,"event":{"mods":["BaseMod","Better Third Choice","Filter the Spire","Hermit","Minty Spire (QoL Compilation)","Random Character Button","Robot Space Explorer","Somnambulant","StSLib","The Bug Knight","The Cursed","The Servant 0.9.4"],"gold_per_floor":[113,126,126,143,159,188,188,188,215,215,231,261,182,66,66,141,141,155,205,219,219,238,272,272,290,290,290,314,347,247,264,264,264,264],"floor_reached":33,"playtime":2059,"items_purged":["TheCursedMod:Defend_TheCursed","TheCursedMod:Defend_TheCursed"],"score":564,"play_id":"789dff1c-27a2-4b8a-b56f-d5aa19d57523","local_time":"20201213101808","is_ascension_mode":true,"campfire_choices":[{"floor":7,"key":"REST"},{"floor":10,"key":"REST"},{"data":"TheCursedMod:OutForBlood","floor":15,"key":"SMITH"},{"floor":24,"key":"REST"},{"data":"TheCursedMod:CleanUpWorkshop","floor":27,"key":"SMITH"},{"floor":32,"key":"REST"}],"circlet_count":0,"master_deck":["AscendersBane","TheCursedMod:Strike_TheCursed","TheCursedMod:Strike_TheCursed","TheCursedMod:Strike_TheCursed","TheCursedMod:Strike_TheCursed","TheCursedMod:Defend_TheCursed","TheCursedMod:CursedWand","TheCursedMod:CleanUpWorkshop+1","TheCursedMod:Dregs","TheCursedMod:RapidMovement","TheCursedMod:CursedBlade","TheCursedMod:Hemoplague","TheCursedMod:CursedBoomerang","TheCursedMod:SoulReap","TheCursedMod:OutForBlood+1","TheCursedMod:SpitefulPlan","TheCursedMod:LuckyCharm+1","TheCursedMod:NeowsMight","TheCursedMod:CursedSpellbook+1","TheCursedMod:VitalStrike","TheCursedMod:AntiAging","TheCursedMod:VitalStrike","TheCursedMod:RapidMovement"],"relics":["Black Star","Centennial Puzzle","Anchor","HollowMod:StagPassRelic","Vajra","Nunchaku","Art of War","Sozu","CeramicFish","Potion Belt","Mercury Hourglass","StrikeDummy","Strawberry"],"acts_visited":["Exordium","TheCity"],"potions_floor_usage":[6,16,23],"damage_taken":[{"damage":1,"enemies":"2 Louse","floor":1,"turns":3},{"damage":7,"enemies":"Jaw Worm","floor":2,"turns":6},{"damage":0,"enemies":"Cultist","floor":4,"turns":4},{"damage":12,"enemies":"Exordium Wildlife","floor":5,"turns":4},{"damage":41,"enemies":"3 Sentries","floor":6,"turns":7},{"damage":0,"enemies":"2 Fungi Beasts","floor":11,"turns":3},{"damage":21,"enemies":"HollowMod:MossKnight","floor":12,"turns":15},{"damage":21,"enemies":"Hexaghost","floor":16,"turns":9},{"damage":2,"enemies":"2 Thieves","floor":18,"turns":4},{"damage":29,"enemies":"Spheric Guardian","floor":20,"turns":4},{"damage":14,"enemies":"Snake Plant","floor":22,"turns":2},{"damage":5,"enemies":"Gremlin Leader","floor":23,"turns":6},{"damage":9,"enemies":"Chosen and Byrds","floor":25,"turns":5},{"damage":13,"enemies":"3 Cultists","floor":28,"turns":3},{"damage":31,"enemies":"Slavers","floor":29,"turns":4},{"damage":1,"enemies":"Sentry and Sphere","floor":31,"turns":4},{"damage":61,"enemies":"Automaton","floor":33,"turns":6}],"seed_played":"2382490878814500899","potions_obtained":[{"floor":1,"key":"AttackPotion"},{"floor":5,"key":"PowerPotion"},{"floor":6,"key":"Energy Potion"},{"floor":12,"key":"PowerPotion"}],"is_trial":false,"path_per_floor":["M","M","?","M","M","E","R","?","T","R","M","E","$","$","R","B",null,"M","?","M","?","M","E","R","M","T","R","M","E","$","M","R","B"],"character_chosen":"THE_CURSED","items_purchased":["TheCursedMod:SpitefulPlan","TheCursedMod:LuckyCharm"],"campfire_rested":4,"item_purchase_floors":[13,14],"current_hp_per_floor":[63,56,56,56,44,3,24,24,24,45,45,30,30,30,30,15,57,61,61,32,32,25,28,50,47,47,47,40,22,22,23,48,0,0],"gold":264,"neow_bonus":"BOSS_RELIC","is_daily":false,"chose_seed":false,"campfire_upgraded":2,"win_rate":0.0,"timestamp":1607872688,"path_taken":["M","M","?","M","M","E","R","?","T","R","M","E","?","$","R","BOSS","M","?","M","?","M","E","R","?","T","R","M","E","$","M","R","BOSS"],"items_purchased_type":["Card","Card"],"build_version":"2020-11-30","purchased_purges":2,"victory":false,"max_hp_per_floor":[71,71,71,71,71,71,71,71,71,71,71,71,71,71,71,71,71,71,71,71,71,73,75,75,75,75,75,75,82,82,84,84,86,86],"card_choices":[{"not_picked":["TheCursedMod:CursedMace","TheCursedMod:Grudge"],"picked":"TheCursedMod:RapidMovement","floor":1},{"not_picked":["TheCursedMod:Evocation","TheCursedMod:CursedMace","TheCursedMod:CircleOfFlame"],"picked":"SKIP","floor":2},{"not_picked":["TheCursedMod:EmpowerCircles","TheCursedMod:FleshFromBone"],"picked":"TheCursedMod:CursedBlade","floor":4},{"not_picked":["TheCursedMod:SaltUponWound","TheCursedMod:CircleOfFlame"],"picked":"TheCursedMod:Hemoplague","floor":5},{"not_picked":["TheCursedMod:CursedBlade","TheCursedMod:SpitefulStrike"],"picked":"TheCursedMod:CursedBoomerang","floor":6},{"not_picked":["TheCursedMod:FleshFromBone","TheCursedMod:Stigma"],"picked":"TheCursedMod:SoulReap","floor":11},{"not_picked":["TheCursedMod:VitalStrike","TheCursedMod:DoubleShield"],"picked":"TheCursedMod:OutForBlood","floor":12},{"not_picked":["TheCursedMod:VoidForm","TheCursedMod:Neurasthenia"],"picked":"TheCursedMod:NeowsMight","floor":16},{"not_picked":["TheCursedMod:AshesToAshes","TheCursedMod:CursedBlade"],"picked":"TheCursedMod:CursedSpellbook+1","floor":18},{"not_picked":["TheCursedMod:CircleOfFlame","TheCursedMod:CursedMace"],"picked":"TheCursedMod:VitalStrike","floor":20},{"not_picked":["TheCursedMod:CursedShiv","TheCursedMod:PrepareRite","TheCursedMod:SmokeScreen+1"],"picked":"SKIP","floor":22},{"not_picked":["TheCursedMod:PrepareRite","TheCursedMod:SmokeScreen"],"picked":"TheCursedMod:VitalStrike","floor":23},{"not_picked":["TheCursedMod:RavingStaff","TheCursedMod:RapidMovement","TheCursedMod:CursedBlade"],"picked":"SKIP","floor":25},{"not_picked":["TheCursedMod:AbyssShockwave","TheCursedMod:CircleOfFlame"],"picked":"TheCursedMod:RapidMovement","floor":28},{"not_picked":["TheCursedMod:TroublousMinions","TheCursedMod:Obscuration","TheCursedMod:CursedBlade"],"picked":"SKIP","floor":29},{"not_picked":["TheCursedMod:CursedStaff","TheCursedMod:WearCloak","TheCursedMod:Evocation"],"picked":"SKIP","floor":31}],"player_experience":1604466,"relics_obtained":[{"floor":6,"key":"Centennial Puzzle"},{"floor":6,"key":"Anchor"},{"floor":9,"key":"Vajra"},{"floor":12,"key":"Nunchaku"},{"floor":12,"key":"Art of War"},{"floor":23,"key":"CeramicFish"},{"floor":23,"key":"Potion Belt"},{"floor":26,"key":"Mercury Hourglass"},{"floor":29,"key":"StrikeDummy"},{"floor":29,"key":"Strawberry"}],"event_choices":[{"damage_healed":0,"gold_gain":0,"player_choice":"Ignored","damage_taken":126,"max_hp_gain":0,"max_hp_loss":0,"event_name":"betterThird:BetterSerpent","floor":3,"gold_loss":0},{"damage_healed":0,"gold_gain":0,"player_choice":"Searched \u00271\u0027 times","damage_taken":0,"relics_obtained":["HollowMod:StagPassRelic"],"max_hp_gain":0,"max_hp_loss":0,"event_name":"Dead Adventurer","floor":8,"gold_loss":0},{"damage_healed":0,"gold_gain":50,"player_choice":"Steal","damage_taken":0,"max_hp_gain":0,"max_hp_loss":0,"event_name":"betterThird:BetterNest","floor":19,"gold_loss":0},{"damage_healed":0,"gold_gain":0,"cards_transformed":["TheCursedMod:Defend_TheCursed"],"player_choice":"Transformed","damage_taken":0,"max_hp_gain":0,"max_hp_loss":0,"event_name":"Transmorgrifier","floor":21,"gold_loss":0,"cards_obtained":["TheCursedMod:AntiAging"]}],"is_beta":false,"boss_relics":[{"not_picked":["Tiny House","Snecko Eye"],"picked":"Sozu"}],"items_purged_floors":[14,30],"is_endless":false,"potions_floor_spawned":[1,5,6,12,18,20,28],"killed_by":"Automaton","ascension_level":18}}