{"host":"rjmu5g8hpiele53d","time":1607865926,"event":{"mods":["2.2 Compatiblity","BaseMod","Downfall","GifTheSpireLib","Minty Spire (QoL Compilation)","StSLib"],"gold_per_floor":[99,114,114,134,134,144,144,244,257,257,274,291,50,69,87,87,87],"floor_reached":16,"playtime":941,"items_purged":[],"score":96,"play_id":"883ca75b-098f-4f83-a1a3-f6dfdedf64da","local_time":"20201213132526","is_ascension_mode":false,"campfire_choices":[{"data":"champ:Taunt","floor":1,"key":"SMITH"},{"data":"champ:Execute","floor":3,"key":"SMITH"},{"data":"champ:Backstep","floor":5,"key":"SMITH"}],"circlet_count":0,"master_deck":["champ:Strike","champ:Strike","champ:Strike","champ:Strike","champ:Defend","champ:Defend","champ:Defend","champ:Defend","champ:Execute+1","champ:Taunt+1","champ:FaceSlap","champ:Backstep+1","champ:BladeFlurry","champ:Circumvent","champ:BladeFlurry","champ:FocusedGladiator","champ:ShieldWall","champ:RisingSlash","champ:VampiricStrike"],"relics":["champ:ChampionCrown","Juzu Bracelet","Darkstone Periapt","ClockworkSouvenir"],"acts_visited":["Exordium"],"potions_floor_usage":[],"damage_taken":[{"damage":10,"enemies":"Cultist","floor":2,"turns":4},{"damage":5,"enemies":"Jaw Worm","floor":4,"turns":3},{"damage":5,"enemies":"2 Louse","floor":6,"turns":2},{"damage":8,"enemies":"Blue Slaver","floor":9,"turns":2},{"damage":12,"enemies":"Exordium Wildlife","floor":11,"turns":5},{"damage":5,"enemies":"2 Fungi Beasts","floor":12,"turns":4},{"damage":5,"enemies":"downfall:FleeingMerchant","floor":13,"turns":4},{"damage":8,"enemies":"Blue Slaver","floor":14,"turns":4},{"damage":5,"enemies":"3 Louse","floor":15,"turns":2},{"damage":68,"enemies":"downfall:Silent","floor":16,"turns":10}],"seed_played":"8405383944304225905","potions_obtained":[{"floor":2,"key":"champ:TechniquePotion"},{"floor":4,"key":"PowerPotion"},{"floor":9,"key":"Strength Potion"}],"is_trial":false,"path_per_floor":["R","M","R","M","R","M","T","?","M","?","M","M","$","M","M","B"],"character_chosen":"THE_CHAMP","items_purchased":["champ:ShieldWall","ClockworkSouvenir"],"campfire_rested":0,"item_purchase_floors":[13,13],"current_hp_per_floor":[99,99,99,99,99,99,99,99,96,84,72,67,67,59,59,0,0],"gold":87,"neow_bonus":"TEN_PERCENT_HP_BONUS","is_daily":false,"chose_seed":false,"campfire_upgraded":3,"win_rate":0.0,"timestamp":1607865926,"path_taken":["R","?","R","M","R","M","T","?","M","?","M","M","$","M","M","BOSS"],"items_purchased_type":["Card","Relic"],"build_version":"2020-11-30","purchased_purges":0,"victory":false,"max_hp_per_floor":[99,99,99,99,99,99,99,99,99,99,99,99,99,99,99,99,99],"card_choices":[{"not_picked":["champ:Circumvent","champ:Haymaker"],"picked":"champ:FaceSlap","floor":2},{"not_picked":["champ:FlashCut","champ:BringItOn"],"picked":"champ:Backstep","floor":4},{"not_picked":["champ:FocusedDefense","champ:Encircle"],"picked":"champ:BladeFlurry","floor":6},{"not_picked":["champ:FocusedDefense","champ:Encircle"],"picked":"champ:Circumvent","floor":9},{"not_picked":["champ:PerfectedStrike","champ:HeartStrike"],"picked":"champ:BladeFlurry","floor":11},{"not_picked":["champ:AdrenalArmor","champ:PerfectedStrike","champ:CrookedStrike"],"picked":"SKIP","floor":12},{"not_picked":["champ:SkillfulDodge","champ:MurderStrike"],"picked":"champ:FocusedGladiator","floor":13},{"not_picked":["champ:PerfectedStrike","champ:GladiatorsShout"],"picked":"champ:RisingSlash","floor":14},{"not_picked":["champ:FocusedBerserking","champ:StanceDance"],"picked":"champ:VampiricStrike","floor":15}],"player_experience":1532257,"relics_obtained":[{"floor":7,"key":"Juzu Bracelet"}],"event_choices":[{"damage_healed":0,"gold_gain":0,"player_choice":"Success","damage_taken":12,"relics_obtained":["Darkstone Periapt"],"max_hp_gain":0,"max_hp_loss":0,"event_name":"Scrap Ooze","floor":10,"gold_loss":0}],"is_beta":false,"boss_relics":[],"items_purged_floors":[],"is_endless":false,"potions_floor_spawned":[2,4,9,14],"killed_by":"downfall:Silent","ascension_level":0}}