{"host":"a7iur02kkvpf5owd","time":1607866099,"event":{"mods":["AchievementEnabler","BaseMod","Better Altar","Better Match","Better Note","Better Sensory Stone","Better Skull","Better Third Choice","BetterRewards","Colored Map","Downfall","Minty Spire (QoL Compilation)","Spicy Shops","StSLib"],"gold_per_floor":[109,109,121,396,410,410,420,420,420,453,229,244,258,291,291,392,392,403,403,403,156,166,166,194,194,221,83,111,36,36,56,56,157,157,177,224,149,169,139,164,164,198,198,217,176,203,203,213,213,213],"floor_reached":51,"playtime":1611,"items_purged":["Strike_G","Defend_G","Strike_G","Defend_G","Strike_G","Defend_G","Defend_G","Strike_G","Strike_G+1"],"score":1707,"play_id":"a1ba50d1-39b5-4929-9730-a0ad3edf1d34","local_time":"20201213082819","is_ascension_mode":true,"campfire_choices":[{"floor":6.0,"key":"DIG"},{"floor":8.0,"key":"DIG"},{"floor":15.0,"key":"REST"},{"data":"Blade Dance","floor":23.0,"key":"SMITH"},{"data":"Blade Dance","floor":25.0,"key":"SMITH"},{"floor":30.0,"key":"DIG"},{"data":"Phantasmal Killer","floor":32.0,"key":"SMITH"},{"floor":41.0,"key":"RECALL"},{"floor":47,"key":"DIG"},{"floor":49,"key":"DIG"}],"circlet_count":0,"master_deck":["Defend_G","Survivor+1","Neutralize+1","Accuracy+1","Defend_G+1","Blade Dance+1","Blade Dance+1","Tools of the Trade+1","Footwork+1","Noxious Fumes+1","After Image+1","Blur+1","Phantasmal Killer+1","Blade Dance","Caltrops+1","Blade Dance+1","Noxious Fumes+1","Blur+1"],"relics":["Ring of the Snake","Frozen Egg 2","Membership Card","Shuriken","Shovel","Kunai","Pen Nib","MealTicket","FossilizedHelix","Whetstone","Nunchaku","Pocketwatch","SlaversCollar","MutagenicStrength","Eternal Feather","Molten Egg 2","Regal Pillow","TungstenRod","Matryoshka","Lantern","Philosopher\u0027s Stone","Ice Cream","PreservedInsect","Omamori","Bronze Scales","Art of War","Pantograph","Toy Ornithopter","War Paint","Mango","Akabeko"],"acts_visited":[],"potions_floor_usage":[],"damage_taken":[{"damage":0.0,"enemies":"Jaw Worm","floor":1.0,"turns":3.0},{"damage":0.0,"enemies":"Cultist","floor":3.0,"turns":4.0},{"damage":1.0,"enemies":"2 Louse","floor":5.0,"turns":4.0},{"damage":2.0,"enemies":"Blue Slaver","floor":7.0,"turns":4.0},{"damage":18.0,"enemies":"Lagavulin","floor":10.0,"turns":7.0},{"damage":12.0,"enemies":"Exordium Wildlife","floor":12.0,"turns":7.0},{"damage":0.0,"enemies":"Large Slime","floor":13.0,"turns":2.0},{"damage":0.0,"enemies":"Gremlin Nob","floor":14.0,"turns":1.0},{"damage":0.0,"enemies":"Hexaghost","floor":16.0,"turns":4.0},{"damage":0.0,"enemies":"Spheric Guardian","floor":18.0,"turns":2.0},{"damage":0.0,"enemies":"Chosen","floor":22.0,"turns":2.0},{"damage":0.0,"enemies":"Gremlin Leader","floor":24.0,"turns":3.0},{"damage":0.0,"enemies":"Book of Stabbing","floor":28.0,"turns":2.0},{"damage":0.0,"enemies":"Snake Plant","floor":31.0,"turns":3.0},{"damage":0.0,"enemies":"Champ","floor":33.0,"turns":5.0},{"damage":0.0,"enemies":"3 Shapes","floor":35.0,"turns":2.0},{"damage":22.0,"enemies":"2 Orb Walkers","floor":36.0,"turns":4.0},{"damage":0.0,"enemies":"3 Darklings","floor":38.0,"turns":3.0},{"damage":5.0,"enemies":"Nemesis","floor":40.0,"turns":4.0},{"damage":0.0,"enemies":"Giant Head","floor":42.0,"turns":4.0},{"damage":12,"enemies":"Writhing Mass","floor":44,"turns":3},{"damage":0,"enemies":"Nemesis","floor":46,"turns":3},{"damage":0,"enemies":"Spire Growth","floor":48,"turns":3},{"damage":0,"enemies":"Donu and Deca","floor":50,"turns":4}],"seed_played":"-7958029977423963174","potions_obtained":[{"floor":3.0,"key":"FearPotion"},{"floor":7.0,"key":"EntropicBrew"},{"floor":28.0,"key":"EssenceOfSteel"}],"is_trial":false,"path_per_floor":["M","?","M","?","M","R","M","R","T","E","$","M","M","E","R","B",null,"M","?","?","$","M","R","E","R","T","$","E","?","R","M","R","B",null,"M","?","$","M","$","E","R","E","T","M","$","E","R","M","R","B",null],"character_chosen":"THE_SILENT","items_purchased":["Frozen Egg 2","Membership Card","Shuriken","Shovel","Kunai","Nunchaku","Accuracy+1","Eternal Feather","TungstenRod","PreservedInsect","Omamori","Noxious Fumes+1"],"campfire_rested":1,"item_purchase_floors":[0,0,0,0,0,11,11,21,27,37,39,45],"current_hp_per_floor":[70,45,45,45,44,44,42,42,42,24,39,27,27,27,48,48,70,70,70,70,70,70,70,70,70,70,70,70,70,70,70,70,70,70,70,48,63,63,70,65,70,70,70,58,70,70,84,84,84,84],"gold":213,"neow_bonus":"","is_daily":false,"chose_seed":false,"campfire_upgraded":3,"win_rate":0.0,"timestamp":1607866099,"path_taken":["M","?","M","?","M","R","M","R","T","E","$","M","?","E","R","BOSS","M","?","?","$","M","R","E","R","T","?","E","?","R","M","R","BOSS","M","?","$","M","$","E","R","E","T","M","$","E","R","M","R","BOSS"],"items_purchased_type":["Relic","Relic","Relic","Relic","Relic","Relic","Card","Relic","Relic","Relic","Relic","Card"],"build_version":"2020-11-30","purchased_purges":9,"victory":true,"max_hp_per_floor":[70,70,70,70,70,70,70,70,70,70,70,70,70,70,70,70,70,70,70,70,70,70,70,70,70,70,70,70,70,70,70,70,70,70,70,70,70,70,70,70,70,70,70,70,70,70,84,84,84,84],"card_choices":[{"not_picked":["Sucker Punch","Deflect","Escape Plan"],"picked":"SKIP","floor":1.0},{"not_picked":["Calculated Gamble","Choke","Outmaneuver"],"picked":"SKIP","floor":3.0},{"not_picked":["PiercingWail","Dagger Throw","Quick Slash"],"picked":"SKIP","floor":5.0},{"not_picked":["Predator","Dodge and Roll","Acrobatics"],"picked":"SKIP","floor":7.0},{"not_picked":["Backflip","Night Terror","Predator"],"picked":"SKIP","floor":10.0},{"not_picked":["Dodge and Roll","Masterful Stab"],"picked":"Blade Dance","floor":12.0},{"not_picked":["Catalyst","PiercingWail"],"picked":"Blade Dance","floor":13.0},{"not_picked":["Acrobatics","PiercingWail","Slice"],"picked":"SKIP","floor":14.0},{"not_picked":["Envenom+1","Unload"],"picked":"Tools of the Trade+1","floor":16.0},{"not_picked":["Backflip","Flying Knee+1","Slice"],"picked":"SKIP","floor":18.0},{"not_picked":["Quick Slash","Escape Plan","Flying Knee+1"],"picked":"SKIP","floor":22.0},{"not_picked":["Dodge and Roll","Escape Plan"],"picked":"Footwork+1","floor":24.0},{"not_picked":["Dagger Throw+1","Masterful Stab+1"],"picked":"Noxious Fumes+1","floor":28.0},{"not_picked":["Phantasmal Killer+1","Corpse Explosion+1"],"picked":"After Image+1","floor":29.0},{"not_picked":["Predator+1","Reflex+1"],"picked":"Blur+1","floor":29.0},{"not_picked":["Deadly Poison","Dagger Spray+1"],"picked":"Phantasmal Killer","floor":31.0},{"not_picked":["Dodge and Roll+1","Bane+1","Dagger Spray+1"],"picked":"SKIP","floor":35.0},{"not_picked":["Slice+1","Backflip"],"picked":"Blade Dance","floor":36.0},{"not_picked":["Masterful Stab+1","Well Laid Plans+1"],"picked":"Caltrops+1","floor":38.0},{"not_picked":["Predator+1","Outmaneuver","Deflect"],"picked":"SKIP","floor":40.0},{"not_picked":["Deadly Poison","Masterful Stab+1"],"picked":"Blade Dance+1","floor":42.0},{"not_picked":["Deflect+1","Prepared","Deadly Poison+1"],"picked":"SKIP","floor":44},{"not_picked":["Well Laid Plans+1","Predator+1","Concentrate+1"],"picked":"SKIP","floor":46},{"not_picked":["Predator+1","Slice+1"],"picked":"Blur+1","floor":48}],"player_experience":320899,"relics_obtained":[{"floor":6.0,"key":"MealTicket"},{"floor":8.0,"key":"FossilizedHelix"},{"floor":10.0,"key":"Whetstone"},{"floor":14.0,"key":"Pocketwatch"},{"floor":24.0,"key":"Molten Egg 2"},{"floor":26.0,"key":"Regal Pillow"},{"floor":28.0,"key":"Matryoshka"},{"floor":30.0,"key":"Lantern"},{"floor":36.0,"key":"Ice Cream"},{"floor":40.0,"key":"Bronze Scales"},{"floor":42.0,"key":"Art of War"},{"floor":43.0,"key":"Pantograph"},{"floor":43.0,"key":"Toy Ornithopter"},{"floor":46,"key":"War Paint"},{"floor":47,"key":"Mango"},{"floor":49,"key":"Akabeko"}],"event_choices":[{"damage_healed":0.0,"max_hp_gain":0.0,"max_hp_loss":0.0,"gold_gain":0.0,"event_name":"betterThird:BetterScrap","player_choice":"Relic ","floor":2.0,"gold_loss":0.0,"damage_taken":25.0,"cards_obtained":["Rupture"]},{"damage_healed":0.0,"max_hp_gain":0.0,"max_hp_loss":0.0,"gold_gain":275.0,"event_name":"Golden Shrine","player_choice":"Desecrate","floor":4.0,"gold_loss":0.0,"damage_taken":0.0,"cards_obtained":["Regret"]},{"damage_healed":0.0,"max_hp_gain":0.0,"max_hp_loss":0.0,"gold_gain":0.0,"event_name":"betterNote:BetterNote","player_choice":"Ignored","floor":19.0,"gold_loss":0.0,"damage_taken":0.0,"cards_obtained":["Strike_G"]},{"damage_healed":0.0,"max_hp_gain":0.0,"max_hp_loss":0.0,"gold_gain":0.0,"event_name":"Drug Dealer","player_choice":"Inject Mutagens","floor":20.0,"gold_loss":0.0,"damage_taken":0.0,"relics_obtained":["MutagenicStrength"]},{"damage_healed":0.0,"max_hp_gain":0.0,"max_hp_loss":0.0,"gold_gain":0.0,"event_name":"betterMatch:BetterMatch","player_choice":"2","floor":29.0,"gold_loss":0.0,"damage_taken":0.0,"cards_obtained":["betterMatch:RareCard","betterMatch:UncommonCard"]},{"damage_healed":0.0,"max_hp_gain":0.0,"max_hp_loss":0.0,"gold_gain":0.0,"event_name":"Mysterious Sphere","player_choice":"Fight","floor":36.0,"gold_loss":0.0,"damage_taken":0.0}],"is_beta":false,"boss_relics":[{"not_picked":["Astrolabe","Fusion Hammer"],"picked":"SlaversCollar"},{"not_picked":["Velvet Choker","Empty Cage"],"picked":"Philosopher\u0027s Stone"}],"items_purged_floors":[0,0,0,0,0,0,11,21,27],"is_endless":false,"potions_floor_spawned":[3,7,12,24,28,31,36,40,46,48],"ascension_level":4}}