{"host":"bf1tnxyvjw6wp3cl","time":1607833999,"event":{"mods":["AchievementEnabler","BaseMod","Block Reminder","Colored Powertips","Minty Spire (QoL Compilation)","Quick Restart","Relic Stats","StSLib","SuperFastMode"],"gold_per_floor":[214,230,405,425,349,349,366,366,442,455,475,475,475,342,342,445,445,464,424,435,435,449,483,501,501,501,521,521,538,552,552,552],"floor_reached":31,"playtime":1246,"items_purged":[],"score":251,"play_id":"12fa6780-73fe-42ae-b8e4-173ca5e9c460","local_time":"20201212233319","is_ascension_mode":false,"campfire_choices":[{"data":"PathToVictory","floor":6,"key":"SMITH"},{"floor":8,"key":"REST"},{"data":"PathToVictory","floor":12,"key":"SMITH"},{"data":"LikeWater","floor":15,"key":"SMITH"},{"floor":25,"key":"REST"}],"circlet_count":0,"master_deck":["Strike_P","Strike_P","Strike_P","Defend_P","Defend_P","Eruption","Vigilance","PathToVictory+1","CrushJoints","Doubt","PathToVictory+1","LikeWater+1","MasterReality","Omniscience+1","Weave+1","Nirvana+1","FlurryOfBlows","Wireheading","BowlingBash","JustLucky","Wireheading","PathToVictory"],"relics":["PureWater","Gremlin Horn","MawBank","Orichalcum","Astrolabe","Akabeko","Eternal Feather"],"acts_visited":["Exordium","TheCity"],"potions_floor_usage":[4,10,16,23,23,23,23,24,27,30,30],"damage_taken":[{"damage":9,"enemies":"Jaw Worm","floor":1,"turns":3},{"damage":10,"enemies":"2 Louse","floor":2,"turns":2},{"damage":3,"enemies":"Small Slimes","floor":4,"turns":3},{"damage":3,"enemies":"Red Slaver","floor":7,"turns":4},{"damage":5,"enemies":"Looter","floor":10,"turns":3},{"damage":9,"enemies":"2 Fungi Beasts","floor":11,"turns":3},{"damage":3,"enemies":"Slime Boss","floor":16,"turns":12},{"damage":3,"enemies":"Chosen","floor":18,"turns":5},{"damage":0,"enemies":"3 Byrds","floor":20,"turns":6},{"damage":33,"enemies":"Sentry and Sphere","floor":22,"turns":11},{"damage":35,"enemies":"Gremlin Leader","floor":23,"turns":5},{"damage":0,"enemies":"Centurion and Healer","floor":24,"turns":7},{"damage":4,"enemies":"Cultist and Chosen","floor":27,"turns":7},{"damage":11,"enemies":"Snecko","floor":29,"turns":5},{"damage":21,"enemies":"3 Cultists","floor":30,"turns":7},{"damage":9,"enemies":"Snake Plant","floor":31,"turns":1}],"seed_played":"4063916186329784691","potions_obtained":[{"floor":1,"key":"Block Potion"},{"floor":2,"key":"Weak Potion"},{"floor":11,"key":"AttackPotion"},{"floor":16,"key":"StancePotion"},{"floor":18,"key":"EntropicBrew"},{"floor":23,"key":"Fruit Juice"},{"floor":24,"key":"LiquidMemories"},{"floor":27,"key":"Regen Potion"}],"is_trial":false,"path_per_floor":["M","M","?","M","$","R","M","R","T","M","M","R","?","$","R","B",null,"M","$","M","?","M","E","M","R","T","M","$","M","M","M"],"character_chosen":"WATCHER","items_purchased":["LikeWater","Orichalcum","Wireheading"],"campfire_rested":2,"item_purchase_floors":[5,14,19],"current_hp_per_floor":[63,53,53,50,50,50,47,68,68,63,54,54,51,51,51,48,72,69,69,69,69,36,6,6,29,29,25,25,14,8,0,0],"gold":552,"neow_bonus":"HUNDRED_GOLD","is_daily":false,"chose_seed":false,"campfire_upgraded":3,"win_rate":0.0,"timestamp":1607833999,"path_taken":["M","M","?","M","$","R","M","R","T","M","M","R","?","$","R","BOSS","M","$","M","?","M","E","M","R","T","M","$","M","M","M"],"items_purchased_type":["Card","Relic","Card"],"build_version":"2020-11-30","purchased_purges":0,"victory":false,"max_hp_per_floor":[72,72,72,72,72,72,72,72,72,72,72,72,72,72,72,72,72,72,72,72,72,72,77,77,77,77,77,77,77,77,77,77],"relic_stats":{"Gremlin Horn":[14,14],"counters":[16,84],"Astrolabe":["Omniscience","Weave","Nirvana"],"Eternal Feather":0,"Orichalcum":[162],"MawBank":12,"obtain_stats":[{"Gremlin Horn":9,"Astrolabe":17,"Eternal Feather":26,"PureWater":0,"Orichalcum":14,"MawBank":13,"Akabeko":23},{"Gremlin Horn":4,"Astrolabe":7,"Eternal Feather":12,"PureWater":0,"Orichalcum":6,"MawBank":6,"Akabeko":11},{"Gremlin Horn":12,"Astrolabe":30,"Eternal Feather":64,"PureWater":0,"Orichalcum":18,"MawBank":18,"Akabeko":57}]},"card_choices":[{"not_picked":["EmptyFist","Consecrate"],"picked":"PathToVictory","floor":1},{"not_picked":["FlyingSleeves","SignatureMove"],"picked":"CrushJoints","floor":2},{"not_picked":["EmptyMind","LikeWater"],"picked":"PathToVictory","floor":4},{"not_picked":["ThirdEye","Nirvana","Worship"],"picked":"SKIP","floor":7},{"not_picked":["FlyingSleeves","WaveOfTheHand","Halt"],"picked":"SKIP","floor":10},{"not_picked":["Study","FollowUp","CutThroughFate"],"picked":"SKIP","floor":11},{"not_picked":["Ragnarok","Establishment"],"picked":"MasterReality","floor":16},{"not_picked":["WreathOfFlame","Halt"],"picked":"FlurryOfBlows","floor":18},{"not_picked":["FlyingSleeves","Evaluate","Vengeance"],"picked":"SKIP","floor":20},{"not_picked":["FlyingSleeves","BowlingBash+1","Evaluate"],"picked":"SKIP","floor":22},{"not_picked":["Brilliance","BowlingBash"],"picked":"JustLucky","floor":23},{"not_picked":["WindmillStrike","CrushJoints"],"picked":"Wireheading","floor":24},{"not_picked":["CutThroughFate","EmptyBody","Swivel"],"picked":"SKIP","floor":27},{"not_picked":["CutThroughFate","WindmillStrike","Protect"],"picked":"SKIP","floor":29},{"not_picked":["BowlingBash","ClearTheMind"],"picked":"PathToVictory","floor":30}],"player_experience":149522,"relics_obtained":[{"floor":9,"key":"Gremlin Horn"},{"floor":23,"key":"Akabeko"},{"floor":26,"key":"Eternal Feather"}],"event_choices":[{"damage_healed":0,"gold_gain":175,"player_choice":"AGREE","damage_taken":0,"max_hp_gain":0,"max_hp_loss":0,"event_name":"Liars Game","floor":3,"gold_loss":0,"cards_obtained":["Doubt"]},{"damage_healed":0,"gold_gain":0,"player_choice":"Success","damage_taken":3,"relics_obtained":["MawBank"],"max_hp_gain":0,"max_hp_loss":0,"event_name":"Scrap Ooze","floor":13,"gold_loss":0},{"damage_healed":0,"gold_gain":0,"player_choice":"1 cards matched","damage_taken":0,"max_hp_gain":0,"max_hp_loss":0,"event_name":"Match and Keep!","floor":21,"gold_loss":0,"cards_obtained":["BowlingBash"]}],"is_beta":false,"boss_relics":[{"not_picked":["Cursed Key","SacredBark"],"picked":"Astrolabe"}],"items_purged_floors":[],"is_endless":false,"potions_floor_spawned":[1,2,11,16,18,23,24,27],"killed_by":"Snake Plant","ascension_level":0}}