{"host":"9nd616dgym2ayubq","time":1607822901,"event":{"mods":["AchievementEnabler","BaseMod","Googly Eyes","Minty Spire (QoL Compilation)","Quick Restart","Random Character Button","Shop Mod","StSLib","The Cursed","The IronCluck","The Servant 0.9.4"],"gold_per_floor":[118,133,133,208,59,93,268,282,282,282,282,29,42,73,73,169,169,186,186,214,214,231,231,28,28,82,82,111,128,178,198,198,198,198],"floor_reached":33,"playtime":2278,"items_purged":["Defend_G","Doubt","Writhe"],"score":346,"play_id":"011271d5-b5fe-44a6-adee-ff761bfbe27f","local_time":"20201212172821","is_ascension_mode":false,"campfire_choices":[{"data":"Noxious Fumes","floor":10.0,"key":"SMITH"},{"data":"Footwork","floor":15.0,"key":"SMITH"},{"data":"Catalyst","floor":23.0,"key":"SMITH"},{"data":"Caltrops","floor":25.0,"key":"SMITH"},{"data":"Accuracy","floor":27.0,"key":"SMITH"},{"data":"Neutralize","floor":32.0,"key":"SMITH"}],"circlet_count":0,"master_deck":["Defend_G","Defend_G+1","Defend_G","Defend_G+1","Survivor","Neutralize+1","Footwork+1","Accuracy+1","Noxious Fumes+1","Catalyst+1","Cloak And Dagger","Corpse Explosion","Dagger Spray+1","Infinite Blades","Bite","Bite","Bite","Bite","Bite","Noxious Fumes","Caltrops+1","Infinite Blades"],"relics":["Ring of the Snake","NeowsBlessing","Letter Opener","Turnip","Happy Flower","Bird Faced Urn","Coffee Dripper","Ancient Tea Set","Red Mask","Snake Skull","Dream Catcher","Smiling Mask"],"acts_visited":["Exordium","TheCity"],"potions_floor_usage":[33],"damage_taken":[{"damage":0.0,"enemies":"Cultist","floor":1.0,"turns":1.0},{"damage":0.0,"enemies":"2 Louse","floor":2.0,"turns":1.0},{"damage":0.0,"enemies":"3 Sentries","floor":6.0,"turns":2.0},{"damage":3.0,"enemies":"Jaw Worm","floor":8.0,"turns":6.0},{"damage":2.0,"enemies":"Blue Slaver","floor":13.0,"turns":5.0},{"damage":14.0,"enemies":"Gremlin Nob","floor":14.0,"turns":5.0},{"damage":16.0,"enemies":"Slime Boss","floor":16.0,"turns":13.0},{"damage":5.0,"enemies":"Chosen","floor":18.0,"turns":7.0},{"damage":11.0,"enemies":"Masked Bandits","floor":20.0,"turns":3.0},{"damage":9.0,"enemies":"2 Thieves","floor":22.0,"turns":5.0},{"damage":47.0,"enemies":"Gremlin Leader","floor":28.0,"turns":6.0},{"damage":17.0,"enemies":"Snake Plant","floor":29.0,"turns":5.0},{"damage":10.0,"enemies":"3 Cultists","floor":31.0,"turns":4.0},{"damage":63,"enemies":"Automaton","floor":33,"turns":6}],"seed_played":"-7793662804605686527","potions_obtained":[{"floor":8.0,"key":"Energy Potion"},{"floor":16.0,"key":"EssenceOfSteel"},{"floor":20.0,"key":"SpeedPotion"}],"is_trial":false,"path_per_floor":["M","M","?","?","$","E","?","M","T","R","?","$","M","E","R","B",null,"M","?","?","?","M","R","$","R","T","R","E","M","T","M","R","B"],"character_chosen":"THE_SILENT","items_purchased":["Accuracy","Happy Flower","Caltrops"],"campfire_rested":0,"item_purchase_floors":[5,12,24],"current_hp_per_floor":[70,70,56,45,45,45,45,42,42,42,30,30,28,14,14,4,70,65,65,56,49,49,49,49,49,49,49,18,19,19,25,25,0,0],"gold":198,"neow_bonus":"THREE_ENEMY_KILL","is_daily":false,"chose_seed":false,"campfire_upgraded":6,"win_rate":0.0,"timestamp":1607822901,"path_taken":["M","M","?","?","$","E","?","M","T","R","?","$","?","E","R","BOSS","M","?","?","?","M","R","$","R","T","R","E","M","?","M","R","BOSS"],"items_purchased_type":["Card","Relic","Card"],"build_version":"2020-11-30","purchased_purges":3,"victory":false,"max_hp_per_floor":[70,70,70,70,70,70,70,70,70,70,70,70,70,70,70,70,70,70,70,70,49,49,49,49,49,49,49,49,49,49,49,49,49,49],"card_choices":[{"not_picked":["Dagger Throw","Bane","Acrobatics"],"picked":"SKIP","floor":1.0},{"not_picked":["Dagger Spray","Deadly Poison"],"picked":"Footwork","floor":2.0},{"not_picked":["Dagger Spray","Unload"],"picked":"Noxious Fumes","floor":6.0},{"not_picked":["Endless Agony","Sucker Punch"],"picked":"Catalyst","floor":8.0},{"not_picked":["Outmaneuver","Predator"],"picked":"Cloak And Dagger","floor":13.0},{"not_picked":["Quick Slash","Outmaneuver","Calculated Gamble"],"picked":"SKIP","floor":14.0},{"not_picked":["Phantasmal Killer","Tools of the Trade"],"picked":"Corpse Explosion","floor":16.0},{"not_picked":["Outmaneuver","Slice+1"],"picked":"Dagger Spray+1","floor":18.0},{"not_picked":["Setup","Cloak And Dagger"],"picked":"Infinite Blades","floor":20.0},{"not_picked":["Deadly Poison","PiercingWail"],"picked":"Noxious Fumes","floor":22.0},{"not_picked":["Quick Slash","Flying Knee","Dagger Throw"],"picked":"SKIP","floor":28.0},{"not_picked":["Outmaneuver","Deadly Poison","Underhanded Strike"],"picked":"SKIP","floor":29.0},{"not_picked":["Finisher","Burst"],"picked":"Infinite Blades","floor":31.0}],"player_experience":1360832,"relics_obtained":[{"floor":6.0,"key":"Letter Opener"},{"floor":14.0,"key":"Bird Faced Urn"},{"floor":20.0,"key":"Red Mask"},{"floor":26.0,"key":"Snake Skull"},{"floor":28.0,"key":"Dream Catcher"},{"floor":30.0,"key":"Smiling Mask"}],"event_choices":[{"damage_healed":0.0,"max_hp_gain":0.0,"max_hp_loss":0.0,"gold_gain":0.0,"event_name":"Shining Light","player_choice":"Entered Light","floor":3.0,"gold_loss":0.0,"damage_taken":14.0,"cards_upgraded":["Defend_G","Defend_G"]},{"damage_healed":0.0,"max_hp_gain":0.0,"max_hp_loss":0.0,"gold_gain":75.0,"event_name":"World of Goop","player_choice":"Gather Gold","floor":4.0,"gold_loss":0.0,"damage_taken":11.0},{"damage_healed":0.0,"max_hp_gain":0.0,"max_hp_loss":0.0,"gold_gain":175.0,"event_name":"Liars Game","player_choice":"AGREE","floor":7.0,"gold_loss":0.0,"damage_taken":0.0,"cards_obtained":["Doubt"]},{"damage_healed":0.0,"max_hp_gain":0.0,"max_hp_loss":0.0,"gold_gain":0.0,"event_name":"Scrap Ooze","player_choice":"Success","floor":11.0,"gold_loss":0.0,"damage_taken":12.0,"relics_obtained":["Turnip"]},{"damage_healed":0.0,"max_hp_gain":0.0,"max_hp_loss":0.0,"gold_gain":0.0,"event_name":"The Mausoleum","player_choice":"Opened","floor":19.0,"gold_loss":0.0,"damage_taken":0.0,"relics_obtained":["Ancient Tea Set"],"cards_obtained":["Writhe"]},{"damage_healed":0.0,"max_hp_gain":0.0,"max_hp_loss":0.0,"gold_gain":0.0,"event_name":"Masked Bandits","player_choice":"Fought Bandits","floor":20.0,"gold_loss":0.0,"damage_taken":0.0},{"damage_healed":0.0,"max_hp_gain":0.0,"max_hp_loss":21.0,"gold_gain":0.0,"event_name":"Vampires","player_choice":"Became a vampire","floor":21.0,"gold_loss":0.0,"damage_taken":0.0,"cards_obtained":["Bite","Bite","Bite","Bite","Bite"]}],"is_beta":false,"boss_relics":[{"not_picked":["Ring of the Serpent","WristBlade"],"picked":"Coffee Dripper"}],"items_purged_floors":[5,12,24],"is_endless":false,"potions_floor_spawned":[8,16,20,22],"killed_by":"Automaton","ascension_level":0}}