{"host":"y94psiiulyl24n05","time":1607894635,"event":{"mods":["AchievementEnabler","Aspiration","BaseMod","Better Altar","Better Match","Better Note","Better Sensory Stone","Better Skull","Better Third Choice","BetterRewards","Colored Map","Colored Powertips","Downfall","GifTheSpireLib","Googly Eyes","Halation","Highlight Path","Hubris","Mimic Mod","Minty Spire (QoL Compilation)","Replay The Spire","Shop Mod","Spicy Shops","StSLib","Stuff the Spire","Unceasing Turn Reminder","everything is the same but u backflip on backflip","slay the spire mod where everything is the same but ironclad has a cowboy hat"],"gold_per_floor":[113,129,79,94,94,119,119,119,149,149,163,163,173,173,173,269,269,281,331,351,85,97,97,97],"floor_reached":23,"playtime":1900,"items_purged":[],"score":191,"play_id":"252e13ba-6390-4926-9092-07c0b325dad1","local_time":"20201213222355","is_ascension_mode":false,"campfire_choices":[{"floor":8,"key":"REST"},{"data":"Vigilance","floor":10,"key":"SMITH"},{"data":"Replay:Anticipation","floor":12,"key":"SMITH"},{"floor":15,"key":"REST"}],"circlet_count":0,"master_deck":["Strike_P","Strike_P","Defend_P","Defend_P","Defend_P","Defend_P","Eruption+1","Vigilance+1","Consecrate","BowlingBash","ThirdEye","Wallop","Wallop","Replay:Anticipation+1","BowlingBash","Ragnarok","FollowUp","JustLucky","Replay:Vibes"],"relics":["PureWater","NeowsBlessing","halation:EternalFortune","Darkstone Periapt","ReplayTheSpireMod:TigerMarble","aspiration:RitualDagger","Replay:Wax Seal","Incense Burner","hubris:EmptyBottle"],"acts_visited":["Exordium","TheCity"],"potions_floor_usage":[6,22,22,22],"damage_taken":[{"damage":0,"enemies":"Jaw Worm","floor":1,"turns":1},{"damage":0,"enemies":"Small Slimes","floor":2,"turns":1},{"damage":0,"enemies":"2 Louse","floor":4,"turns":1},{"damage":63,"enemies":"Lagavulin","floor":6,"turns":11},{"damage":1,"enemies":"Red Slaver","floor":9,"turns":6},{"damage":8,"enemies":"Red Slaver","floor":11,"turns":4},{"damage":0,"enemies":"Large Slime","floor":13,"turns":3},{"damage":50,"enemies":"The Guardian","floor":16,"turns":13},{"damage":12,"enemies":"Chosen","floor":18,"turns":4},{"damage":31,"enemies":"Shell Parasite","floor":20,"turns":5},{"damage":99,"enemies":"Sentry and Sphere","floor":22,"turns":10},{"damage":27,"enemies":"Replay:Snechameleon","floor":23,"turns":2}],"seed_played":"1202047350278765568","potions_obtained":[{"floor":1,"key":"Weak Potion"},{"floor":16,"key":"Languid Potion"},{"floor":20,"key":"BottledMiracle"}],"is_trial":false,"path_per_floor":["M","M","?","M","?","E","?","R","MIM","R","M","R","M","?","R","B",null,"M","?","M","$","M","E"],"character_chosen":"WATCHER","items_purchased":["Replay:Wax Seal","Incense Burner","hubris:EmptyBottle"],"campfire_rested":2,"item_purchase_floors":[21,21,21],"current_hp_per_floor":[72,72,72,72,75,12,12,34,33,33,25,25,28,28,51,1,78,66,66,35,35,19,0,0],"gold":97,"neow_bonus":"THREE_ENEMY_KILL","is_daily":false,"chose_seed":false,"campfire_upgraded":2,"win_rate":0.0,"timestamp":1607894635,"path_taken":["M","M","?","M","?","E","?","R","MIM","R","M","R","M","?","R","BOSS","M","?","M","$","M","E"],"items_purchased_type":["Relic","Relic","Relic"],"build_version":"2020-11-30","purchased_purges":0,"victory":false,"max_hp_per_floor":[72,72,72,72,75,75,75,75,75,75,75,75,78,78,78,78,78,78,78,78,78,78,78,78],"card_choices":[{"not_picked":["CarveReality","FlyingSleeves"],"picked":"Consecrate","floor":1},{"not_picked":["ThirdEye","Prostrate"],"picked":"BowlingBash","floor":2},{"not_picked":["Halt","EmptyMind"],"picked":"ThirdEye","floor":4},{"not_picked":["MasterReality","DeceiveReality"],"picked":"Wallop","floor":6},{"not_picked":["JustLucky","SashWhip"],"picked":"Wallop","floor":9},{"not_picked":["ClearTheMind","SashWhip"],"picked":"Replay:Anticipation","floor":11},{"not_picked":["Protect","Fasting2"],"picked":"BowlingBash","floor":13},{"not_picked":["Brilliance","SpiritShield"],"picked":"Ragnarok","floor":16},{"not_picked":["Crescendo","CutThroughFate"],"picked":"FollowUp","floor":18},{"not_picked":["Replay:Anticipation","Protect"],"picked":"JustLucky","floor":20},{"not_picked":["Replay:AtTheReady+1","Prostrate"],"picked":"Replay:Vibes","floor":22}],"player_experience":150655,"relics_obtained":[{"floor":6,"key":"Darkstone Periapt"},{"floor":9,"key":"ReplayTheSpireMod:TigerMarble"},{"floor":13,"key":"halation:EternalFortune"}],"event_choices":[{"cards_removed":["Strike_P"],"damage_healed":0,"gold_gain":0,"player_choice":"Card Removal","damage_taken":0,"max_hp_gain":0,"max_hp_loss":0,"event_name":"The Cleric","floor":3,"gold_loss":50},{"damage_healed":0,"gold_gain":0,"player_choice":"Grow","damage_taken":0,"max_hp_gain":0,"max_hp_loss":0,"event_name":"Living Wall","floor":7,"gold_loss":0,"cards_upgraded":["Eruption"]},{"cards_removed":["Strike_P"],"damage_healed":0,"gold_gain":0,"player_choice":"Purged","damage_taken":0,"max_hp_gain":0,"max_hp_loss":0,"event_name":"Purifier","floor":14,"gold_loss":0},{"damage_healed":0,"gold_gain":100,"player_choice":"Bet on Murderer","damage_taken":0,"max_hp_gain":0,"max_hp_loss":0,"event_name":"The Joust","floor":19,"gold_loss":50}],"is_beta":false,"boss_relics":[{"not_picked":["SlaversCollar","hubris:TerracottaHorce"],"picked":"aspiration:RitualDagger"}],"items_purged_floors":[],"is_endless":false,"potions_floor_spawned":[1,16,20],"killed_by":"Replay:Snechameleon","ascension_level":0}}