{"host":"hahe3lxotqh08ugn","time":1607894451,"event":{"mods":["AchievementEnabler","BaseMod","Googly Eyes","Hermit","Minty Spire (QoL Compilation)","Quick Restart","StSLib","The Cursed","The Hierophant"],"gold_per_floor":[361,361,39,50,50,50,85,85,85,99,117,133,133,150,150,245,245,256,40,40,40,40,40,50,79,105,105,130,130,141,160,160,256,256,275,295,345,42,42,67,79,89,89,121,82,82,99,114,114,114],"floor_reached":51,"playtime":5067,"items_purged":["TheCursedMod:Strike_TheCursed","TheCursedMod:SpreadPlague+1"],"score":834,"play_id":"6771dbe5-89bf-4b6c-b2d6-0973bb69372d","local_time":"20201213162051","is_ascension_mode":true,"campfire_choices":[{"data":"TheCursedMod:CleanUpWorkshop","floor":6.0,"key":"SMITH"},{"floor":8.0,"key":"REST"},{"data":"TheCursedMod:CircleOfCorruption","floor":13.0,"key":"SMITH"},{"floor":15.0,"key":"REST"},{"data":"TheCursedMod:NeowsMight","floor":23.0,"key":"SMITH"},{"floor":27.0,"key":"REST"},{"data":"TheCursedMod:CursedBlade","floor":29.0,"key":"SMITH"},{"floor":32.0,"key":"REST"},{"floor":46,"key":"REST"},{"data":"TheCursedMod:ParallelWorld","floor":49,"key":"PURGE"}],"circlet_count":0,"master_deck":["TheCursedMod:Defend_TheCursed","TheCursedMod:Defend_TheCursed","TheCursedMod:CursedWand","TheCursedMod:CleanUpWorkshop+1","TheCursedMod:Dregs","Shame","TheCursedMod:CircleOfCorruption+1","TheCursedMod:LuckyCharm","TheCursedMod:DemonSword","TheCursedMod:BlessingInDisguise","TheCursedMod:SurpriseAttack","TheCursedMod:CursedAmulet","TheCursedMod:ReleasedKnowledge","TheCursedMod:CursedBlade+1","TheCursedMod:NeowsMight+1","TheCursedMod:AshesToAshes+1","TheCursedMod:CursedBlade+1","TheCursedMod:Hemoplague","TheCursedMod:HellfireBreathing","TheCursedMod:CursedAmulet","TheCursedMod:HellfireBreathing+1","TheCursedMod:SpitefulPlan"],"relics":["TheCursedMod:BlackMagic101","Turnip","Singing Bowl","Astrolabe","Blue Candle","StoneCalendar","Kunai","Omamori","Toy Ornithopter","Cursed Key","Peace Pipe","TheAbacus","Anchor","Happy Flower","Gremlin Horn","TheCursedMod:DemonicMark"],"acts_visited":["Exordium","TheCity","TheBeyond"],"potions_floor_usage":[40,40,44],"damage_taken":[{"damage":2.0,"enemies":"2 Louse","floor":1.0,"turns":3.0},{"damage":1.0,"enemies":"Jaw Worm","floor":4.0,"turns":4.0},{"damage":27.0,"enemies":"Lagavulin","floor":7.0,"turns":9.0},{"damage":1.0,"enemies":"Cultist","floor":10.0,"turns":4.0},{"damage":0.0,"enemies":"2 Fungi Beasts","floor":11.0,"turns":5.0},{"damage":10.0,"enemies":"Exordium Wildlife","floor":12.0,"turns":6.0},{"damage":10.0,"enemies":"Gremlin Gang","floor":14.0,"turns":4.0},{"damage":32.0,"enemies":"Hexaghost","floor":16.0,"turns":13.0},{"damage":0.0,"enemies":"Chosen","floor":18.0,"turns":5.0},{"damage":3.0,"enemies":"2 Thieves","floor":24.0,"turns":3.0},{"damage":21.0,"enemies":"Book of Stabbing","floor":25.0,"turns":5.0},{"damage":9.0,"enemies":"Gremlin Leader","floor":28.0,"turns":6.0},{"damage":0.0,"enemies":"Sentry and Sphere","floor":30.0,"turns":3.0},{"damage":3.0,"enemies":"3 Cultists","floor":31.0,"turns":3.0},{"damage":29.0,"enemies":"Champ","floor":33.0,"turns":13.0},{"damage":12,"enemies":"3 Shapes","floor":35,"turns":4},{"damage":2,"enemies":"Orb Walker","floor":36,"turns":4},{"damage":5,"enemies":"Mind Bloom Boss Battle","floor":37,"turns":5},{"damage":12,"enemies":"Giant Head","floor":40,"turns":7},{"damage":0,"enemies":"3 Darklings","floor":41,"turns":3},{"damage":4,"enemies":"Jaw Worm Horde","floor":42,"turns":2},{"damage":36,"enemies":"Nemesis","floor":44,"turns":7},{"damage":0,"enemies":"4 Shapes","floor":47,"turns":2},{"damage":0,"enemies":"Writhing Mass","floor":48,"turns":5},{"damage":41,"enemies":"Time Eater","floor":50,"turns":12}],"seed_played":"2291491030392082106","potions_obtained":[{"floor":1.0,"key":"LiquidBronze"},{"floor":7.0,"key":"SkillPotion"},{"floor":14.0,"key":"Explosive Potion"},{"floor":16.0,"key":"Fire Potion"},{"floor":25.0,"key":"Explosive Potion"},{"floor":28.0,"key":"GamblersBrew"},{"floor":31.0,"key":"Swift Potion"},{"floor":37,"key":"AttackPotion"},{"floor":40,"key":"Fruit Juice"},{"floor":42,"key":"FairyPotion"},{"floor":44,"key":"Explosive Potion"}],"is_trial":false,"path_per_floor":["M","?","$","M","$","R","E","R","T","M","M","M","R","M","R","B",null,"M","$","?","T","?","R","M","E","T","R","E","R","M","M","R","B",null,"M","M","?","$","?","E","M","M","T","E","$","R","M","M","R","B",null],"character_chosen":"THE_CURSED","items_purchased":["TheCursedMod:LuckyCharm","TheCursedMod:DemonSword","TheCursedMod:BlessingInDisguise","TheCursedMod:HellfireBreathing","TheCursedMod:CursedAmulet","TheAbacus","Anchor","TheCursedMod:SpitefulPlan"],"campfire_rested":5,"item_purchase_floors":[3,3,3,19,19,38,38,45],"current_hp_per_floor":[73,66,66,65,65,65,38,60,60,61,61,51,51,43,66,34,79,79,79,64,64,64,64,63,44,44,70,63,63,65,69,94,72,96,86,86,83,83,83,81,83,81,81,57,57,90,92,94,94,53],"gold":114,"neow_bonus":"TWO_FIFTY_GOLD","is_daily":false,"chose_seed":false,"campfire_upgraded":4,"win_rate":0.0,"timestamp":1607894451,"path_taken":["M","?","?","M","$","R","E","R","T","M","M","?","R","M","R","BOSS","M","$","?","?","?","R","M","E","T","R","E","R","?","M","R","BOSS","M","?","?","$","?","E","?","?","T","E","$","R","M","M","R","BOSS"],"items_purchased_type":["Card","Card","Card","Card","Card","Relic","Relic","Card"],"build_version":"2020-11-30","purchased_purges":2,"victory":true,"max_hp_per_floor":[75,75,75,75,75,75,75,75,75,77,77,77,77,79,79,79,79,79,79,84,84,84,84,86,88,88,88,90,90,92,94,94,96,96,98,100,102,102,102,102,104,106,106,113,113,113,115,117,117,117],"card_choices":[{"not_picked":["TheCursedMod:Obscuration","TheCursedMod:TacticalStrike"],"picked":"TheCursedMod:CircleOfCorruption","floor":1.0},{"not_picked":["TheCursedMod:SoulCrush","TheCursedMod:Stigma"],"picked":"TheCursedMod:SurpriseAttack","floor":4.0},{"not_picked":["TheCursedMod:CursedRelics","TheCursedMod:Wield"],"picked":"TheCursedMod:CursedAmulet","floor":7.0},{"not_picked":["TheCursedMod:Stigma","TheCursedMod:PrepareRite","TheCursedMod:Evocation"],"picked":"Singing Bowl","floor":10.0},{"not_picked":["TheCursedMod:SurpriseAttack","TheCursedMod:Wield"],"picked":"TheCursedMod:ReleasedKnowledge","floor":11.0},{"not_picked":["TheCursedMod:CursedStaff","TheCursedMod:SmokeScreen"],"picked":"TheCursedMod:CursedBlade","floor":12.0},{"not_picked":["TheCursedMod:EmpowerCircles","TheCursedMod:SmokeScreen","TheCursedMod:RavingStaff"],"picked":"Singing Bowl","floor":14.0},{"not_picked":["TheCursedMod:ParallelWorld","TheCursedMod:CollectTribute"],"picked":"TheCursedMod:NeowsMight","floor":16.0},{"not_picked":["TheCursedMod:RapidMovement","TheCursedMod:Torture"],"picked":"TheCursedMod:Hemoplague","floor":18.0},{"not_picked":["TheCursedMod:CircleOfAmplification","TheCursedMod:ReleasedKnowledge","TheCursedMod:CursedShiv"],"picked":"Singing Bowl","floor":24.0},{"not_picked":["TheCursedMod:RavingStaff","TheCursedMod:VitalStrike+1","TheCursedMod:AshesToAshes+1"],"picked":"Singing Bowl","floor":25.0},{"not_picked":["TheCursedMod:CursedBoomerang+1","TheCursedMod:FleshFromBone","TheCursedMod:PrepareRite"],"picked":"Singing Bowl","floor":28.0},{"not_picked":["TheCursedMod:Stigma","TheCursedMod:SoulCrush","TheCursedMod:Obscuration+1"],"picked":"Singing Bowl","floor":30.0},{"not_picked":["TheCursedMod:Mangle","TheCursedMod:DemonicPact","TheCursedMod:CursedMace"],"picked":"Singing Bowl","floor":31.0},{"not_picked":["TheCursedMod:ParallelWorld","TheCursedMod:DarkBarrier","TheCursedMod:DemonicPact"],"picked":"Singing Bowl","floor":33.0},{"not_picked":["TheCursedMod:SurpriseAttack","TheCursedMod:PrepareRite+1","TheCursedMod:FuryStrike"],"picked":"Singing Bowl","floor":35},{"not_picked":["TheCursedMod:Stretching","TheCursedMod:Evocation","TheCursedMod:Wield"],"picked":"Singing Bowl","floor":36},{"not_picked":["TheCursedMod:CursedSpellbook","TheCursedMod:SmokeScreen","TheCursedMod:Stigma"],"picked":"Singing Bowl","floor":37},{"not_picked":["TheCursedMod:SpitefulStrike","TheCursedMod:CircleOfAbyss"],"picked":"TheCursedMod:HellfireBreathing+1","floor":40},{"not_picked":["TheCursedMod:Obscuration+1","TheCursedMod:SurpriseAttack+1","TheCursedMod:RapidMovement+1"],"picked":"Singing Bowl","floor":41},{"not_picked":["TheCursedMod:SpitefulStrike","TheCursedMod:ReleasedStrength","TheCursedMod:Stretching"],"picked":"Singing Bowl","floor":42},{"not_picked":["TheCursedMod:Neurasthenia","TheCursedMod:SmokeScreen+1","TheCursedMod:Stigma+1"],"picked":"Singing Bowl","floor":44},{"not_picked":["TheCursedMod:Grudge","TheCursedMod:CursedShiv+1","TheCursedMod:Evocation"],"picked":"Singing Bowl","floor":47},{"not_picked":["TheCursedMod:TacticalStrike+1","TheCursedMod:FleshFromBone","TheCursedMod:CircleOfFlame"],"picked":"Singing Bowl","floor":48}],"player_experience":282534,"relics_obtained":[{"floor":7.0,"key":"Turnip"},{"floor":9.0,"key":"Singing Bowl"},{"floor":21.0,"key":"Blue Candle"},{"floor":25.0,"key":"Kunai"},{"floor":26.0,"key":"Omamori"},{"floor":28.0,"key":"Toy Ornithopter"},{"floor":37,"key":"Peace Pipe"},{"floor":40,"key":"Happy Flower"},{"floor":43,"key":"Gremlin Horn"},{"floor":44,"key":"TheCursedMod:DemonicMark"}],"event_choices":[{"cards_removed":["TheCursedMod:Strike_TheCursed"],"damage_healed":0.0,"max_hp_gain":0.0,"max_hp_loss":0.0,"gold_gain":0.0,"event_name":"Golden Wing","player_choice":"Card Removal","floor":2.0,"gold_loss":0.0,"damage_taken":7.0},{"damage_healed":0.0,"max_hp_gain":5.0,"max_hp_loss":0.0,"gold_gain":0.0,"event_name":"Forgotten Altar","player_choice":"Shed Blood","floor":20.0,"gold_loss":0.0,"damage_taken":20.0},{"damage_healed":0.0,"max_hp_gain":0.0,"max_hp_loss":0.0,"gold_gain":0.0,"event_name":"WeMeetAgain","player_choice":"Gave Potion","floor":22.0,"gold_loss":0.0,"damage_taken":0.0,"relics_obtained":["StoneCalendar"]},{"damage_healed":0,"gold_gain":0,"player_choice":"Fight","damage_taken":0,"max_hp_gain":0,"max_hp_loss":0,"event_name":"MindBloom","floor":37,"gold_loss":0},{"damage_healed":0,"gold_gain":0,"cards_transformed":["TheCursedMod:Defend_TheCursed"],"player_choice":"Transformed","damage_taken":0,"max_hp_gain":0,"max_hp_loss":0,"event_name":"Transmorgrifier","floor":39,"gold_loss":0,"cards_obtained":["TheCursedMod:ParallelWorld"]}],"is_beta":false,"boss_relics":[{"not_picked":["SacredBark","Pandora\u0027s Box"],"picked":"Astrolabe"},{"not_picked":["Calling Bell","Fusion Hammer"],"picked":"Cursed Key"}],"items_purged_floors":[3,19],"is_endless":false,"potions_floor_spawned":[1,7,14,16,25,28,31,37,40,42,44],"ascension_level":1}}