{"host":"1dny1q6uquk6isnr","time":1607819569,"event":{"mods":["BaseMod","Curses Come First","Minty Spire (QoL Compilation)","Relic Stats","StSLib"],"gold_per_floor":[115,135,149,162,195,220,220,5,30,30,30,30,30,30,30,151,151,165,184,184,202,66,66,110,143,166,207,207,11,11,11,11,132,132,192,231,293,359,16,16,16,96,96,96,96],"floor_reached":44,"playtime":2209,"items_purged":["Defend_P","Defend_P"],"score":732,"play_id":"3d1ccd45-08e4-43fe-91dd-84ba7dcdb0dd","local_time":"20201212163249","is_ascension_mode":true,"campfire_choices":[{"data":"Devotion","floor":7,"key":"SMITH"},{"data":"TalkToTheHand","floor":13,"key":"SMITH"},{"data":"Worship","floor":15,"key":"SMITH"},{"floor":23,"key":"REST"},{"floor":32,"key":"REST"},{"floor":40,"key":"REST"},{"data":"Vault","floor":41,"key":"SMITH"}],"circlet_count":0,"master_deck":["Strike_P","Strike_P","Strike_P","Strike_P","Defend_P","Defend_P","Eruption","Vigilance","Devotion+1","WaveOfTheHand","CutThroughFate","Worship+1","Halt","TalkToTheHand+1","Devotion+1","Vault+1","CurseOfTheBell","Conclude","Prostrate+1","TalkToTheHand+1","Brilliance","Wish","Scrawl","FollowUp","Wish","TalkToTheHand","FearNoEvil+1","TalkToTheHand+1","Injury"],"relics":["PureWater","WingedGreaves","Happy Flower","Bloody Idol","Calling Bell","Ancient Tea Set","Sundial","Pocketwatch","Orichalcum","Tiny Chest","Damaru","Red Mask","Gambling Chip","Cursed Key","Singing Bowl","Bronze Scales"],"acts_visited":["Exordium","TheCity","TheBeyond"],"potions_floor_usage":[5,6,16,24,24,25,25,27,38,38],"damage_taken":[{"damage":2,"enemies":"Jaw Worm","floor":1,"turns":4},{"damage":6,"enemies":"2 Louse","floor":2,"turns":4},{"damage":0,"enemies":"Small Slimes","floor":3,"turns":2},{"damage":4,"enemies":"3 Louse","floor":4,"turns":6},{"damage":0,"enemies":"Exordium Thugs","floor":5,"turns":2},{"damage":37,"enemies":"Gremlin Nob","floor":6,"turns":5},{"damage":17,"enemies":"Hexaghost","floor":16,"turns":11},{"damage":16,"enemies":"Shell Parasite","floor":18,"turns":5},{"damage":17,"enemies":"3 Byrds","floor":19,"turns":6},{"damage":0,"enemies":"Centurion and Healer","floor":21,"turns":3},{"damage":0,"enemies":"Book of Stabbing","floor":24,"turns":4},{"damage":25,"enemies":"Slavers","floor":25,"turns":5},{"damage":0,"enemies":"Masked Bandits","floor":27,"turns":2},{"damage":7,"enemies":"Champ","floor":33,"turns":7},{"damage":0,"enemies":"3 Darklings","floor":35,"turns":5},{"damage":4,"enemies":"Orb Walker","floor":36,"turns":4},{"damage":18,"enemies":"Spire Growth","floor":37,"turns":6},{"damage":60,"enemies":"Transient","floor":38,"turns":5},{"damage":29,"enemies":"Nemesis","floor":42,"turns":8},{"damage":28,"enemies":"Reptomancer","floor":44,"turns":2}],"seed_played":"-2699596789204078720","potions_obtained":[{"floor":1,"key":"ColorlessPotion"},{"floor":2,"key":"FearPotion"},{"floor":6,"key":"AttackPotion"},{"floor":20,"key":"Explosive Potion"},{"floor":20,"key":"LiquidMemories"},{"floor":20,"key":"AttackPotion"},{"floor":21,"key":"Swift Potion"},{"floor":24,"key":"Energy Potion"},{"floor":25,"key":"StancePotion"},{"floor":27,"key":"Energy Potion"},{"floor":36,"key":"Dexterity Potion"},{"floor":37,"key":"Energy Potion"}],"is_trial":false,"path_per_floor":["M","M","M","M","M","E","R","$","T","?","?","?","R","$","R","B",null,"M","M","?","M","$","R","E","E","T","?","?","$","?","T","R","B",null,"M","M","M","M","$","R","R","E","T","E"],"character_chosen":"WATCHER","items_purchased":["Devotion","Brilliance","Scrawl","FollowUp","Singing Bowl"],"campfire_rested":3,"item_purchase_floors":[8,22,29,29,39],"current_hp_per_floor":[63,57,57,53,53,16,16,16,16,16,40,40,40,40,40,23,56,40,23,23,23,23,43,43,18,18,18,18,18,18,18,38,41,61,67,67,64,17,17,37,37,23,23,0,0],"gold":96,"neow_bonus":"ONE_RANDOM_RARE_CARD","is_daily":false,"chose_seed":false,"campfire_upgraded":4,"win_rate":0.0,"timestamp":1607819569,"path_taken":["M","M","M","M","M","E","R","$","T","?","?","?","R","$","R","BOSS","M","M","?","?","$","R","E","E","T","?","?","$","?","?","R","BOSS","M","M","M","?","$","R","R","E","T","E"],"items_purchased_type":["Card","Card","Card","Card","Relic"],"build_version":"2020-11-30","purchased_purges":2,"victory":false,"max_hp_per_floor":[72,72,72,72,72,72,72,72,72,72,72,67,67,67,67,67,67,67,67,67,67,67,67,67,67,67,67,67,67,67,67,67,67,67,67,67,67,67,67,67,67,67,67,67,67],"relic_stats":{"Happy Flower":[24],"Singing Bowl":0,"counters":[20,96],"Sundial":[10],"Bloody Idol":63,"Gambling Chip":[15],"Bronze Scales":[9],"Tiny Chest":1,"Orichalcum":[36],"Cursed Key":1,"obtain_stats":[{"Happy Flower":9,"Singing Bowl":39,"Golden Idol":12,"Damaru":26,"Orichalcum":24,"Ancient Tea Set":17,"Cursed Key":34,"Calling Bell":17,"Sundial":17,"Bloody Idol":30,"Gambling Chip":31,"Bronze Scales":42,"Tiny Chest":25,"WingedGreaves":6,"Red Mask":27,"PureWater":0,"Pocketwatch":17},{"Happy Flower":6,"Singing Bowl":18,"Golden Idol":6,"Damaru":12,"Orichalcum":11,"Ancient Tea Set":7,"Cursed Key":14,"Calling Bell":7,"Sundial":7,"Bloody Idol":13,"Gambling Chip":13,"Bronze Scales":19,"Tiny Chest":12,"WingedGreaves":6,"Red Mask":13,"PureWater":0,"Pocketwatch":7},{"Happy Flower":23,"Singing Bowl":86,"Golden Idol":23,"Damaru":57,"Orichalcum":52,"Ancient Tea Set":34,"Cursed Key":66,"Calling Bell":34,"Sundial":34,"Bloody Idol":59,"Gambling Chip":59,"Bronze Scales":94,"Tiny Chest":57,"WingedGreaves":23,"Red Mask":59,"PureWater":0,"Pocketwatch":34}],"Pocketwatch":[51]},"card_choices":[{"not_picked":["SashWhip","CarveReality"],"picked":"WaveOfTheHand","floor":1},{"not_picked":["FlyingSleeves","WindmillStrike"],"picked":"CutThroughFate","floor":2},{"not_picked":["Evaluate","Conclude"],"picked":"Worship","floor":3},{"not_picked":["Protect","CutThroughFate"],"picked":"Halt","floor":4},{"not_picked":["Perseverance","PathToVictory","Collect"],"picked":"SKIP","floor":5},{"not_picked":["Perseverance","PathToVictory","Collect"],"picked":"SKIP","floor":5},{"not_picked":["Evaluate","EmptyBody"],"picked":"TalkToTheHand","floor":6},{"not_picked":["Omniscience","SpiritShield"],"picked":"Vault","floor":16},{"not_picked":["WaveOfTheHand","Protect"],"picked":"Conclude","floor":18},{"not_picked":["Indignation+1","PathToVictory"],"picked":"Prostrate+1","floor":19},{"not_picked":["Protect","CarveReality"],"picked":"TalkToTheHand+1","floor":21},{"not_picked":["Consecrate","Weave","JustLucky"],"picked":"SKIP","floor":24},{"not_picked":["Fasting2","EmptyMind+1"],"picked":"Wish","floor":25},{"not_picked":["LessonLearned","Blasphemy"],"picked":"Wish","floor":33},{"not_picked":["WreathOfFlame+1","Consecrate"],"picked":"TalkToTheHand","floor":35},{"not_picked":["Halt+1","EmptyBody","FollowUp"],"picked":"SKIP","floor":36},{"not_picked":["FlyingSleeves+1","Sanctity"],"picked":"FearNoEvil+1","floor":37},{"not_picked":["PathToVictory","Evaluate","WindmillStrike+1"],"picked":"SKIP","floor":38},{"not_picked":["CrushJoints+1","Vengeance+1"],"picked":"TalkToTheHand+1","floor":42}],"player_experience":324658,"relics_obtained":[{"floor":6,"key":"WingedGreaves"},{"floor":9,"key":"Happy Flower"},{"floor":17,"key":"Ancient Tea Set"},{"floor":17,"key":"Sundial"},{"floor":17,"key":"Pocketwatch"},{"floor":24,"key":"Orichalcum"},{"floor":25,"key":"Tiny Chest"},{"floor":26,"key":"Damaru"},{"floor":27,"key":"Red Mask"},{"floor":31,"key":"Gambling Chip"},{"floor":42,"key":"Bronze Scales"}],"event_choices":[{"damage_healed":0,"gold_gain":0,"player_choice":"Grow","damage_taken":0,"max_hp_gain":0,"max_hp_loss":0,"event_name":"Living Wall","floor":10,"gold_loss":0,"cards_upgraded":["Devotion"]},{"damage_healed":24,"gold_gain":0,"player_choice":"Banana","damage_taken":0,"max_hp_gain":0,"max_hp_loss":0,"event_name":"Big Fish","floor":11,"gold_loss":0},{"damage_healed":0,"gold_gain":0,"player_choice":"Lose Max HP","damage_taken":0,"relics_obtained":["Golden Idol"],"max_hp_gain":0,"max_hp_loss":5,"event_name":"Golden Idol","floor":12,"gold_loss":0},{"damage_healed":0,"gold_gain":0,"player_choice":"Got Potions","damage_taken":0,"max_hp_gain":0,"max_hp_loss":0,"event_name":"Lab","floor":20,"gold_loss":0},{"damage_healed":0,"gold_gain":0,"player_choice":"Fought Bandits","damage_taken":0,"max_hp_gain":0,"max_hp_loss":0,"event_name":"Masked Bandits","floor":27,"gold_loss":0},{"damage_healed":0,"gold_gain":0,"player_choice":"Ignored","damage_taken":0,"max_hp_gain":0,"max_hp_loss":0,"event_name":"Ghosts","floor":28,"gold_loss":0},{"damage_healed":0,"gold_gain":0,"player_choice":"Gave Idol","damage_taken":0,"relics_obtained":["Bloody Idol"],"max_hp_gain":0,"max_hp_loss":0,"event_name":"Forgotten Altar","floor":30,"relics_lost":["Golden Idol"],"gold_loss":0}],"is_beta":false,"boss_relics":[{"not_picked":["HolyWater","Tiny House"],"picked":"Calling Bell"},{"not_picked":["Black Star","SlaversCollar"],"picked":"Cursed Key"}],"items_purged_floors":[8,39],"is_endless":false,"potions_floor_spawned":[1,2,6,21,24,25,27,36,37],"killed_by":"Reptomancer","ascension_level":7}}