{"host":"fr59kc135u003izd","time":1607854607,"event":{"mods":["AchievementEnabler","BaseMod","Better Note","Better Third Choice","BetterRewards","Colored Map","Colored Powertips","Custom Start","Hermit","Lobotomy","Marisa????????","Minty Spire (QoL Compilation)","Permanent Neow","Rare Cards Sparkle","Relic Stats","StSLib","The Bug Knight","The Poker Player","Uncapped"],"gold_per_floor":[111,111,124,124,134,160,20,20,71,296,314,332,366,383,383,383,383,383],"floor_reached":16,"playtime":1896,"items_purged":[],"score":114,"play_id":"ff5e0047-8566-4b9e-9058-15a6d89247ed","local_time":"20201213041647","is_ascension_mode":false,"metric_token":1234,"campfire_choices":[{"data":"PokerPlayerMod:Spade1","floor":8,"key":"SMITH"},{"floor":15,"key":"REST"}],"circlet_count":0,"master_deck":["PokerPlayerMod:Diamond1","PokerPlayerMod:Diamond2","PokerPlayerMod:Diamond3","PokerPlayerMod:Diamond4","PokerPlayerMod:Diamond5","PokerPlayerMod:Spade2","PokerPlayerMod:Spade2","PokerPlayerMod:Spade3","PokerPlayerMod:Spade4","PokerPlayerMod:Club1","PokerPlayerMod:Club2","PokerPlayerMod:TrumpStrike","PokerPlayerMod:BadJoker","PokerPlayerMod:Mulligan","MHz","PokerPlayerMod:MagicTrick","BigBadWolf","PokerPlayerMod:Diamond3","Bloodbath","PokerPlayerMod:Club5","PokerPlayerMod:Diamond2","Wellcheers","PokerPlayerMod:Raise","PokerPlayerMod:Manipulation","Doubt","PokerPlayerMod:Spade1","PokerPlayerMod:Spade3","PokerPlayerMod:Diamond4","PokerPlayerMod:Raise","LongBird"],"relics":["PokerPlayerMod:DeckCase","CogitoBucket","WarpedTongs","SsserpentHead","Pear","PreservedInsect","Potion Belt","AdjustmentMirror","Ancient Tea Set"],"acts_visited":["Exordium"],"potions_floor_usage":[11,13,14],"damage_taken":[{"damage":0,"enemies":"Small Slimes","floor":1,"turns":2},{"damage":0,"enemies":"Cultist","floor":3,"turns":2},{"damage":6,"enemies":"Jaw Worm","floor":4,"turns":2},{"damage":8,"enemies":"Exordium Thugs","floor":5,"turns":3},{"damage":9,"enemies":"3 Sentries","floor":6,"turns":5},{"damage":57,"enemies":"Blue Slaver","floor":11,"turns":5},{"damage":13,"enemies":"Red Slaver","floor":12,"turns":3},{"damage":9,"enemies":"HollowMod:MossKnight","floor":13,"turns":7},{"damage":5,"enemies":"Lots of Slimes","floor":14,"turns":3},{"damage":26,"enemies":"Hexaghost","floor":16,"turns":10}],"seed_played":"-3828927422405649425","potions_obtained":[{"floor":3,"key":"Swift Potion"},{"floor":4,"key":"Regen Potion"},{"floor":13,"key":"Swift Potion"}],"is_trial":false,"path_per_floor":["M","?","M","M","M","E","$","R","T","?","M","M","E","M","R","B"],"character_chosen":"THE_POKER_PLAYER","items_purchased":["PreservedInsect","PokerPlayerMod:Manipulation"],"campfire_rested":1,"item_purchase_floors":[7,7],"current_hp_per_floor":[52,52,52,46,39,47,47,47,47,47,15,5,7,2,20,0,0,0],"gold":383,"neow_bonus":"","is_daily":false,"chose_seed":false,"campfire_upgraded":1,"win_rate":0.0,"timestamp":1607854607,"path_taken":["M","?","M","M","M","E","?","R","T","?","M","M","E","M","R","BOSS"],"items_purchased_type":["Relic","Card"],"build_version":"2020-11-30","purchased_purges":0,"victory":false,"max_hp_per_floor":[52,52,52,52,52,62,62,62,62,62,62,62,62,62,62,62,62,62],"relic_stats":{"SsserpentHead":100,"counters":[11,43],"PreservedInsect":22,"obtain_stats":[{"Potion Belt":9,"SsserpentHead":2,"PokerPlayerMod:DeckCase":0,"CogitoBucket":0,"Pear":6,"PreservedInsect":7,"AdjustmentMirror":11,"Ancient Tea Set":13,"WarpedTongs":0},{"Potion Belt":5,"SsserpentHead":1,"PokerPlayerMod:DeckCase":0,"CogitoBucket":0,"Pear":5,"PreservedInsect":5,"AdjustmentMirror":7,"Ancient Tea Set":9,"WarpedTongs":0},{"Potion Belt":14,"SsserpentHead":2,"PokerPlayerMod:DeckCase":0,"CogitoBucket":0,"Pear":14,"PreservedInsect":14,"AdjustmentMirror":20,"Ancient Tea Set":30,"WarpedTongs":0}],"WarpedTongs":[42]},"card_choices":[{"not_picked":["GalaxyChild","HappyTeddy"],"picked":"MHz","floor":1},{"not_picked":["PokerPlayerMod:ClubsClub","PokerPlayerMod:Diamond1"],"picked":"PokerPlayerMod:MagicTrick","floor":1},{"not_picked":["ShyLook","OSAHOGD"],"picked":"BigBadWolf","floor":3},{"not_picked":["PokerPlayerMod:Heart3","PokerPlayerMod:Club2"],"picked":"PokerPlayerMod:Diamond3","floor":3},{"not_picked":["QueenBee","SpiderBud"],"picked":"Bloodbath","floor":4},{"not_picked":["PokerPlayerMod:Diamond1","PokerPlayerMod:Spade1"],"picked":"PokerPlayerMod:Club5","floor":4},{"not_picked":["PokerPlayerMod:Diamond5","PokerPlayerMod:Harden"],"picked":"PokerPlayerMod:Diamond2","floor":5},{"not_picked":["GreedKing","VoidDream"],"picked":"Wellcheers","floor":5},{"not_picked":["PokerPlayerMod:RiskyBet","PokerPlayerMod:Spade1"],"picked":"PokerPlayerMod:Raise","floor":6},{"not_picked":["PokerPlayerMod:RiskyBet","PokerPlayerMod:ClubStrike"],"picked":"PokerPlayerMod:Spade1","floor":11},{"not_picked":["CherryBlossoms","SpiderBud"],"picked":"RedShoes","floor":11},{"not_picked":["PokerPlayerMod:Spade2","PokerPlayerMod:DartThrow"],"picked":"PokerPlayerMod:Spade3","floor":12},{"not_picked":["PokerPlayerMod:DiamondStrike","PokerPlayerMod:Configure"],"picked":"PokerPlayerMod:Diamond4","floor":13},{"not_picked":["PokerPlayerMod:Configure","PokerPlayerMod:HotShotCut"],"picked":"PokerPlayerMod:Raise","floor":14},{"not_picked":["OSAHOGD","Laetitia"],"picked":"LongBird","floor":14}],"player_experience":175840,"relics_obtained":[{"floor":6,"key":"Pear"},{"floor":9,"key":"Potion Belt"},{"floor":13,"key":"Ancient Tea Set"}],"event_choices":[{"damage_healed":0,"gold_gain":0,"player_choice":"Trade","damage_taken":0,"relics_obtained":["SsserpentHead"],"max_hp_gain":0,"max_hp_loss":0,"event_name":"FaceTrader","floor":2,"gold_loss":0},{"damage_healed":0,"gold_gain":175,"player_choice":"AGREE","damage_taken":121,"max_hp_gain":0,"max_hp_loss":0,"event_name":"betterThird:BetterSerpent","floor":10,"gold_loss":0}],"is_beta":false,"boss_relics":[],"items_purged_floors":[],"is_endless":false,"potions_floor_spawned":[3,4,13],"killed_by":"Hexaghost","ascension_level":0}}