{"host":"qgru5siit3fz0wh9","time":1607861056,"event":{"mods":["AchievementEnabler","BaseMod","Highlight Path","Minty Spire (QoL Compilation)"],"gold_per_floor":[114,114,138,159,334,369,415,436,461,480,503,503,503,80,80,205,205,218,218,238,4,4,4,37,37,60,91,112,112,112],"floor_reached":29,"playtime":1425,"items_purged":["Doubt","Sever Soul"],"score":276,"play_id":"5129de42-29c8-42d6-b641-9fc038453cde","local_time":"20201213130416","is_ascension_mode":true,"campfire_choices":[{"floor":13,"key":"REST"},{"floor":15,"key":"REST"},{"floor":23,"key":"REST"},{"floor":25,"key":"REST"}],"circlet_count":0,"master_deck":["Bash","Body Slam+1","Flame Barrier","Cleave","Shrug It Off","Fire Breathing","Iron Wave","Armaments","Shrug It Off","Body Slam","Rampage","Brutality","Blood for Blood","Havoc","Spot Weakness","Impervious","Exhume","Entrench","Blood for Blood","Bloodletting","Cleave","Warcry+1","Rupture","Shame","Disarm+1","Infernal Blade+1","Iron Wave+1"],"relics":["Burning Blood","Boot","Golden Idol","Whetstone","Art of War","Nunchaku","Membership Card","Centennial Puzzle","Dream Catcher","Pandora\u0027s Box","Strange Spoon","Strawberry","Toxic Egg 2","Bag of Preparation","PreservedInsect"],"acts_visited":["Exordium","TheCity"],"potions_floor_usage":[16,16,20,20],"damage_taken":[{"damage":3,"enemies":"Small Slimes","floor":1,"turns":3},{"damage":0,"enemies":"2 Louse","floor":3,"turns":3},{"damage":2,"enemies":"Jaw Worm","floor":4,"turns":3},{"damage":66,"enemies":"Lagavulin","floor":6,"turns":10},{"damage":6,"enemies":"Lots of Slimes","floor":8,"turns":2},{"damage":9,"enemies":"2 Fungi Beasts","floor":10,"turns":4},{"damage":2,"enemies":"3 Louse","floor":11,"turns":3},{"damage":13,"enemies":"The Guardian","floor":16,"turns":13},{"damage":18,"enemies":"3 Byrds","floor":18,"turns":4},{"damage":34,"enemies":"Chosen","floor":20,"turns":7},{"damage":65,"enemies":"Slavers","floor":24,"turns":4},{"damage":29,"enemies":"Book of Stabbing","floor":27,"turns":6},{"damage":12,"enemies":"3 Cultists","floor":28,"turns":4},{"damage":17,"enemies":"Slavers","floor":29,"turns":1}],"seed_played":"-497776587516207976","potions_obtained":[{"floor":6,"key":"GamblersBrew"},{"floor":8,"key":"SpeedPotion"},{"floor":11,"key":"FearPotion"},{"floor":18,"key":"Regen Potion"},{"floor":24,"key":"Strength Potion"}],"is_trial":false,"path_per_floor":["M","?","M","M","?","E","T","M","T","M","M","?","R","$","R","B",null,"M","?","M","$","?","R","E","R","T","E","M","E"],"character_chosen":"IRONCLAD","items_purchased":["Membership Card","Shrug It Off","Body Slam","Centennial Puzzle","Dream Catcher","Strange Spoon","Rupture","Strawberry"],"campfire_rested":4,"item_purchase_floors":[14,14,14,14,14,21,21,21],"current_hp_per_floor":[80,74,74,74,74,14,14,14,14,11,15,15,37,37,59,52,74,62,62,48,55,55,79,20,44,44,21,15,0,0],"gold":112,"neow_bonus":"RANDOM_COMMON_RELIC","is_daily":false,"chose_seed":false,"campfire_upgraded":0,"win_rate":0.0,"timestamp":1607861056,"path_taken":["M","?","M","M","?","E","?","M","T","?","M","?","R","$","R","BOSS","M","?","?","$","?","R","E","R","T","E","M","E"],"items_purchased_type":["Relic","Card","Card","Relic","Relic","Relic","Card","Relic"],"build_version":"2020-11-30","purchased_purges":2,"victory":false,"max_hp_per_floor":[80,74,74,74,74,74,74,74,74,74,74,74,74,74,74,74,74,74,74,74,81,81,81,81,81,81,81,81,81,81],"card_choices":[{"not_picked":["Twin Strike","Wild Strike"],"picked":"Body Slam","floor":1},{"not_picked":["Battle Trance","Twin Strike"],"picked":"Flame Barrier","floor":3},{"not_picked":["Bloodletting","Ghostly Armor"],"picked":"Cleave","floor":4},{"not_picked":["True Grit","Cleave"],"picked":"Shrug It Off","floor":6},{"not_picked":["Clothesline","Flex"],"picked":"Fire Breathing","floor":8},{"not_picked":["Body Slam","Flex"],"picked":"Iron Wave","floor":10},{"not_picked":["Flex","Warcry"],"picked":"Armaments","floor":11},{"not_picked":["Wild Strike","True Grit"],"picked":"Rampage","floor":15},{"not_picked":["Exhume","Bludgeon"],"picked":"Brutality","floor":16},{"not_picked":["Hemokinesis+1","Pommel Strike","Entrench"],"picked":"SKIP","floor":18},{"not_picked":["Clash","Heavy Blade"],"picked":"Warcry+1","floor":20},{"not_picked":["Heavy Blade","Pommel Strike+1"],"picked":"Disarm+1","floor":23},{"not_picked":["Whirlwind+1","Clothesline"],"picked":"Infernal Blade+1","floor":24},{"not_picked":["Bloodletting+1","Flex+1"],"picked":"Iron Wave+1","floor":27},{"not_picked":["Cleave","Whirlwind","Flex+1"],"picked":"SKIP","floor":28}],"player_experience":340958,"relics_obtained":[{"floor":6,"key":"Whetstone"},{"floor":7,"key":"Art of War"},{"floor":9,"key":"Nunchaku"},{"floor":24,"key":"Bag of Preparation"},{"floor":27,"key":"PreservedInsect"}],"event_choices":[{"damage_healed":0,"gold_gain":0,"player_choice":"Lose Max HP","damage_taken":0,"relics_obtained":["Golden Idol"],"max_hp_gain":0,"max_hp_loss":6,"event_name":"Golden Idol","floor":2,"gold_loss":0},{"damage_healed":0,"gold_gain":175,"player_choice":"AGREE","damage_taken":0,"max_hp_gain":0,"max_hp_loss":0,"event_name":"Liars Game","floor":5,"gold_loss":0,"cards_obtained":["Doubt"]},{"damage_healed":0,"gold_gain":0,"player_choice":"Ignored","damage_taken":0,"max_hp_gain":0,"max_hp_loss":0,"event_name":"Shining Light","floor":12,"gold_loss":0},{"damage_healed":0,"gold_gain":0,"player_choice":"Copied","damage_taken":0,"max_hp_gain":0,"max_hp_loss":0,"event_name":"Duplicator","floor":19,"gold_loss":0,"cards_obtained":["Cleave"]},{"damage_healed":0,"gold_gain":0,"player_choice":"Stole Relic","damage_taken":0,"relics_obtained":["Toxic Egg 2"],"max_hp_gain":0,"max_hp_loss":0,"event_name":"Addict","floor":22,"gold_loss":0,"cards_obtained":["Shame"]}],"is_beta":false,"boss_relics":[{"not_picked":["Runic Pyramid","Velvet Choker"],"picked":"Pandora\u0027s Box"}],"items_purged_floors":[14,21],"is_endless":false,"potions_floor_spawned":[6,8,11,18,24],"killed_by":"Slavers","ascension_level":1}}