{"host":"gj1c43yk9t8vkpo3","time":1607821733,"event":{"mods":["2.2 Compatiblity","AchievementEnabler","Ascension Reborn","BaseMod","BetterRewards","Card Filter","Colored Powertips","Custom Start","Grow up Mod","Minty Spire (QoL Compilation)","Practice Mode","Quick Restart","Relic Filter","Relic Sorter","Remove Card Discount Mod","Shop Mod","StSLib"],"gold_per_floor":[112,112,112,132,154,195,195,232,232,255,272,96,128,140,140,260,320,339,353,353,6,23,23,59,78,109,109,109],"floor_reached":27,"playtime":2081,"items_purged":["Clash","Intimidate","Pain","Defend_R+1","Strike_R+1","Writhe"],"score":505,"play_id":"02ca0539-d6b1-41b1-84c1-8122c315ccf4","local_time":"20201212170853","is_ascension_mode":true,"campfire_choices":[{"floor":7,"key":"RECALL"},{"data":"Feed","floor":15,"key":"SMITH"},{"data":"Barricade","floor":23,"key":"SMITH"}],"circlet_count":0,"master_deck":["Strike_R+1","Strike_R+1","Defend_R+1","Defend_R+1","Bash+1","Brutality+1","Seeing Red+1","Pommel Strike+1","Bloodletting+1","Feed+1","Body Slam+1","Evolve","Heavy Blade","Barricade+1","Heavy Blade+1","Perfected Strike+1","Pommel Strike+1"],"relics":["Burning Blood","White Beast Statue","MerchantsRug","Ice Cream","Singing Bowl","HornCleat","Art of War","WarpedTongs","Blue Candle","Pear","War Paint","Letter Opener","Regal Pillow","Bird Faced Urn","Tiny House","Bag of Marbles","Potion Belt","Self Forming Clay","HandDrill","InkBottle","Mummified Hand","Bottled Tornado","Lantern"],"acts_visited":["Exordium","TheCity"],"potions_floor_usage":[8,19],"damage_taken":[{"damage":1,"enemies":"2 Louse","floor":1,"turns":2},{"damage":8,"enemies":"Jaw Worm","floor":4,"turns":2},{"damage":14,"enemies":"Cultist","floor":5,"turns":2},{"damage":26,"enemies":"Lagavulin","floor":6,"turns":4},{"damage":28,"enemies":"3 Sentries","floor":8,"turns":5},{"damage":9,"enemies":"3 Louse","floor":10,"turns":2},{"damage":11,"enemies":"2 Fungi Beasts","floor":11,"turns":2},{"damage":4,"enemies":"Gremlin Nob","floor":13,"turns":2},{"damage":7,"enemies":"Large Slime","floor":14,"turns":2},{"damage":8,"enemies":"Slime Boss","floor":16,"turns":3},{"damage":5,"enemies":"Spheric Guardian","floor":18,"turns":3},{"damage":9,"enemies":"3 Byrds","floor":19,"turns":4},{"damage":17,"enemies":"Snake Plant","floor":22,"turns":2},{"damage":19,"enemies":"Gremlin Leader","floor":24,"turns":4},{"damage":18,"enemies":"Chosen and Byrds","floor":25,"turns":3},{"damage":0,"enemies":"Snecko","floor":27,"turns":1}],"seed_played":"8172056531074118603","potions_obtained":[{"floor":1,"key":"DuplicationPotion"},{"floor":1,"key":"LiquidMemories"},{"floor":4,"key":"BlessingOfTheForge"},{"floor":8,"key":"Swift Potion"},{"floor":13,"key":"LiquidBronze"},{"floor":14,"key":"SkillPotion"},{"floor":14,"key":"DistilledChaos"},{"floor":17,"key":"GamblersBrew"},{"floor":18,"key":"Fruit Juice"},{"floor":19,"key":"SteroidPotion"},{"floor":22,"key":"Block Potion"},{"floor":22,"key":"Explosive Potion"},{"floor":24,"key":"Dexterity Potion"},{"floor":24,"key":"DistilledChaos"},{"floor":25,"key":"Regen Potion"}],"is_trial":false,"path_per_floor":["M","?","?","M","M","E","R","E","T","M","M","$","E","M","R","B",null,"M","M","?","$","M","R","E","M","T","M"],"character_chosen":"IRONCLAD","items_purchased":["White Beast Statue","MerchantsRug","Seeing Red","Evolve","Letter Opener","Potion Belt","Self Forming Clay","HandDrill"],"campfire_rested":0,"item_purchase_floors":[0,0,0,12,12,21,21,21],"current_hp_per_floor":[59,48,58,68,75,73,83,93,103,112,125,135,158,172,182,199,307,323,344,354,364,377,387,392,398,408,411,411],"gold":109,"neow_bonus":"","is_daily":false,"chose_seed":false,"campfire_upgraded":2,"win_rate":0.0,"timestamp":1607821733,"path_taken":["M","?","?","M","M","E","R","E","T","M","?","$","E","M","R","BOSS","M","M","?","$","M","R","E","M","T","M"],"items_purchased_type":["Relic","Relic","Card","Card","Relic","Relic","Relic","Relic"],"build_version":"2020-11-30","purchased_purges":6,"victory":false,"max_hp_per_floor":[105,115,125,135,147,161,171,195,205,215,229,239,255,267,277,292,307,323,344,354,364,380,390,400,410,420,420,420],"card_choices":[{"not_picked":["Armaments","Perfected Strike"],"picked":"Pommel Strike+1","floor":1},{"not_picked":["Anger+1","Havoc"],"picked":"Bloodletting+1","floor":4},{"not_picked":["Cleave+1","Pommel Strike","Spot Weakness+1"],"picked":"Singing Bowl","floor":5},{"not_picked":["Second Wind","Rage","Clash"],"picked":"Singing Bowl","floor":6},{"not_picked":["Sentinel+1","Thunderclap","Wild Strike"],"picked":"Singing Bowl","floor":6},{"not_picked":["Dual Wield","Iron Wave+1","Wild Strike"],"picked":"Singing Bowl","floor":8},{"not_picked":["Infernal Blade+1","Uppercut","Shrug It Off"],"picked":"Singing Bowl","floor":8},{"not_picked":["Heavy Blade","Thunderclap"],"picked":"Feed","floor":10},{"not_picked":["Havoc","Flex"],"picked":"Body Slam","floor":11},{"not_picked":["Power Through","Pummel"],"picked":"Heavy Blade","floor":13},{"not_picked":["Evolve","Heavy Blade","Burning Pact"],"picked":"Singing Bowl","floor":13},{"not_picked":["Warcry","Blood for Blood+1","Hemokinesis"],"picked":"Singing Bowl","floor":14},{"not_picked":["Double Tap","Corruption"],"picked":"Barricade","floor":16},{"not_picked":["Dropkick+1","Seeing Red"],"picked":"Heavy Blade+1","floor":17},{"not_picked":["Twin Strike+1","Sword Boomerang+1","Iron Wave"],"picked":"Singing Bowl","floor":18},{"not_picked":["Thunderclap+1","Whirlwind+1","True Grit+1"],"picked":"Singing Bowl","floor":19},{"not_picked":["Twin Strike","Cleave+1","Clash+1"],"picked":"Singing Bowl","floor":22},{"not_picked":["Evolve","True Grit"],"picked":"Perfected Strike+1","floor":24},{"not_picked":["Flex","Brutality"],"picked":"Pommel Strike+1","floor":25}],"player_experience":118278,"relics_obtained":[{"floor":6,"key":"Blue Candle"},{"floor":8,"key":"Pear"},{"floor":9,"key":"War Paint"},{"floor":13,"key":"Regal Pillow"},{"floor":16,"key":"Bird Faced Urn"},{"floor":24,"key":"InkBottle"},{"floor":25,"key":"Mummified Hand"},{"floor":26,"key":"Bottled Tornado"},{"floor":26,"key":"Lantern"}],"event_choices":[{"damage_healed":0,"gold_gain":0,"player_choice":"Entered Light","damage_taken":21,"max_hp_gain":0,"max_hp_loss":0,"event_name":"Shining Light","floor":2,"gold_loss":0,"cards_upgraded":["Seeing Red","Brutality"]},{"damage_healed":0,"gold_gain":0,"player_choice":"Rummage","damage_taken":0,"relics_obtained":["WarpedTongs"],"max_hp_gain":0,"max_hp_loss":0,"event_name":"Accursed Blacksmith","floor":3,"gold_loss":0,"cards_obtained":["Pain"]},{"damage_healed":0,"gold_gain":0,"player_choice":"Opened","damage_taken":0,"relics_obtained":["Bag of Marbles"],"max_hp_gain":0,"max_hp_loss":0,"event_name":"The Mausoleum","floor":20,"gold_loss":0,"cards_obtained":["Writhe"]}],"is_beta":false,"boss_relics":[{"not_picked":["Ectoplasm","Fusion Hammer"],"picked":"Tiny House"}],"items_purged_floors":[0,0,12,12,12,21],"is_endless":false,"potions_floor_spawned":[1,4,5,10,11,14,16,18,19,22,24,25],"killed_by":"Snecko","ascension_level":0}}