{"host":"vzygucmp2u9s1xuv","time":1607870348,"event":{"mods":["BaseMod","Colored Map","DeckTracker","Keyboard Shortcuts","Minty Spire (QoL Compilation)","Quick Restart","StSLib","SuperFastMode"],"gold_per_floor":[109,109,109,119,134,134,168,22,95,95,95],"floor_reached":10,"playtime":185,"items_purged":[],"score":119,"play_id":"292ab8c7-9e35-490e-88fd-abdf7b508590","local_time":"20201213233908","is_ascension_mode":true,"campfire_choices":[{"data":"Searing Blow","floor":6,"key":"SMITH"}],"circlet_count":0,"master_deck":["AscendersBane","Strike_R","Strike_R","Strike_R","Strike_R","Defend_R","Defend_R","Defend_R","Defend_R","Bash","Pommel Strike","Heavy Blade","Searing Blow+1","Iron Wave"],"relics":["Burning Blood","Mango","Regal Pillow","MawBank","Bag of Marbles","Question Card"],"acts_visited":["Exordium"],"potions_floor_usage":[7,10],"damage_taken":[{"damage":4,"enemies":"Small Slimes","floor":1,"turns":4},{"damage":8,"enemies":"Jaw Worm","floor":4,"turns":4},{"damage":9,"enemies":"2 Louse","floor":5,"turns":3},{"damage":40,"enemies":"Lagavulin","floor":7,"turns":5},{"damage":25,"enemies":"3 Sentries","floor":10,"turns":4}],"seed_played":"-8023477940730669103","potions_obtained":[{"floor":1,"key":"AttackPotion"},{"floor":5,"key":"FearPotion"}],"is_trial":false,"path_per_floor":["M","?","?","M","M","R","E","$","T","E"],"character_chosen":"IRONCLAD","items_purchased":["Bag of Marbles"],"campfire_rested":0,"item_purchase_floors":[8],"current_hp_per_floor":[66,66,61,59,56,56,22,22,22,0,0],"gold":95,"neow_bonus":"ONE_RARE_RELIC","is_daily":false,"chose_seed":false,"campfire_upgraded":1,"win_rate":0.0,"timestamp":1607870348,"path_taken":["M","?","?","M","?","R","E","$","T","E"],"items_purchased_type":["Relic"],"build_version":"2020-11-30","purchased_purges":0,"victory":false,"max_hp_per_floor":[89,89,89,89,89,89,89,89,89,89,89],"card_choices":[{"not_picked":["Reckless Charge","True Grit"],"picked":"Pommel Strike","floor":1},{"not_picked":["True Grit","Havoc"],"picked":"Heavy Blade","floor":4},{"not_picked":["Dark Embrace","Heavy Blade"],"picked":"Searing Blow","floor":5},{"not_picked":["True Grit","Havoc"],"picked":"Iron Wave","floor":7}],"player_experience":646610,"relics_obtained":[{"floor":7,"key":"MawBank"},{"floor":9,"key":"Question Card"}],"event_choices":[{"cards_removed":["Strike_R"],"damage_healed":0,"gold_gain":0,"player_choice":"Forget","damage_taken":0,"max_hp_gain":0,"max_hp_loss":0,"event_name":"Living Wall","floor":2,"gold_loss":0},{"damage_healed":0,"gold_gain":0,"player_choice":"Success","damage_taken":5,"relics_obtained":["Regal Pillow"],"max_hp_gain":0,"max_hp_loss":0,"event_name":"Scrap Ooze","floor":3,"gold_loss":0}],"is_beta":false,"boss_relics":[],"items_purged_floors":[],"is_endless":false,"potions_floor_spawned":[1,5],"killed_by":"3 Sentries","ascension_level":16}}