{"host":"5trcja4hacd149zc","time":1607825419,"event":{"mods":["BaseMod","Colored Map","Minty Spire (QoL Compilation)","Relic Stats"],"gold_per_floor":[110,110,110,22,22,22,57,57,57,57,77,2,34,44,44,121,121,135,135,135,135,135],"floor_reached":21,"playtime":434,"items_purged":[],"score":416,"play_id":"415a8b7a-1929-42b4-91e6-4978d82c05c2","local_time":"20201212201018","is_ascension_mode":true,"campfire_choices":[{"data":"FearNoEvil","floor":6.0,"key":"SMITH"},{"data":"BowlingBash","floor":8.0,"key":"SMITH"},{"data":"Alpha","floor":15.0,"key":"SMITH"}],"circlet_count":0,"master_deck":["AscendersBane","Strike_P","Strike_P","Defend_P","Defend_P","Defend_P+1","Defend_P+1","Eruption+1","Vigilance","FearNoEvil+1","BowlingBash+1","Vengeance","Alpha+1","LessonLearned+1","CurseOfTheBell","FollowUp"],"relics":["PureWater","NeowsBlessing","Mummified Hand","Shuriken","Incense Burner","Calling Bell","Nunchaku","Kunai","TungstenRod","Enchiridion"],"acts_visited":["Exordium","TheCity"],"potions_floor_usage":[],"damage_taken":[{"damage":0.0,"enemies":"2 Louse","floor":1.0,"turns":1.0},{"damage":0.0,"enemies":"3 Sentries","floor":7.0,"turns":2.0},{"damage":0.0,"enemies":"Small Slimes","floor":11.0,"turns":1.0},{"damage":14.0,"enemies":"Lagavulin","floor":13.0,"turns":6.0},{"damage":0.0,"enemies":"Cultist","floor":14.0,"turns":2.0},{"damage":38.0,"enemies":"Slime Boss","floor":16.0,"turns":5.0},{"damage":21,"enemies":"Chosen","floor":18,"turns":6},{"damage":23,"enemies":"Spheric Guardian","floor":21,"turns":4}],"seed_played":"5420553625907159730","potions_obtained":[{"floor":1.0,"key":"Explosive Potion"},{"floor":11.0,"key":"CultistPotion"}],"is_trial":false,"path_per_floor":["M","?","?","$","?","R","E","R","T","?","M","?","E","M","R","B",null,"M","?","?","M"],"character_chosen":"WATCHER","items_purchased":["FearNoEvil"],"campfire_rested":0,"item_purchase_floors":[4],"current_hp_per_floor":[61,41,41,41,63,63,63,63,63,63,63,63,49,49,49,11,54,33,16,16,0,0],"gold":135,"neow_bonus":"THREE_ENEMY_KILL","is_daily":false,"chose_seed":false,"campfire_upgraded":3,"win_rate":0.0,"timestamp":1607825418,"path_taken":["M","?","?","$","?","R","E","R","T","?","?","?","E","M","R","BOSS","M","?","?","M"],"items_purchased_type":["Card"],"build_version":"2020-11-30","purchased_purges":0,"victory":false,"max_hp_per_floor":[68,68,68,68,68,68,68,68,68,68,68,68,68,68,68,68,68,68,68,68,68,68],"relic_stats":{"Nunchaku":[1],"counters":[8,27],"Mummified Hand":[3],"Shuriken":[4],"Kunai":[0],"obtain_stats":[{"Calling Bell":17,"Nunchaku":17,"NeowsBlessing":0,"Mummified Hand":7,"Shuriken":9,"Enchiridion":19,"Incense Burner":13,"Kunai":17,"PureWater":0,"TungstenRod":17},{"Calling Bell":6,"Nunchaku":6,"NeowsBlessing":0,"Mummified Hand":2,"Shuriken":2,"Enchiridion":7,"Incense Burner":4,"Kunai":6,"PureWater":0,"TungstenRod":6},{"Calling Bell":17,"Nunchaku":17,"NeowsBlessing":0,"Mummified Hand":3,"Shuriken":3,"Enchiridion":23,"Incense Burner":10,"Kunai":17,"PureWater":0,"TungstenRod":17}],"TungstenRod":9},"card_choices":[{"not_picked":["Study","ClearTheMind","Crescendo"],"picked":"SKIP","floor":1.0},{"not_picked":["FlyingSleeves","FollowUp"],"picked":"BowlingBash","floor":7.0},{"not_picked":["BowlingBash","DeceiveReality"],"picked":"Vengeance","floor":11.0},{"not_picked":["Protect","ThirdEye","Crescendo"],"picked":"SKIP","floor":13.0},{"not_picked":["Crescendo","ClearTheMind"],"picked":"Alpha","floor":14.0},{"not_picked":["SpiritShield","Vault"],"picked":"LessonLearned","floor":16.0},{"not_picked":["Halt","Evaluate"],"picked":"FollowUp","floor":18}],"player_experience":742177,"relics_obtained":[{"floor":7.0,"key":"Mummified Hand"},{"floor":9.0,"key":"Shuriken"},{"floor":13.0,"key":"Incense Burner"},{"floor":17.0,"key":"Nunchaku"},{"floor":17.0,"key":"Kunai"},{"floor":17.0,"key":"TungstenRod"},{"floor":19,"key":"Enchiridion"}],"event_choices":[{"damage_healed":0.0,"max_hp_gain":0.0,"max_hp_loss":0.0,"gold_gain":0.0,"event_name":"Shining Light","player_choice":"Entered Light","floor":2.0,"gold_loss":0.0,"damage_taken":20.0,"cards_upgraded":["Defend_P","Defend_P"]},{"damage_healed":0.0,"max_hp_gain":0.0,"max_hp_loss":0.0,"gold_gain":0.0,"event_name":"Living Wall","player_choice":"Grow","floor":3.0,"gold_loss":0.0,"damage_taken":0.0,"cards_upgraded":["Eruption"]},{"damage_healed":22.0,"max_hp_gain":0.0,"max_hp_loss":0.0,"gold_gain":0.0,"event_name":"Big Fish","player_choice":"Banana","floor":5.0,"gold_loss":0.0,"damage_taken":0.0},{"cards_removed":["Strike_P"],"damage_healed":0.0,"max_hp_gain":0.0,"max_hp_loss":0.0,"gold_gain":0.0,"event_name":"Bonfire Elementals","player_choice":"Offered Basic","floor":10.0,"gold_loss":0.0,"damage_taken":0.0},{"cards_removed":["Strike_P"],"damage_healed":0.0,"max_hp_gain":0.0,"max_hp_loss":0.0,"gold_gain":0.0,"event_name":"The Cleric","player_choice":"Card Removal","floor":12.0,"gold_loss":75.0,"damage_taken":0.0},{"damage_healed":0,"gold_gain":0,"player_choice":"Obtained Book","damage_taken":21,"max_hp_gain":0,"max_hp_loss":0,"event_name":"Cursed Tome","floor":19,"gold_loss":0},{"damage_healed":0,"gold_gain":0,"player_choice":"Upgraded","damage_taken":0,"max_hp_gain":0,"max_hp_loss":0,"event_name":"Upgrade Shrine","floor":20,"gold_loss":0,"cards_upgraded":["LessonLearned"]}],"is_beta":false,"boss_relics":[{"not_picked":["Tiny House","SlaversCollar"],"picked":"Calling Bell"}],"items_purged_floors":[],"is_endless":false,"potions_floor_spawned":[1,11,14,18],"killed_by":"Spheric Guardian","ascension_level":20}}