{"host":"y76clbnovzmw9ubx","time":1607880341,"event":{"mods":["AchievementEnabler","BaseMod","Minty Spire (QoL Compilation)","Permanent Neow","Relic Stats"],"gold_per_floor":[213,213,213,233,74,74,101,121,167,199,199,225,225,236,236,334,334,378,416,454,491,533,533,533],"floor_reached":23,"playtime":1928,"items_purged":[],"score":400,"play_id":"3cd2e8fe-75e8-42a7-8b83-24e75d5ee3b0","local_time":"20201213122541","is_ascension_mode":true,"campfire_choices":[{"data":"LikeWater","floor":6,"key":"SMITH"},{"data":"Eruption","floor":11,"key":"SMITH"},{"data":"LikeWater","floor":13,"key":"SMITH"},{"data":"LikeWater","floor":15,"key":"SMITH"}],"circlet_count":0,"master_deck":["Strike_P","Strike_P","Strike_P","Strike_P","Defend_P","Defend_P","Defend_P","Eruption+1","Vigilance","FlurryOfBlows","Nirvana","LikeWater+1","FlurryOfBlows","Protect","CutThroughFate","LikeWater+1","FlurryOfBlows","LikeWater+1","Wish","MentalFortress","CrushJoints","EmptyBody","MentalFortress+1"],"relics":["PureWater","Art of War","Odd Mushroom","Ancient Tea Set","StoneCalendar","Damaru","Sozu"],"acts_visited":["Exordium","TheCity"],"potions_floor_usage":[7,20,23],"damage_taken":[{"damage":0,"enemies":"Small Slimes","floor":1,"turns":3},{"damage":0,"enemies":"2 Louse","floor":4,"turns":1},{"damage":16,"enemies":"Lagavulin","floor":7,"turns":10},{"damage":1,"enemies":"The Mushroom Lair","floor":8,"turns":3},{"damage":0,"enemies":"Gremlin Nob","floor":10,"turns":6},{"damage":0,"enemies":"Cultist","floor":14,"turns":3},{"damage":0,"enemies":"Slime Boss","floor":16,"turns":7},{"damage":8,"enemies":"Chosen","floor":18,"turns":7},{"damage":2,"enemies":"Spheric Guardian","floor":19,"turns":6},{"damage":6,"enemies":"Centurion and Healer","floor":20,"turns":6},{"damage":34,"enemies":"Shelled Parasite and Fungi","floor":21,"turns":7},{"damage":1,"enemies":"Sentry and Sphere","floor":22,"turns":7},{"damage":28,"enemies":"Gremlin Leader","floor":23,"turns":4}],"seed_played":"-7880383647625513732","potions_obtained":[{"floor":4,"key":"FearPotion"},{"floor":7,"key":"Block Potion"},{"floor":8,"key":"BlessingOfTheForge"},{"floor":10,"key":"LiquidBronze"}],"is_trial":false,"path_per_floor":["M","?","?","M","$","R","E","?","T","E","R","T","R","M","R","B",null,"M","M","M","M","M","E"],"character_chosen":"WATCHER","items_purchased":["LikeWater","FlurryOfBlows","Protect"],"campfire_rested":0,"item_purchase_floors":[5,5,5],"current_hp_per_floor":[65,58,58,58,58,58,42,41,41,41,41,41,41,41,41,41,64,56,54,48,14,13,0,0],"gold":533,"neow_bonus":"HUNDRED_GOLD","is_daily":false,"chose_seed":false,"campfire_upgraded":4,"win_rate":0.0,"timestamp":1607880341,"path_taken":["M","?","?","M","$","R","E","?","T","E","R","?","R","M","R","BOSS","M","M","M","M","M","E"],"items_purchased_type":["Card","Card","Card"],"build_version":"2020-11-30","purchased_purges":0,"victory":false,"max_hp_per_floor":[72,72,72,72,72,72,72,72,72,72,72,72,72,72,72,72,72,72,72,72,72,72,72,72],"relic_stats":{"Sozu":3,"counters":[13,70],"StoneCalendar":[111],"Art of War":[1],"obtain_stats":[{"Sozu":17,"Damaru":12,"StoneCalendar":10,"Art of War":7,"PureWater":0,"Odd Mushroom":8,"Ancient Tea Set":9},{"Sozu":7,"Damaru":5,"StoneCalendar":5,"Art of War":3,"PureWater":0,"Odd Mushroom":4,"Ancient Tea Set":4},{"Sozu":33,"Damaru":23,"StoneCalendar":23,"Art of War":14,"PureWater":0,"Odd Mushroom":17,"Ancient Tea Set":17}]},"card_choices":[{"not_picked":["ThirdEye","Fasting2"],"picked":"FlurryOfBlows","floor":1},{"not_picked":["Study","Vengeance"],"picked":"Nirvana","floor":4},{"not_picked":["Protect","EmptyBody"],"picked":"CutThroughFate","floor":7},{"not_picked":["WreathOfFlame","ClearTheMind"],"picked":"LikeWater","floor":8},{"not_picked":["InnerPeace","SandsOfTime"],"picked":"FlurryOfBlows","floor":10},{"not_picked":["EmptyMind","BowlingBash"],"picked":"LikeWater","floor":14},{"not_picked":["MasterReality","Alpha"],"picked":"Wish","floor":16},{"not_picked":["CrushJoints+1","SashWhip"],"picked":"MentalFortress","floor":18},{"not_picked":["Consecrate+1","Collect","BowlingBash"],"picked":"SKIP","floor":19},{"not_picked":["Swivel","Crescendo"],"picked":"CrushJoints","floor":20},{"not_picked":["CutThroughFate","Weave"],"picked":"EmptyBody","floor":21},{"not_picked":["EmptyMind","Protect+1"],"picked":"MentalFortress+1","floor":22}],"player_experience":2845858,"relics_obtained":[{"floor":7,"key":"Art of War"},{"floor":8,"key":"Odd Mushroom"},{"floor":9,"key":"Ancient Tea Set"},{"floor":10,"key":"StoneCalendar"},{"floor":12,"key":"Damaru"}],"event_choices":[{"cards_removed":["Defend_P"],"damage_healed":0,"gold_gain":0,"player_choice":"Card Removal","damage_taken":7,"max_hp_gain":0,"max_hp_loss":0,"event_name":"Golden Wing","floor":2,"gold_loss":0},{"damage_healed":0,"gold_gain":0,"player_choice":"Fled","damage_taken":0,"max_hp_gain":0,"max_hp_loss":0,"event_name":"Scrap Ooze","floor":3,"gold_loss":0},{"damage_healed":0,"gold_gain":0,"player_choice":"Fought Mushrooms","damage_taken":0,"max_hp_gain":0,"max_hp_loss":0,"event_name":"Mushrooms","floor":8,"gold_loss":0}],"is_beta":false,"boss_relics":[{"not_picked":["Fusion Hammer","Philosopher\u0027s Stone"],"picked":"Sozu"}],"items_purged_floors":[],"is_endless":false,"potions_floor_spawned":[4,7,8,10,18,20,22],"killed_by":"Gremlin Leader","ascension_level":9}}