{"host":"qt939hhvrbc28rjp","time":1607901408,"event":{"mods":["BaseMod","Minty Spire (QoL Compilation)","Quick Restart","StSLib","SuperFastMode"],"gold_per_floor":[113,125,138,150,150,183,210,238,261,289,615,643,668,703,703,776,776,796,489,508,508,541,583,630,674,709,748,793,838,876,907,919,1008,1020,1043,1055,1086,550,550,582,611,646,646,677,701,742,515,545,545,545],"floor_reached":51,"playtime":3539,"items_purged":["Dodge and Roll","Leg Sweep"],"score":3305,"play_id":"71ad4e7f-0522-4bba-ad32-72b649f64e61","local_time":"20201214081648","daily_mods":["SealedDeck","Vintage","Heirloom","Time Dilation","Flight","DeadlyEvents","Elite Swarm"],"is_ascension_mode":true,"campfire_choices":[{"data":"After Image","floor":15.0,"key":"SMITH"},{"data":"After Image","floor":32.0,"key":"SMITH"},{"data":"Accuracy","floor":49.0,"key":"SMITH"}],"circlet_count":0,"master_deck":["AscendersBane","Dagger Spray+1","Backstab+1","Blade Dance","Noxious Fumes","Cloak And Dagger+1","Escape Plan+1","Well Laid Plans","Adrenaline+1","Venomology+1","Corpse Explosion+1","Burst+1","Malaise+1","Venomology+1","After Image+1","Venomology+1","Dash","Malaise+1","Malaise+1","After Image+1","Adrenaline+1","Doppelganger+1","Malaise+1","Accuracy+1","Panache","Bullet Time+1","Catalyst+1"],"relics":["Ring of the Snake","Prayer Wheel","InkBottle","Toxic Egg 2","Strawberry","StrikeDummy","Eternal Feather","Ancient Tea Set","Potion Belt","Shuriken","Boot","Toy Ornithopter","Old Coin","Lantern","Blood Vial","Omamori","Runic Pyramid","Pen Nib","Whetstone","Incense Burner","Akabeko","MawBank","Singing Bowl","Centennial Puzzle","Orichalcum","Bag of Marbles","Question Card","Mercury Hourglass","Torii","Tiny Chest","Black Star","Letter Opener","Happy Flower","PreservedInsect","Vajra","Pocketwatch","Art of War","Tingsha","Bag of Preparation","War Paint","Bottled Tornado","Bird Faced Urn","Bronze Scales","CeramicFish","Oddly Smooth Stone","Meat on the Bone","Chemical X","Ornamental Fan","Tough Bandages"],"acts_visited":["Exordium","TheCity","TheBeyond"],"potions_floor_usage":[50,50,50],"damage_taken":[{"damage":0.0,"enemies":"Cultist","floor":1.0,"turns":2.0},{"damage":0.0,"enemies":"Jaw Worm","floor":2.0,"turns":4.0},{"damage":0.0,"enemies":"Small Slimes","floor":3.0,"turns":3.0},{"damage":3.0,"enemies":"Blue Slaver","floor":4.0,"turns":3.0},{"damage":13.0,"enemies":"3 Sentries","floor":6.0,"turns":6.0},{"damage":0.0,"enemies":"Lagavulin","floor":7.0,"turns":5.0},{"damage":1.0,"enemies":"3 Sentries","floor":8.0,"turns":3.0},{"damage":4.0,"enemies":"Gremlin Nob","floor":10.0,"turns":3.0},{"damage":0.0,"enemies":"3 Sentries","floor":11.0,"turns":2.0},{"damage":6.0,"enemies":"Gremlin Nob","floor":12.0,"turns":4.0},{"damage":0.0,"enemies":"3 Sentries","floor":13.0,"turns":2.0},{"damage":0.0,"enemies":"Gremlin Nob","floor":14.0,"turns":2.0},{"damage":0.0,"enemies":"The Guardian","floor":16.0,"turns":6.0},{"damage":0.0,"enemies":"2 Thieves","floor":18.0,"turns":1.0},{"damage":0.0,"enemies":"3 Byrds","floor":20.0,"turns":2.0},{"damage":0.0,"enemies":"Gremlin Leader","floor":22.0,"turns":5.0},{"damage":0.0,"enemies":"Slavers","floor":23.0,"turns":1.0},{"damage":0.0,"enemies":"Book of Stabbing","floor":24.0,"turns":2.0},{"damage":0.0,"enemies":"Slavers","floor":25.0,"turns":1.0},{"damage":0.0,"enemies":"Gremlin Leader","floor":27.0,"turns":4.0},{"damage":5.0,"enemies":"Slavers","floor":28.0,"turns":4.0},{"damage":0.0,"enemies":"Book of Stabbing","floor":29.0,"turns":3.0},{"damage":0.0,"enemies":"Slavers","floor":30.0,"turns":1.0},{"damage":0.0,"enemies":"Sentry and Sphere","floor":31.0,"turns":3.0},{"damage":0.0,"enemies":"Collector","floor":33.0,"turns":7.0},{"damage":0.0,"enemies":"Orb Walker","floor":35.0,"turns":2.0},{"damage":0.0,"enemies":"3 Darklings","floor":37.0,"turns":3.0},{"damage":7.0,"enemies":"Giant Head","floor":40.0,"turns":6.0},{"damage":0.0,"enemies":"Nemesis","floor":41.0,"turns":3.0},{"damage":0.0,"enemies":"Giant Head","floor":42.0,"turns":3.0},{"damage":0.0,"enemies":"Reptomancer","floor":44.0,"turns":2.0},{"damage":0.0,"enemies":"Nemesis","floor":46.0,"turns":3.0},{"damage":0.0,"enemies":"Reptomancer","floor":48.0,"turns":1.0},{"damage":0,"enemies":"Donu and Deca","floor":50,"turns":3}],"seed_played":"-7390543917792347883","potions_obtained":[{"floor":3.0,"key":"CunningPotion"},{"floor":6.0,"key":"Explosive Potion"},{"floor":7.0,"key":"LiquidBronze"},{"floor":10.0,"key":"Fire Potion"},{"floor":12.0,"key":"Strength Potion"},{"floor":13.0,"key":"Block Potion"},{"floor":18.0,"key":"PowerPotion"},{"floor":22.0,"key":"Ancient Potion"},{"floor":25.0,"key":"LiquidMemories"},{"floor":29.0,"key":"ColorlessPotion"},{"floor":33.0,"key":"Swift Potion"}],"is_trial":true,"path_per_floor":["M","M","M","M","T","E","E","E","T","E","E","E","E","E","R","B",null,"M","$","M","?","E","E","E","E","T","E","E","E","E","M","R","B",null,"M","?","M","$","?","E","E","E","T","E","T","E","$","E","R","B",null],"character_chosen":"THE_SILENT","items_purchased":["Dash","Whetstone","Accuracy","PreservedInsect","Panache","Chemical X","Catalyst+1"],"campfire_rested":0,"item_purchase_floors":[19,19,38,38,38,47,47],"current_hp_per_floor":[59,59,66,63,63,50,50,49,49,45,55,54,69,73,73,73,73,73,73,73,73,73,75,75,75,75,77,73,77,77,77,77,79,79,79,75,75,75,75,71,79,81,81,83,83,83,83,85,85,85],"gold":545,"neow_bonus":"","is_daily":false,"chose_seed":false,"campfire_upgraded":3,"win_rate":0.0,"timestamp":1607901408,"path_taken":["M","M","?","M","?","E","?","E","T","E","E","E","E","E","R","BOSS","M","$","M","?","?","E","E","E","T","E","E","E","E","?","R","BOSS","M","?","?","$","?","E","E","E","T","E","?","E","$","E","R","BOSS"],"items_purchased_type":["Card","Relic","Card","Relic","Card","Relic","Card"],"build_version":"2020-11-30","purchased_purges":2,"victory":true,"max_hp_per_floor":[66,66,73,73,73,73,73,73,73,73,73,73,73,73,73,73,73,73,73,73,73,73,75,75,75,75,77,77,77,77,77,77,79,79,79,75,75,75,75,77,79,81,81,83,83,83,83,85,85,85],"card_choices":[{"not_picked":["Tools of the Trade","Corpse Explosion+1"],"picked":"Adrenaline+1","floor":6.0},{"not_picked":["Grand Finale","Wraith Form v2"],"picked":"Venomology+1","floor":7.0},{"not_picked":["Unload","Grand Finale"],"picked":"Corpse Explosion+1","floor":8.0},{"not_picked":["Night Terror+1","Venomology+1"],"picked":"Burst+1","floor":10.0},{"not_picked":["Bullet Time+1","Grand Finale"],"picked":"Malaise+1","floor":11.0},{"not_picked":["Storm of Steel+1","Die Die Die","Corpse Explosion+1"],"picked":"SKIP","floor":12.0},{"not_picked":["Die Die Die","Burst+1"],"picked":"Venomology+1","floor":13.0},{"not_picked":["Die Die Die","Bullet Time+1"],"picked":"After Image","floor":14.0},{"not_picked":["Tools of the Trade","Burst+1"],"picked":"Venomology+1","floor":16.0},{"not_picked":["Bullet Time+1","Grand Finale"],"picked":"Malaise+1","floor":22.0},{"not_picked":["Night Terror+1","Corpse Explosion+1","Glass Knife"],"picked":"Singing Bowl","floor":23.0},{"not_picked":["Venomology+1","Unload"],"picked":"Malaise+1","floor":24.0},{"not_picked":["Corpse Explosion+1","Storm of Steel+1"],"picked":"After Image","floor":25.0},{"not_picked":["Corpse Explosion+1","Storm of Steel+1","Tools of the Trade"],"picked":"Singing Bowl","floor":27.0},{"not_picked":["Wraith Form v2","Tools of the Trade","After Image"],"picked":"Adrenaline+1","floor":28.0},{"not_picked":["A Thousand Cuts","Bullet Time+1","Wraith Form v2"],"picked":"Doppelganger+1","floor":29.0},{"not_picked":["Doppelganger+1","Grand Finale","Glass Knife"],"picked":"Malaise+1","floor":30.0},{"not_picked":["Phantasmal Killer+1","Burst+1","Tools of the Trade","Venomology+1"],"picked":"Singing Bowl","floor":33.0},{"not_picked":["Corpse Explosion+1","Phantasmal Killer+1","After Image","Storm of Steel+1"],"picked":"Singing Bowl","floor":40.0},{"not_picked":["Corpse Explosion+1","Wraith Form v2","Glass Knife","Night Terror+1"],"picked":"Singing Bowl","floor":41.0},{"not_picked":["Storm of Steel+1","Phantasmal Killer+1","Doppelganger+1","A Thousand Cuts"],"picked":"Singing Bowl","floor":42.0},{"not_picked":["Wraith Form v2","A Thousand Cuts","Malaise+1","Die Die Die"],"picked":"Singing Bowl","floor":44.0},{"not_picked":["Wraith Form v2","Tools of the Trade","Die Die Die"],"picked":"Bullet Time+1","floor":46.0},{"not_picked":["A Thousand Cuts","Doppelganger+1","Die Die Die","Phantasmal Killer+1"],"picked":"Singing Bowl","floor":48.0}],"player_experience":1375925,"relics_obtained":[{"floor":1.0,"key":"InkBottle"},{"floor":2.0,"key":"Toxic Egg 2"},{"floor":3.0,"key":"Strawberry"},{"floor":4.0,"key":"StrikeDummy"},{"floor":5.0,"key":"Eternal Feather"},{"floor":6.0,"key":"Ancient Tea Set"},{"floor":7.0,"key":"Potion Belt"},{"floor":8.0,"key":"Shuriken"},{"floor":9.0,"key":"Boot"},{"floor":10.0,"key":"Toy Ornithopter"},{"floor":11.0,"key":"Old Coin"},{"floor":12.0,"key":"Lantern"},{"floor":13.0,"key":"Blood Vial"},{"floor":14.0,"key":"Omamori"},{"floor":18.0,"key":"Pen Nib"},{"floor":20.0,"key":"Incense Burner"},{"floor":22.0,"key":"MawBank"},{"floor":23.0,"key":"Singing Bowl"},{"floor":24.0,"key":"Centennial Puzzle"},{"floor":25.0,"key":"Orichalcum"},{"floor":26.0,"key":"Bag of Marbles"},{"floor":27.0,"key":"Question Card"},{"floor":29.0,"key":"Mercury Hourglass"},{"floor":30.0,"key":"Torii"},{"floor":31.0,"key":"Tiny Chest"},{"floor":35.0,"key":"Letter Opener"},{"floor":37.0,"key":"Happy Flower"},{"floor":40.0,"key":"Vajra"},{"floor":40.0,"key":"Pocketwatch"},{"floor":41.0,"key":"Art of War"},{"floor":41.0,"key":"Tingsha"},{"floor":42.0,"key":"Bag of Preparation"},{"floor":42.0,"key":"War Paint"},{"floor":43.0,"key":"Bottled Tornado"},{"floor":44.0,"key":"Bird Faced Urn"},{"floor":44.0,"key":"Bronze Scales"},{"floor":45.0,"key":"CeramicFish"},{"floor":46.0,"key":"Oddly Smooth Stone"},{"floor":46.0,"key":"Meat on the Bone"},{"floor":48.0,"key":"Ornamental Fan"},{"floor":48.0,"key":"Tough Bandages"}],"event_choices":[{"damage_healed":0.0,"max_hp_gain":0.0,"max_hp_loss":0.0,"gold_gain":0.0,"event_name":"WeMeetAgain","player_choice":"Gave Potion","floor":21.0,"gold_loss":0.0,"damage_taken":0.0,"relics_obtained":["Akabeko"]},{"damage_healed":0.0,"max_hp_gain":0.0,"max_hp_loss":4.0,"gold_gain":0.0,"event_name":"Winding Halls","player_choice":"Max HP","floor":36.0,"gold_loss":0.0,"damage_taken":0.0},{"cards_removed":["Flying Knee"],"damage_healed":0.0,"max_hp_gain":0.0,"max_hp_loss":0.0,"gold_gain":0.0,"event_name":"Falling","player_choice":"Removed Attack","floor":39.0,"gold_loss":0.0,"damage_taken":0.0}],"is_beta":false,"boss_relics":[{"not_picked":["Sozu","Runic Dome"],"picked":"Runic Pyramid"},{"not_picked":["Calling Bell","WristBlade"],"picked":"Black Star"}],"items_purged_floors":[19,38],"is_endless":false,"potions_floor_spawned":[3,6,7,10,12,13,16,18,22,25,28,29,33,37,40,41,46],"ascension_level":19}}