{"host":"x6tlfgqpy55vgxdn","time":1607823879,"event":{"mods":["AchievementEnabler","BaseMod","DeckTracker","Minty Spire (QoL Compilation)","Permanent Neow","StSLib","SuperFastMode"],"gold_per_floor":[117,117,117,129,129,160,160,195,221,232,252,123,123,136,136,234,234,253,203,214,128,146,146,175,175,175,208,223,173,192,219,219,320,320,330,380,380,725,744,769,432,432,432,460,460,460,188,138,138,138],"floor_reached":51,"playtime":2255,"items_purged":["Defend_P","Defend_P","Strike_P+1","BowlingBash+1","Defend_P+1","Vigilance+1","BowlingBash+1"],"score":1065,"play_id":"49456b36-dd00-4241-acb3-80e496f28f71","local_time":"20201213104439","is_ascension_mode":true,"campfire_choices":[{"data":"Eruption","floor":7.0,"key":"SMITH"},{"data":"Adaptation","floor":15.0,"key":"SMITH"},{"data":"Vault","floor":23.0,"key":"SMITH"},{"data":"Adaptation","floor":25.0,"key":"SMITH"},{"data":"Vault","floor":32.0,"key":"SMITH"},{"floor":42.0,"key":"REST"},{"data":"InnerPeace","floor":49,"key":"SMITH"}],"circlet_count":0,"master_deck":["Eruption+1","Adaptation+1","Establishment+1","Indignation+1","LessonLearned+1","Halt+1","Vault+1","EmptyBody+1","Scrawl+1","FearNoEvil+1","Adaptation+1","LikeWater+1","Vault+1","DevaForm+1","Adaptation+1","InnerPeace+1"],"relics":["PureWater","NeowsBlessing","Bronze Scales","Centennial Puzzle","Art of War","Smiling Mask","Astrolabe","White Beast Statue","Lizard Tail","Matryoshka","Nunchaku","Sozu","Torii","Old Coin","Strawberry","Frozen Egg 2","Juzu Bracelet","Prayer Wheel","Regal Pillow","Ancient Tea Set","Mango","OrangePellets"],"acts_visited":["Exordium","TheCity","TheBeyond"],"potions_floor_usage":[50,50],"damage_taken":[{"damage":0.0,"enemies":"Small Slimes","floor":1.0,"turns":1.0},{"damage":0.0,"enemies":"2 Louse","floor":4.0,"turns":1.0},{"damage":0.0,"enemies":"3 Sentries","floor":6.0,"turns":1.0},{"damage":0.0,"enemies":"Gremlin Nob","floor":8.0,"turns":2.0},{"damage":0.0,"enemies":"Cultist","floor":10.0,"turns":3.0},{"damage":1.0,"enemies":"Exordium Thugs","floor":11.0,"turns":3.0},{"damage":8.0,"enemies":"Looter","floor":14.0,"turns":1.0},{"damage":5.0,"enemies":"Slime Boss","floor":16.0,"turns":9.0},{"damage":0.0,"enemies":"Spheric Guardian","floor":18.0,"turns":4.0},{"damage":2.0,"enemies":"Chosen","floor":20.0,"turns":2.0},{"damage":0.0,"enemies":"Snecko","floor":22.0,"turns":2.0},{"damage":0.0,"enemies":"Slavers","floor":24.0,"turns":2.0},{"damage":0.0,"enemies":"Gremlin Leader","floor":27.0,"turns":4.0},{"damage":0.0,"enemies":"Centurion and Healer","floor":28.0,"turns":2.0},{"damage":0.0,"enemies":"Shelled Parasite and Fungi","floor":30.0,"turns":2.0},{"damage":20.0,"enemies":"Slavers","floor":31.0,"turns":4.0},{"damage":14.0,"enemies":"Automaton","floor":33.0,"turns":10.0},{"damage":0.0,"enemies":"3 Darklings","floor":35.0,"turns":3.0},{"damage":0.0,"enemies":"Mind Bloom Boss Battle","floor":36.0,"turns":5.0},{"damage":10.0,"enemies":"2 Orb Walkers","floor":38.0,"turns":3.0},{"damage":0.0,"enemies":"3 Shapes","floor":39.0,"turns":3.0},{"damage":0.0,"enemies":"Giant Head","floor":40.0,"turns":5.0},{"damage":20,"enemies":"Reptomancer","floor":44,"turns":4},{"damage":0,"enemies":"Awakened One","floor":50,"turns":4}],"seed_played":"2373711416306643368","potions_obtained":[{"floor":6.0,"key":"FearPotion"},{"floor":8.0,"key":"Swift Potion"},{"floor":10.0,"key":"Dexterity Potion"},{"floor":18.0,"key":"GamblersBrew"},{"floor":24.0,"key":"Regen Potion"},{"floor":28.0,"key":"PowerPotion"},{"floor":30.0,"key":"Regen Potion"},{"floor":33.0,"key":"SmokeBomb"}],"is_trial":false,"path_per_floor":["M","?","?","M","?","E","R","E","T","M","M","$","?","M","R","B",null,"M","$","M","$","M","R","E","R","T","E","M","$","M","E","R","B",null,"M","?","?","?","M","E","$","R","T","E","T","?","$","$","R","B",null],"character_chosen":"WATCHER","items_purchased":["LessonLearned","FearNoEvil","Frozen Egg 2","Adaptation+1","InnerPeace","OrangePellets"],"campfire_rested":1,"item_purchase_floors":[12,21,41,41,47,47],"current_hp_per_floor":[72,77,65,65,50,50,50,50,50,50,49,49,49,41,41,36,77,77,77,75,75,75,75,75,75,75,75,75,75,75,55,55,56,77,77,77,77,67,67,74,74,84,84,64,78,78,78,78,78,78],"gold":138,"neow_bonus":"THREE_ENEMY_KILL","is_daily":false,"chose_seed":false,"campfire_upgraded":6,"win_rate":0.0,"timestamp":1607823879,"path_taken":["M","?","?","M","?","E","R","E","T","M","M","$","?","M","R","BOSS","M","$","M","$","M","R","E","R","T","E","M","$","M","E","R","BOSS","M","?","?","?","M","E","$","R","T","E","?","?","?","$","R","BOSS"],"items_purchased_type":["Card","Card","Relic","Card","Card","Relic"],"build_version":"2020-11-30","purchased_purges":7,"victory":true,"max_hp_per_floor":[72,77,77,77,77,77,77,77,77,77,77,77,77,77,77,77,77,77,77,77,77,77,77,77,77,77,77,77,77,77,77,77,77,77,77,77,77,77,77,84,84,84,84,84,98,98,98,98,98,98],"card_choices":[{"not_picked":["Protect","Perseverance"],"picked":"BowlingBash","floor":1.0},{"not_picked":["Swivel","Sanctity"],"picked":"BowlingBash","floor":4.0},{"not_picked":["Evaluate","FlyingSleeves"],"picked":"Adaptation","floor":6.0},{"not_picked":["CutThroughFate","SashWhip","EmptyBody"],"picked":"SKIP","floor":8.0},{"not_picked":["WreathOfFlame","Establishment","Protect"],"picked":"SKIP","floor":10.0},{"not_picked":["WreathOfFlame","Establishment","Protect"],"picked":"SKIP","floor":10.0},{"not_picked":["WreathOfFlame","Protect"],"picked":"Establishment","floor":10.0},{"not_picked":["Conclude","FlyingSleeves"],"picked":"Indignation","floor":11.0},{"not_picked":["Fasting2","CarveReality","BowlingBash"],"picked":"SKIP","floor":14.0},{"not_picked":["Blasphemy","ConjureBlade"],"picked":"Vault","floor":16.0},{"not_picked":["Protect","SashWhip","Perseverance"],"picked":"SKIP","floor":18.0},{"not_picked":["Protect","SashWhip","Perseverance"],"picked":"SKIP","floor":18.0},{"not_picked":["CrushJoints","Protect","Crescendo"],"picked":"SKIP","floor":20.0},{"not_picked":["CrushJoints","Protect","Crescendo"],"picked":"SKIP","floor":20.0},{"not_picked":["JustLucky+1","Swivel","FearNoEvil+1"],"picked":"SKIP","floor":22.0},{"not_picked":["SashWhip","Prostrate"],"picked":"Adaptation","floor":24.0},{"not_picked":["Swivel+1","EmptyFist","JustLucky"],"picked":"SKIP","floor":27.0},{"not_picked":["Vengeance","FollowUp+1","TalkToTheHand"],"picked":"SKIP","floor":28.0},{"not_picked":["Vengeance","FollowUp+1","TalkToTheHand"],"picked":"SKIP","floor":28.0},{"not_picked":["SashWhip+1","CutThroughFate"],"picked":"LikeWater","floor":30.0},{"not_picked":["EmptyFist","FlurryOfBlows"],"picked":"Vault","floor":31.0},{"not_picked":["DeusExMachina","Vault"],"picked":"DevaForm","floor":33.0},{"not_picked":["EmptyBody+1","FollowUp","LikeWater+1"],"picked":"SKIP","floor":35.0},{"not_picked":["Collect+1","EmptyBody+1","BowlingBash"],"picked":"SKIP","floor":39.0},{"not_picked":["ClearTheMind","LikeWater","JustLucky+1"],"picked":"SKIP","floor":40.0},{"not_picked":["FearNoEvil+1","EmptyBody","FlyingSleeves+1"],"picked":"SKIP","floor":44}],"player_experience":122670,"relics_obtained":[{"floor":6.0,"key":"Centennial Puzzle"},{"floor":8.0,"key":"Art of War"},{"floor":9.0,"key":"Smiling Mask"},{"floor":24.0,"key":"White Beast Statue"},{"floor":26.0,"key":"Lizard Tail"},{"floor":27.0,"key":"Matryoshka"},{"floor":31.0,"key":"Nunchaku"},{"floor":36.0,"key":"Torii"},{"floor":38.0,"key":"Old Coin"},{"floor":40.0,"key":"Strawberry"},{"floor":43.0,"key":"Juzu Bracelet"},{"floor":43.0,"key":"Prayer Wheel"},{"floor":44,"key":"Regal Pillow"},{"floor":45,"key":"Ancient Tea Set"},{"floor":45,"key":"Mango"}],"event_choices":[{"damage_healed":0.0,"max_hp_gain":5.0,"max_hp_loss":0.0,"gold_gain":0.0,"event_name":"Big Fish","player_choice":"Donut","floor":2.0,"gold_loss":0.0,"damage_taken":0.0},{"damage_healed":0.0,"max_hp_gain":0.0,"max_hp_loss":0.0,"gold_gain":0.0,"event_name":"Scrap Ooze","player_choice":"Success","floor":3.0,"gold_loss":0.0,"damage_taken":12.0,"relics_obtained":["Bronze Scales"]},{"damage_healed":0.0,"max_hp_gain":0.0,"max_hp_loss":0.0,"gold_gain":0.0,"event_name":"Shining Light","player_choice":"Entered Light","floor":5.0,"gold_loss":0.0,"damage_taken":15.0,"cards_upgraded":["Strike_P","Defend_P"]},{"damage_healed":0.0,"max_hp_gain":0.0,"max_hp_loss":0.0,"gold_gain":0.0,"cards_transformed":["Strike_P"],"event_name":"Living Wall","player_choice":"Change","floor":13.0,"gold_loss":0.0,"damage_taken":0.0,"cards_obtained":["Halt"]},{"damage_healed":0.0,"max_hp_gain":0.0,"max_hp_loss":0.0,"gold_gain":0.0,"event_name":"MindBloom","player_choice":"Fight","floor":36.0,"gold_loss":0.0,"damage_taken":0.0},{"cards_removed":["CutThroughFate"],"damage_healed":0.0,"max_hp_gain":0.0,"max_hp_loss":0.0,"gold_gain":0.0,"event_name":"Falling","player_choice":"Removed Attack","floor":37.0,"gold_loss":0.0,"damage_taken":0.0},{"damage_healed":0.0,"max_hp_gain":0.0,"max_hp_loss":0.0,"gold_gain":0.0,"event_name":"Mysterious Sphere","player_choice":"Fight","floor":38.0,"gold_loss":0.0,"damage_taken":0.0},{"damage_healed":0,"gold_gain":0,"player_choice":"Ignored","damage_taken":0,"max_hp_gain":0,"max_hp_loss":0,"event_name":"Upgrade Shrine","floor":46,"gold_loss":0}],"is_beta":false,"boss_relics":[{"not_picked":["Velvet Choker","SacredBark"],"picked":"Astrolabe"},{"not_picked":["Black Star","Empty Cage"],"picked":"Sozu"}],"items_purged_floors":[12,19,21,29,41,47,48],"is_endless":false,"potions_floor_spawned":[6,8,10,18,22,24,27,28,30,31,33,35,36,38,39,40,44],"ascension_level":1}}