{"host":"ow9msrs9p2ctkx99","time":1607861141,"event":{"mods":["AchievementEnabler","BaseMod","Colored Map","Colored Powertips","Minty Spire (QoL Compilation)","Permanent Neow","Quick Restart","SuperFastMode"],"gold_per_floor":[110,185,263,279,294,294,337,366,448,518,518,561,561,581,581,689,689,716,486,513,513,542,542,542],"floor_reached":23,"playtime":557,"items_purged":["Strike_B"],"score":312,"play_id":"50e9a71f-b4c7-46ce-8206-c3391575b195","local_time":"20201213130541","is_ascension_mode":true,"campfire_choices":[{"data":"Fusion","floor":6.0,"key":"SMITH"},{"floor":11.0,"key":"REST"},{"data":"Sunder","floor":15.0,"key":"SMITH"}],"circlet_count":0,"master_deck":["AscendersBane","Strike_B","Strike_B","Strike_B","Defend_B","Defend_B","Defend_B","Defend_B","Zap","Dualcast","Conserve Battery","Ball Lightning","Fusion+1","Seek","Steam Power","Sunder+1","Buffer+1","Self Repair+1","Core Surge","Steam","Capacitor+1","Chill","Consume","Coolheaded","Static Discharge+1"],"relics":["Cracked Core","Strawberry","Frozen Egg 2","CeramicFish","Gremlin Horn","Sundial","Art of War","Black Star"],"acts_visited":["Exordium","TheCity"],"potions_floor_usage":[23],"damage_taken":[{"damage":0.0,"enemies":"Small Slimes","floor":1.0,"turns":3.0},{"damage":5.0,"enemies":"Jaw Worm","floor":4.0,"turns":3.0},{"damage":1.0,"enemies":"Cultist","floor":5.0,"turns":3.0},{"damage":30.0,"enemies":"3 Sentries","floor":7.0,"turns":6.0},{"damage":1.0,"enemies":"Large Slime","floor":8.0,"turns":4.0},{"damage":25.0,"enemies":"3 Sentries","floor":10.0,"turns":5.0},{"damage":20.0,"enemies":"Lagavulin","floor":12.0,"turns":6.0},{"damage":0.0,"enemies":"Looter","floor":14.0,"turns":3.0},{"damage":27.0,"enemies":"The Guardian","floor":16.0,"turns":10.0},{"damage":34.0,"enemies":"3 Byrds","floor":18.0,"turns":5.0},{"damage":15.0,"enemies":"Shell Parasite","floor":20.0,"turns":6.0},{"damage":20.0,"enemies":"Sentry and Sphere","floor":22.0,"turns":8.0},{"damage":36,"enemies":"Gremlin Leader","floor":23,"turns":4}],"seed_played":"-3789466076044597126","potions_obtained":[{"floor":5.0,"key":"Explosive Potion"},{"floor":7.0,"key":"GamblersBrew"},{"floor":8.0,"key":"SpeedPotion"},{"floor":12.0,"key":"GamblersBrew"},{"floor":18.0,"key":"Explosive Potion"},{"floor":22.0,"key":"FocusPotion"}],"is_trial":false,"path_per_floor":["M","?","T","M","M","R","E","M","T","?","R","E","?","M","R","B",null,"M","$","M","?","M","E"],"character_chosen":"DEFECT","items_purchased":["Capacitor+1","Chill","Consume"],"campfire_rested":1,"item_purchase_floors":[19,19,19],"current_hp_per_floor":[75,64,64,59,58,58,28,27,27,2,26,6,33,33,33,16,66,42,42,37,37,27,0,0],"gold":542,"neow_bonus":"RANDOM_COMMON_RELIC","is_daily":false,"chose_seed":false,"campfire_upgraded":2,"win_rate":0.0,"timestamp":1607861141,"path_taken":["M","?","?","M","?","R","E","M","T","?","R","E","?","M","R","BOSS","M","$","M","?","M","E"],"items_purchased_type":["Card","Card","Card"],"build_version":"2020-11-30","purchased_purges":1,"victory":false,"max_hp_per_floor":[82,82,82,82,82,82,82,82,82,82,82,82,82,82,82,82,82,82,82,82,82,82,82,82],"card_choices":[{"not_picked":["Beam Cell","Stack"],"picked":"Conserve Battery","floor":1.0},{"not_picked":["Loop+1","Steam Power"],"picked":"Ball Lightning","floor":4.0},{"not_picked":["Redo","Leap"],"picked":"Fusion","floor":5.0},{"not_picked":["Streamline","Coolheaded"],"picked":"Seek","floor":7.0},{"not_picked":["Coolheaded","Ball Lightning"],"picked":"Steam Power","floor":8.0},{"not_picked":["Turbo","Fusion"],"picked":"Sunder","floor":10.0},{"not_picked":["Loop+1","Leap"],"picked":"Buffer+1","floor":12.0},{"not_picked":["Rip and Tear","Barrage"],"picked":"Self Repair+1","floor":14.0},{"not_picked":["Fission","Thunder Strike"],"picked":"Core Surge","floor":16.0},{"not_picked":["Rebound","Compile Driver"],"picked":"Steam","floor":18.0},{"not_picked":["Go for the Eyes","Steam"],"picked":"Coolheaded","floor":20.0},{"not_picked":["Hologram+1","Rip and Tear"],"picked":"Static Discharge+1","floor":22.0}],"player_experience":1007037,"relics_obtained":[{"floor":3.0,"key":"Frozen Egg 2"},{"floor":7.0,"key":"CeramicFish"},{"floor":9.0,"key":"Gremlin Horn"},{"floor":12.0,"key":"Art of War"}],"event_choices":[{"damage_healed":0.0,"max_hp_gain":0.0,"max_hp_loss":0.0,"gold_gain":75.0,"event_name":"World of Goop","player_choice":"Gather Gold","floor":2.0,"gold_loss":0.0,"damage_taken":11.0},{"damage_healed":0.0,"max_hp_gain":0.0,"max_hp_loss":0.0,"gold_gain":0.0,"event_name":"Dead Adventurer","player_choice":"Searched \u00273\u0027 times","floor":10.0,"gold_loss":0.0,"damage_taken":0.0,"relics_obtained":["Sundial"]},{"damage_healed":27.0,"max_hp_gain":0.0,"max_hp_loss":0.0,"gold_gain":0.0,"event_name":"Big Fish","player_choice":"Banana","floor":13.0,"gold_loss":0.0,"damage_taken":0.0},{"damage_healed":0.0,"max_hp_gain":0.0,"max_hp_loss":0.0,"gold_gain":0.0,"event_name":"Match and Keep!","player_choice":"0 cards matched","floor":21.0,"gold_loss":0.0,"damage_taken":0.0,"cards_obtained":[]}],"is_beta":false,"boss_relics":[{"not_picked":["Inserter","Busted Crown"],"picked":"Black Star"}],"items_purged_floors":[19],"is_endless":false,"potions_floor_spawned":[5,7,8,12,18,22],"killed_by":"Gremlin Leader","ascension_level":11}}