{"host":"msfr2axb1w9025n0","time":1607826286,"event":{"mods":["BaseMod","Colored Map","DeckTracker","Minty Spire (QoL Compilation)"],"gold_per_floor":[368,368,368,34,58,58,91,91,91,127,147,147,181,206,206,331,331,350,350,373,373,388,419,419,437,437,472,472,472,472,491,491,491,491],"floor_reached":33,"playtime":943,"items_purged":["Injury"],"score":530,"play_id":"347d73c2-aeb0-4d00-80a2-444ed54d5e14","local_time":"20201213092446","is_ascension_mode":true,"campfire_choices":[{"data":"White Noise","floor":6.0,"key":"SMITH"},{"data":"Gash","floor":12.0,"key":"SMITH"},{"data":"All For One","floor":15.0,"key":"SMITH"},{"floor":24,"key":"REST"},{"floor":30,"key":"DIG"},{"floor":32,"key":"REST"}],"circlet_count":0,"master_deck":["AscendersBane","Strike_B+1","Strike_B+1","Strike_B+1","Strike_B+1","Defend_B+1","Defend_B+1","Defend_B+1","Defend_B+1","Zap","Dualcast","Beam Cell","All For One+1","Go for the Eyes","White Noise+1","Self Repair","Go for the Eyes+1","Parasite","Gash+1","Auto Shields","Rebound","Beam Cell","Gash","Necronomicurse","Static Discharge+1","Leap","Beam Cell"],"relics":["Cracked Core","Golden Idol","Anchor","Du-Vu Doll","Boot","Whetstone","SacredBark","Necronomicon","Ice Cream","Shovel","Regal Pillow","Lantern","Symbiotic Virus"],"acts_visited":["Exordium","TheCity"],"potions_floor_usage":[23,31,33],"damage_taken":[{"damage":1.0,"enemies":"Cultist","floor":1.0,"turns":3.0},{"damage":2.0,"enemies":"Jaw Worm","floor":5.0,"turns":2.0},{"damage":7.0,"enemies":"Gremlin Nob","floor":7.0,"turns":3.0},{"damage":22.0,"enemies":"Lagavulin","floor":10.0,"turns":7.0},{"damage":3.0,"enemies":"2 Louse","floor":11.0,"turns":3.0},{"damage":15.0,"enemies":"3 Sentries","floor":13.0,"turns":5.0},{"damage":0.0,"enemies":"Blue Slaver","floor":14.0,"turns":3.0},{"damage":0.0,"enemies":"Slime Boss","floor":16.0,"turns":6.0},{"damage":1.0,"enemies":"2 Thieves","floor":18.0,"turns":3.0},{"damage":3.0,"enemies":"Spheric Guardian","floor":20.0,"turns":3.0},{"damage":24.0,"enemies":"Snake Plant","floor":22.0,"turns":4.0},{"damage":30,"enemies":"Slavers","floor":23,"turns":5},{"damage":13,"enemies":"Centurion and Healer","floor":25,"turns":4},{"damage":8,"enemies":"Book of Stabbing","floor":27,"turns":4},{"damage":6,"enemies":"Cultist and Chosen","floor":31,"turns":5},{"damage":62,"enemies":"Collector","floor":33,"turns":6}],"seed_played":"7023919733115835281","potions_obtained":[{"floor":1.0,"key":"AttackPotion"},{"floor":11.0,"key":"Energy Potion"},{"floor":13.0,"key":"DuplicationPotion"},{"floor":16.0,"key":"PowerPotion"},{"floor":22.0,"key":"Energy Potion"},{"floor":23,"key":"PowerPotion"}],"is_trial":false,"path_per_floor":["M","?","?","$","M","R","E","?","T","E","M","R","E","M","R","B",null,"M","?","M","?","M","E","R","M","T","E","T","?","R","M","R","B"],"character_chosen":"DEFECT","items_purchased":["All For One","Go for the Eyes","White Noise"],"campfire_rested":2,"item_purchase_floors":[4,4,4],"current_hp_per_floor":[49,34,34,34,32,32,32,50,50,35,39,39,31,31,31,38,66,65,65,69,53,36,13,35,29,29,21,21,21,21,22,59,0,0],"gold":491,"neow_bonus":"TWO_FIFTY_GOLD","is_daily":false,"chose_seed":false,"campfire_upgraded":3,"win_rate":0.0,"timestamp":1607826286,"path_taken":["M","?","?","$","?","R","E","?","T","E","M","R","E","M","R","BOSS","M","?","M","?","M","E","R","M","T","E","?","?","R","?","R","BOSS"],"items_purchased_type":["Card","Card","Card"],"build_version":"2020-11-30","purchased_purges":1,"victory":false,"max_hp_per_floor":[75,75,75,75,75,75,75,75,75,75,75,75,75,75,75,75,75,75,75,75,75,75,75,75,75,75,75,75,75,75,75,75,75,75],"card_choices":[{"not_picked":["Blizzard","Rebound"],"picked":"Beam Cell","floor":1.0},{"not_picked":["Leap","Capacitor"],"picked":"Self Repair","floor":5.0},{"not_picked":["Rebound","Doom and Gloom"],"picked":"Go for the Eyes","floor":7.0},{"not_picked":["Scrape","Beam Cell"],"picked":"Gash","floor":10.0},{"not_picked":["Ball Lightning","Recycle"],"picked":"Auto Shields","floor":11.0},{"not_picked":["Consume","Stack"],"picked":"Rebound","floor":13.0},{"not_picked":["Conserve Battery","Ball Lightning"],"picked":"Beam Cell","floor":14.0},{"not_picked":["Barrage+1","Stack"],"picked":"Gash","floor":18.0},{"not_picked":["Tempest","Rebound","Redo"],"picked":"SKIP","floor":20.0},{"not_picked":["Rebound","Consume"],"picked":"Static Discharge+1","floor":22.0},{"not_picked":["Electrodynamics","Chaos","Compile Driver+1"],"picked":"SKIP","floor":23},{"not_picked":["Heatsinks","Cold Snap+1"],"picked":"Leap","floor":25},{"not_picked":["Core Surge","Stack+1","White Noise"],"picked":"SKIP","floor":27},{"not_picked":["Sweeping Beam","Cold Snap"],"picked":"Beam Cell","floor":31}],"player_experience":242862,"relics_obtained":[{"floor":7.0,"key":"Anchor"},{"floor":9.0,"key":"Du-Vu Doll"},{"floor":10.0,"key":"Boot"},{"floor":13.0,"key":"Whetstone"},{"floor":21.0,"key":"Necronomicon"},{"floor":23,"key":"Ice Cream"},{"floor":26,"key":"Shovel"},{"floor":27,"key":"Regal Pillow"},{"floor":28,"key":"Lantern"},{"floor":30,"key":"Symbiotic Virus"}],"event_choices":[{"damage_healed":0.0,"max_hp_gain":0.0,"max_hp_loss":0.0,"gold_gain":0.0,"event_name":"Shining Light","player_choice":"Entered Light","floor":2.0,"gold_loss":0.0,"damage_taken":15.0,"cards_upgraded":["Strike_B","Defend_B"]},{"damage_healed":0.0,"max_hp_gain":0.0,"max_hp_loss":0.0,"gold_gain":0.0,"event_name":"Golden Idol","player_choice":"Take Wound","floor":3.0,"gold_loss":0.0,"damage_taken":0.0,"relics_obtained":["Golden Idol"],"cards_obtained":["Injury"]},{"damage_healed":18.0,"max_hp_gain":0.0,"max_hp_loss":0.0,"gold_gain":0.0,"event_name":"Mushrooms","player_choice":"Healed and dodged fight","floor":8.0,"gold_loss":0.0,"damage_taken":0.0,"cards_obtained":["Parasite"]},{"damage_healed":0.0,"max_hp_gain":0.0,"max_hp_loss":0.0,"gold_gain":0.0,"event_name":"Back to Basics","player_choice":"Simplicity","floor":19.0,"gold_loss":0.0,"damage_taken":0.0,"cards_upgraded":["Strike_B","Strike_B","Defend_B","Defend_B","Defend_B"]},{"damage_healed":0.0,"max_hp_gain":0.0,"max_hp_loss":0.0,"gold_gain":0.0,"event_name":"Cursed Tome","player_choice":"Obtained Book","floor":21.0,"gold_loss":0.0,"damage_taken":16.0},{"damage_healed":0,"gold_gain":0,"player_choice":"Ignored","damage_taken":0,"max_hp_gain":0,"max_hp_loss":0,"event_name":"Ghosts","floor":29,"gold_loss":0}],"is_beta":false,"boss_relics":[{"not_picked":["Black Star","Tiny House"],"picked":"SacredBark"}],"items_purged_floors":[4],"is_endless":false,"potions_floor_spawned":[1,11,13,16,18,22,23,27],"killed_by":"Collector","ascension_level":10}}