{"host":"hu28r05xoq06ggve","time":1607847361,"event":{"mods":["BaseMod","Hubris","Infinite Spire","Minty Spire (QoL Compilation)","Replay The Spire","StSLib"],"gold_per_floor":[115,135,147,159,176,195,213,227,227,227,227,192,211,230,230,230,230],"floor_reached":16,"playtime":861,"items_purged":[],"score":100,"play_id":"7086583e-d498-40df-995e-8caa65f3f9ee","local_time":"20201213001601","is_ascension_mode":false,"campfire_choices":[{"data":"Tactician","floor":11,"key":"SMITH"},{"floor":15,"key":"REST"}],"circlet_count":0,"master_deck":["Strike_G","Strike_G","Strike_G","Defend_G","Defend_G","Defend_G","Defend_G","Defend_G","Survivor","Neutralize","ReplayTheSpireMod:Exploit Weakness","Flying Knee","Dagger Throw","Tactician+1","Well Laid Plans","Caltrops","Underhanded Strike","Dagger Throw","Underhanded Strike"],"relics":["Ring of the Snake","Golden Egg"],"acts_visited":["Exordium"],"potions_floor_usage":[4,6,16],"damage_taken":[{"damage":5,"enemies":"Small Slimes","floor":1,"turns":4},{"damage":0,"enemies":"Cultist","floor":2,"turns":3},{"damage":0,"enemies":"Jaw Worm","floor":3,"turns":4},{"damage":10,"enemies":"Large Slime","floor":4,"turns":9},{"damage":5,"enemies":"Looter","floor":5,"turns":4},{"damage":8,"enemies":"Exordium Thugs","floor":6,"turns":7},{"damage":7,"enemies":"Blue Slaver","floor":7,"turns":6},{"damage":0,"enemies":"Looter","floor":8,"turns":4},{"damage":8,"enemies":"Exordium Thugs","floor":13,"turns":4},{"damage":17,"enemies":"Large Slime","floor":14,"turns":5},{"damage":63,"enemies":"Slime Boss","floor":16,"turns":10}],"seed_played":"-3714617375232562692","potions_obtained":[{"floor":2,"key":"Explosive Potion"},{"floor":4,"key":"Block Potion"},{"floor":7,"key":"Strength Potion"},{"floor":8,"key":"Regen Potion"}],"is_trial":false,"path_per_floor":["M","M","M","M","M","M","M","M","T","?","R","?","M","M","R","B"],"character_chosen":"THE_SILENT","items_purchased":[],"campfire_rested":1,"item_purchase_floors":[],"current_hp_per_floor":[65,65,65,55,50,42,35,35,35,35,35,52,44,27,48,0,0],"gold":230,"neow_bonus":"TRANSFORM_CARD","is_daily":false,"chose_seed":false,"campfire_upgraded":1,"win_rate":0.0,"timestamp":1607847361,"path_taken":["M","M","M","M","M","M","M","M","T","?","R","?","M","M","R","BOSS"],"items_purchased_type":[],"build_version":"2020-11-30","purchased_purges":0,"victory":false,"max_hp_per_floor":[70,70,70,70,70,70,70,70,70,70,70,70,70,70,70,70,70],"card_choices":[{"not_picked":["Hidden Blade","hubris:Counter"],"picked":"Flying Knee","floor":1},{"not_picked":["Infinite Blades","Finisher"],"picked":"Dagger Throw","floor":2},{"not_picked":["Prepared","Slice"],"picked":"Tactician","floor":3},{"not_picked":["Outmaneuver","Escape Plan"],"picked":"Well Laid Plans","floor":4},{"not_picked":["ReplayTheSpireMod:Exploit Weakness","Slice"],"picked":"Caltrops","floor":5},{"not_picked":["Poisoned Stab","Skewer","Toxin Wave"],"picked":"SKIP","floor":6},{"not_picked":["Crippling Poison","Deadly Poison"],"picked":"Underhanded Strike","floor":7},{"not_picked":["Flechettes","Underhanded Strike"],"picked":"Dagger Throw","floor":8},{"not_picked":["Dodge and Roll","Slice","Poisoned Stab"],"picked":"SKIP","floor":13},{"not_picked":["Finisher","Caltrops"],"picked":"Underhanded Strike","floor":14}],"player_experience":92854,"relics_obtained":[{"floor":9,"key":"Golden Egg"}],"event_choices":[{"damage_healed":17,"gold_gain":0,"player_choice":"Healed","damage_taken":0,"max_hp_gain":0,"max_hp_loss":0,"event_name":"The Cleric","floor":12,"gold_loss":35}],"is_beta":false,"boss_relics":[],"items_purged_floors":[],"is_endless":false,"potions_floor_spawned":[2,4,7,8],"killed_by":"Slime Boss","ascension_level":0}}