{"host":"t7mx8yfj1no5p62f","time":1607837040,"event":{"mods":["BaseMod","Colored Map","Colored Powertips","Minty Spire (QoL Compilation)","Relic Stats","StSLib"],"gold_per_floor":[112,112,37,37,37,77,77,97,122,141,159,178,212,49,49,143,143,164,79,29,67,86,36,72,72,72,103,103,14,34,53,53,53,53],"floor_reached":33,"playtime":1174,"items_purged":["Strike_G","Strike_G"],"score":636,"play_id":"e071bbb8-1eb2-4aba-9bc6-54ad1eb046a4","local_time":"20201213002400","is_ascension_mode":true,"campfire_choices":[{"data":"Neutralize","floor":7.0,"key":"SMITH"},{"data":"Survivor","floor":15.0,"key":"SMITH"},{"data":"Bouncing Flask","floor":25.0,"key":"SMITH"},{"floor":28.0,"key":"REST"},{"data":"Noxious Fumes","floor":32.0,"key":"SMITH"}],"circlet_count":0,"master_deck":["AscendersBane","Strike_G","Strike_G+1","Defend_G","Defend_G","Defend_G","Defend_G","Defend_G","Survivor+1","Neutralize+1","Dagger Spray+1","Adrenaline","Flying Knee+1","Die Die Die+1","Sucker Punch+1","Malaise","PiercingWail","Bouncing Flask+1","Crippling Poison+1","Malaise","Noxious Fumes+1","Backflip","Deadly Poison+1"],"relics":["Ring of the Snake","NeowsBlessing","Smiling Mask","Golden Idol","Molten Egg 2","Omamori","Letter Opener","Lee\u0027s Waffle","Cursed Key","Blood Vial","Red Mask","Tough Bandages","Question Card"],"acts_visited":["Exordium","TheCity"],"potions_floor_usage":[33,33],"damage_taken":[{"damage":0.0,"enemies":"Cultist","floor":1.0,"turns":1.0},{"damage":0.0,"enemies":"3 Sentries","floor":6.0,"turns":2.0},{"damage":0.0,"enemies":"2 Louse","floor":8.0,"turns":1.0},{"damage":0.0,"enemies":"Small Slimes","floor":10.0,"turns":1.0},{"damage":0.0,"enemies":"3 Louse","floor":11.0,"turns":3.0},{"damage":1.0,"enemies":"Blue Slaver","floor":12.0,"turns":3.0},{"damage":28.0,"enemies":"Lagavulin","floor":13.0,"turns":8.0},{"damage":18.0,"enemies":"Slime Boss","floor":16.0,"turns":7.0},{"damage":13.0,"enemies":"Spheric Guardian","floor":18.0,"turns":4.0},{"damage":0.0,"enemies":"Masked Bandits","floor":21.0,"turns":2.0},{"damage":0.0,"enemies":"3 Byrds","floor":22.0,"turns":4.0},{"damage":29.0,"enemies":"Slavers","floor":24.0,"turns":8.0},{"damage":22.0,"enemies":"Book of Stabbing","floor":27.0,"turns":6.0},{"damage":2.0,"enemies":"Snake Plant","floor":30.0,"turns":4.0},{"damage":3.0,"enemies":"3 Cultists","floor":31.0,"turns":4.0},{"damage":34,"enemies":"Champ","floor":33,"turns":10}],"seed_played":"-2478325979459707707","potions_obtained":[{"floor":1.0,"key":"ColorlessPotion"},{"floor":11.0,"key":"LiquidBronze"},{"floor":12.0,"key":"Poison Potion"},{"floor":13.0,"key":"SteroidPotion"},{"floor":16.0,"key":"SkillPotion"},{"floor":21.0,"key":"Explosive Potion"},{"floor":27.0,"key":"Fire Potion"},{"floor":30.0,"key":"Fire Potion"},{"floor":31.0,"key":"Swift Potion"}],"is_trial":false,"path_per_floor":["M","?","?","?","?","E","R","M","T","M","M","M","E","$","R","B",null,"M","?","$","?","M","$","E","R","T","E","R","$","M","M","R","B"],"character_chosen":"THE_SILENT","items_purchased":["Lee\u0027s Waffle","Noxious Fumes"],"campfire_rested":1,"item_purchase_floors":[14,29],"current_hp_per_floor":[59,54,54,54,36,36,36,36,36,36,36,35,7,67,67,49,63,50,50,50,52,54,54,27,27,27,7,27,27,27,26,26,0,0],"gold":53,"neow_bonus":"THREE_ENEMY_KILL","is_daily":false,"chose_seed":false,"campfire_upgraded":4,"win_rate":0.0,"timestamp":1607837040,"path_taken":["M","?","?","?","?","E","R","M","T","M","M","M","E","$","R","BOSS","M","?","$","?","M","?","E","R","T","E","R","$","?","M","R","BOSS"],"items_purchased_type":["Relic","Card"],"build_version":"2020-11-30","purchased_purges":2,"victory":false,"max_hp_per_floor":[66,66,66,60,60,60,60,60,60,60,60,60,60,67,67,67,67,67,67,67,67,67,67,67,67,67,67,67,67,67,67,67,67,67],"relic_stats":{"Blood Vial":14,"Lee\u0027s Waffle":60,"Tough Bandages":[15],"counters":[16,68],"Golden Idol":87,"Letter Opener":[63],"Smiling Mask":75,"Cursed Key":0,"Question Card":2,"obtain_stats":[{"Lee\u0027s Waffle":14,"NeowsBlessing":0,"Golden Idol":4,"Omamori":9,"Letter Opener":13,"Smiling Mask":2,"Cursed Key":17,"Question Card":27,"Blood Vial":19,"Tough Bandages":24,"Molten Egg 2":6,"Red Mask":21,"Ring of the Snake":0},{"Lee\u0027s Waffle":7,"NeowsBlessing":0,"Golden Idol":1,"Omamori":3,"Letter Opener":7,"Smiling Mask":1,"Cursed Key":8,"Question Card":13,"Blood Vial":9,"Tough Bandages":12,"Molten Egg 2":2,"Red Mask":10,"Ring of the Snake":0},{"Lee\u0027s Waffle":19,"NeowsBlessing":0,"Golden Idol":1,"Omamori":4,"Letter Opener":19,"Smiling Mask":1,"Cursed Key":26,"Question Card":50,"Blood Vial":30,"Tough Bandages":44,"Molten Egg 2":3,"Red Mask":32,"Ring of the Snake":0}],"Ring of the Snake":[32]},"card_choices":[{"not_picked":["Footwork","Finisher"],"picked":"Dagger Spray","floor":1.0},{"not_picked":["Deflect","Riddle With Holes+1"],"picked":"Adrenaline","floor":6.0},{"not_picked":["Calculated Gamble","Acrobatics"],"picked":"Flying Knee+1","floor":8.0},{"not_picked":["Flying Knee+1","Expertise","Deflect"],"picked":"SKIP","floor":10.0},{"not_picked":["Flying Knee+1","Expertise","Deflect"],"picked":"SKIP","floor":10.0},{"not_picked":["Deflect","Caltrops","PiercingWail"],"picked":"SKIP","floor":11.0},{"not_picked":["Dodge and Roll","PiercingWail"],"picked":"Die Die Die+1","floor":12.0},{"not_picked":["Cloak And Dagger","Acrobatics"],"picked":"Sucker Punch+1","floor":13.0},{"not_picked":["Bullet Time","Storm of Steel"],"picked":"Malaise","floor":16.0},{"not_picked":["Flying Knee+1","Sucker Punch+1"],"picked":"PiercingWail","floor":18.0},{"not_picked":["Sucker Punch+1","Outmaneuver"],"picked":"Bouncing Flask","floor":21.0},{"not_picked":["Poisoned Stab+1","A Thousand Cuts","Sucker Punch+1"],"picked":"SKIP","floor":22.0},{"not_picked":["Accuracy+1","Predator+1"],"picked":"Crippling Poison+1","floor":24.0},{"not_picked":["Slice+1","Masterful Stab+1"],"picked":"Malaise","floor":27.0},{"not_picked":["Heel Hook+1","Expertise","Dagger Spray+1"],"picked":"Backflip","floor":30.0},{"not_picked":["Dagger Spray+1","Flying Knee+1","PiercingWail"],"picked":"Deadly Poison+1","floor":31.0}],"player_experience":1538229,"relics_obtained":[{"floor":6.0,"key":"Molten Egg 2"},{"floor":9.0,"key":"Omamori"},{"floor":13.0,"key":"Letter Opener"},{"floor":21.0,"key":"Red Mask"},{"floor":24.0,"key":"Tough Bandages"},{"floor":27.0,"key":"Question Card"}],"event_choices":[{"damage_healed":0.0,"max_hp_gain":0.0,"max_hp_loss":0.0,"gold_gain":0.0,"event_name":"Scrap Ooze","player_choice":"Success","floor":2.0,"gold_loss":0.0,"damage_taken":5.0,"relics_obtained":["Smiling Mask"]},{"cards_removed":["Strike_G"],"damage_healed":0.0,"max_hp_gain":0.0,"max_hp_loss":0.0,"gold_gain":0.0,"event_name":"The Cleric","player_choice":"Card Removal","floor":3.0,"gold_loss":75.0,"damage_taken":0.0},{"damage_healed":0.0,"max_hp_gain":0.0,"max_hp_loss":6.0,"gold_gain":0.0,"event_name":"Golden Idol","player_choice":"Lose Max HP","floor":4.0,"gold_loss":0.0,"damage_taken":0.0,"relics_obtained":["Golden Idol"]},{"damage_healed":0.0,"max_hp_gain":0.0,"max_hp_loss":0.0,"gold_gain":0.0,"event_name":"Shining Light","player_choice":"Entered Light","floor":5.0,"gold_loss":0.0,"damage_taken":18.0,"cards_upgraded":["Dagger Spray","Strike_G"]},{"damage_healed":0.0,"max_hp_gain":0.0,"max_hp_loss":0.0,"gold_gain":0.0,"event_name":"Addict","player_choice":"Obtained Relic","floor":19.0,"gold_loss":85.0,"damage_taken":0.0,"relics_obtained":["Blood Vial"]},{"damage_healed":0.0,"max_hp_gain":0.0,"max_hp_loss":0.0,"gold_gain":0.0,"event_name":"Masked Bandits","player_choice":"Fought Bandits","floor":21.0,"gold_loss":0.0,"damage_taken":0.0}],"is_beta":false,"boss_relics":[{"not_picked":["Tiny House","SlaversCollar"],"picked":"Cursed Key"}],"items_purged_floors":[20,23],"is_endless":false,"potions_floor_spawned":[1,11,12,13,16,21,27,30,31],"killed_by":"Champ","ascension_level":20}}