{"host":"m1ntkrf87179kmo6","time":1607818512,"event":{"mods":["BaseMod","Better Third Choice","Minty Spire (QoL Compilation)","Shade Mod","StSLib"],"gold_per_floor":[115,85,100,117,41,76,76,76,103,116,116,128,128,141,141,246,246,227,227,227,245,256,272,272,283,306,20,20,20,20,40,40,40,40],"floor_reached":33,"playtime":3422,"items_purged":[],"score":249,"play_id":"f96c5a68-def8-476e-bccc-d5a4436551cd","local_time":"20201212191512","is_ascension_mode":false,"campfire_choices":[{"floor":7,"key":"REST"},{"floor":11,"key":"REST"},{"data":"Shade:TouchOfTheGrave","floor":13,"key":"SMITH"},{"floor":15,"key":"REST"},{"floor":24,"key":"REST"},{"floor":28,"key":"REST"},{"floor":30,"key":"RECALL"},{"floor":32,"key":"REST"}],"circlet_count":0,"master_deck":["Shade:Strike_Shade","Shade:Strike_Shade","Shade:Strike_Shade","Shade:Strike_Shade","Shade:Defend_Shade","Shade:Defend_Shade","Shade:Defend_Shade","Shade:Defend_Shade","Shade:AnimateDead","Shade:CarefulCut","Shade:Bite_Shade","Shade:TouchOfTheGrave+1","Shade:ClawBack","Shade:ExtraLimbs","Writhe","Shade:FuneraryJewels","Shade:SensePrey","Shade:AncientSpear"],"relics":["Shade:YorickSkull","betterThird:SlimedRelic","PreservedInsect","Blood Vial","Meat on the Bone","Mercury Hourglass"],"acts_visited":["Exordium","TheCity"],"potions_floor_usage":[4,12,22,31,33],"damage_taken":[{"damage":0,"enemies":"Small Slimes","floor":1,"turns":3},{"damage":0,"enemies":"2 Louse","floor":3,"turns":2},{"damage":0,"enemies":"Cultist","floor":4,"turns":2},{"damage":40,"enemies":"3 Sentries","floor":6,"turns":13},{"damage":4,"enemies":"Red Slaver","floor":10,"turns":4},{"damage":27,"enemies":"Gremlin Gang","floor":12,"turns":7},{"damage":6,"enemies":"3 Louse","floor":14,"turns":4},{"damage":44,"enemies":"Slime Boss","floor":16,"turns":9},{"damage":16,"enemies":"2 Thieves","floor":18,"turns":4},{"damage":0,"enemies":"3 Byrds","floor":21,"turns":8},{"damage":45,"enemies":"Cultist and Chosen","floor":22,"turns":9},{"damage":17,"enemies":"Snecko","floor":23,"turns":5},{"damage":17,"enemies":"Chosen and Byrds","floor":25,"turns":7},{"damage":10,"enemies":"Snake Plant","floor":31,"turns":3},{"damage":75,"enemies":"Champ","floor":33,"turns":9}],"seed_played":"6528776208479952649","potions_obtained":[{"floor":3,"key":"FearPotion"},{"floor":4,"key":"Block Potion"},{"floor":23,"key":"FearPotion"},{"floor":25,"key":"FearPotion"}],"is_trial":false,"path_per_floor":["M","?","M","M","$","E","R","$","T","M","R","M","R","M","R","B",null,"M","?","?","M","M","M","R","M","T","$","R","$","R","M","R","B"],"character_chosen":"SHADE","items_purchased":["Ancient Potion","Mercury Hourglass","Shade:AncientSpear"],"campfire_rested":6,"item_purchase_floors":[5,27,27],"current_hp_per_floor":[65,54,54,54,54,22,41,41,41,41,60,41,41,37,56,22,65,51,51,51,57,32,31,50,37,37,37,56,56,56,48,65,0,0],"gold":40,"neow_bonus":"RANDOM_COLORLESS","is_daily":false,"chose_seed":false,"campfire_upgraded":1,"win_rate":0.0,"timestamp":1607818512,"path_taken":["M","?","M","M","$","E","R","$","T","M","R","M","R","M","R","BOSS","M","?","?","?","M","M","R","M","T","$","R","?","R","?","R","BOSS"],"items_purchased_type":["Potion","Relic","Card"],"build_version":"2020-11-30","purchased_purges":0,"victory":false,"max_hp_per_floor":[65,65,65,65,65,65,65,65,65,65,65,65,65,65,65,65,65,65,65,65,65,65,65,65,65,65,65,65,65,65,65,65,65,65],"card_choices":[{"not_picked":["Shade:Trample","Shade:SoulToxin","Shade:SkeletonHug"],"picked":"SKIP","floor":1},{"not_picked":["Shade:GoDigging","Shade:FingerOfDeath","Shade:RavenousHorde"],"picked":"SKIP","floor":3},{"not_picked":["Shade:FuneraryJewels","Shade:AuraOfUnlife"],"picked":"Shade:Bite_Shade","floor":4},{"not_picked":["Shade:BoneShards","Shade:Bonestorm"],"picked":"Shade:TouchOfTheGrave","floor":6},{"not_picked":["Shade:Bonestorm","Shade:GraveStillness","Shade:CommandSoldier"],"picked":"SKIP","floor":10},{"not_picked":["Shade:FeralStrike","Shade:SkeletonHug"],"picked":"Shade:ClawBack","floor":12},{"not_picked":["Shade:PressTheAttack","Shade:GreyBargain"],"picked":"Shade:ExtraLimbs","floor":14},{"not_picked":["Shade:WallOfFlesh+1","Shade:FeralStrike","Shade:LyeBath"],"picked":"SKIP","floor":18},{"not_picked":["Shade:CallOfTheGrave","Shade:Excise+1"],"picked":"Shade:FuneraryJewels","floor":21},{"not_picked":["Shade:Frenzy","Shade:CommandSoldier","Shade:Premonition"],"picked":"SKIP","floor":22},{"not_picked":["Shade:PressTheAttack","Shade:FingerOfDeath"],"picked":"Shade:SensePrey","floor":23},{"not_picked":["Shade:Premonition","Shade:Bonestorm+1","Shade:Frenzy+1"],"picked":"SKIP","floor":25},{"not_picked":["Shade:Putrefaction","Shade:FeralStrike","Shade:Trample"],"picked":"SKIP","floor":31}],"player_experience":987526,"relics_obtained":[{"floor":6,"key":"PreservedInsect"},{"floor":9,"key":"Blood Vial"}],"event_choices":[{"damage_healed":0,"gold_gain":0,"player_choice":"Slimed","damage_taken":11,"max_hp_gain":0,"max_hp_loss":0,"event_name":"betterThird:BetterGoop","floor":2,"gold_loss":30},{"damage_healed":0,"gold_gain":0,"player_choice":"Opened","damage_taken":0,"relics_obtained":["Meat on the Bone"],"max_hp_gain":0,"max_hp_loss":0,"event_name":"The Mausoleum","floor":19,"gold_loss":0,"cards_obtained":["Writhe"]},{"damage_healed":0,"gold_gain":0,"player_choice":"Ignored","damage_taken":0,"max_hp_gain":0,"max_hp_loss":0,"event_name":"Transmorgrifier","floor":20,"gold_loss":0}],"is_beta":false,"boss_relics":[{"not_picked":["Runic Dome","Astrolabe","Pandora\u0027s Box"]}],"items_purged_floors":[],"is_endless":false,"potions_floor_spawned":[3,4,23,25],"killed_by":"Champ","ascension_level":0}}