{"host":"ocll6kdfqxraqtza","time":1607852465,"event":{"mods":["2.2 Compatiblity","Act Like it!","Aspiration","BaseMod","Better Third Choice","Gensokyo","Hallownest","Hermit","Hubris","Jorbs\u0027s Wanderer Trilogy","Luminous","Marisa（霧雨　魔理沙）","Minty Spire (QoL Compilation)","Reimu（博??梦）","Replay The Spire","Shade Mod","StSLib","The Alterego","The Bug Knight","The Cursed","The Hierophant","The Runesmith","TheBandit","Wandering Minibosses","vexMod"],"gold_per_floor":[114,130,130,130,130,156,156,172,172,187,187,218,63,79,79,181,181,194,194,263,313,332,332,366,366,366,392,392,406,456,491,491,591,591,611,661,757,28,99,99,149,182,205,205,221,238,238,256,256,256,256,256,29,60,60,60],"floor_reached":55,"playtime":2076,"items_purged":["Strike_P","Strike_P"],"score":993,"play_id":"be167f88-4473-477c-8cff-97c0ffdb4a83","local_time":"20201213174105","is_ascension_mode":true,"campfire_choices":[{"data":"Eruption","floor":7.0,"key":"SMITH"},{"data":"DevaForm","floor":11.0,"key":"SMITH"},{"data":"Judgement","floor":23.0,"key":"SMITH"},{"data":"Study","floor":25.0,"key":"SMITH"},{"data":"ConjureBlade","floor":28.0,"key":"SMITH"},{"data":"Replay:DivineShield","floor":32.0,"key":"SMITH"},{"data":"FlurryOfBlows","floor":32.0,"key":"SMITH"},{"data":"DevaForm","floor":40.0,"key":"SMITH"},{"data":"Sanctity","floor":40.0,"key":"SMITH"},{"floor":44.0,"key":"RECALL"},{"data":"SpiritShield","floor":47.0,"key":"SMITH"},{"data":"Iron Wave","floor":47.0,"key":"SMITH"},{"data":"Swivel","floor":49.0,"key":"SMITH"},{"data":"Prostrate","floor":49.0,"key":"SMITH"},{"data":"Vengeance","floor":52.0,"key":"SMITH"},{"data":"CutThroughFate","floor":52.0,"key":"SMITH"}],"circlet_count":0,"master_deck":["Strike_P+1","Defend_P+1","Defend_P+1","Eruption+1","Vigilance+1","CrushJoints","FlurryOfBlows+1","Perseverance+1","DevaForm+1","CutThroughFate+1","Study+1","ConjureBlade+1","Tantrum+1","Sanctity+1","Vengeance+1","Judgement+1","CarveReality+1","Prostrate+1","ForeignInfluence+1","Fasting2+1","Swivel+1","Replay:DivineShield+1","Swivel+1","EmptyFist+1","FlurryOfBlows+1","Replay:Vibes+1","DeceiveReality+1","LikeWater+1","Violence+1","Replay:Sssssssssshield+1","FearNoEvil+1","Iron Wave+1","Halt+1","SpiritShield+1","EmptyBody+1","FollowUp+1","InnerPeace+1","SandsOfTime+1"],"relics":["PureWater","aspiration:Nostalgia","hierophant:PropheticMaskRelic","CaptainsWheel","ReplayTheSpireMod:Shallot","HollowMod:StagPassRelic","Coffee Dripper","SsserpentHead","alterego_mod:SomeoneToFightFor","Boot","Oddly Smooth Stone","Simple Rune","CrazyTorch:ReiMu","Replay:Arrowhead","hubris:CrackedHourglass","hubris:Icosahedron","Lizard Tail","PreservedInsect","hubris:Potato","Pet Ghost","Orichalcum"],"acts_visited":["Exordium","TheCity","TheBeyond","TheEnding"],"potions_floor_usage":[55],"damage_taken":[{"damage":2.0,"enemies":"Jaw Worm","floor":1.0,"turns":3.0},{"damage":8.0,"enemies":"Small Slimes","floor":2.0,"turns":5.0},{"damage":15.0,"enemies":"3 Sentries","floor":6.0,"turns":8.0},{"damage":0.0,"enemies":"Cultist","floor":8.0,"turns":3.0},{"damage":0.0,"enemies":"3 Louse","floor":10.0,"turns":2.0},{"damage":0.0,"enemies":"Lagavulin","floor":12.0,"turns":5.0},{"damage":7.0,"enemies":"Gremlin Gang","floor":14.0,"turns":2.0},{"damage":2.0,"enemies":"Hexaghost","floor":16.0,"turns":4.0},{"damage":0.0,"enemies":"3 Byrds","floor":18.0,"turns":3.0},{"damage":0.0,"enemies":"Chosen","floor":20.0,"turns":3.0},{"damage":16.0,"enemies":"Snake Plant","floor":22.0,"turns":5.0},{"damage":24.0,"enemies":"Slavers","floor":24.0,"turns":4.0},{"damage":0.0,"enemies":"HollowMod:Nosk","floor":27.0,"turns":3.0},{"damage":0.0,"enemies":"Centurion and Healer","floor":29.0,"turns":4.0},{"damage":11.0,"enemies":"Slavers","floor":31.0,"turns":2.0},{"damage":19.0,"enemies":"Pondfish","floor":33.0,"turns":6.0},{"damage":0.0,"enemies":"3 Shapes","floor":35.0,"turns":3.0},{"damage":0.0,"enemies":"2 Orb Walkers","floor":37.0,"turns":1.0},{"damage":0.0,"enemies":"Reptomancer","floor":42.0,"turns":6.0},{"damage":0.0,"enemies":"3 Darklings","floor":45.0,"turns":2.0},{"damage":0.0,"enemies":"4 Shapes","floor":46.0,"turns":3.0},{"damage":0.0,"enemies":"Sphere and 2 Shapes","floor":48.0,"turns":3.0},{"damage":65.0,"enemies":"Donu and Deca","floor":50.0,"turns":11.0},{"damage":27.0,"enemies":"Shield and Spear","floor":54.0,"turns":5.0},{"damage":32,"enemies":"The Heart","floor":55,"turns":5}],"seed_played":"1537444885123339835","potions_obtained":[{"floor":8.0,"key":"DistilledChaos"},{"floor":10.0,"key":"Regen Potion"},{"floor":14.0,"key":"Adrenaline Potion"},{"floor":22.0,"key":"Fire Potion"},{"floor":29.0,"key":"Dexterity Potion"},{"floor":33.0,"key":"EntropicBrew"},{"floor":37.0,"key":"Explosive Potion"},{"floor":46.0,"key":"Dexterity Potion"}],"is_trial":false,"path_per_floor":["M","M","?","?","?","E","R","M","T","M","R","E","$","M","R","B",null,"M","?","M","?","M","R","E","R","T","E","R","M","T","E","R","B",null,"M","?","?","$","?","R","?","E","T","R","M","M","R","M","R","B",null,"R","$","E","B"],"character_chosen":"WATCHER","items_purchased":["Tantrum","PreservedInsect","Replay:Vibes","DeceiveReality","LikeWater","Violence","Replay:Sssssssssshield","Pet Ghost","InnerPeace"],"campfire_rested":0,"item_purchase_floors":[13,38,38,38,38,38,38,53,53],"current_hp_per_floor":[70,62,48,48,48,33,33,33,33,33,33,33,33,26,26,24,72,72,72,72,72,56,56,32,32,32,32,32,32,32,21,21,2,72,72,72,72,72,54,54,54,54,54,54,72,72,72,72,72,7,72,72,72,45,13,13],"gold":60,"neow_bonus":"NOSTALGIA","is_daily":false,"chose_seed":false,"campfire_upgraded":15,"win_rate":0.0,"timestamp":1607852465,"path_taken":["M","M","?","?","?","E","R","?","T","M","R","E","$","M","R","BOSS","M","?","?","?","M","R","E","R","T","E","R","M","?","E","R","BOSS","M","?","?","$","?","R","?","E","T","R","M","M","R","M","R","BOSS","R","$","E","BOSS"],"items_purchased_type":["Card","Relic","Card","Card","Card","Card","Card","Relic","Card"],"build_version":"2020-11-30","purchased_purges":2,"victory":false,"max_hp_per_floor":[72,72,72,72,72,72,72,72,72,72,72,72,72,72,72,72,72,72,72,72,72,72,72,72,72,72,72,72,72,72,72,72,72,72,72,72,72,72,72,72,72,72,72,72,72,72,72,72,72,72,72,72,72,72,72,72],"card_choices":[{"not_picked":["Replay:ManipulateFuture","Halt"],"picked":"CrushJoints","floor":1.0},{"not_picked":["SashWhip","ThirdEye"],"picked":"FlurryOfBlows","floor":2.0},{"not_picked":["CutThroughFate","FearNoEvil"],"picked":"DevaForm","floor":6.0},{"not_picked":["Replay:ManipulateFuture","Halt"],"picked":"CutThroughFate","floor":8.0},{"not_picked":["ThirdEye","Prostrate"],"picked":"Study","floor":10.0},{"not_picked":["Study","PathToVictory"],"picked":"ConjureBlade","floor":12.0},{"not_picked":["Halt","FearNoEvil"],"picked":"Sanctity","floor":14.0},{"not_picked":["Ragnarok","Wish"],"picked":"Judgement","floor":16.0},{"not_picked":["Evaluate","Replay:ManipulateFuture"],"picked":"CarveReality+1","floor":18.0},{"not_picked":["Weave","FlyingSleeves"],"picked":"Prostrate","floor":20.0},{"not_picked":["EmptyFist","Wireheading"],"picked":"ForeignInfluence+1","floor":22.0},{"not_picked":["TalkToTheHand","FlyingSleeves+1"],"picked":"Fasting2+1","floor":24.0},{"not_picked":["Replay:Anticipation","CarveReality"],"picked":"Swivel","floor":27.0},{"not_picked":["SashWhip","CrushJoints"],"picked":"Replay:DivineShield","floor":29.0},{"not_picked":["ThirdEye","InnerPeace"],"picked":"Swivel+1","floor":31.0},{"not_picked":["Vault","Ragnarok"],"picked":"DevaForm","floor":33.0},{"not_picked":["FollowUp+1","FlyingSleeves"],"picked":"EmptyFist+1","floor":35.0},{"not_picked":["Replay:BluntJabs","ReachHeaven"],"picked":"FlurryOfBlows+1","floor":37.0},{"not_picked":["ThirdEye+1","EmptyBody"],"picked":"FearNoEvil+1","floor":39.0},{"not_picked":["Replay:ManipulateFuture+1","Wireheading+1"],"picked":"Halt+1","floor":42.0},{"not_picked":["Tantrum","Perseverance"],"picked":"SpiritShield","floor":45.0},{"not_picked":["Perseverance+1","LikeWater+1"],"picked":"EmptyBody+1","floor":46.0},{"not_picked":["ReachHeaven","EmptyBody"],"picked":"FollowUp+1","floor":48.0},{"not_picked":["Prostrate","Replay:Cycle"],"picked":"SandsOfTime+1","floor":54.0}],"player_experience":453164,"relics_obtained":[{"floor":6.0,"key":"CaptainsWheel"},{"floor":9.0,"key":"ReplayTheSpireMod:Shallot"},{"floor":12.0,"key":"HollowMod:StagPassRelic"},{"floor":24.0,"key":"Boot"},{"floor":26.0,"key":"Oddly Smooth Stone"},{"floor":27.0,"key":"Simple Rune"},{"floor":30.0,"key":"CrazyTorch:ReiMu"},{"floor":31.0,"key":"Replay:Arrowhead"},{"floor":37.0,"key":"Lizard Tail"},{"floor":42.0,"key":"hubris:Potato"},{"floor":54.0,"key":"Orichalcum"}],"event_choices":[{"damage_healed":62.0,"max_hp_gain":0.0,"max_hp_loss":72.0,"gold_gain":0.0,"event_name":"betterThird:BetterShining","player_choice":"Upgrade","floor":3.0,"gold_loss":0.0,"damage_taken":14.0,"cards_upgraded":["Vigilance","Defend_P"]},{"cards_removed":["Defend_P"],"damage_healed":0.0,"max_hp_gain":0.0,"max_hp_loss":0.0,"gold_gain":0.0,"event_name":"Bonfire Elementals","player_choice":"Offered Basic","floor":5.0,"gold_loss":0.0,"damage_taken":0.0},{"damage_healed":0.0,"max_hp_gain":0.0,"max_hp_loss":0.0,"gold_gain":0.0,"event_name":"FaceTrader","player_choice":"Trade","floor":19.0,"gold_loss":0.0,"damage_taken":0.0,"relics_obtained":["SsserpentHead"]},{"damage_healed":0.0,"max_hp_gain":0.0,"max_hp_loss":0.0,"gold_gain":0.0,"event_name":"Secret Garden","player_choice":"Choice 2","floor":21.0,"gold_loss":0.0,"damage_taken":0.0,"relics_obtained":["alterego_mod:SomeoneToFightFor"]},{"damage_healed":0.0,"max_hp_gain":0.0,"max_hp_loss":0.0,"gold_gain":0.0,"event_name":"Mysterious Sphere","player_choice":"Fight","floor":37.0,"gold_loss":0.0,"damage_taken":0.0},{"damage_healed":0.0,"max_hp_gain":0.0,"max_hp_loss":0.0,"gold_gain":0.0,"event_name":"betterThird:BetterPortal","player_choice":"Random: Yellow","floor":41.0,"gold_loss":0.0,"damage_taken":0.0},{"cards_removed":["DevaForm"],"damage_healed":0.0,"max_hp_gain":0.0,"max_hp_loss":0.0,"gold_gain":0.0,"event_name":"NoteForYourself","player_choice":"Took Card","floor":41.0,"gold_loss":0.0,"damage_taken":0.0,"cards_obtained":["Iron Wave"]}],"is_beta":false,"boss_relics":[{"not_picked":["Honey Jar","Runic Dome"],"picked":"Coffee Dripper"},{"not_picked":["Black Star","Painkiller Herb"],"picked":"hubris:CrackedHourglass"}],"items_purged_floors":[13,38],"is_endless":false,"potions_floor_spawned":[8,10,14,22,27,29,33,37,46,48],"killed_by":"The Heart","ascension_level":4}}