{"host":"r2b8ojg4o4pyvjvq","time":1607880227,"event":{"mods":["BaseMod","Colored Map","Downfall","Highlight Path","Hubris","Minty Spire (QoL Compilation)","Replay The Spire","StSLib","SuperFastMode"],"gold_per_floor":[99,132,150,169,199,199,226,226,252,252,267,287,297,313,323,422,422,422,442,454,520,520,520,520,520,520,520,520,520,520,520,520,520,520,520,520,520,520,520,520,520,520,520,520,520,520,520,520,520,520,520,520,520,520,520,520,520],"floor_reached":58,"playtime":3489,"items_purged":["champ:SteelEdge","champ:Strike","champ:Strike","champ:Defend","champ:AdrenalArmor+1","champ:CalledShot","champ:DeathBlow"],"score":1366,"play_id":"3d003ba3-1e3d-451e-affc-ab375399a6bf","local_time":"20201213182347","is_ascension_mode":false,"campfire_choices":[{"floor":1,"key":"DIG"},{"floor":6,"key":"REST"},{"floor":8,"key":"REST"},{"data":"champ:HoldFirm","floor":10,"key":"SMITH"},{"data":"champ:Execute","floor":18,"key":"PURGE"},{"floor":23,"key":"RECALL"},{"data":"expansioncontent:LastStand","floor":25,"key":"SMITH"},{"data":"champ:Improvising","floor":37,"key":"SMITH"},{"data":"champ:IgnorePain","floor":40,"key":"SMITH"},{"data":"champ:IronFortress","floor":46,"key":"SMITH"},{"data":"champ:LastStand","floor":56,"key":"SMITH"}],"circlet_count":0,"master_deck":["champ:Strike","champ:Defend","champ:Taunt+1","champ:PreciseThrust+1","champ:TornadoPunch+1","champ:Haymaker","champ:HoldFirm+1","champ:Backstep","champ:PerfectForm","champ:IronFortress+1","champ:CrookedStrike+1","expansioncontent:LastStand+1","champ:RecklessLeap","J.A.X.","champ:Circumvent+1","champ:IgnorePain+1","Purity","champ:Improvising+1","ReplayTheSpireMod:Splinters","champ:LastStand+1"],"relics":["Astrolabe","Pet Ghost","Potion Belt","Centennial Puzzle","ReplayTheSpireMod:Lightbulb","Replay:Baseball","SlaversCollar","Lantern","Pen Nib","Lee\u0027s Waffle","Oddly Smooth Stone","downfall:HeartBlessingRed","MutagenicStrength","hubris:Spice","ReplayTheSpireMod:ShopPack","downfall:HeartBlessingGreen","StoneCalendar","Nunchaku","hubris:TenFootPole","Sling","War Paint","hubris:Towel","downfall:HeartBlessingBlue","Boot","Counterbalance","Toolbox","champ:FightingForDummies"],"acts_visited":["Exordium","TheCity","TheBeyond","TheEnding"],"potions_floor_usage":[57,57,57],"damage_taken":[{"damage":75,"enemies":"Lagavulin","floor":2,"turns":8},{"damage":1,"enemies":"Cultist","floor":3,"turns":4},{"damage":17,"enemies":"Jaw Worm","floor":4,"turns":6},{"damage":36,"enemies":"Gremlin Nob","floor":5,"turns":7},{"damage":5,"enemies":"Small Slimes","floor":11,"turns":3},{"damage":38,"enemies":"Exordium Thugs","floor":12,"turns":6},{"damage":31,"enemies":"2 Fungi Beasts","floor":13,"turns":4},{"damage":3,"enemies":"3 Louse","floor":14,"turns":3},{"damage":39,"enemies":"Exordium Wildlife","floor":15,"turns":5},{"damage":8,"enemies":"downfall:Watcher","floor":16,"turns":22},{"damage":47,"enemies":"Spheric Guardian","floor":19,"turns":6},{"damage":57,"enemies":"Shell Parasite","floor":20,"turns":10},{"damage":24,"enemies":"downfall:FleeingMerchant","floor":21,"turns":4},{"damage":54,"enemies":"Centurion and Healer","floor":22,"turns":10},{"damage":46,"enemies":"downfall:Augmenter","floor":26,"turns":7},{"damage":79,"enemies":"Replay:Snechameleon","floor":27,"turns":7},{"damage":37,"enemies":"Snecko","floor":30,"turns":4},{"damage":53,"enemies":"Shelled Parasite and Fungi","floor":31,"turns":9},{"damage":19,"enemies":"downfall:FleeingMerchant","floor":32,"turns":4},{"damage":20,"enemies":"Snake Plant","floor":33,"turns":3},{"damage":42,"enemies":"Snecko","floor":34,"turns":5},{"damage":95,"enemies":"downfall:Silent","floor":35,"turns":9},{"damage":62,"enemies":"downfall:FleeingMerchant","floor":39,"turns":4},{"damage":32,"enemies":"3 Shapes","floor":41,"turns":5},{"damage":37,"enemies":"downfall:FleeingMerchant","floor":42,"turns":3},{"damage":12,"enemies":"3 Darklings","floor":47,"turns":4},{"damage":26,"enemies":"Jaw Worm Horde","floor":48,"turns":7},{"damage":12,"enemies":"4 Shapes","floor":51,"turns":5},{"damage":22,"enemies":"downfall:Defect","floor":52,"turns":7},{"damage":64,"enemies":"downfall:CharBossMerchant","floor":54,"turns":7},{"damage":51,"enemies":"downfall:NeowBoss","floor":57,"turns":23}],"seed_played":"4495542288168608892","potions_obtained":[{"floor":5,"key":"champ:OpenerPotion"},{"floor":11,"key":"champ:OpenerPotion"},{"floor":12,"key":"champ:CounterPotion"},{"floor":14,"key":"Weak Potion"},{"floor":16,"key":"FearPotion"},{"floor":22,"key":"PowerPotion"},{"floor":27,"key":"Milkshake"},{"floor":54,"key":"CultistPotion"}],"is_trial":false,"path_per_floor":["R_BF","E","M","M","E","R","T","R","T","R","M","M","M","M","M","B",null,"R_BF","M","M","$","M","R","T","R","?","E","PTL","PTL","M","M","$","M","M","B",null,"R","?","$","R","M","$","T","?","?","R","M","M","$","$","M","B",null,"E","$","R","B",null],"character_chosen":"THE_CHAMP","items_purchased":["Lantern","Pen Nib","Lee\u0027s Waffle","expansioncontent:LastStand","ReplayTheSpireMod:ShopPack","hubris:Spice","hubris:Spice","StoneCalendar","Nunchaku","hubris:TenFootPole","Sling","War Paint","Boot","Counterbalance","hubris:Spice","hubris:Spice","champ:LastStand","champ:FightingForDummies","hubris:Spice","hubris:Spice"],"campfire_rested":2,"item_purchase_floors":[21,21,21,21,32,32,32,39,39,42,42,42,49,49,49,50,50,55,55,55],"current_hp_per_floor":[90,51,50,45,11,38,38,65,65,65,62,53,47,44,30,26,90,90,79,67,97,74,74,74,74,70,68,68,68,68,58,76,76,86,81,97,97,109,101,101,89,83,83,83,83,93,81,59,59,59,53,44,87,79,63,63,27],"gold":520,"neow_bonus":"BOSS_RELIC","is_daily":false,"chose_seed":false,"campfire_upgraded":6,"win_rate":0.0,"timestamp":1607880227,"path_taken":["R_BF","E","?","M","E","R","T","R","?","R","M","M","M","M","M","BOSS","R_BF","M","M","$","M","R","T","R","?","E","PTL","PTL","M","M","$","M","M","BOSS","R","?","?","R","M","$","T","?","?","R","M","M","$","$","M","BOSS","E","$","R","BOSS"],"items_purchased_type":["Relic","Relic","Relic","Card","Relic","Relic","Relic","Relic","Relic","Relic","Relic","Relic","Relic","Relic","Relic","Relic","Card","Relic","Relic","Relic"],"build_version":"2020-11-30","purchased_purges":7,"victory":true,"max_hp_per_floor":[90,90,90,90,90,90,90,90,90,90,90,90,90,90,90,90,90,90,90,90,97,97,97,97,97,97,105,105,105,105,105,105,105,105,105,97,97,109,101,101,101,101,101,101,93,103,103,103,95,87,87,87,87,79,63,63,63],"card_choices":[{"not_picked":["champ:Backstep","champ:AdrenalArmor"],"picked":"champ:SteelEdge","floor":2},{"not_picked":["champ:Backstep","champ:GladiatorsShout"],"picked":"champ:Haymaker","floor":3},{"not_picked":["champ:DefensiveStyle","champ:TornadoPunch"],"picked":"champ:CalledShot","floor":4},{"not_picked":["champ:Balance","champ:EnragedBash"],"picked":"champ:HoldFirm","floor":5},{"not_picked":["champ:ViciousMockery","champ:Control"],"picked":"champ:DeathBlow","floor":11},{"not_picked":["champ:ArenaPreparation","champ:BerserkersShout"],"picked":"champ:Backstep","floor":12},{"not_picked":["champ:Circumvent","champ:PerfectedStrike","champ:GutPunch"],"picked":"SKIP","floor":13},{"not_picked":["champ:Encircle","champ:PreciseThrust","champ:Backstep"],"picked":"SKIP","floor":14},{"not_picked":["champ:EnGarde","champ:Backstep"],"picked":"champ:MurderStrike","floor":15},{"not_picked":["champ:Devastate","champ:SwordThrow"],"picked":"champ:PerfectForm","floor":16},{"not_picked":["champ:DefensiveShout","champ:AdrenalArmor+1"],"picked":"champ:IronFortress","floor":19},{"not_picked":["champ:EndlessRage","champ:ArenaPreparation"],"picked":"champ:CrookedStrike+1","floor":20},{"not_picked":["champ:Backstep","champ:ArenaPreparation","champ:BladeFlurry+1"],"picked":"SKIP","floor":21},{"not_picked":["champ:AdrenalArmor+1","champ:StanceDance+1","champ:FanOfKnives"],"picked":"SKIP","floor":22},{"not_picked":[],"picked":"J.A.X.","floor":26},{"not_picked":["champ:PerfectedStrike","champ:Encircle"],"picked":"champ:Circumvent","floor":26},{"not_picked":["champ:PerfectedStrike","champ:Lariat","champ:AdrenalArmor"],"picked":"SKIP","floor":27},{"not_picked":["champ:PerfectedStrike","champ:Lariat","champ:AdrenalArmor"],"picked":"SKIP","floor":27},{"not_picked":["champ:EnGarde+1","champ:PerfectedStrike","champ:TornadoPunch"],"picked":"SKIP","floor":30},{"not_picked":["champ:HeartStrike+1","champ:CrookedStrike"],"picked":"champ:IgnorePain","floor":31},{"not_picked":["champ:DeathBlow","champ:GladiatorsShout","champ:RapidStrikes"],"picked":"SKIP","floor":32},{"not_picked":["Madness","ReplayTheSpireMod:Brewmster"],"picked":"Purity","floor":32},{"not_picked":["champ:GladiatorsShout","champ:Backstep+1","champ:BerserkerStyle+1"],"picked":"SKIP","floor":33},{"not_picked":["champ:FanOfKnives+1","champ:FocusedBerserking","champ:RapidStrikes"],"picked":"SKIP","floor":34},{"not_picked":["champ:CrownThrow","champ:DancingMaster"],"picked":"champ:Improvising","floor":35},{"not_picked":["champ:Circumvent","champ:EnragedBash"],"picked":"hubris:SpiceAddiction","floor":39},{"not_picked":["hubris:SpiceAddiction","champ:DeathBlow+1","champ:PreciseThrust"],"picked":"SKIP","floor":41},{"not_picked":["hubris:SpiceAddiction","champ:IgnorePain","hubris:SpiceAddiction"],"picked":"SKIP","floor":42},{"not_picked":["champ:RisingSlash+1","champ:BerserkersShout+1","champ:CrookedStrike+1"],"picked":"SKIP","floor":47},{"not_picked":["champ:FlashCut","champ:CalledShot+1","champ:EnGarde"],"picked":"SKIP","floor":48},{"not_picked":["champ:GladiatorsShout","hubris:SpiceAddiction","champ:PerfectForm"],"picked":"SKIP","floor":51},{"not_picked":["champ:AdrenalArmor+1","champ:CrookedStrike","champ:FightOn"],"picked":"SKIP","floor":54}],"player_experience":389916,"relics_obtained":[{"floor":1,"key":"Pet Ghost"},{"floor":2,"key":"Potion Belt"},{"floor":5,"key":"Centennial Puzzle"},{"floor":7,"key":"ReplayTheSpireMod:Lightbulb"},{"floor":9,"key":"Replay:Baseball"},{"floor":24,"key":"Oddly Smooth Stone"},{"floor":26,"key":"MutagenicStrength"},{"floor":27,"key":"hubris:Spice"},{"floor":45,"key":"hubris:Spice"},{"floor":54,"key":"Toolbox"},{"floor":54,"key":"hubris:Spice"}],"event_choices":[],"is_beta":false,"boss_relics":[{"not_picked":["Fusion Hammer","hubris:TerracottaHorce"],"picked":"SlaversCollar"},{"not_picked":["hubris:Spice","hubris:Spice"],"picked":"hubris:Spice"}],"items_purged_floors":[21,32,39,42,49,50,55],"is_endless":false,"potions_floor_spawned":[5,11,12,14,16,19,22,27,31,34,47,48,54],"ascension_level":0}}