{"host":"91n1pc4te07j54gv","time":1607876237,"event":{"mods":["BaseMod","BetterRewards","Colored Powertips","Downfall","Highlight Path","Infinite Spire","Minty Spire (QoL Compilation)","Quick Restart","Relic Filter","Relic Stats","Replay The Spire","Spicy Shops","StSLib"],"gold_per_floor":[119,130,143,143,156,186,206,1,27,45,45,71,81,108,108,185,185,195,26,26,52,63,93,93,118,118,153,163,194,211,240,240,317,317,334,349,449,463,473,499,499,533,533,553,580,599,599,627,627,627,627,627,627,6,34,34],"floor_reached":57,"playtime":5400,"items_purged":["Strike_B","Strike_B","Dualcast"],"score":3988,"play_id":"12c46e2f-1833-4cdb-9f9a-648f49fd04c6","local_time":"20201214001717","is_ascension_mode":true,"campfire_choices":[{"floor":15.0,"key":"RECALL"},{"data":"Recycle","floor":24.0,"key":"SMITH"},{"data":"Storm","floor":32.0,"key":"SMITH"},{"data":"infinitespire:NeuralNetwork","floor":41,"key":"SMITH"},{"data":"Buffer","floor":49,"key":"SMITH"},{"data":"Coolheaded","floor":53,"key":"SMITH"}],"circlet_count":0,"master_deck":["AscendersBane","Zap","Core Surge","Genetic Algorithm","Double Energy+1","FIFO Queue","Heatsinks","Doom and Gloom+1","Cold Snap","All For One","White Noise+1","Recycle","Consume","Genetic Algorithm","Hello World","White Noise+1","BootSequence","Cold Snap+1","Defragment","Sunder","Turbo","Reboot","Chill","Self Repair","Barrage","Auto Shields","Buffer+1","Chill","Coolheaded","Recycle+1","Coolheaded+1","Fusion","Coolheaded","Cold Snap","Hologram+1","Heatsinks","Storm+1","Barrage","Thunder Strike+1","Turbo","Electrodynamics+1","Cold Snap","Blizzard","infinitespire:NeuralNetwork+1","Blizzard+1","Fission+1","Chaos+1","Coolheaded","Chill","FIFO Queue","Cold Snap+1","Echo Form+1","Coolheaded","Barrage","ReplayTheSpireMod:Book of Names","Sweeping Beam+1","ReplayRNGCard+1","Force Field","Heatsinks"],"relics":["Cracked Core","Replay:PocketPolymizer","Torii","Blue Doll","Thread and Needle","Prayer Wheel","Lee\u0027s Waffle","Replay:Rubber Ducky","Durian","Mummified Hand","Juzu Bracelet","infinitespire:Joker Card","Mango","Replay:Bottled Flurry","Strawberry","infinitespire:Bottled Soul","ReplayTheSpireMod:Lightbulb","Replay:Bronze Core","Replay:Frozen Program","infinitespire:SolderingIron","Art of War","Centennial Puzzle","infinitespire:Lychee Nut","Oddly Smooth Stone","Potion Belt","Golden Egg","Nunchaku","Coffee Dripper","Dead Branch","StrikeDummy","Incense Burner","Pen Nib","Counterbalance","Anchor","Replay:Bottled Eggs","Prayer Wheel","Unceasing Top","OrangePellets","infinitespire:Freezer"],"acts_visited":["Exordium","TheCity","TheBeyond","TheEnding"],"potions_floor_usage":[45,56,56,56],"damage_taken":[{"damage":1.0,"enemies":"Cultist","floor":1.0,"turns":4.0},{"damage":0.0,"enemies":"2 Louse","floor":2.0,"turns":2.0},{"damage":0.0,"enemies":"Jaw Worm","floor":3.0,"turns":2.0},{"damage":12.0,"enemies":"Large Slime","floor":5.0,"turns":5.0},{"damage":19.0,"enemies":"Gremlin Nob","floor":6.0,"turns":4.0},{"damage":0.0,"enemies":"3 Louse","floor":7.0,"turns":2.0},{"damage":0.0,"enemies":"Exordium Wildlife","floor":10.0,"turns":4.0},{"damage":0.0,"enemies":"Lagavulin","floor":12.0,"turns":4.0},{"damage":0.0,"enemies":"Blue Slaver","floor":13.0,"turns":4.0},{"damage":0.0,"enemies":"Gremlin Nob","floor":14.0,"turns":3.0},{"damage":0.0,"enemies":"The Guardian","floor":16.0,"turns":8.0},{"damage":0.0,"enemies":"Spheric Guardian","floor":18.0,"turns":4.0},{"damage":0.0,"enemies":"Shell Parasite","floor":22.0,"turns":5.0},{"damage":0.0,"enemies":"Nightmare","floor":23.0,"turns":9.0},{"damage":0.0,"enemies":"Gremlin Leader","floor":25.0,"turns":8.0},{"damage":0.0,"enemies":"Replay:Snechameleon","floor":27.0,"turns":6.0},{"damage":0.0,"enemies":"Snake Plant","floor":28.0,"turns":4.0},{"damage":0.0,"enemies":"Book of Stabbing","floor":29.0,"turns":5.0},{"damage":0.0,"enemies":"Shelled Parasite and Fungi","floor":30.0,"turns":5.0},{"damage":6.0,"enemies":"Slavers","floor":31.0,"turns":4.0},{"damage":0.0,"enemies":"Champ","floor":33.0,"turns":8.0},{"damage":0.0,"enemies":"3 Darklings","floor":35.0,"turns":3.0},{"damage":0.0,"enemies":"3 Shapes","floor":36.0,"turns":3.0},{"damage":10.0,"enemies":"infinitespire:Three Voidlings","floor":37.0,"turns":3.0},{"damage":2.0,"enemies":"Nightmare_Alpha","floor":37.0,"turns":8.0},{"damage":0,"enemies":"Jaw Worm Horde","floor":38,"turns":2},{"damage":1,"enemies":"Sphere and 2 Shapes","floor":39,"turns":3},{"damage":0,"enemies":"R_Hoarder","floor":40,"turns":4},{"damage":0,"enemies":"Reptomancer","floor":42,"turns":2},{"damage":0,"enemies":"3 Darklings","floor":44,"turns":1},{"damage":0,"enemies":"R_Hoarder","floor":45,"turns":4},{"damage":0,"enemies":"Transient","floor":46,"turns":3},{"damage":0,"enemies":"Giant Head","floor":48,"turns":2},{"damage":0,"enemies":"Replay:Hell Engine","floor":50,"turns":5},{"damage":0,"enemies":"Awakened One","floor":51,"turns":4},{"damage":10,"enemies":"Shield and Spear","floor":55,"turns":3},{"damage":12,"enemies":"The Heart","floor":56,"turns":6}],"seed_played":"-2568334387991504950","potions_obtained":[{"floor":1.0,"key":"hexamod:EctoCoolerPotion"},{"floor":6.0,"key":"champ:CounterPotion"},{"floor":12.0,"key":"Elixir"},{"floor":13.0,"key":"Fire Potion"},{"floor":16.0,"key":"Dexterity Potion"},{"floor":18.0,"key":"BlessingOfTheForge"},{"floor":27.0,"key":"LiquidBronze"},{"floor":30.0,"key":"Energy Potion"},{"floor":31.0,"key":"infinitespire:BlackPotion"},{"floor":33.0,"key":"Strength Potion"},{"floor":39,"key":"hexamod:EctoCoolerPotion"},{"floor":45,"key":"BlessingOfTheForge"},{"floor":46,"key":"Elixir"}],"is_trial":false,"path_per_floor":["M","M","M","T","M","E","M","$","T","M","?","E","M","E","R","B",null,"M","$","AVR","T","M","NM","R","E","T","E","M","E","M","E","R","B",null,"M","M","?","M","M","E","R","E","T","M","E","M","?","E","R","B","B",null,"R","$","E","B",null],"character_chosen":"DEFECT","items_purchased":["Replay:PocketPolymizer","Blue Doll","Lee\u0027s Waffle","Core Surge","Replay:Rubber Ducky","Genetic Algorithm","Mummified Hand","Juzu Bracelet","Double Energy+1","FIFO Queue","Heatsinks","Doom and Gloom+1","Cold Snap+1","Defragment","Replay:Frozen Program","Unceasing Top","OrangePellets"],"campfire_rested":0,"item_purchase_floors":[0,0,0,0,0,0,0,0,0,0,0,0,8,8,19,54,54],"current_hp_per_floor":[96,96,96,96,84,65,65,65,72,72,104,104,104,104,104,104,104,104,104,104,104,104,104,104,78,78,78,78,78,78,75,75,78,78,78,78,78,78,78,78,78,78,78,78,78,78,58,68,68,78,78,78,78,78,68,69],"gold":34,"neow_bonus":"","is_daily":false,"chose_seed":false,"campfire_upgraded":5,"win_rate":0.0,"timestamp":1607876237,"path_taken":["M","M","M","?","M","E","M","$","T","M","?","E","M","E","R","BOSS","M","?","AVR","?","M","NM","R","E","T","E","M","E","M","E","R","BOSS","M","M","?","M","M","E","R","E","T","M","E","M","?","E","R","BOSS","BOSS","R","$","E","BOSS"],"items_purchased_type":["Relic","Relic","Relic","Card","Relic","Card","Relic","Relic","Card","Card","Card","Card","Card","Card","Relic","Relic","Relic"],"build_version":"2020-11-30","purchased_purges":3,"victory":true,"max_hp_per_floor":[97,97,97,97,97,97,97,97,104,104,104,104,104,104,104,104,104,104,104,104,104,104,104,104,78,78,78,78,78,78,78,78,78,78,78,78,78,78,78,78,78,78,78,78,78,78,78,78,78,78,78,78,78,78,78,78],"relic_stats":{"Lee\u0027s Waffle":56,"Torii":9,"counters":[425,1862],"Dead Branch":[311],"Pen Nib":[17],"Juzu Bracelet":0,"OrangePellets":[34],"Centennial Puzzle":[18],"Nunchaku":[18],"Mummified Hand":[370],"Prayer Wheel":35,"Art of War":[15],"obtain_stats":[{"infinitespire:BottledMercury":54,"Golden Egg":31,"Replay:Accelerometer":31,"infinitespire:Cubic Diamond":2,"Ginger":0,"Whetstone":49,"Bottled Tornado":53,"Boot":8,"FrozenCore":17,"Old Coin":34,"Blood Vial":43,"Replay:Ringing Soul":9,"infinitespire:ShieldingShard":13,"Sundial":40,"Replay:Bronze Core":34,"MealTicket":26,"infinitespire:Golems Mask":13,"Fusion Hammer":17,"HandDrill":0,"Replay:Bottled Flurry":6,"Kunai":27,"Replay:Wax Seal":53,"Replay:Bottled Steam":45,"Counterbalance":25,"Blue Candle":0,"Eternal Feather":19,"Pen Nib":23,"ReplayTheSpireMod:SealedPack":17,"Guardian:PocketSentry":10,"infinitespire:Magic Flask":49,"Akabeko":55,"Cables":44,"infinitespire:EvilPickle":33,"SlaversCollar":17,"infinitespire:Lychee Nut":21,"infinitespire:Broken Mirror":10,"Bird Faced Urn":0,"Snecko Eye":34,"Pandora\u0027s Box":0,"CultistMask":3,"StrikeDummy":34,"Unceasing Top":0,"Abe\u0027s Treasure":34,"infinitespire:PuzzleCube":48,"Solar Panel":6,"Lantern":11,"Regal Pillow":14,"Carrot":31,"Singing Bowl":26,"Torii":53,"Blue Doll":13,"StoneCalendar":0,"Bag of Preparation":30,"Replay:Multitool":40,"Smiling Mask":12,"Ancient Tea Set":40,"Cursed Key":34,"Pet Ghost":46,"Replay:Rubber Ducky":17,"Matryoshka":12,"Shovel":0,"infinitespire:Bottled Soul":23,"WingedGreaves":7,"Replay:Lucky Slots":54,"Replay:Bottled Eggs":40,"Guardian:BottledAnomaly":21,"infinitespire:Eraser":43,"InkBottle":23,"Potion Belt":23,"Lee\u0027s Waffle":14,"Inserter":17,"Golden Idol":2,"Guardian:GemstoneGun":0,"Thread and Needle":0,"infinitespire:Joker Card":0,"The Courier":12,"PreservedInsect":0,"Geode":7,"Omamori":41,"infinitespire:CheckeredPen":40,"Frozen Egg 2":0,"MawBank":43,"Replay:Arrowhead":0,"Nuclear Battery":17,"Orrery":0,"Turnip":0,"Garlic":8,"Art of War":53,"Durian":10,"Bottled Lightning":54,"ReplayTheSpireMod:Lightbulb":30,"Toy Ornithopter":42,"infinitespire:Freezer":43,"infinitespire:Midas Blood":55,"Ice Cream":21,"Divine Protection":17,"Calipers":7,"Gremlin Horn":49,"CeramicFish":25,"Vajra":10,"Runic Capacitor":0,"Sozu":17,"Lizard Tail":24,"Centennial Puzzle":48,"infinitespire:SolderingIron":0,"Replay:Frozen Program":19,"HornCleat":14,"FaceOfCleric":14,"DollysMirror":11,"Strawberry":9,"Prayer Wheel":34,"Philosopher\u0027s Stone":34,"Iron Hammer":12,"Toxic Egg 2":0,"Girya":0,"Happy Flower":40,"ReplayTheSpireMod:CursedCoin":0,"Replay:Grab Bag":17,"Dead Branch":0,"Oddly Smooth Stone":54,"infinitespire:Beetle Shell":10,"Letter Opener":32,"War Paint":54,"Question Card":42,"Du-Vu Doll":53,"OrangePellets":0,"Replay:Baseball":28,"Bottled Flame":14,"Bronze Scales":10,"Molten Egg 2":4,"Onion Ring":42,"Simple Rune":8,"ReplayTheSpireMod:TigerMarble":2,"infinitespire:EmpoweringShard":28,"Black Star":34,"Symbiotic Virus":3,"Mirror":52,"Meat on the Bone":0,"Pocketwatch":38,"Snecko Heart":34,"Replay:PocketPolymizer":0,"SacredBark":17,"Mango":40,"Incense Burner":24,"Juzu Bracelet":41,"Replay:Mystery Machine":47,"Empty Cage":17,"ClockworkSouvenir":0,"Frozen Eye":53,"SsserpentHead":3,"Nunchaku":23,"Dream Catcher":23,"Emotion Chip":0,"Replay:Bandana":25,"Chameleon Ring":10,"Mummified Hand":9,"Pantograph":17,"Gambling Chip":0,"Tiny Chest":21,"Red Mask":22,"Replay:Bottled Snecko":6,"Replay:Antivirus Software":53,"Cracked Core":0,"Gremlin Food":53,"ReplayTheSpireMod:Ninjato":44,"Replay:Towering Pillar of Hats":0,"infinitespire:CursedDice":54,"Quantum Egg":4,"Guide Book":47,"Replay:WaspNest":42,"infinitespire:FocusingShard":48,"Orichalcum":44,"White Beast Statue":28,"Mercury Hourglass":14,"Calling Bell":34,"Peace Pipe":37,"Strange Spoon":6,"DataDisk":29,"CaptainsWheel":0,"Anchor":6,"Pondfish Scales":9,"infinitespire:Satchel":34,"ChewingGum":17,"Coffee Dripper":17,"Bag of Marbles":13,"Membership Card":53,"FossilizedHelix":21,"TungstenRod":0,"ReplayTheSpireMod:ShopPack":53},{"infinitespire:BottledMercury":69,"Golden Egg":250,"Replay:Accelerometer":282,"infinitespire:Cubic Diamond":1,"Ginger":70,"Whetstone":384,"Bottled Tornado":68,"Boot":132,"FrozenCore":48,"Old Coin":375,"Blood Vial":379,"Replay:Ringing Soul":33,"infinitespire:ShieldingShard":36,"Sundial":166,"Replay:Bronze Core":161,"MealTicket":14,"infinitespire:Golems Mask":134,"Fusion Hammer":48,"HandDrill":29,"Replay:Bottled Flurry":393,"Kunai":157,"Replay:Wax Seal":126,"Replay:Bottled Steam":258,"Counterbalance":83,"Blue Candle":128,"Eternal Feather":366,"Pen Nib":140,"ReplayTheSpireMod:SealedPack":151,"Guardian:PocketSentry":34,"infinitespire:Magic Flask":96,"Akabeko":231,"Cables":290,"infinitespire:EvilPickle":57,"SlaversCollar":79,"infinitespire:Lychee Nut":12,"infinitespire:Broken Mirror":270,"Bird Faced Urn":29,"Snecko Eye":222,"Pandora\u0027s Box":0,"CultistMask":299,"StrikeDummy":57,"Unceasing Top":232,"Abe\u0027s Treasure":344,"infinitespire:PuzzleCube":353,"Solar Panel":131,"Lantern":6,"Regal Pillow":9,"Carrot":160,"Singing Bowl":53,"Torii":68,"Blue Doll":36,"StoneCalendar":202,"Bag of Preparation":55,"Replay:Multitool":224,"Smiling Mask":47,"Ancient Tea Set":120,"Cursed Key":222,"Pet Ghost":94,"Replay:Rubber Ducky":151,"Matryoshka":36,"Shovel":70,"infinitespire:Bottled Soul":155,"WingedGreaves":76,"Replay:Lucky Slots":295,"Replay:Bottled Eggs":120,"Guardian:BottledAnomaly":154,"infinitespire:Eraser":225,"InkBottle":13,"Potion Belt":27,"Lee\u0027s Waffle":22,"Inserter":306,"Golden Idol":265,"Guardian:GemstoneGun":202,"Thread and Needle":175,"infinitespire:Joker Card":15,"The Courier":209,"PreservedInsect":297,"Geode":4,"Omamori":289,"infinitespire:CheckeredPen":224,"Frozen Egg 2":70,"MawBank":91,"Replay:Arrowhead":128,"Nuclear Battery":106,"Orrery":15,"Turnip":175,"Garlic":19,"Art of War":126,"Durian":238,"Bottled Lightning":355,"ReplayTheSpireMod:Lightbulb":85,"Toy Ornithopter":121,"infinitespire:Freezer":64,"infinitespire:Midas Blood":387,"Ice Cream":12,"Divine Protection":184,"Calipers":32,"Gremlin Horn":323,"CeramicFish":247,"Vajra":4,"Runic Capacitor":70,"Sozu":23,"Lizard Tail":53,"Centennial Puzzle":96,"infinitespire:SolderingIron":99,"Replay:Frozen Program":137,"HornCleat":150,"FaceOfCleric":332,"DollysMirror":76,"Strawberry":394,"Prayer Wheel":57,"Philosopher\u0027s Stone":87,"Iron Hammer":76,"Toxic Egg 2":99,"Girya":99,"Happy Flower":62,"ReplayTheSpireMod:CursedCoin":202,"Replay:Grab Bag":48,"Dead Branch":142,"Oddly Smooth Stone":127,"infinitespire:Beetle Shell":20,"Letter Opener":86,"War Paint":173,"Question Card":225,"Du-Vu Doll":97,"OrangePellets":70,"Replay:Baseball":27,"Bottled Flame":47,"Bronze Scales":45,"Molten Egg 2":16,"Onion Ring":196,"Simple Rune":302,"ReplayTheSpireMod:TigerMarble":30,"infinitespire:EmpoweringShard":54,"Black Star":116,"Symbiotic Virus":30,"Mirror":97,"Meat on the Bone":128,"Pocketwatch":319,"Snecko Heart":222,"Replay:PocketPolymizer":264,"SacredBark":10,"Mango":195,"Incense Burner":82,"Juzu Bracelet":90,"Replay:Mystery Machine":292,"Empty Cage":48,"ClockworkSouvenir":128,"Frozen Eye":97,"SsserpentHead":233,"Nunchaku":82,"Dream Catcher":187,"Emotion Chip":232,"Replay:Bandana":311,"Chameleon Ring":182,"Mummified Hand":76,"Pantograph":151,"Gambling Chip":202,"Tiny Chest":25,"Red Mask":51,"Replay:Bottled Snecko":43,"Replay:Antivirus Software":126,"Cracked Core":0,"Gremlin Food":97,"ReplayTheSpireMod:Ninjato":65,"Replay:Towering Pillar of Hats":232,"infinitespire:CursedDice":295,"Quantum Egg":2,"Guide Book":197,"Replay:WaspNest":64,"infinitespire:FocusingShard":198,"Orichalcum":322,"White Beast Statue":84,"Mercury Hourglass":78,"Calling Bell":57,"Peace Pipe":346,"Strange Spoon":17,"DataDisk":28,"CaptainsWheel":70,"Anchor":103,"Pondfish Scales":132,"infinitespire:Satchel":57,"ChewingGum":151,"Coffee Dripper":48,"Bag of Marbles":105,"Membership Card":97,"FossilizedHelix":80,"TungstenRod":99,"ReplayTheSpireMod:ShopPack":126},{"infinitespire:BottledMercury":336,"Golden Egg":1051,"Replay:Accelerometer":1246,"infinitespire:Cubic Diamond":2,"Ginger":342,"Whetstone":1682,"Bottled Tornado":332,"Boot":568,"FrozenCore":218,"Old Coin":1639,"Blood Vial":1655,"Replay:Ringing Soul":147,"infinitespire:ShieldingShard":158,"Sundial":709,"Replay:Bronze Core":684,"MealTicket":63,"infinitespire:Golems Mask":577,"Fusion Hammer":218,"HandDrill":137,"Replay:Bottled Flurry":1723,"Kunai":670,"Replay:Wax Seal":541,"Replay:Bottled Steam":1092,"Counterbalance":384,"Blue Candle":550,"Eternal Feather":1596,"Pen Nib":600,"ReplayTheSpireMod:SealedPack":650,"Guardian:PocketSentry":152,"infinitespire:Magic Flask":412,"Akabeko":976,"Cables":1280,"infinitespire:EvilPickle":276,"SlaversCollar":373,"infinitespire:Lychee Nut":50,"infinitespire:Broken Mirror":1178,"Bird Faced Urn":137,"Snecko Eye":952,"Pandora\u0027s Box":0,"CultistMask":1316,"StrikeDummy":276,"Unceasing Top":981,"Abe\u0027s Treasure":1503,"infinitespire:PuzzleCube":1529,"Solar Panel":563,"Lantern":23,"Regal Pillow":32,"Carrot":680,"Singing Bowl":246,"Torii":332,"Blue Doll":158,"StoneCalendar":891,"Bag of Preparation":256,"Replay:Multitool":958,"Smiling Mask":207,"Ancient Tea Set":516,"Cursed Key":952,"Pet Ghost":409,"Replay:Rubber Ducky":650,"Matryoshka":158,"Shovel":342,"infinitespire:Bottled Soul":662,"WingedGreaves":364,"Replay:Lucky Slots":1299,"Replay:Bottled Eggs":516,"Guardian:BottledAnomaly":659,"infinitespire:Eraser":960,"InkBottle":56,"Potion Belt":124,"Lee\u0027s Waffle":97,"Inserter":1354,"Golden Idol":1134,"Guardian:GemstoneGun":891,"Thread and Needle":771,"infinitespire:Joker Card":70,"The Courier":909,"PreservedInsect":1307,"Geode":14,"Omamori":1278,"infinitespire:CheckeredPen":958,"Frozen Egg 2":342,"MawBank":403,"Replay:Arrowhead":550,"Nuclear Battery":460,"Orrery":70,"Turnip":771,"Garlic":81,"Art of War":541,"Durian":1002,"Bottled Lightning":1539,"ReplayTheSpireMod:Lightbulb":388,"Toy Ornithopter":520,"infinitespire:Freezer":312,"infinitespire:Midas Blood":1700,"Ice Cream":50,"Divine Protection":811,"Calipers":145,"Gremlin Horn":1422,"CeramicFish":1040,"Vajra":14,"Runic Capacitor":342,"Sozu":108,"Lizard Tail":246,"Centennial Puzzle":412,"infinitespire:SolderingIron":421,"Replay:Frozen Program":591,"HornCleat":642,"FaceOfCleric":1453,"DollysMirror":364,"Strawberry":1725,"Prayer Wheel":276,"Philosopher\u0027s Stone":394,"Iron Hammer":364,"Toxic Egg 2":421,"Girya":421,"Happy Flower":299,"ReplayTheSpireMod:CursedCoin":891,"Replay:Grab Bag":218,"Dead Branch":608,"Oddly Smooth Stone":544,"infinitespire:Beetle Shell":87,"Letter Opener":390,"War Paint":756,"Question Card":960,"Du-Vu Doll":416,"OrangePellets":342,"Replay:Baseball":124,"Bottled Flame":207,"Bronze Scales":197,"Molten Egg 2":73,"Onion Ring":866,"Simple Rune":1325,"ReplayTheSpireMod:TigerMarble":139,"infinitespire:EmpoweringShard":252,"Black Star":499,"Symbiotic Virus":139,"Mirror":416,"Meat on the Bone":550,"Pocketwatch":1408,"Snecko Heart":952,"Replay:PocketPolymizer":1125,"SacredBark":41,"Mango":862,"Incense Burner":379,"Juzu Bracelet":401,"Replay:Mystery Machine":1289,"Empty Cage":218,"ClockworkSouvenir":550,"Frozen Eye":416,"SsserpentHead":984,"Nunchaku":379,"Dream Catcher":822,"Emotion Chip":981,"Replay:Bandana":1383,"Chameleon Ring":800,"Mummified Hand":364,"Pantograph":650,"Gambling Chip":891,"Tiny Chest":114,"Red Mask":235,"Replay:Bottled Snecko":187,"Replay:Antivirus Software":541,"Cracked Core":0,"Gremlin Food":416,"ReplayTheSpireMod:Ninjato":317,"Replay:Towering Pillar of Hats":981,"infinitespire:CursedDice":1299,"Quantum Egg":4,"Guide Book":869,"Replay:WaspNest":312,"infinitespire:FocusingShard":874,"Orichalcum":1418,"White Beast Statue":386,"Mercury Hourglass":369,"Calling Bell":276,"Peace Pipe":1509,"Strange Spoon":76,"DataDisk":136,"CaptainsWheel":342,"Anchor":438,"Pondfish Scales":568,"infinitespire:Satchel":276,"ChewingGum":650,"Coffee Dripper":218,"Bag of Marbles":449,"Membership Card":416,"FossilizedHelix":375,"TungstenRod":421,"ReplayTheSpireMod:ShopPack":541}],"Unceasing Top":[12]},"card_choices":[{"not_picked":["Streamline","Hologram"],"picked":"Cold Snap","floor":1.0},{"not_picked":["Time Bomb","Beam Cell"],"picked":"All For One","floor":1.0},{"not_picked":["ReplayTheSpireMod:System Scan","Chaos"],"picked":"White Noise","floor":2.0},{"not_picked":["Crystallizer","Rebound"],"picked":"Recycle","floor":2.0},{"not_picked":["Hologram","Defragment"],"picked":"Consume","floor":3.0},{"not_picked":["Beam Cell","Hello World"],"picked":"Genetic Algorithm","floor":3.0},{"not_picked":["Sunder","FIFO Queue"],"picked":"Hello World","floor":5.0},{"not_picked":["Redo","Lockon","ReplayGash"],"picked":"SKIP","floor":5.0},{"not_picked":["Lockon","Doom and Gloom","ReplaySolidLightProjector"],"picked":"SKIP","floor":6.0},{"not_picked":["Lockon","Doom and Gloom","ReplaySolidLightProjector"],"picked":"SKIP","floor":6.0},{"not_picked":["Cold Snap","ReplayTheSpireMod:Repulse"],"picked":"White Noise","floor":7.0},{"not_picked":["Leap","Streamline"],"picked":"BootSequence","floor":7.0},{"not_picked":["Steam","Beam Cell"],"picked":"Sunder","floor":10.0},{"not_picked":["Stack","Leap"],"picked":"Turbo","floor":10.0},{"not_picked":["Sunder","Rebound"],"picked":"Reboot","floor":12.0},{"not_picked":["Streamline","ReplayTheSpireMod:Reroute Power"],"picked":"Chill","floor":13.0},{"not_picked":["Conserve Battery","Turbo"],"picked":"Self Repair","floor":13.0},{"not_picked":["Gash","Sweeping Beam"],"picked":"Barrage","floor":14.0},{"not_picked":["Fission","Core Surge"],"picked":"Buffer","floor":16.0},{"not_picked":["Barrage","Leap"],"picked":"Chill","floor":18.0},{"not_picked":["Streamline","Rip and Tear"],"picked":"Coolheaded","floor":18.0},{"not_picked":["Aggregate","ReplaySolidLightProjector"],"picked":"Recycle","floor":22.0},{"not_picked":["Beam Cell","Conserve Battery"],"picked":"Coolheaded","floor":22.0},{"not_picked":["Reprogram","Panic Button","Fusion"],"picked":"SKIP","floor":23.0},{"not_picked":["Gash","Time Bomb"],"picked":"Coolheaded","floor":25.0},{"not_picked":["Redo","Rip and Tear","BasicCrystalCard"],"picked":"SKIP","floor":27.0},{"not_picked":["Redo","Beam Cell"],"picked":"Cold Snap","floor":28.0},{"not_picked":["ReplayTheSpireMod:Repulse","Rebound"],"picked":"Hologram+1","floor":28.0},{"not_picked":["FIFO Queue","ReplayTheSpireMod:GoodbyeWorld"],"picked":"Heatsinks","floor":29.0},{"not_picked":["Compile Driver+1","Auto Shields"],"picked":"Storm","floor":30.0},{"not_picked":["Steam","Steam Power"],"picked":"Barrage","floor":30.0},{"not_picked":["Stack","Glacier"],"picked":"Thunder Strike","floor":31.0},{"not_picked":["Seek","Thunder Strike"],"picked":"Electrodynamics","floor":33.0},{"not_picked":["Panic Button","Turbo"],"picked":"Cold Snap","floor":35.0},{"not_picked":["Leap","Darkness+1","Time Bomb"],"picked":"SKIP","floor":35.0},{"not_picked":["Turbo","Cold Snap+1"],"picked":"Blizzard","floor":36.0},{"not_picked":["Redo+1","Steam","Reinforced Body+1"],"picked":"SKIP","floor":36.0},{"not_picked":["infinitespire:DeathsTouch","ReplayTheSpireMod:Black Plague"],"picked":"infinitespire:NeuralNetwork","floor":37.0},{"not_picked":["Gash","Compile Driver"],"picked":"Blizzard+1","floor":38},{"not_picked":["Cold Snap","Conserve Battery+1","Steam Power"],"picked":"SKIP","floor":38},{"not_picked":["Conserve Battery","Gash+1"],"picked":"Fission","floor":39},{"not_picked":["Rip and Tear+1","Turbo"],"picked":"Chaos+1","floor":39},{"not_picked":["Cold Snap","Doom and Gloom","BasicCrystalCard"],"picked":"SKIP","floor":40},{"not_picked":["Stack+1","Conserve Battery"],"picked":"Chill","floor":42},{"not_picked":["Lockon+1","Loop"],"picked":"FIFO Queue","floor":44},{"not_picked":["Ball Lightning","Rebound"],"picked":"Cold Snap+1","floor":44},{"not_picked":["Compile Driver","ReplayTheSpireMod:Reroute Power"],"picked":"Echo Form","floor":45},{"not_picked":["Recycle+1","Streamline+1"],"picked":"Coolheaded","floor":46},{"not_picked":["Tempest","Streamline+1"],"picked":"Barrage","floor":46},{"not_picked":["infinitespire:NeuralNetwork","infinitespire:Punishment"],"picked":"ReplayTheSpireMod:Book of Names","floor":47},{"not_picked":["Turbo","Gash"],"picked":"Sweeping Beam+1","floor":48},{"not_picked":["Sweeping Beam","BasicCrystalCard"],"picked":"Heatsinks","floor":55}],"player_experience":998789,"relics_obtained":[{"floor":6.0,"key":"Replay:Bottled Flurry"},{"floor":9.0,"key":"Strawberry"},{"floor":12.0,"key":"infinitespire:Bottled Soul"},{"floor":14.0,"key":"ReplayTheSpireMod:Lightbulb"},{"floor":21.0,"key":"Art of War"},{"floor":23.0,"key":"Centennial Puzzle"},{"floor":25.0,"key":"infinitespire:Lychee Nut"},{"floor":26.0,"key":"Oddly Smooth Stone"},{"floor":27.0,"key":"Potion Belt"},{"floor":29.0,"key":"Golden Egg"},{"floor":31.0,"key":"Nunchaku"},{"floor":37.0,"key":"Dead Branch"},{"floor":37.0,"key":"StrikeDummy"},{"floor":40,"key":"Incense Burner"},{"floor":42,"key":"Pen Nib"},{"floor":43,"key":"Counterbalance"},{"floor":45,"key":"Anchor"},{"floor":48,"key":"Replay:Bottled Eggs"},{"floor":55,"key":"infinitespire:Freezer"}],"event_choices":[{"damage_healed":32.0,"max_hp_gain":0.0,"max_hp_loss":0.0,"gold_gain":0.0,"event_name":"Wheel of Change","player_choice":"Full Heal","floor":11.0,"gold_loss":0.0,"damage_taken":0.0},{"damage_healed":0.0,"max_hp_gain":0.0,"max_hp_loss":0.0,"gold_gain":0.0,"event_name":"Wheel of Change","player_choice":"Relic","floor":37.0,"gold_loss":0.0,"damage_taken":0.0}],"is_beta":false,"boss_relics":[{"not_picked":["SacredBark","SlaversCollar"],"picked":"Replay:Bronze Core"},{"not_picked":["Painkiller Herb","Honey Jar"],"picked":"Coffee Dripper"}],"items_purged_floors":[0,8,54],"is_endless":false,"potions_floor_spawned":[1,6,10,12,13,16,18,23,27,30,31,33,35,39,40,44,45,46],"ascension_level":20}}