{"host":"x5ow3h9y3elojghk","time":1607847105,"event":{"mods":["BaseMod","Downfall","Duelist Mod","KinomotoSakuraMod(ƒæ÷Æ±æ”£)","Marisa£®ÏF”Í°°ƒß¿Ì…≥£©","Minty Spire (QoL Compilation)","Reimu£®≤©¿ˆ¡È√Œ£©","Remilia£®¿Ÿ√◊¿Ú—«£©","StSLib","The Administrix","The Bug Knight","The Construct","The Cursed","The Hierophant","The Poker Player","The Runesmith","The Senshi","The Servant 0.9.4","Youmu£®ªÍ∆«—˝√Œ£©","[IsaacMod]“‘»ˆº‚À˛"],"gold_per_floor":[119,294,311,23,42,71,34,90,90,102,102,102],"floor_reached":11,"playtime":518,"items_purged":[],"score":73,"play_id":"038716c2-b151-4e27-b7ed-385cd6560a75","local_time":"20201213161145","is_ascension_mode":false,"campfire_choices":[],"circlet_count":0,"master_deck":["HollowMod:NailStrikeStart","HollowMod:NailStrikeStart","HollowMod:NailStrikeStart","HollowMod:NailStrikeStart","HollowMod:QuickDashStart","HollowMod:QuickDashStart","HollowMod:QuickDashStart","HollowMod:QuickDashStart","HollowMod:FocusHealStart","HollowMod:PogoStrike","Doubt","HollowMod:PureVessel","expansioncontent:DashGenerateEvil","HollowMod:GoodIntentions","HollowMod:DungDefenderAura","HollowMod:SharpenedShadows","HollowMod:GoodIntentions"],"relics":["HollowMod:VesselMask","HushsDoor","SteamSale","NeowsBlessing","HollowMod:MantisClawRelic","HandDrill","GuppysHead","Damocles","Ornamental Fan"],"acts_visited":["Exordium"],"potions_floor_usage":[10,11],"damage_taken":[{"damage":0.0,"enemies":"Small Slimes","floor":1.0,"turns":1.0},{"damage":0.0,"enemies":"2 Louse","floor":3.0,"turns":1.0},{"damage":0.0,"enemies":"Cultist","floor":5.0,"turns":1.0},{"damage":36.0,"enemies":"Lagavulin","floor":6.0,"turns":6.0},{"damage":0,"enemies":"3 Louse","floor":10,"turns":3},{"damage":3,"enemies":"3 Sentries","floor":11,"turns":2}],"seed_played":"-667436523247692296","potions_obtained":[{"floor":6,"key":"GamblersBrew"},{"floor":10,"key":"Fire Potion"}],"is_trial":false,"path_per_floor":["M","?","M","$","M","E","$","?","T","M","E"],"character_chosen":"THE_BUGKNIGHT","items_purchased":["HollowMod:MantisClawRelic","HandDrill","expansioncontent:DashGenerateEvil","HollowMod:SharpenedShadows"],"campfire_rested":0,"item_purchase_floors":[4,4,4,7],"current_hp_per_floor":[75,75,75,75,75,45,45,30,30,30,0,0],"gold":102,"neow_bonus":"THREE_ENEMY_KILL","is_daily":false,"chose_seed":false,"campfire_upgraded":0,"win_rate":0.0,"timestamp":1607847105,"path_taken":["M","?","M","$","M","E","$","?","T","M","E"],"items_purchased_type":["Relic","Relic","Card","Card"],"build_version":"2020-11-30","purchased_purges":0,"victory":false,"max_hp_per_floor":[75,75,75,75,75,75,75,75,75,75,75,75],"card_choices":[{"not_picked":[],"picked":"ChaosCard","floor":0.0},{"not_picked":["HollowMod:InfectedAttack","HollowMod:RecoilStrike"],"picked":"Bomb","floor":1.0},{"not_picked":["HollowMod:AbyssShriek","HollowMod:InfectedCysts"],"picked":"HollowMod:PureVessel","floor":3.0},{"not_picked":["HollowMod:DescendingDark","HollowMod:NewJinnsSoul"],"picked":"HollowMod:GoodIntentions","floor":5.0},{"not_picked":["HollowMod:CoiledNail","HollowMod:DreamGate"],"picked":"HollowMod:DungDefenderAura","floor":6},{"not_picked":["HollowMod:HeavyBlow","HollowMod:RecoilStrike"],"picked":"HollowMod:GoodIntentions","floor":10}],"player_experience":277292,"relics_obtained":[{"floor":6,"key":"GuppysHead"},{"floor":9,"key":"Damocles"},{"floor":10,"key":"Ornamental Fan"}],"event_choices":[{"damage_healed":0.0,"max_hp_gain":0.0,"max_hp_loss":0.0,"gold_gain":175.0,"event_name":"Liars Game","player_choice":"AGREE","floor":2.0,"gold_loss":0.0,"damage_taken":0.0,"cards_obtained":["Doubt"]}],"is_beta":false,"boss_relics":[],"items_purged_floors":[],"is_endless":false,"potions_floor_spawned":[6,10],"killed_by":"3 Sentries","ascension_level":0}}