{"host":"axuns55dzq466eei","time":1607872577,"event":{"mods":["BaseMod","Colored Map","Keyboard Shortcuts","Minty Spire (QoL Compilation)","StSLib","SuperFastMode"],"gold_per_floor":[112,112,131,131,145,145,156,172,172,185,185,205,41,56,56,134,134,144,144,44,60,76,95,95,95,95,95,105,105,105,115,115,115,115],"floor_reached":33,"playtime":708,"items_purged":["Strike_P","Strike_P"],"score":486,"play_id":"70578cdc-34e7-4301-9523-603725f1cc5e","local_time":"20201214001617","is_ascension_mode":true,"campfire_choices":[{"data":"Eruption","floor":6.0,"key":"SMITH"},{"floor":11.0,"key":"DIG"},{"floor":15.0,"key":"DIG"},{"floor":24,"key":"DIG"},{"floor":27,"key":"REST"},{"floor":29,"key":"DIG"},{"floor":32,"key":"DIG"}],"circlet_count":0,"master_deck":["AscendersBane","Strike_P+1","Defend_P+1","Defend_P+1","Defend_P+1","Defend_P+1","Eruption+1","Vigilance+1","SandsOfTime+1","LessonLearned+1","Wallop+1","WheelKick+1","FearNoEvil+1","DeusExMachina+1"],"relics":["PureWater","NeowsBlessing","Shovel","Sundial","Mango","Runic Pyramid","Dream Catcher","Prayer Wheel","Dead Branch","Eternal Feather"],"acts_visited":["Exordium","TheCity"],"potions_floor_usage":[16],"damage_taken":[{"damage":0.0,"enemies":"Cultist","floor":1.0,"turns":1.0},{"damage":0.0,"enemies":"Small Slimes","floor":3.0,"turns":2.0},{"damage":0.0,"enemies":"2 Louse","floor":5.0,"turns":1.0},{"damage":36.0,"enemies":"Lots of Slimes","floor":7.0,"turns":6.0},{"damage":0.0,"enemies":"Looter","floor":8.0,"turns":3.0},{"damage":0.0,"enemies":"2 Fungi Beasts","floor":10.0,"turns":3.0},{"damage":6.0,"enemies":"Exordium Wildlife","floor":12.0,"turns":4.0},{"damage":7.0,"enemies":"3 Louse","floor":14.0,"turns":4.0},{"damage":10,"enemies":"The Guardian","floor":16,"turns":8},{"damage":0,"enemies":"Chosen","floor":18,"turns":5},{"damage":5,"enemies":"3 Byrds","floor":21,"turns":5},{"damage":20,"enemies":"Sentry and Sphere","floor":22,"turns":6},{"damage":28,"enemies":"Cultist and Chosen","floor":23,"turns":6},{"damage":0,"enemies":"Snecko","floor":28,"turns":4},{"damage":0,"enemies":"Centurion and Healer","floor":31,"turns":3},{"damage":33,"enemies":"Champ","floor":33,"turns":7}],"seed_played":"7432797107288796020","potions_obtained":[{"floor":1.0,"key":"FearPotion"},{"floor":12.0,"key":"Block Potion"},{"floor":18,"key":"FearPotion"}],"is_trial":false,"path_per_floor":["M","?","M","?","M","R","M","M","T","M","R","M","$","M","R","B",null,"M","?","$","M","M","M","R","$","T","R","M","R","?","M","R","B"],"character_chosen":"WATCHER","items_purchased":["WheelKick"],"campfire_rested":1,"item_purchase_floors":[13],"current_hp_per_floor":[61,61,61,61,61,61,25,25,25,25,25,19,19,12,26,16,66,66,66,66,61,41,13,13,13,13,37,37,37,37,37,37,4,4],"gold":115,"neow_bonus":"THREE_ENEMY_KILL","is_daily":false,"chose_seed":false,"campfire_upgraded":1,"win_rate":0.0,"timestamp":1607872577,"path_taken":["M","?","M","?","?","R","M","M","T","M","R","M","$","M","R","BOSS","M","?","$","?","M","M","R","$","T","R","M","R","?","?","R","BOSS"],"items_purchased_type":["Card"],"build_version":"2020-11-30","purchased_purges":2,"victory":false,"max_hp_per_floor":[68,68,68,68,68,68,68,68,68,68,68,68,68,68,82,82,82,82,82,82,82,82,82,82,82,82,82,82,82,82,82,82,82,82],"card_choices":[{"not_picked":["CrushJoints","SashWhip"],"picked":"SandsOfTime","floor":1.0},{"not_picked":["Evaluate","Collect","BowlingBash"],"picked":"SKIP","floor":3.0},{"not_picked":["SignatureMove","SashWhip","Swivel"],"picked":"SKIP","floor":5.0},{"not_picked":["FollowUp","Meditate","SashWhip"],"picked":"SKIP","floor":7.0},{"not_picked":["WindmillStrike","FlyingSleeves","Fasting2"],"picked":"SKIP","floor":8.0},{"not_picked":["SashWhip","ThirdEye"],"picked":"Wallop","floor":10.0},{"not_picked":["FlurryOfBlows","FollowUp","Crescendo"],"picked":"SKIP","floor":12.0},{"not_picked":["WindmillStrike","Perseverance"],"picked":"FearNoEvil","floor":14.0},{"not_picked":["Wish","Devotion"],"picked":"DeusExMachina","floor":16},{"not_picked":["FlyingSleeves+1","WreathOfFlame","JustLucky"],"picked":"SKIP","floor":18},{"not_picked":["Crescendo","SashWhip+1","WheelKick"],"picked":"SKIP","floor":21},{"not_picked":["Wallop+1","Consecrate","Tantrum"],"picked":"SKIP","floor":22},{"not_picked":["Worship","Prostrate","Consecrate"],"picked":"SKIP","floor":23},{"not_picked":["WheelKick","Vengeance","CutThroughFate+1"],"picked":"SKIP","floor":28},{"not_picked":["ThirdEye","SandsOfTime","CutThroughFate"],"picked":"SKIP","floor":28},{"not_picked":["Protect","CutThroughFate+1","Omniscience"],"picked":"SKIP","floor":31},{"not_picked":["EmptyBody","FollowUp","FlyingSleeves"],"picked":"SKIP","floor":31}],"player_experience":1032799,"relics_obtained":[{"floor":9.0,"key":"Shovel"},{"floor":11.0,"key":"Sundial"},{"floor":15.0,"key":"Mango"},{"floor":24,"key":"Dream Catcher"},{"floor":26,"key":"Prayer Wheel"},{"floor":29,"key":"Dead Branch"},{"floor":32,"key":"Eternal Feather"}],"event_choices":[{"damage_healed":0.0,"max_hp_gain":0.0,"max_hp_loss":0.0,"gold_gain":0.0,"event_name":"Liars Game","player_choice":"Ignored","floor":2.0,"gold_loss":0.0,"damage_taken":0.0},{"damage_healed":0.0,"max_hp_gain":0.0,"max_hp_loss":0.0,"gold_gain":0.0,"cards_transformed":["Strike_P"],"event_name":"Transmorgrifier","player_choice":"Transformed","floor":4.0,"gold_loss":0.0,"damage_taken":0.0,"cards_obtained":["LessonLearned"]},{"damage_healed":0,"gold_gain":0,"player_choice":"Upgraded","damage_taken":0,"max_hp_gain":0,"max_hp_loss":0,"event_name":"Upgrade Shrine","floor":19,"gold_loss":0,"cards_upgraded":["WheelKick"]},{"damage_healed":0,"gold_gain":0,"player_choice":"Forge","damage_taken":0,"max_hp_gain":0,"max_hp_loss":0,"event_name":"Accursed Blacksmith","floor":30,"gold_loss":0,"cards_upgraded":["DeusExMachina"]}],"is_beta":false,"boss_relics":[{"not_picked":["Ectoplasm","Cursed Key"],"picked":"Runic Pyramid"}],"items_purged_floors":[13,20],"is_endless":false,"potions_floor_spawned":[1,12,14,18,22,23],"killed_by":"Champ","ascension_level":20}}