{"host":"2ccem01eblg14btk","time":1607873031,"event":{"mods":["BaseMod","Colored Map","Downfall","Minty Spire (QoL Compilation)","Quick Restart","StSLib"],"gold_per_floor":[99,99,17,17,45,62,107,121,153,153,173,186,186,186,197,292,292,292,309,2,22,53,53,53,71,83,83,18,32,32,32,43,43,43],"floor_reached":33,"playtime":1280,"items_purged":["Guardian:Strike_Guardian","Guardian:Strike_Guardian"],"score":302,"play_id":"bfe6ba17-7bce-41ac-8bee-e055efae6ca2","local_time":"20201213162351","is_ascension_mode":false,"campfire_choices":[{"data":"Guardian:TwinSlam","floor":1,"key":"SMITH"},{"floor":10,"key":"REST"},{"data":"Guardian:Orbwalk","floor":18,"key":"SMITH"},{"data":"expansioncontent:BronzeBeam","floor":23,"key":"SMITH"},{"floor":27,"key":"REST"}],"circlet_count":0,"master_deck":["Guardian:Strike_Guardian","Guardian:Strike_Guardian","Guardian:Defend_Guardian","Guardian:Defend_Guardian","Guardian:Defend_Guardian","Guardian:Defend_Guardian","Guardian:CurlUp","Guardian:TwinSlam+1","Guardian:ArmoredProtocol","expansioncontent:Torchfire","Guardian:Orbwalk+1","Guardian:Reroute","Guardian:FloatingOrbs","Guardian:Planning","Guardian:Harden","Parasite","Guardian:FastForward","Guardian:StasisField","Guardian:DonusPower","Guardian:WalkerClaw+1","expansioncontent:BronzeBeam+1","Guardian:PiercingHide","Guardian:VentSteam+1","Guardian:Clone","Guardian:TimeCapacitor","Guardian:BronzeArmor","Pain","Guardian:ChargeCore+1"],"relics":["Guardian:ModeShifter","downfall:HeartsMalice","Smiling Mask","Boot","Darkstone Periapt","downfall:ShatteredFragment","Philosopher\u0027s Stone","Guardian:BottledStasis","Oddly Smooth Stone","Ginger","WarpedTongs"],"acts_visited":["Exordium","TheCity"],"potions_floor_usage":[16,16,22,33,33,33],"damage_taken":[{"damage":0,"enemies":"Small Slimes","floor":2,"turns":1},{"damage":0,"enemies":"downfall:FleeingMerchant","floor":3,"turns":1},{"damage":0,"enemies":"2 Louse","floor":4,"turns":1},{"damage":26,"enemies":"3 Sentries","floor":5,"turns":11},{"damage":1,"enemies":"Cultist","floor":6,"turns":3},{"damage":13,"enemies":"Red Slaver","floor":8,"turns":4},{"damage":21,"enemies":"Gremlin Nob","floor":9,"turns":5},{"damage":0,"enemies":"3 Louse","floor":11,"turns":3},{"damage":12,"enemies":"Blue Slaver","floor":12,"turns":4},{"damage":6,"enemies":"Large Slime","floor":15,"turns":4},{"damage":4,"enemies":"downfall:Defect","floor":16,"turns":4},{"damage":7,"enemies":"3 Byrds","floor":19,"turns":3},{"damage":7,"enemies":"downfall:FleeingMerchant","floor":20,"turns":4},{"damage":18,"enemies":"Snake Plant","floor":21,"turns":3},{"damage":2,"enemies":"Book of Stabbing","floor":22,"turns":3},{"damage":17,"enemies":"Shelled Parasite and Fungi","floor":25,"turns":4},{"damage":3,"enemies":"Centurion and Healer","floor":26,"turns":4},{"damage":14,"enemies":"downfall:FleeingMerchant","floor":28,"turns":4},{"damage":20,"enemies":"Sentry and Sphere","floor":29,"turns":5},{"damage":14,"enemies":"Shelled Parasite and Fungi","floor":32,"turns":5},{"damage":27,"enemies":"downfall:Silent","floor":33,"turns":4}],"seed_played":"892942648578923486","potions_obtained":[{"floor":6,"key":"SpeedPotion"},{"floor":9,"key":"Ancient Potion"},{"floor":11,"key":"ColorlessPotion"},{"floor":12,"key":"AttackPotion"},{"floor":16,"key":"PowerPotion"},{"floor":19,"key":"SpeedPotion"},{"floor":22,"key":"Fruit Juice"},{"floor":25,"key":"DuplicationPotion"},{"floor":32,"key":"Dexterity Potion"}],"is_trial":false,"path_per_floor":["R","M","$","M","E","M","T","M","E","R","M","M","?","?","M","B",null,"R","M","$","M","E","R","T","M","M","R","$","M","?","?","M","B"],"character_chosen":"GUARDIAN","items_purchased":["expansioncontent:Torchfire","Guardian:BottledStasis","expansioncontent:BronzeBeam"],"campfire_rested":2,"item_purchase_floors":[3,20,20],"current_hp_per_floor":[80,80,80,80,54,53,53,40,19,43,43,31,57,33,27,23,86,86,79,72,54,57,57,57,40,37,64,50,30,30,36,22,0,0],"gold":43,"neow_bonus":"THREE_ENEMY_KILL","is_daily":false,"chose_seed":false,"campfire_upgraded":3,"win_rate":0.0,"timestamp":1607873031,"path_taken":["R","M","$","M","E","M","T","M","E","R","M","M","?","?","M","BOSS","R","M","$","M","E","R","T","M","M","R","$","M","?","?","M","BOSS"],"items_purchased_type":["Card","Relic","Card"],"build_version":"2020-11-30","purchased_purges":2,"victory":false,"max_hp_per_floor":[80,80,80,80,80,80,80,80,80,80,80,80,86,86,86,86,86,86,86,86,86,91,91,91,91,91,91,91,91,91,97,97,97,97],"card_choices":[{"not_picked":["Guardian:TemporalStrike","Guardian:Gem_Cyan"],"picked":"Guardian:Gem_Crimson","floor":2},{"not_picked":["Guardian:TemporalShield","Guardian:Gem_Cyan"],"picked":"Guardian:ArmoredProtocol","floor":3},{"not_picked":["Guardian:Gem_Green","Guardian:Emergency"],"picked":"Guardian:Gem_Yellow","floor":4},{"not_picked":["Guardian:TimeCapacitor","Guardian:Incinerate"],"picked":"Guardian:Orbwalk","floor":5},{"not_picked":["Guardian:ChargeCore","Guardian:Incinerate"],"picked":"Guardian:Reroute","floor":6},{"not_picked":["Guardian:FastForward","Guardian:Clone"],"picked":"Guardian:FloatingOrbs","floor":8},{"not_picked":["Guardian:VentSteam","Guardian:Recover"],"picked":"Guardian:Planning","floor":9},{"not_picked":["Guardian:Gem_Lightblue","Guardian:ChargeCore"],"picked":"Guardian:Gem_Red","floor":11},{"not_picked":["Guardian:ShieldCharger","Guardian:Gem_Red"],"picked":"Guardian:Harden","floor":12},{"not_picked":["Guardian:CrystalBeam","Guardian:Incinerate"],"picked":"Guardian:FastForward","floor":15},{"not_picked":["Guardian:RevengeProtocol","Guardian:StasisStrike"],"picked":"Guardian:StasisField","floor":16},{"not_picked":["Guardian:TemporalStrike+1","Guardian:BronzeArmor"],"picked":"Guardian:DonusPower","floor":19},{"not_picked":["Guardian:Gem_Lightblue","Guardian:Gem_Red"],"picked":"Guardian:WalkerClaw+1","floor":20},{"not_picked":["Guardian:Suspension+1","Guardian:Incinerate"],"picked":"Guardian:PiercingHide","floor":21},{"not_picked":["Guardian:TemporalStrike","Guardian:RefractedBeam"],"picked":"Guardian:VentSteam+1","floor":22},{"not_picked":["Guardian:Reroute","Guardian:VentSteam","Guardian:TemporalShield"],"picked":"SKIP","floor":25},{"not_picked":["Guardian:TimeCapacitor","Guardian:Gem_Lightblue"],"picked":"Guardian:Clone","floor":26},{"not_picked":["Guardian:RollAttack","Guardian:PrismaticBeam"],"picked":"Guardian:TimeCapacitor","floor":28},{"not_picked":["Guardian:ShieldCharger","Guardian:MultiBeam"],"picked":"Guardian:BronzeArmor","floor":29},{"not_picked":["Guardian:Harden","Guardian:BronzeOrb"],"picked":"Guardian:ChargeCore+1","floor":32}],"player_experience":110129,"relics_obtained":[{"floor":5,"key":"Smiling Mask"},{"floor":7,"key":"Boot"},{"floor":9,"key":"Darkstone Periapt"},{"floor":22,"key":"Oddly Smooth Stone"},{"floor":24,"key":"Ginger"}],"event_choices":[{"damage_healed":20,"gold_gain":0,"player_choice":"Healed and dodged fight","damage_taken":0,"max_hp_gain":0,"max_hp_loss":0,"event_name":"Mushrooms","floor":13,"gold_loss":0,"cards_obtained":["Parasite"]}],"is_beta":false,"boss_relics":[{"not_picked":["Busted Crown","Coffee Dripper"],"picked":"Philosopher\u0027s Stone"}],"items_purged_floors":[20,28],"is_endless":false,"potions_floor_spawned":[6,9,11,12,16,19,22,25,32],"killed_by":"downfall:Silent","ascension_level":0}}