{"host":"e9x02d116nyd6j9y","time":1607853394,"event":{"mods":["BaseMod","Lobotomy","Minty Spire (QoL Compilation)","SuperFastMode","everything is the same but u backflip on backflip"],"gold_per_floor":[212,269,86,86,101,101,127,142,192,205,205,215,240,252,252,352,402,418,0,0,12,32,32,52,52,52],"floor_reached":25,"playtime":1155,"items_purged":[],"score":215,"play_id":"09d7a76c-eb9c-4411-a269-a0b94bf80071","local_time":"20201213185634","is_ascension_mode":false,"campfire_choices":[{"data":"Zap","floor":6,"key":"SMITH"},{"floor":11,"key":"REST"},{"floor":15,"key":"REST"},{"floor":23,"key":"REST"}],"circlet_count":0,"master_deck":["Strike_B","Strike_B","Strike_B+1","Defend_B","Defend_B","Defend_B","Defend_B","Zap+1","Dualcast","Melter","Genetic Algorithm","Reinforced Body","Scrape","Darkness","Self Repair","Compile Driver","Coolheaded","Rainbow","Coolheaded","Thunder Strike","Genetic Algorithm","Storm+1","Redo","Tempest","Redo"],"relics":["Cracked Core","Bag of Preparation","Lantern","Bronze Scales","Anchor","Tiny House","Lee\u0027s Waffle","Shuriken"],"acts_visited":["Exordium","TheCity"],"potions_floor_usage":[12,13,24,24],"damage_taken":[{"damage":3,"enemies":"Small Slimes","floor":1,"turns":3},{"damage":11,"enemies":"Jaw Worm","floor":5,"turns":3},{"damage":26,"enemies":"3 Sentries","floor":7,"turns":8},{"damage":6,"enemies":"Cultist","floor":8,"turns":3},{"damage":3,"enemies":"Large Slime","floor":10,"turns":5},{"damage":11,"enemies":"Lots of Slimes","floor":12,"turns":3},{"damage":17,"enemies":"Lagavulin","floor":13,"turns":4},{"damage":8,"enemies":"Gremlin Gang","floor":14,"turns":3},{"damage":33,"enemies":"Slime Boss","floor":16,"turns":9},{"damage":13,"enemies":"3 Byrds","floor":18,"turns":3},{"damage":17,"enemies":"Shell Parasite","floor":21,"turns":5},{"damage":19,"enemies":"Snecko","floor":22,"turns":6},{"damage":48,"enemies":"Centurion and Healer","floor":24,"turns":9},{"damage":37,"enemies":"Sentry and Sphere","floor":25,"turns":4}],"seed_played":"-6274249566052460469","potions_obtained":[{"floor":1,"key":"Regen Potion"},{"floor":7,"key":"SteroidPotion"},{"floor":8,"key":"PotionOfCapacity"},{"floor":12,"key":"LiquidBronze"},{"floor":14,"key":"FocusPotion"},{"floor":21,"key":"Fire Potion"},{"floor":24,"key":"AttackPotion"}],"is_trial":false,"path_per_floor":["M","?","$","?","M","R","E","M","T","M","R","M","E","M","R","B",null,"M","$","?","M","M","R","M","M"],"character_chosen":"DEFECT","items_purchased":["Genetic Algorithm","Bag of Preparation","Lee\u0027s Waffle","Shuriken"],"campfire_rested":3,"item_purchase_floors":[3,3,19,19],"current_hp_per_floor":[72,72,72,72,61,61,35,29,29,33,55,44,27,19,41,15,80,67,87,87,70,58,84,36,0,0],"gold":52,"neow_bonus":"HUNDRED_GOLD","is_daily":false,"chose_seed":false,"campfire_upgraded":1,"win_rate":0.0,"timestamp":1607853394,"path_taken":["M","?","$","?","M","R","E","M","T","M","R","?","E","M","R","BOSS","M","$","?","?","?","R","M","M"],"items_purchased_type":["Card","Relic","Relic","Relic"],"build_version":"2020-11-30","purchased_purges":0,"victory":false,"max_hp_per_floor":[75,75,75,75,75,75,75,75,75,75,75,75,75,75,75,75,80,80,87,87,87,87,87,87,87,87],"card_choices":[{"not_picked":["Reinforced Body","Go for the Eyes"],"picked":"Melter","floor":1},{"not_picked":["Blizzard","Conserve Battery"],"picked":"Scrape","floor":5},{"not_picked":["Leap","Auto Shields"],"picked":"Darkness","floor":7},{"not_picked":["Gash","Beam Cell"],"picked":"Self Repair","floor":8},{"not_picked":["Gash","Blizzard"],"picked":"Compile Driver","floor":10},{"not_picked":["Hologram","Scrape"],"picked":"Coolheaded","floor":12},{"not_picked":["Gash","Coolheaded"],"picked":"Rainbow","floor":13},{"not_picked":["Steam","White Noise"],"picked":"Coolheaded","floor":14},{"not_picked":["Seek","Reboot"],"picked":"Thunder Strike","floor":16},{"not_picked":["Coolheaded","Conserve Battery"],"picked":"Genetic Algorithm","floor":17},{"not_picked":["Hologram","Cold Snap+1"],"picked":"Storm+1","floor":18},{"not_picked":["Heatsinks+1","Stack"],"picked":"Redo","floor":21},{"not_picked":["Blizzard","Conserve Battery+1"],"picked":"Tempest","floor":22},{"not_picked":["Barrage","Rip and Tear"],"picked":"Redo","floor":24}],"player_experience":11246,"relics_obtained":[{"floor":7,"key":"Lantern"},{"floor":9,"key":"Bronze Scales"},{"floor":13,"key":"Anchor"}],"event_choices":[{"damage_healed":0,"gold_gain":57,"player_choice":"Gained Gold","damage_taken":0,"max_hp_gain":0,"max_hp_loss":0,"event_name":"Golden Wing","floor":2,"gold_loss":0},{"damage_healed":0,"gold_gain":0,"cards_transformed":["Strike_B"],"player_choice":"Transformed","damage_taken":0,"max_hp_gain":0,"max_hp_loss":0,"event_name":"Transmorgrifier","floor":4,"gold_loss":0,"cards_obtained":["Reinforced Body"]},{"damage_healed":0,"gold_gain":0,"player_choice":"Ignored","damage_taken":0,"max_hp_gain":0,"max_hp_loss":0,"event_name":"N\u0027loth","floor":20,"gold_loss":0}],"is_beta":false,"boss_relics":[{"not_picked":["Empty Cage","Philosopher\u0027s Stone"],"picked":"Tiny House"}],"items_purged_floors":[],"is_endless":false,"potions_floor_spawned":[1,7,8,12,14,21,24],"killed_by":"Sentry and Sphere","ascension_level":0}}