{"host":"ekstrfwlhr7rhfvs","time":1607861948,"event":{"mods":["BaseMod","Minty Spire (QoL Compilation)","Quick Restart","Replay The Spire","StSLib"],"gold_per_floor":[119,194,119,119,130,159,159,159,185,185,199,199,209,209,209],"floor_reached":14,"playtime":165,"items_purged":["Strike_R"],"score":164,"play_id":"f6d1b773-3e45-4958-8faa-f6cfc08ee757","local_time":"20201213201908","is_ascension_mode":true,"campfire_choices":[{"floor":7,"key":"RECALL"},{"data":"Bash","floor":10,"key":"SMITH"}],"circlet_count":0,"master_deck":["Strike_R","Strike_R","Strike_R","Strike_R","Defend_R","Defend_R","Defend_R","Defend_R","Bash+1","Sword Boomerang+1"],"relics":["Burning Blood","NeowsBlessing","Kunai","Replay:Rubber Ducky"],"acts_visited":["Exordium"],"potions_floor_usage":[],"damage_taken":[{"damage":0,"enemies":"Small Slimes","floor":1,"turns":1},{"damage":0,"enemies":"Cultist","floor":5,"turns":1},{"damage":0,"enemies":"Gremlin Nob","floor":6,"turns":1},{"damage":6,"enemies":"2 Louse","floor":11,"turns":2},{"damage":14,"enemies":"Red Slaver","floor":13,"turns":2},{"damage":0,"enemies":"3 Sentries","floor":14,"turns":1}],"seed_played":"4420838185886361337","potions_obtained":[{"floor":1,"key":"BloodPotion"},{"floor":13,"key":"Milkshake"}],"is_trial":false,"path_per_floor":["M","?","$","?","M","E","R","?","T","R","M","?","M","E"],"character_chosen":"IRONCLAD","items_purchased":[],"campfire_rested":0,"item_purchase_floors":[],"current_hp_per_floor":[78,67,67,67,73,79,79,79,79,79,79,79,71,71,71],"gold":209,"neow_bonus":"THREE_ENEMY_KILL","is_daily":false,"chose_seed":false,"campfire_upgraded":1,"win_rate":0.0,"timestamp":1607861948,"path_taken":["M","?","$","?","?","E","R","?","T","R","?","?","?","E"],"items_purchased_type":[],"build_version":"2020-11-30","purchased_purges":1,"victory":false,"max_hp_per_floor":[80,80,80,80,80,80,80,80,80,80,80,80,80,80,80],"card_choices":[{"not_picked":["ReplayTheSpireMod:Corrosion Curse","Flex"],"picked":"Sword Boomerang","floor":1},{"not_picked":["Perfected Strike","Reckless Charge","Run Through"],"picked":"SKIP","floor":5},{"not_picked":["Iron Wave","Shrug It Off","Replay:Undeath\u0027s Touch"],"picked":"SKIP","floor":6},{"not_picked":["Armaments","True Grit","Iron Wave"],"picked":"SKIP","floor":11},{"not_picked":["Cleave","Evolve","Sword Boomerang"],"picked":"SKIP","floor":13}],"player_experience":415686,"relics_obtained":[{"floor":6,"key":"Kunai"},{"floor":9,"key":"Replay:Rubber Ducky"}],"event_choices":[{"damage_healed":0,"gold_gain":75,"player_choice":"Gather Gold","damage_taken":11,"max_hp_gain":0,"max_hp_loss":0,"event_name":"World of Goop","floor":2,"gold_loss":0},{"damage_healed":0,"gold_gain":0,"player_choice":"Upgraded","damage_taken":0,"max_hp_gain":0,"max_hp_loss":0,"event_name":"Upgrade Shrine","floor":4,"gold_loss":0,"cards_upgraded":["Sword Boomerang"]},{"damage_healed":0,"gold_gain":0,"player_choice":"Bought 0 Potions","damage_taken":0,"max_hp_gain":0,"max_hp_loss":0,"event_name":"The Woman in Blue","floor":8,"gold_loss":0},{"damage_healed":0,"gold_gain":0,"player_choice":"0 cards matched","damage_taken":0,"max_hp_gain":0,"max_hp_loss":0,"event_name":"Match and Keep!","floor":12,"gold_loss":0,"cards_obtained":[]}],"is_beta":false,"boss_relics":[],"items_purged_floors":[3],"is_endless":false,"potions_floor_spawned":[1,13],"killed_by":"3 Sentries","ascension_level":9}}