{"host":"y89x8uui45kcjy42","time":1607847661,"event":{"mods":["2.2 Compatiblity","BaseMod","Colored Map","Colored Powertips","Friendly Minions","Highlight Path","Keyboard Shortcuts","Minty Spire (QoL Compilation)","StSLib","SuperFastMode","The Bug Knight","Waifu the Spire"],"gold_per_floor":[109,109,125,145,145,145,145,145,145,160,160,195,195,5,5,100,100,84,84,88,88,88,88,88,129,129,165,63,189,189,149,149,243,243,266,279,612,637,684,716,716,744,769,769,769,769,363,375,375,375,375,375,162,194,194,194],"floor_reached":55,"playtime":1608,"items_purged":["HollowMod:NailStrikeStart","HollowMod:SoulSplash+1","HollowMod:QuickDashStart","HollowMod:NailStrikeStart","HollowMod:QuickDashStart","HollowMod:NailStrikeStart","HollowMod:QuickDashStart"],"score":1444,"play_id":"e1445d6a-81db-4b81-8a20-a8b9e94f8b16","local_time":"20201213172101","is_ascension_mode":true,"campfire_choices":[{"data":"HollowMod:HuntersJournal","floor":6,"key":"SMITH"},{"data":"HollowMod:SoulSplash","floor":13,"key":"SMITH"},{"data":"HollowMod:PerfectDash","floor":15,"key":"SMITH"},{"data":"HollowMod:DescendingDark","floor":23,"key":"SMITH"},{"data":"HollowMod:VengefulVoid","floor":24,"key":"SMITH"},{"data":"HollowMod:WraithStrike","floor":30,"key":"SMITH"},{"data":"HollowMod:FocusHealStart","floor":32,"key":"SMITH"},{"floor":41,"key":"RECALL"},{"data":"HollowMod:VoidDash","floor":44,"key":"SMITH"},{"data":"HollowMod:CloakDash","floor":46,"key":"SMITH"},{"data":"HollowMod:CloakDash","floor":49,"key":"SMITH"},{"data":"HollowMod:PerfectDash","floor":52,"key":"SMITH"}],"circlet_count":0,"master_deck":["AscendersBane","HollowMod:NailStrikeStart+1","HollowMod:FocusHealStart+1","HollowMod:PogoStrike+1","HollowMod:RecoilStrike+1","HollowMod:HuntersJournal+1","HollowMod:PerfectDash+1","HollowMod:VengefulVoid+1","HollowMod:VengefulVoid+1","HollowMod:DescendingDark+1","HollowMod:WraithStrike+1","HollowMod:CloakDash+1","HollowMod:VoidDash+1","HollowMod:ShadowDash","HollowMod:PerfectDash+1","HollowMod:CloakDash+1","HollowMod:WraithStrike+1","HollowMod:NewLittleFool+1","HollowMod:GoodIntentions+1"],"relics":["HollowMod:VoidIdolRelic","PreservedInsect","Juzu Bracelet","Membership Card","MutagenicStrength","Sling","Thread and Needle","Blood Vial","Tiny Chest","HollowMod:QueensCombRelic","HandDrill","StrikeDummy","TheAbacus","CaptainsWheel","Akabeko","Coffee Dripper","Shovel","Orichalcum","Molten Egg 2","HollowMod:MantisClawRelic","Vajra","WingedGreaves","Omamori","WarpedTongs","Strawberry","Bird Faced Urn","OrangePellets","HollowMod:JonisBlessing","Gremlin Horn"],"acts_visited":["Exordium","TheCity","TheBeyond","TheEnding"],"potions_floor_usage":[12,27,33,55,55],"damage_taken":[{"damage":4,"enemies":"Jaw Worm","floor":1,"turns":4},{"damage":1,"enemies":"Cultist","floor":3,"turns":4},{"damage":2,"enemies":"Small Slimes","floor":4,"turns":4},{"damage":8,"enemies":"Red Slaver","floor":10,"turns":3},{"damage":12,"enemies":"Lagavulin","floor":12,"turns":3},{"damage":61,"enemies":"HollowMod:FalseKnight","floor":16,"turns":9},{"damage":29,"enemies":"2 Thieves","floor":18,"turns":4},{"damage":32,"enemies":"Book of Stabbing","floor":25,"turns":4},{"damage":35,"enemies":"Gremlin Leader","floor":27,"turns":3},{"damage":18,"enemies":"Champ","floor":33,"turns":7},{"damage":0,"enemies":"Orb Walker","floor":35,"turns":2},{"damage":22,"enemies":"3 Shapes","floor":36,"turns":2},{"damage":14,"enemies":"Mind Bloom Boss Battle","floor":38,"turns":4},{"damage":4,"enemies":"Giant Head","floor":40,"turns":5},{"damage":24,"enemies":"Reptomancer","floor":42,"turns":3},{"damage":0,"enemies":"Maw","floor":48,"turns":5},{"damage":0,"enemies":"HollowMod:Radiance","floor":50,"turns":6},{"damage":0,"enemies":"Shield and Spear","floor":54,"turns":3},{"damage":74,"enemies":"The Heart","floor":55,"turns":8}],"seed_played":"-8975852124561395966","potions_obtained":[{"floor":3,"key":"Fruit Juice"},{"floor":4,"key":"BlessingOfTheForge"},{"floor":16,"key":"BlessingOfTheForge"},{"floor":27,"key":"LiquidBronze"},{"floor":33,"key":"GamblersBrew"},{"floor":36,"key":"LiquidBronze"}],"is_trial":false,"path_per_floor":["M","?","M","M","?","R","?","?","T","M","?","E","R","$","R","B",null,"M","?","$","?","?","R","R","E","T","E","$","$","R","$","R","B",null,"M","M","?","?","T","E","R","E","T","R","?","R","$","M","R","B",null,"R","$","E","B"],"character_chosen":"THE_BUGKNIGHT","items_purchased":["Membership Card","Sling","HollowMod:VengefulVoid","Thread and Needle","HollowMod:QueensCombRelic","HandDrill","StrikeDummy","HollowMod:WraithStrike","TheAbacus","CaptainsWheel","Akabeko","HollowMod:CloakDash","Strawberry","Bird Faced Urn","OrangePellets","HollowMod:JonisBlessing","HollowMod:NewLittleFool+1"],"campfire_rested":0,"item_purchase_floors":[14,20,20,20,28,28,28,29,29,31,31,31,47,47,47,53,53],"current_hp_per_floor":[70,70,75,73,55,55,60,60,60,58,42,30,30,30,30,37,69,40,40,40,40,24,24,24,61,61,85,56,56,56,56,56,44,53,56,34,34,40,40,56,56,32,32,32,32,32,39,63,63,63,63,63,63,63,0,0],"gold":194,"neow_bonus":"THREE_CARDS","is_daily":false,"chose_seed":false,"campfire_upgraded":11,"win_rate":0.0,"timestamp":1607847661,"path_taken":["M","?","M","?","?","R","?","?","T","?","?","E","R","?","R","BOSS","M","?","$","?","?","R","R","E","T","E","?","$","R","$","R","BOSS","M","M","?","?","?","E","R","E","T","R","?","R","$","M","R","BOSS","R","$","E","BOSS"],"items_purchased_type":["Relic","Relic","Card","Relic","Relic","Relic","Relic","Card","Relic","Relic","Relic","Card","Relic","Relic","Relic","Relic","Card"],"build_version":"2020-11-30","purchased_purges":7,"victory":false,"max_hp_per_floor":[75,75,75,75,75,75,80,80,80,80,80,80,80,80,80,80,80,80,80,80,80,80,80,80,80,80,85,56,56,56,56,56,56,56,56,56,56,56,56,56,56,56,56,56,56,56,63,63,63,63,63,63,63,63,63,63],"card_choices":[{"not_picked":["HollowMod:QuirrelsAssistance","HollowMod:TaintedHusks"],"picked":"HollowMod:RecoilStrike","floor":0},{"not_picked":["HollowMod:DoubleDash","HollowMod:LifebloodCocoon","HollowMod:ShadowDash"],"picked":"SKIP","floor":1},{"not_picked":["HollowMod:NewJinnsSoul","HollowMod:LuriensSpire","HollowMod:SoulShaman"],"picked":"SKIP","floor":3},{"not_picked":["HollowMod:Grubsong","HollowMod:PureNailStrike"],"picked":"HollowMod:HuntersJournal","floor":4},{"not_picked":["HollowMod:WraithStrike","HollowMod:AbyssShriek"],"picked":"HollowMod:SoulSplash","floor":10},{"not_picked":["HollowMod:SiblingsShadow","HollowMod:ShadowDash"],"picked":"HollowMod:PerfectDash","floor":12},{"not_picked":["HollowMod:TaintedHusks","HollowMod:CloakDash"],"picked":"HollowMod:VengefulVoid+1","floor":18},{"not_picked":["HollowMod:HowlingWraiths","HollowMod:MonarchWings","HollowMod:VengefulVoid"],"picked":"SKIP","floor":25},{"not_picked":["HollowMod:DesolateDive","HollowMod:RecoilStrike","HollowMod:TaintedHusks"],"picked":"SKIP","floor":27},{"not_picked":["HollowMod:Hiveblood","HollowMod:PaleKingsBlessing"],"picked":"HollowMod:VoidDash","floor":33},{"not_picked":["HollowMod:CloakDash","HollowMod:PerfectDash"],"picked":"HollowMod:ShadowDash","floor":35},{"not_picked":["HollowMod:InfectedAttack","HollowMod:CornifersMapStart","HollowMod:InfectedCysts"],"picked":"SKIP","floor":36},{"not_picked":["HollowMod:SoulSplash","HollowMod:NewLittleFool"],"picked":"HollowMod:PerfectDash","floor":38},{"not_picked":["HollowMod:SoulStrike+1","HollowMod:NewInfectedGuardian","HollowMod:CrystalDash+1"],"picked":"SKIP","floor":40},{"not_picked":["HollowMod:GreatSlash+1","HollowMod:DesolateDive+1"],"picked":"HollowMod:CloakDash","floor":42},{"not_picked":["HollowMod:MawleksShell","HollowMod:HeavyBlow+1"],"picked":"HollowMod:WraithStrike+1","floor":48},{"not_picked":["HollowMod:InfectedAttack+1","HollowMod:CoiledNail+1"],"picked":"HollowMod:GoodIntentions+1","floor":54}],"player_experience":522058,"relics_obtained":[{"floor":9,"key":"PreservedInsect"},{"floor":12,"key":"Juzu Bracelet"},{"floor":25,"key":"Blood Vial"},{"floor":27,"key":"Tiny Chest"},{"floor":38,"key":"Shovel"},{"floor":39,"key":"Orichalcum"},{"floor":40,"key":"Molten Egg 2"},{"floor":42,"key":"HollowMod:MantisClawRelic"},{"floor":43,"key":"Vajra"},{"floor":54,"key":"Gremlin Horn"}],"event_choices":[{"damage_healed":0,"gold_gain":0,"player_choice":"Upgraded","damage_taken":0,"max_hp_gain":0,"max_hp_loss":0,"event_name":"Upgrade Shrine","floor":2,"gold_loss":0,"cards_upgraded":["HollowMod:RecoilStrike"]},{"damage_healed":0,"gold_gain":0,"player_choice":"Take Damage","damage_taken":18,"relics_obtained":["Golden Idol"],"max_hp_gain":0,"max_hp_loss":0,"event_name":"Golden Idol","floor":5,"gold_loss":0},{"damage_healed":0,"gold_gain":0,"player_choice":"Donut","damage_taken":0,"max_hp_gain":5,"max_hp_loss":0,"event_name":"Big Fish","floor":7,"gold_loss":0},{"cards_removed":["HollowMod:QuickDashStart"],"damage_healed":0,"gold_gain":0,"player_choice":"Purged","damage_taken":0,"max_hp_gain":0,"max_hp_loss":0,"event_name":"Purifier","floor":8,"gold_loss":0},{"damage_healed":0,"gold_gain":0,"player_choice":"Entered Light","damage_taken":16,"max_hp_gain":0,"max_hp_loss":0,"event_name":"Shining Light","floor":11,"gold_loss":0,"cards_upgraded":["HollowMod:NailStrikeStart","HollowMod:PogoStrike"]},{"damage_healed":0,"gold_gain":0,"player_choice":"Inject Mutagens","damage_taken":0,"relics_obtained":["MutagenicStrength"],"max_hp_gain":0,"max_hp_loss":0,"event_name":"Drug Dealer","floor":19,"gold_loss":0},{"damage_healed":0,"gold_gain":0,"player_choice":"Read","damage_taken":0,"max_hp_gain":0,"max_hp_loss":0,"event_name":"The Library","floor":21,"gold_loss":0,"cards_obtained":["HollowMod:DescendingDark"]},{"damage_healed":0,"gold_gain":0,"player_choice":"Obtained Book","damage_taken":16,"max_hp_gain":0,"max_hp_loss":0,"event_name":"Cursed Tome","floor":22,"gold_loss":0},{"damage_healed":0,"gold_gain":333,"player_choice":"Gave Idol","damage_taken":0,"max_hp_gain":0,"max_hp_loss":0,"event_name":"The Moai Head","floor":37,"relics_lost":["Golden Idol"],"gold_loss":0},{"damage_healed":0,"gold_gain":0,"player_choice":"Fight","damage_taken":0,"max_hp_gain":0,"max_hp_loss":0,"event_name":"MindBloom","floor":38,"gold_loss":0},{"damage_healed":0,"gold_gain":0,"player_choice":"Rummage","damage_taken":0,"relics_obtained":["WarpedTongs"],"max_hp_gain":0,"max_hp_loss":0,"event_name":"Accursed Blacksmith","floor":45,"gold_loss":0,"cards_obtained":["Pain"]}],"is_beta":false,"boss_relics":[{"not_picked":["Astrolabe","Runic Dome"],"picked":"HollowMod:VoidIdolRelic"},{"not_picked":["Tiny House","Sozu"],"picked":"Coffee Dripper"}],"items_purged_floors":[14,20,28,29,31,47,53],"is_endless":false,"potions_floor_spawned":[3,4,16,27,33,36,40],"killed_by":"The Heart","ascension_level":14}}