{"host":"r40cn8c2kv7g6k3i","time":1607831902,"event":{"mods":["Act Like it!","BaseMod","Colored Powertips","Downfall","Gensokyo","Hallownest","KinomotoSakuraMod(ƒæ÷Æ±æ”£)","Marisa£®ÏF”Í°°ƒß¿Ì…≥£©","Minty Spire (QoL Compilation)","Onozuka Komachi Mod","Prisma Mod","Reimu£®≤©¿ˆ¡È√Œ£©","Remilia£®¿Ÿ√◊¿Ú—«£©","Replay The Spire","Shop Mod","Spicy Shops","StSLib","The Alterego","The Bug Knight","The Servant 0.9.4","UnlockEverythingMod","WarShipGirlsR/’ΩΩ¢…Ÿ≈ÆR mod","Youmu£®ªÍ∆«—˝√Œ£©","Yuri Mod"],"gold_per_floor":[112,42,42,42,42,42,55,88,103,45,45,98,132,171,171,222,222,343,343,376,406,445,64,84,84],"floor_reached":24,"playtime":1951,"items_purged":["yuri:yuriStrike"],"score":241,"play_id":"6e2a8d08-3db7-4000-9d94-954b8bccebfa","local_time":"20201213115822","is_ascension_mode":false,"campfire_choices":[{"data":"yuri:Stalk","floor":15,"key":"SMITH"},{"data":"yuri:yuriStab","floor":17,"key":"SMITH"}],"circlet_count":0,"master_deck":["yuri:yuriStrike","yuri:yuriStrike","yuri:yuriStrike","yuri:yuriStrike","yuri:yuriDefend","yuri:yuriDefend","yuri:yuriDefend+1","yuri:yuriDefend","yuri:yuriDefend","yuri:Oolong","yuri:yuriStab+1","yuri:BrokenCode+1","yuri:ThrowingKnives","yuri:CalmingAura","yuri:HoldBack","yuri:StealPen+1","yuri:RepairCode","yuri:Stalk+1","yuri:ExploitStrike","yuri:BookPurple","yuri:DeepBreathing","yuri:BookPurple","Specialist"],"relics":["yuri:yuriKnife","NeowsBlessing","Torii","Mastiff:ReiMu","yuri:GlitchPowder","Singing Bowl","Ice Cream","Runic Pyramid","Pen Nib"],"acts_visited":["Gensokyo:Gensokyo","Gensokyo:Gensokyoer"],"potions_floor_usage":[24],"damage_taken":[{"damage":0,"enemies":"Gensokyo:3_Fairies","floor":1,"turns":1},{"damage":0,"enemies":"Gensokyo:Python","floor":7,"turns":1},{"damage":1,"enemies":"Gensokyo:Mamizou","floor":8,"turns":2},{"damage":0,"enemies":"Gensokyo:2_Kodama","floor":9,"turns":2},{"damage":2,"enemies":"Gensokyo:Aya","floor":12,"turns":6},{"damage":0,"enemies":"Gensokyo:VengefulSpirit","floor":13,"turns":4},{"damage":4,"enemies":"Gensokyo:5_Fairies","floor":14,"turns":7},{"damage":14,"enemies":"Gensokyo:Mamizou","floor":16,"turns":9},{"damage":25,"enemies":"Gensokyo:Kokoro","floor":18,"turns":10},{"damage":8,"enemies":"Gensokyo:CosmicMonolith","floor":20,"turns":5},{"damage":8,"enemies":"Gensokyo:3_Dogs","floor":21,"turns":4},{"damage":50,"enemies":"Gensokyo:Swordslinger","floor":22,"turns":5},{"damage":37,"enemies":"Gensokyo:Slime_Group","floor":24,"turns":7}],"seed_played":"-3732205606387525442","potions_obtained":[{"floor":1,"key":"Toxic Potion"},{"floor":8,"key":"GamblersBrew"},{"floor":12,"key":"GrandPatriotsElixir:ReiMu"}],"is_trial":false,"path_per_floor":["M","?","T","PTL","PTL","$","M","E","M","$","T","E","M","M","R","E","R","B",null,"M","M","M","$","M"],"character_chosen":"YURI","items_purchased":["yuri:StealPen+1","yuri:BookPurple","Pen Nib","Specialist"],"campfire_rested":0,"item_purchase_floors":[10,23,23,23],"current_hp_per_floor":[80,80,80,80,80,80,80,79,80,80,80,82,82,80,80,70,70,49,84,79,75,29,29,0,0],"gold":84,"neow_bonus":"THREE_ENEMY_KILL","is_daily":false,"chose_seed":false,"campfire_upgraded":2,"win_rate":0.0,"timestamp":1607831902,"path_taken":["M","?","?","PTL","PTL","$","?","E","M","?","T","E","M","M","R","E","R","BOSS","M","M","M","$","M"],"items_purchased_type":["Card","Card","Relic","Card"],"build_version":"2020-11-30","purchased_purges":1,"victory":false,"max_hp_per_floor":[80,80,80,80,80,80,80,80,80,80,80,82,82,82,82,84,84,84,84,86,86,86,86,86,86],"card_choices":[{"not_picked":["yuri:DebugCard","yuri:CorruptHitbox"],"picked":"yuri:BrokenCode","floor":1},{"not_picked":["yuri:WickedSlash","yuri:GlitchedStrike"],"picked":"yuri:ThrowingKnives","floor":7},{"not_picked":["yuri:ExploitStrike","yuri:ReloadGame"],"picked":"yuri:CalmingAura","floor":8},{"not_picked":["yuri:HeavierStrike","yuri:TPose"],"picked":"yuri:HoldBack","floor":9},{"not_picked":["yuri:Stare","yuri:ThrowingKnives","yuri:yuriQuickStrike"],"picked":"Singing Bowl","floor":12},{"not_picked":["yuri:MPose","yuri:ThrowBook"],"picked":"yuri:RepairCode","floor":13},{"not_picked":["yuri:SelfHarm","yuri:yuriQuickStrike"],"picked":"yuri:Stalk","floor":14},{"not_picked":["yuri:HeavierStrike","yuri:ThrowingKnives","yuri:yuriQuickStrike"],"picked":"Singing Bowl","floor":16},{"not_picked":["yuri:Suicide","yuri:GlitchRemove"],"picked":"yuri:ExploitStrike","floor":18},{"not_picked":["yuri:yuriHeavyStrike","yuri:Stare","yuri:Skip"],"picked":"Singing Bowl","floor":20},{"not_picked":["yuri:Stalk","yuri:CalmingAura"],"picked":"yuri:BookPurple","floor":21},{"not_picked":["yuri:WickedSlash","yuri:yuriHeavyStrike"],"picked":"yuri:DeepBreathing","floor":22}],"player_experience":120075,"relics_obtained":[{"floor":3,"key":"Torii"},{"floor":8,"key":"Mastiff:ReiMu"},{"floor":11,"key":"yuri:GlitchPowder"},{"floor":12,"key":"Singing Bowl"},{"floor":16,"key":"Ice Cream"}],"event_choices":[],"is_beta":false,"boss_relics":[{"not_picked":["Velvet Choker","yuri:PortraitOfMarkov"],"picked":"Runic Pyramid"}],"items_purged_floors":[23],"is_endless":false,"potions_floor_spawned":[1,8,12,18,20,22],"killed_by":"Gensokyo:Slime_Group","ascension_level":0}}