{"host":"qwttrqaysb380yri","time":1607883039,"event":{"mods":["BaseMod","Custom Start","Minty Spire (QoL Compilation)","Puzzle Mod","Relic Stats","StSLib","The Cursed","The Hierophant"],"gold_per_floor":[116,130,163,163,163,173,173,162,162,162,205,5,45,76,76,153,153,171,186,212,152,152],"floor_reached":21,"playtime":871,"items_purged":[],"score":363,"play_id":"9fcbe8c6-6d4c-4820-bbed-abbc300ed6e4","local_time":"20201213191039","is_ascension_mode":true,"campfire_choices":[{"floor":7,"key":"REST"},{"floor":10,"key":"REST"},{"data":"hierophant:ChurchCoffers","floor":15,"key":"SMITH"}],"circlet_count":0,"master_deck":["AscendersBane","hierophant:Strike_Hierophant","hierophant:Strike_Hierophant","hierophant:Strike_Hierophant+1","hierophant:Punish","hierophant:Defend_Hierophant","hierophant:Defend_Hierophant","hierophant:Defend_Hierophant","hierophant:Defend_Hierophant","hierophant:ChurchCoffers+1","hierophant:MirrorShield+1","hierophant:HammerAndAnvil","hierophant:RustyCrate","hierophant:Doubloon","hierophant:Smite","hierophant:Smite","hierophant:RustyCrate","hierophant:Doubloon","hierophant:Doubloon","hierophant:Doubloon","hierophant:SealAway","hierophant:MorningPrayer","hierophant:Cornucopia","hierophant:MorningPrayer+1","hierophant:SecretStash","hierophant:Doubloon","hierophant:Remorse"],"relics":["hierophant:PropheticMaskRelic","Shovel","Letter Opener","Lee\u0027s Waffle","Matryoshka","Philosopher\u0027s Stone"],"acts_visited":["Exordium","TheCity"],"potions_floor_usage":[6,11,16,16],"damage_taken":[{"damage":7,"enemies":"Jaw Worm","floor":1,"turns":3},{"damage":1,"enemies":"2 Louse","floor":2,"turns":3},{"damage":9,"enemies":"Cultist","floor":3,"turns":5},{"damage":31,"enemies":"Lagavulin","floor":6,"turns":6},{"damage":10,"enemies":"Looter","floor":8,"turns":4},{"damage":4,"enemies":"Exordium Wildlife","floor":11,"turns":4},{"damage":10,"enemies":"3 Sentries","floor":13,"turns":5},{"damage":6,"enemies":"Exordium Thugs","floor":14,"turns":4},{"damage":37,"enemies":"Hexaghost","floor":16,"turns":9},{"damage":4,"enemies":"Chosen","floor":18,"turns":3},{"damage":33,"enemies":"3 Byrds","floor":19,"turns":4},{"damage":22,"enemies":"Shelled Parasite and Fungi","floor":20,"turns":5},{"damage":9,"enemies":"Snake Plant","floor":21,"turns":3}],"seed_played":"8381478188373890069","potions_obtained":[{"floor":1,"key":"PowerPotion"},{"floor":2,"key":"DuplicationPotion"},{"floor":8,"key":"Block Potion"},{"floor":13,"key":"CultistPotion"}],"is_trial":false,"path_per_floor":["M","M","M","?","?","E","R","M","T","R","M","$","E","M","R","B",null,"M","M","M","M"],"character_chosen":"HIEROPHANT","items_purchased":["Lee\u0027s Waffle","Weak Potion"],"campfire_rested":2,"item_purchase_floors":[12,12],"current_hp_per_floor":[61,60,51,28,33,2,24,14,14,36,32,82,72,66,66,29,69,65,32,10,1,1],"gold":152,"neow_bonus":"TRANSFORM_CARD","is_daily":false,"chose_seed":false,"campfire_upgraded":1,"win_rate":0.0,"timestamp":1607883039,"path_taken":["M","M","M","?","?","E","R","M","T","R","M","$","E","M","R","BOSS","M","M","M","M"],"items_purchased_type":["Relic","Potion"],"build_version":"2020-11-30","purchased_purges":0,"victory":false,"max_hp_per_floor":[75,75,75,75,75,75,75,75,75,75,75,82,82,82,82,82,82,82,82,82,82,82],"relic_stats":{"Lee\u0027s Waffle":50,"Shovel":0,"counters":[13,58],"Letter Opener":[140],"obtain_stats":[{"Lee\u0027s Waffle":12,"Shovel":6,"Matryoshka":13,"hierophant:PropheticMaskRelic":0,"Philosopher\u0027s Stone":17,"Letter Opener":9},{"Lee\u0027s Waffle":6,"Shovel":4,"Matryoshka":7,"hierophant:PropheticMaskRelic":0,"Philosopher\u0027s Stone":9,"Letter Opener":5},{"Lee\u0027s Waffle":25,"Shovel":17,"Matryoshka":30,"hierophant:PropheticMaskRelic":0,"Philosopher\u0027s Stone":43,"Letter Opener":21}]},"card_choices":[{"not_picked":["hierophant:PristineSoul","hierophant:Racketeering"],"picked":"hierophant:HammerAndAnvil","floor":1},{"not_picked":["hierophant:RepressedViolence","hierophant:SolarFlare"],"picked":"hierophant:RustyCrate","floor":2},{"not_picked":["hierophant:Encroach","hierophant:FieryStrike"],"picked":"hierophant:Smite","floor":3},{"not_picked":["hierophant:Refuge","hierophant:MintersHammer"],"picked":"hierophant:Smite","floor":6},{"not_picked":["hierophant:DisplayOfPower","hierophant:Repentance"],"picked":"hierophant:RustyCrate","floor":8},{"not_picked":["hierophant:EyeForCoin","hierophant:Charity"],"picked":"hierophant:Doubloon","floor":11},{"not_picked":["hierophant:Generosity","hierophant:Sermon"],"picked":"hierophant:SealAway","floor":13},{"not_picked":["hierophant:Doubloon","hierophant:Charity"],"picked":"hierophant:MorningPrayer","floor":14},{"not_picked":["hierophant:Determination","hierophant:Kindle"],"picked":"hierophant:Cornucopia","floor":16},{"not_picked":["hierophant:Sermon+1","hierophant:ConvertCurrency"],"picked":"hierophant:MorningPrayer+1","floor":18},{"not_picked":["hierophant:HammerAndAnvil","hierophant:AuricBeam+1"],"picked":"hierophant:SecretStash","floor":19},{"not_picked":["hierophant:MirrorShield+1","hierophant:Alms"],"picked":"hierophant:Remorse","floor":20}],"player_experience":1826794,"relics_obtained":[{"floor":6,"key":"Shovel"},{"floor":9,"key":"Letter Opener"},{"floor":13,"key":"Matryoshka"}],"event_choices":[{"damage_healed":0,"gold_gain":0,"player_choice":"Entered Light","damage_taken":23,"max_hp_gain":0,"max_hp_loss":0,"event_name":"Shining Light","floor":4,"gold_loss":0,"cards_upgraded":["hierophant:MirrorShield","hierophant:Strike_Hierophant"]},{"cards_removed":["hierophant:Doubloon"],"damage_healed":5,"gold_gain":0,"player_choice":"Offered Common","damage_taken":0,"max_hp_gain":0,"max_hp_loss":0,"event_name":"Bonfire Elementals","floor":5,"gold_loss":0},{"cards_removed":["hierophant:Doubloon"],"damage_healed":5,"gold_gain":0,"player_choice":"Offered Special","damage_taken":0,"max_hp_gain":0,"max_hp_loss":0,"event_name":"Bonfire Elementals","floor":5,"gold_loss":0}],"is_beta":false,"boss_relics":[{"not_picked":["SlaversCollar","Empty Cage"],"picked":"Philosopher\u0027s Stone"}],"items_purged_floors":[],"is_endless":false,"potions_floor_spawned":[1,2,8,13],"killed_by":"Snake Plant","ascension_level":15}}