{"host":"uwh382mre4waz4ff","time":1607833757,"event":{"mods":["AchievementEnabler","BaseMod","Better Note","Better Third Choice","BetterRewards","Highlight Path","HololiveMod","Minty Spire (QoL Compilation)","StSLib"],"gold_per_floor":[79,79,49,67,77,107,107,139,139,155,182,182,198,216,216,312,312,324,335,355,33,33,66,76,76,76],"floor_reached":25,"playtime":1177,"items_purged":["Regret"],"score":618,"play_id":"36fbe87e-8bf4-4c9b-9987-6c4f5625cb8a","local_time":"20201213122917","is_ascension_mode":true,"campfire_choices":[{"data":"Hololive_MaximGun","floor":7,"key":"SMITH"},{"data":"Hololive_CallShiroganeNoel","floor":15,"key":"SMITH"}],"circlet_count":0,"master_deck":["AscendersBane","Hololive_CallHoushouMarine","Hololive_CallShiroganeNoel+1","Hololive_CallUruhaRushia","Hololive_CallShiranuiFlare","Hololive_CallUsadaPekora","Hololive_StrengthChampion","Hololive_Defend","Hololive_Defend","Hololive_MaximGun+1","Hololive_CallKiryuuCoco","Hololive_Sequa","Hololive_StrengthChampion","Hololive_CallOmaruPolka","Hololive_Nanodesu","Hololive_CallAiraniIofifteen","Hololive_CallShiroganeNoel","Hololive_CallOmaruPolka","Hololive_Rebirth","Hololive_CallTsunomakiWatame","Hololive_CallNatsuiroMatsuri","Hololive_CallTokoyamiTowa","Hololive_CallShirakamiFubuki","Hololive_DevilCharm+1","Hololive_CocoNews"],"relics":["Hololive_TheStar","betterThird:SlimedRelic","Strawberry","Gremlin Horn","Torii","Eternal Feather","Philosopher\u0027s Stone","Toxic Egg 2","Pear"],"acts_visited":["Exordium","TheCity"],"potions_floor_usage":[8,14,23,23,23],"damage_taken":[{"damage":0,"enemies":"Jaw Worm","floor":1,"turns":2},{"damage":0,"enemies":"2 Louse","floor":4,"turns":3},{"damage":0,"enemies":"Small Slimes","floor":5,"turns":3},{"damage":0,"enemies":"Lagavulin","floor":6,"turns":4},{"damage":0,"enemies":"3 Sentries","floor":8,"turns":3},{"damage":0,"enemies":"3 Louse","floor":10,"turns":3},{"damage":0,"enemies":"Lagavulin","floor":11,"turns":2},{"damage":0,"enemies":"Exordium Thugs","floor":13,"turns":3},{"damage":0,"enemies":"Lots of Slimes","floor":14,"turns":3},{"damage":0,"enemies":"Slime Boss","floor":16,"turns":4},{"damage":0,"enemies":"Shell Parasite","floor":18,"turns":5},{"damage":0,"enemies":"3 Byrds","floor":19,"turns":3},{"damage":0,"enemies":"3 Cultists","floor":20,"turns":3},{"damage":0,"enemies":"Slavers","floor":23,"turns":5},{"damage":0,"enemies":"Sentry and Sphere","floor":24,"turns":3},{"damage":66,"enemies":"Gremlin Leader","floor":25,"turns":8}],"seed_played":"-1806891837487346227","potions_obtained":[{"floor":1,"key":"Block Potion"},{"floor":6,"key":"Explosive Potion"},{"floor":13,"key":"ColorlessPotion"},{"floor":14,"key":"SpeedPotion"},{"floor":16,"key":"BlessingOfTheForge"},{"floor":18,"key":"DuplicationPotion"},{"floor":24,"key":"SteroidPotion"}],"is_trial":false,"path_per_floor":["M","?","?","M","M","E","R","E","T","M","E","?","M","M","R","B",null,"M","M","M","$","?","E","M","E"],"character_chosen":"Hololive_HololiveCharacter","items_purchased":["Toxic Egg 2"],"campfire_rested":0,"item_purchase_floors":[21],"current_hp_per_floor":[32,32,21,21,21,28,28,28,28,28,28,28,28,28,40,40,42,42,42,42,42,42,52,52,0,0],"gold":76,"neow_bonus":"THREE_RARE_CARDS","is_daily":false,"chose_seed":false,"campfire_upgraded":2,"win_rate":0.0,"timestamp":1607833757,"path_taken":["M","?","?","M","?","E","R","E","T","M","E","?","M","M","R","BOSS","M","M","M","$","?","E","M","E"],"items_purchased_type":["Relic"],"build_version":"2020-11-30","purchased_purges":1,"victory":false,"max_hp_per_floor":[35,35,35,35,35,42,42,42,42,42,42,42,42,42,42,42,42,42,42,42,42,42,52,52,52,52],"card_choices":[{"not_picked":["Hololive_Rebirth","Hololive_AWSL"],"picked":"Hololive_MaximGun","floor":0},{"not_picked":["Hololive_HuntDinosaur","Hololive_Trident","Hololive_Breathe"],"picked":"Hololive_CallKiryuuCoco","floor":1},{"not_picked":["Hololive_StrengthChampion","Hololive_LuckPotion","Hololive_CocoNews"],"picked":"Hololive_Sequa","floor":4},{"not_picked":["Hololive_FlyingPonyTail","Hololive_Rebound","Hololive_ILoveYou"],"picked":"Hololive_StrengthChampion","floor":5},{"not_picked":["Hololive_StrengthChampion","Hololive_Sequa","Hololive_CallYukihanaLamy"],"picked":"Hololive_CallOmaruPolka","floor":6},{"not_picked":["Hololive_Yoholoon","Hololive_Trident","Hololive_FlyingPonyTail"],"picked":"Hololive_Nanodesu","floor":8},{"not_picked":["Hololive_OvertimeWork","Hololive_HuntDinosaur","Hololive_Breathe","Hololive_LuckPotion"],"picked":"SKIP","floor":10},{"not_picked":["Hololive_SoulCatcher","Hololive_CallKiryuuCoco","Hololive_CandyCastle"],"picked":"Hololive_CallAiraniIofifteen","floor":11},{"not_picked":["Hololive_RevenueBasedLive","Hololive_HuntDinosaur","Hololive_OvertimeWork"],"picked":"Hololive_CallShiroganeNoel","floor":13},{"not_picked":["Hololive_LuckPotion","Hololive_StarCraft","Hololive_RevenueBasedLive"],"picked":"Hololive_CallOmaruPolka","floor":14},{"not_picked":["Hololive_DiamondStrike","Hololive_ASMR","Hololive_AWSL"],"picked":"Hololive_Rebirth","floor":16},{"not_picked":["Hololive_StrengthChampion","Hololive_CallShiroganeNoel+1","Hololive_RevenueBasedLive"],"picked":"Hololive_CallTsunomakiWatame","floor":18},{"not_picked":["Hololive_Breathe","Hololive_FlyingPonyTail","Hololive_CallMinatoAqua"],"picked":"Hololive_CallNatsuiroMatsuri","floor":19},{"not_picked":["Hololive_Rebound+1","Hololive_HuntDinosaur","Hololive_OvertimeWork","Hololive_Sequa"],"picked":"SKIP","floor":20},{"not_picked":["Hololive_OvertimeWork","Hololive_Psychosis","Hololive_FlyingPonyTail+1"],"picked":"Hololive_DevilCharm+1","floor":23},{"not_picked":["Hololive_Trident","Hololive_Nanodesu","Hololive_Psychosis"],"picked":"Hololive_CocoNews","floor":24}],"player_experience":111850,"relics_obtained":[{"floor":6,"key":"Strawberry"},{"floor":8,"key":"Gremlin Horn"},{"floor":11,"key":"Torii"},{"floor":23,"key":"Pear"}],"event_choices":[{"cards_removed":["Shame"],"damage_healed":0,"gold_gain":0,"player_choice":"Forget","damage_taken":0,"max_hp_gain":0,"max_hp_loss":0,"event_name":"Living Wall","floor":2,"gold_loss":0},{"damage_healed":0,"gold_gain":0,"player_choice":"Slimed","damage_taken":11,"max_hp_gain":0,"max_hp_loss":0,"event_name":"betterThird:BetterGoop","floor":3,"gold_loss":30},{"damage_healed":0,"gold_gain":0,"player_choice":"Box","damage_taken":0,"relics_obtained":["Eternal Feather"],"max_hp_gain":0,"max_hp_loss":0,"event_name":"Big Fish","floor":12,"gold_loss":0,"cards_obtained":["Regret"]},{"damage_healed":0,"gold_gain":0,"cards_transformed":["Hololive_Strike","Hololive_Strike"],"player_choice":"Became Test Subject","damage_taken":0,"max_hp_gain":0,"max_hp_loss":0,"event_name":"Drug Dealer","floor":22,"gold_loss":0,"cards_obtained":["Hololive_CallTokoyamiTowa","Hololive_CallShirakamiFubuki"]}],"is_beta":false,"boss_relics":[{"not_picked":["Astrolabe","Fusion Hammer"],"picked":"Philosopher\u0027s Stone"}],"items_purged_floors":[21],"is_endless":false,"potions_floor_spawned":[1,6,13,14,16,18,20,24],"killed_by":"Gremlin Leader","ascension_level":10}}