{"host":"qr1bwouox9un7py1","time":1607837576,"event":{"mods":["2.2 Compatiblity","AchievementEnabler","BaseMod","Colored Map","Colored Powertips","GifTheSpireLib","Highlight Path","Infinite Spire","Lobotomy","LobotomyExtend","Minty Spire (QoL Compilation)","Quick Restart","Shop Mod","StSLib","Unceasing Turn Reminder"],"gold_per_floor":[118,129,129,143,156,156,156],"floor_reached":6,"playtime":326,"items_purged":[],"score":51,"play_id":"726ce99a-dda8-4917-81b6-5f443eac7584","local_time":"20201213163256","is_ascension_mode":true,"campfire_choices":[],"circlet_count":0,"master_deck":["Strike_R","Strike_R","Strike_R","Strike_R","Strike_R","Defend_R","Defend_R","Defend_R","Defend_R","Bash","DespairKnight","Clash","UniverseFragment","infinitespire:FinalStrike","GreedKing","Offering","CrumblingArmor","Cleave"],"relics":["Burning Blood","CogitoBucket","LetterFromLob"],"acts_visited":["Exordium"],"potions_floor_usage":[6,6,6],"damage_taken":[{"damage":12,"enemies":"Small Slimes","floor":1,"turns":5},{"damage":0,"enemies":"2 Louse","floor":2,"turns":3},{"damage":0,"enemies":"Cultist","floor":4,"turns":2},{"damage":40,"enemies":"Gremlin Gang","floor":5,"turns":5},{"damage":25,"enemies":"Lagavulin","floor":6,"turns":5}],"seed_played":"-4495990681218810790","potions_obtained":[{"floor":1,"key":"Block Potion"},{"floor":4,"key":"SpeedPotion"},{"floor":5,"key":"Weak Potion"}],"is_trial":false,"path_per_floor":["M","M","?","M","M","E"],"character_chosen":"IRONCLAD","items_purchased":[],"campfire_rested":0,"item_purchase_floors":[],"current_hp_per_floor":[66,72,52,58,24,0,0],"gold":156,"neow_bonus":"","is_daily":false,"chose_seed":false,"campfire_upgraded":0,"win_rate":0.0,"timestamp":1607837576,"path_taken":["M","M","?","M","M","E"],"items_purchased_type":[],"build_version":"2020-11-30","purchased_purges":0,"victory":false,"max_hp_per_floor":[80,80,80,80,80,80,80],"card_choices":[{"not_picked":["Bloodbath","Scorched"],"picked":"DespairKnight","floor":1},{"not_picked":["Wild Strike","Entrench"],"picked":"Clash","floor":1},{"not_picked":["SnowQueen","WallGazer"],"picked":"UniverseFragment","floor":2},{"not_picked":["Warcry","Havoc","Body Slam"],"picked":"SKIP","floor":2},{"not_picked":["infinitespire:SealOfDarkness+","infinitespire:Execution"],"picked":"infinitespire:FinalStrike","floor":3},{"not_picked":["Woodsman","Bloodbath"],"picked":"GreedKing","floor":4},{"not_picked":["True Grit","Flex"],"picked":"Offering","floor":4},{"not_picked":["WhitesApple","BeautyBeast"],"picked":"CrumblingArmor","floor":5},{"not_picked":["Twin Strike","Metallicize"],"picked":"Cleave","floor":5}],"player_experience":239967,"relics_obtained":[{"floor":1,"key":"LetterFromLob"}],"event_choices":[],"is_beta":false,"boss_relics":[],"items_purged_floors":[],"is_endless":false,"potions_floor_spawned":[1,4,5],"killed_by":"Lagavulin","ascension_level":7}}