{"host":"oc9j5nmpwz4e9fqj","time":1607853162,"event":{"mods":["AchievementEnabler","BaseMod","Conspire","KomeijiMod","Minty Spire (QoL Compilation)","Quick Restart","Replay The Spire","Shop Mod","StSLib","TestMod","Yuri Mod","[IsaacMod]ÒÔÈö¼âËþ"],"gold_per_floor":[667,667,1006,1354,630,630,659,584,636,963,963,963,1443,1857,1857,3926,3926,4353,3647,4110,4519,4941,4941,4975,4599,4669,4700,1474,1474,1865,1893,1893,3515,3564,4055,4055,3391,3391,3820,3820,2367,2367,2367,2836,2866,3269,3673,2196,2196,2196,2196,2196,2196,303,329,329],"floor_reached":57,"playtime":2831,"items_purged":["Strike_G","Strike_G","Strike_G","Strike_G","Strike_G"],"score":3434,"play_id":"9e196eeb-7a62-48f1-b6e2-96a30c03099b","local_time":"20201213185242","is_ascension_mode":true,"campfire_choices":[{"floor":6,"key":"RECALL"},{"floor":12,"key":"REST"},{"data":"Poisoned Stab","floor":15,"key":"SMITH"},{"floor":23,"key":"REST"},{"floor":29,"key":"REST"},{"data":"Poison Darts","floor":32,"key":"SMITH"},{"data":"Corpse Explosion","floor":40,"key":"SMITH"},{"data":"Adrenaline","floor":49,"key":"SMITH"},{"floor":53,"key":"REST"}],"circlet_count":0,"master_deck":["AscendersBane","Defend_G","Defend_G","Defend_G+2","Defend_G+1","Survivor","Neutralize","Deadly Poison+1","Bane","Catalyst","Poisoned Stab+1","Bullet Time+1","Poison Darts+1","Corpse Explosion+1","Dagger Spray","PiercingWail","Backstab","Die Die Die+1","Adrenaline+1"],"relics":["Ring of the Snake","testmod-TestBox","HushsDoor","SatanicBible","testmod-Charity","Blood Vial","Pantograph","TheAbacus","Replay:Baseball","Counterbalance","GuppysTail","testmod-RealStoneCalender","testmod-CardMagician","Basket Of Snakes","yuri:PortableGlitches","CaptainsWheel","Regal Pillow","The Courier","conspire:DeflatedDodgeball","SteamSale","ReplayTheSpireMod:Lightbulb","Anchor","testmod-LifeArmor","conspire:DecoderRing","Onion Ring","testmod-IndustrialRevolution","Ancient Tea Set","Blue Candle","Oddly Smooth Stone","Bronze Scales","Chameleon Ring","Divine Protection","HornCleat","BookOfRevelations","Replay:WaspNest","Diplopia","testmod-TurbochargingSystem","Bag of Marbles","DoctorsRemote","testmod-Antiphasic","Ninja Scroll","Question Card","Bottled Lightning","Tiny House","Snake Skull","Gremlin Food","ReplayFunnel","Pet Ghost","conspire:Flyswatter","StoneCalendar","Eternal Feather","Simple Rune","Garlic","Darkstone Periapt","Centennial Puzzle","Replay:Bottled Snecko","Boot","Unceasing Top","Pen Nib","Mercury Hourglass","Juzu Bracelet","Meat on the Bone","Dream Catcher","MealTicket","ReplayTheSpireMod:TigerMarble","Lantern","Tingsha","conspire:GiftBox","TuHaoJin","BranchBurnRelic","TheBean","testmod-InjuryResistance","Vajra","Strange Spoon","HoshigumaDish","conspire:TopHat","ReplayTheSpireMod:Shallot","Replay:Accelerometer","testmod-OneHitWonder","Replay:Bandana","Nunchaku","Iron Hammer","Mango"],"acts_visited":["Exordium","TheCity","TheBeyond","TheEnding"],"potions_floor_usage":[3,7,7],"damage_taken":[{"damage":2,"enemies":"2 Louse","floor":1,"turns":3},{"damage":2,"enemies":"Cultist","floor":3,"turns":5},{"damage":3,"enemies":"Jaw Worm","floor":4,"turns":6},{"damage":6,"enemies":"Gremlin Nob","floor":7,"turns":3},{"damage":4,"enemies":"3 Louse","floor":10,"turns":3},{"damage":0,"enemies":"Looter","floor":13,"turns":2},{"damage":1,"enemies":"Large Slime","floor":14,"turns":6},{"damage":22,"enemies":"The Guardian","floor":16,"turns":9},{"damage":4,"enemies":"3 Byrds","floor":18,"turns":2},{"damage":24,"enemies":"conspire:FuzzyDice","floor":20,"turns":3},{"damage":16,"enemies":"conspire:HollyBat","floor":21,"turns":5},{"damage":10,"enemies":"Centurion and Healer","floor":22,"turns":3},{"damage":29,"enemies":"Book of Stabbing","floor":24,"turns":4},{"damage":11,"enemies":"Gremlin Leader","floor":27,"turns":5},{"damage":0,"enemies":"Cultist and Chosen","floor":30,"turns":2},{"damage":0,"enemies":"Slavers","floor":31,"turns":2},{"damage":0,"enemies":"Champ","floor":33,"turns":8},{"damage":0,"enemies":"3 Darklings","floor":35,"turns":1},{"damage":0,"enemies":"3 Shapes","floor":39,"turns":1},{"damage":0,"enemies":"Sphere and 2 Shapes","floor":44,"turns":1},{"damage":0,"enemies":"Nemesis","floor":45,"turns":3},{"damage":0,"enemies":"Maw","floor":46,"turns":5},{"damage":0,"enemies":"Spire Growth","floor":47,"turns":2},{"damage":0,"enemies":"Donu and Deca","floor":50,"turns":7},{"damage":0,"enemies":"Awakened One","floor":51,"turns":7},{"damage":0,"enemies":"Shield and Spear","floor":55,"turns":5},{"damage":1,"enemies":"The Heart","floor":56,"turns":6}],"seed_played":"-2308848158898540357","potions_obtained":[{"floor":1,"key":"Energy Potion"},{"floor":3,"key":"PowerPotion"},{"floor":3,"key":"SpeedPotion"},{"floor":4,"key":"ColorlessPotion"},{"floor":10,"key":"Dexterity Potion"},{"floor":14,"key":"Explosive Potion"},{"floor":18,"key":"PowerPotion"},{"floor":22,"key":"DistilledChaos"}],"is_trial":false,"path_per_floor":["M","?","M","M","$","R","E","?","T","M","?","R","M","M","R","B",null,"M","$","M","M","M","R","E","$","T","E","$","R","M","E","R","B",null,"M","?","$","?","M","R","$","?","T","M","E","M","M","$","R","B","B",null,"R","$","E","B",null],"character_chosen":"THE_SILENT","items_purchased":["Blood Vial","Pantograph","TheAbacus","Deadly Poison","Basket Of Snakes","yuri:PortableGlitches","Regal Pillow","Backstab","SteamSale","ReplayTheSpireMod:Lightbulb","Anchor","testmod-LifeArmor","conspire:DecoderRing","Onion Ring","testmod-IndustrialRevolution","Ancient Tea Set","Blue Candle","Oddly Smooth Stone","Bronze Scales","Chameleon Ring","Divine Protection","HornCleat","BookOfRevelations","Replay:WaspNest","Diplopia","testmod-TurbochargingSystem","Bag of Marbles","DoctorsRemote","Snake Skull","Gremlin Food","ReplayFunnel","Pet Ghost","conspire:Flyswatter","StoneCalendar","Eternal Feather","Simple Rune","Garlic","Darkstone Periapt","Centennial Puzzle","Dead Branch","Replay:Bottled Snecko","Boot","Mercury Hourglass","Juzu Bracelet","Meat on the Bone","Dream Catcher","MealTicket","ReplayTheSpireMod:TigerMarble","Lantern","Tingsha","conspire:GiftBox","TuHaoJin","TheBean","testmod-InjuryResistance","Vajra","Strange Spoon","HoshigumaDish","conspire:TopHat","ReplayTheSpireMod:Shallot","Replay:Accelerometer","testmod-OneHitWonder","Replay:Bandana","Nunchaku","Iron Hammer","Mango"],"campfire_rested":4,"item_purchase_floors":[5,5,5,5,19,19,25,25,28,28,28,28,28,28,28,28,28,28,28,28,28,28,28,28,28,28,28,28,37,37,37,37,37,41,41,41,41,41,41,41,41,41,48,48,48,48,48,48,48,48,48,48,54,54,54,54,54,54,54,54,54,54,54,54,54],"current_hp_per_floor":[59,59,58,56,56,56,53,53,54,53,32,53,57,59,59,52,69,68,68,47,34,27,50,24,24,25,17,17,56,59,62,62,84,90,91,91,91,86,87,87,87,87,87,88,89,90,91,91,91,91,91,91,91,105,126,147],"gold":329,"neow_bonus":"HUNDRED_GOLD","is_daily":false,"chose_seed":false,"campfire_upgraded":4,"win_rate":0.0,"timestamp":1607853162,"path_taken":["M","?","M","M","?","R","E","?","T","M","?","R","M","?","R","BOSS","M","$","M","M","M","R","E","$","T","E","$","R","M","E","R","BOSS","M","?","$","?","?","R","$","?","T","M","E","M","M","$","R","BOSS","BOSS","R","$","E","BOSS"],"items_purchased_type":["Relic","Relic","Relic","Card","Relic","Relic","Relic","Card","Relic","Relic","Relic","Relic","Relic","Relic","Relic","Relic","Relic","Relic","Relic","Relic","Relic","Relic","Relic","Relic","Relic","Relic","Relic","Relic","Relic","Relic","Relic","Relic","Relic","Relic","Relic","Relic","Relic","Relic","Relic","Relic","Relic","Relic","Relic","Relic","Relic","Relic","Relic","Relic","Relic","Relic","Relic","Relic","Relic","Relic","Relic","Relic","Relic","Relic","Relic","Relic","Relic","Relic","Relic","Relic","Relic"],"build_version":"2020-11-30","purchased_purges":5,"victory":true,"max_hp_per_floor":[68,68,69,70,70,70,68,68,69,70,70,70,72,73,73,74,74,75,75,76,77,78,78,79,79,80,81,81,81,82,83,83,84,90,91,91,91,86,87,87,87,87,87,88,89,90,91,91,91,91,91,91,91,105,126,148],"card_choices":[{"not_picked":["Backflip","Outmaneuver","Cloak And Dagger"],"picked":"SKIP","floor":1},{"not_picked":["Prepared","Concentrate","Slice"],"picked":"SKIP","floor":1},{"not_picked":["Sucker Punch","Flying Knee","Leg Sweep"],"picked":"SKIP","floor":3},{"not_picked":["Cloak And Dagger","Outmaneuver","ReplayTheSpireMod:Tripwire"],"picked":"SKIP","floor":3},{"not_picked":["ReplayTheSpireMod:Scrap Shanks","Finisher","Replay:Poison Smokescreen"],"picked":"SKIP","floor":4},{"not_picked":["Prepared","Outmaneuver","Replay:Poison Smokescreen"],"picked":"SKIP","floor":4},{"not_picked":["Draining Mist","ReplayTheSpireMod:Exploit Weakness"],"picked":"Bane","floor":7},{"not_picked":["Dash","All Out Attack"],"picked":"Catalyst","floor":10},{"not_picked":["Expertise","ReplayTheSpireMod:The Works","Blur"],"picked":"SKIP","floor":10},{"not_picked":["Dagger Throw","Blade Dance","ReplayTheSpireMod:The Works"],"picked":"SKIP","floor":13},{"not_picked":["ReplayTheSpireMod:Exploit Weakness","Sucker Punch","Flying Knee"],"picked":"SKIP","floor":13},{"not_picked":["Draining Mist","Night Terror"],"picked":"Poisoned Stab","floor":14},{"not_picked":["Setup","Finisher","ReplayTheSpireMod:Tripwire"],"picked":"SKIP","floor":14},{"not_picked":["Tools of the Trade","Phantasmal Killer"],"picked":"Bullet Time","floor":16},{"not_picked":["Atom Bomb","Night Terror"],"picked":"Poison Darts","floor":16},{"not_picked":["Tools of the Trade","After Image"],"picked":"Corpse Explosion","floor":16},{"not_picked":["Expertise","Riddle With Holes"],"picked":"Dagger Spray","floor":18},{"not_picked":["Deflect","Blur","Cloak And Dagger"],"picked":"SKIP","floor":18},{"not_picked":["Dagger Throw","Blade Dance","Cloak And Dagger"],"picked":"SKIP","floor":20},{"not_picked":["Deadly Poison","Flechettes","Dodge and Roll"],"picked":"SKIP","floor":20},{"not_picked":["Dodge and Roll","Deflect+1"],"picked":"PiercingWail","floor":21},{"not_picked":["Underhanded Strike","Flying Knee","Replay:Poison Smokescreen"],"picked":"SKIP","floor":21},{"not_picked":["Deadly Poison","ReplayTheSpireMod:The Works","Calculated Gamble"],"picked":"SKIP","floor":22},{"not_picked":["Quick Slash","Terror","Backflip+1"],"picked":"SKIP","floor":22},{"not_picked":["Atom Bomb","ReplayTheSpireMod:Tripwire+1","Prepared"],"picked":"SKIP","floor":24},{"not_picked":["Infinite Blades","Tactician","Backflip"],"picked":"SKIP","floor":27},{"not_picked":["PiercingWail","Acrobatics","All Out Attack"],"picked":"SKIP","floor":30},{"not_picked":["Dagger Throw","Masterful Stab","Doppelganger"],"picked":"SKIP","floor":30},{"not_picked":["Corpse Explosion","Bane","Quick Slash"],"picked":"SKIP","floor":31},{"not_picked":["Burst","Storm of Steel"],"picked":"Die Die Die","floor":33},{"not_picked":["Prepared","Deadly Poison+1","Footwork","conspire:PoisonWeapons"],"picked":"SKIP","floor":35},{"not_picked":["Wraith Form v2","Acrobatics","Backflip","Accuracy"],"picked":"SKIP","floor":35},{"not_picked":["Backflip","Quick Slash+1","Leg Sweep","Dodge and Roll"],"picked":"SKIP","floor":39},{"not_picked":["Outmaneuver","PiercingWail","Deflect","Deadly Poison"],"picked":"SKIP","floor":39},{"not_picked":["Bane","PiercingWail","Dagger Throw","Blade Dance"],"picked":"SKIP","floor":44},{"not_picked":["Backflip","Blade Dance","Poisoned Stab+1","Acrobatics"],"picked":"SKIP","floor":44},{"not_picked":["Outmaneuver","Backflip","Flying Knee+1"],"picked":"Adrenaline","floor":45},{"not_picked":["Deflect","Infinite Blades","Leg Sweep","Dagger Spray"],"picked":"SKIP","floor":46},{"not_picked":["Underhanded Strike","Bane","Flying Knee","Outmaneuver"],"picked":"SKIP","floor":46},{"not_picked":["Well Laid Plans+1","Dodge and Roll","Backstab+1","Blade Dance+1"],"picked":"SKIP","floor":47},{"not_picked":["Skewer+1","PiercingWail","Masterful Stab","ReplayTheSpireMod:Tripwire"],"picked":"SKIP","floor":47},{"not_picked":["Poison Darts","Phantasmal Killer","Endless Agony","ReplayTheSpireMod:Scrap Shanks"],"picked":"SKIP","floor":55}],"player_experience":219514,"relics_obtained":[{"floor":7,"key":"Replay:Baseball"},{"floor":16,"key":"Counterbalance"},{"floor":16,"key":"GuppysTail"},{"floor":16,"key":"testmod-RealStoneCalender"},{"floor":24,"key":"CaptainsWheel"},{"floor":26,"key":"The Courier"},{"floor":27,"key":"conspire:DeflatedDodgeball"},{"floor":31,"key":"testmod-Antiphasic"},{"floor":33,"key":"Ninja Scroll"},{"floor":33,"key":"Question Card"},{"floor":33,"key":"Bottled Lightning"},{"floor":43,"key":"Unceasing Top"},{"floor":45,"key":"Pen Nib"}],"event_choices":[{"cards_removed":["Defend_G"],"damage_healed":0,"gold_gain":0,"player_choice":"Card Removal","damage_taken":0,"max_hp_gain":0,"max_hp_loss":0,"event_name":"The Cleric","floor":8,"gold_loss":75},{"damage_healed":0,"gold_gain":0,"player_choice":"Entered Light","damage_taken":21,"max_hp_gain":0,"max_hp_loss":0,"event_name":"Shining Light","floor":11,"gold_loss":0,"cards_upgraded":["Defend_G","Deadly Poison"]},{"damage_healed":0,"gold_gain":0,"player_choice":"Memory 1","damage_taken":0,"max_hp_gain":0,"max_hp_loss":0,"event_name":"SensoryStone","floor":36,"gold_loss":0},{"damage_healed":0,"gold_gain":0,"player_choice":"Max HP","damage_taken":0,"max_hp_gain":0,"max_hp_loss":5,"event_name":"Winding Halls","floor":38,"gold_loss":0}],"is_beta":false,"boss_relics":[{"not_picked":["testmod-Temperance","ChewingGum"],"picked":"testmod-CardMagician"},{"not_picked":[]},{"not_picked":["SacredBark","Busted Crown"],"picked":"Tiny House"},{"not_picked":[]}],"items_purged_floors":[5,19,25,28,37],"is_endless":false,"potions_floor_spawned":[1,3,3,4,10,13,14,14,18,20,20,21,22,24,30,30,35,39,44,44,45,46,46,47,47,55],"ascension_level":20}}