{"host":"nj06ypb01n3s9mn8","time":1607841619,"event":{"mods":["2.2 Compatiblity","BaseMod","Colored Map","Downfall","Highlight Path","Marisa????????","Minty Spire (QoL Compilation)","Replay The Spire","StSLib","The Animator","The Bug Knight","The Necromancer","The Servant 0.9.4","Waifu the Spire"],"gold_per_floor":[99,99,99,99,134,154,154,4,38,38,38,48,98,98,116,218,218,218,229,229,229,254,254,278,304,304,338,338,358,71,71,82,179,279,204,214,243,558,558,558,558,591,605,605,622,675,687,737,752,752,752,778,574,574,574],"floor_reached":56,"playtime":5913,"items_purged":["Regret"],"score":1467,"play_id":"c951153e-7565-4cb4-8754-acf7c80c837d","local_time":"20201213034018","is_ascension_mode":false,"campfire_choices":[{"floor":1.0,"key":"RECALL"},{"data":"Guardian:CurlUp","floor":8.0,"key":"SMITH"},{"floor":10.0,"key":"REST"},{"data":"Guardian:StasisField","floor":18.0,"key":"SMITH"},{"data":"Guardian:TimeSifter","floor":20.0,"key":"SMITH"},{"data":"Guardian:RollAttack","floor":23.0,"key":"SMITH"},{"floor":26.0,"key":"REST"},{"data":"Guardian:Defend_Guardian+1","floor":35.0,"key":"PURGE"},{"floor":39.0,"key":"REST"},{"floor":44.0,"key":"REST"},{"floor":54,"key":"REST"}],"circlet_count":0,"master_deck":["Guardian:Defend_Guardian+1","Guardian:Defend_Guardian+1","Guardian:CurlUp+1","Guardian:TwinSlam+1","Guardian:PrimingBeam","Guardian:RollAttack+1","Guardian:PrimingBeam+1","Guardian:StasisField+1","Guardian:TimeSifter+1","Guardian:BronzeArmor+1","Guardian:GuardianWhirl+1","Guardian:SpikerProtocol+1","Guardian:ArmoredProtocol","Guardian:BaubleBeam+1","Guardian:SentryBeam","Guardian:StasisField","expansioncontent:DecasProtection","Guardian:PiercingHide+1","Guardian:BronzeArmor"],"relics":["Guardian:ModeShifter","downfall:HeartsMalice","Pen Nib","downfall:HeartBlessingRed","downfall:HeartBlessingBlue","Gremlin Food","ChewingGum","Nilry\u0027s Codex","Shuriken","Ancient Tea Set","Whetstone","Anchor","Kunai","Replay:Grab Bag","Replay:Wanted Poster","Fusion Hammer","Empty Cage","Replay:Drink Me","downfall:HeartBlessingGreen","Toy Ornithopter","Replay:PocketPolymizer","Peace Pipe","Replay:Baseball","Thread and Needle","Bag of Marbles","Guardian:BottledStasis"],"acts_visited":["Exordium","TheCity","TheBeyond","TheEnding"],"potions_floor_usage":[55,55,55],"damage_taken":[{"damage":0.0,"enemies":"Cultist","floor":3.0,"turns":1.0},{"damage":0.0,"enemies":"Small Slimes","floor":4.0,"turns":1.0},{"damage":0.0,"enemies":"3 Sentries","floor":5.0,"turns":1.0},{"damage":4.0,"enemies":"2 Louse","floor":6.0,"turns":2.0},{"damage":17.0,"enemies":"Replay:BlueRogue","floor":9.0,"turns":4.0},{"damage":1.0,"enemies":"2 Fungi Beasts","floor":12.0,"turns":2.0},{"damage":1.0,"enemies":"Exordium Wildlife","floor":15.0,"turns":2.0},{"damage":19.0,"enemies":"downfall:Ironclad","floor":16.0,"turns":8.0},{"damage":3.0,"enemies":"3 Byrds","floor":19.0,"turns":5.0},{"damage":2.0,"enemies":"Replay:Snechameleon","floor":22.0,"turns":5.0},{"damage":11.0,"enemies":"Book of Stabbing","floor":25.0,"turns":5.0},{"damage":29.0,"enemies":"Slavers","floor":27.0,"turns":4.0},{"damage":1.0,"enemies":"Shell Parasite","floor":29.0,"turns":4.0},{"damage":9.0,"enemies":"downfall:FleeingMerchant","floor":30.0,"turns":4.0},{"damage":32.0,"enemies":"Shelled Parasite and Fungi","floor":32.0,"turns":5.0},{"damage":0.0,"enemies":"downfall:Defect","floor":33.0,"turns":8.0},{"damage":0.0,"enemies":"3 Darklings","floor":36.0,"turns":3.0},{"damage":0.0,"enemies":"Giant Head","floor":37.0,"turns":4.0},{"damage":0.0,"enemies":"downfall:FleeingMerchant","floor":38.0,"turns":4.0},{"damage":0.0,"enemies":"Nemesis","floor":42.0,"turns":3.0},{"damage":0.0,"enemies":"Orb Walker","floor":43.0,"turns":2.0},{"damage":0.0,"enemies":"3 Darklings","floor":45.0,"turns":2.0},{"damage":0.0,"enemies":"Maw","floor":47.0,"turns":5.0},{"damage":1.0,"enemies":"Mind Bloom Boss Battle","floor":48.0,"turns":4.0},{"damage":0.0,"enemies":"Jaw Worm Horde","floor":49.0,"turns":3.0},{"damage":0.0,"enemies":"downfall:Watcher","floor":50.0,"turns":4.0},{"damage":1.0,"enemies":"downfall:CharBossMerchant","floor":52.0,"turns":6.0},{"damage":7,"enemies":"downfall:NeowBoss","floor":55,"turns":20}],"seed_played":"-8213083327401168674","potions_obtained":[{"floor":5.0,"key":"Explosive Potion"},{"floor":6.0,"key":"Languid Potion"},{"floor":12.0,"key":"BlessingOfTheForge"},{"floor":22.0,"key":"LifebloodPotion"},{"floor":25.0,"key":"Regen Potion"},{"floor":33.0,"key":"AttackPotion"},{"floor":36.0,"key":"champ:CounterPotion"},{"floor":43.0,"key":"DuplicationPotion"},{"floor":45.0,"key":"FearPotion"}],"is_trial":false,"path_per_floor":["R","?","M","M","E","M","T","R","E","R","?","M","?","?","M","B",null,"R_BF","M","R","?","E","R","T","E","R","E","?","M","$","T","M","B",null,"R_BF","M","E","$","R","?","T","E","M","R","M","T","M","?","M","B",null,"E","$","R","B",null],"character_chosen":"GUARDIAN","items_purchased":["Guardian:SentryBeam","Guardian:Gem_Orange","Guardian:Gem_Red","ColorlessPotion","Guardian:BottledStasis"],"campfire_rested":5,"item_purchase_floors":[30,30,30,53,53],"current_hp_per_floor":[80,80,80,80,80,76,76,86,69,90,90,89,89,89,88,69,90,90,87,87,71,69,69,69,58,85,65,65,64,55,55,23,23,68,68,68,68,68,68,68,68,68,68,68,68,68,68,67,67,67,68,67,67,68,61],"gold":574,"neow_bonus":"THREE_ENEMY_KILL","is_daily":false,"chose_seed":false,"campfire_upgraded":4,"win_rate":0.0,"timestamp":1607841618,"path_taken":["R","?","M","M","E","?","T","R","E","R","?","M","?","?","M","BOSS","R_BF","M","R","?","E","R","T","E","R","E","?","M","$","?","M","BOSS","R_BF","M","E","$","R","?","T","E","?","R","M","?","?","?","M","BOSS","E","$","R","BOSS"],"items_purchased_type":["Card","Card","Card","Potion","Relic"],"build_version":"2020-11-29","purchased_purges":1,"victory":true,"max_hp_per_floor":[80,80,80,80,80,80,80,90,90,90,90,90,90,90,90,90,90,90,90,90,90,90,90,90,90,90,90,90,90,90,90,90,90,68,68,68,68,68,68,68,68,68,68,68,68,68,68,68,68,68,68,68,68,68,68],"card_choices":[{"not_picked":["Guardian:PolyBeam","Guardian:Gem_Lightblue"],"picked":"Guardian:PrimingBeam","floor":3.0},{"not_picked":["Guardian:VentSteam","Guardian:PrismaticBarrier"],"picked":"Guardian:Gem_Orange","floor":4.0},{"not_picked":["Guardian:Incinerate","Guardian:Reroute"],"picked":"Guardian:RollAttack","floor":5.0},{"not_picked":["Guardian:Gem_Green","Guardian:Planning"],"picked":"Guardian:Gem_Red","floor":6.0},{"not_picked":["Guardian:BronzeOrb","Guardian:Gem_Cyan"],"picked":"Guardian:PrimingBeam","floor":9.0},{"not_picked":["Guardian:VentSteam","Guardian:TemporalShield"],"picked":"Guardian:StasisField","floor":12.0},{"not_picked":["Guardian:Gem_Cyan","Guardian:Planning"],"picked":"Guardian:Gem_Red","floor":13.0},{"not_picked":["Guardian:Suspension","Guardian:TimeCapacitor"],"picked":"Guardian:Gem_Fragmented","floor":15.0},{"not_picked":["Guardian:RevengeProtocol","Guardian:Gem_Synthetic"],"picked":"Guardian:TimeSifter","floor":16.0},{"not_picked":["Guardian:Recover","Guardian:TimeBomb+1"],"picked":"Guardian:BronzeArmor+1","floor":19.0},{"not_picked":["Guardian:Planning","Guardian:TimeBomb+1","Guardian:Emergency"],"picked":"SKIP","floor":22.0},{"not_picked":["Guardian:ShieldSpikes","Guardian:HyperBeam_Guardian"],"picked":"Guardian:GuardianWhirl+1","floor":25.0},{"not_picked":["Guardian:WalkerClaw","Guardian:Reroute"],"picked":"Guardian:SpikerProtocol","floor":27.0},{"not_picked":["Guardian:RollAttack","Guardian:TemporalStrike"],"picked":"Guardian:Gem_Purple","floor":29.0},{"not_picked":["Guardian:RollAttack","Guardian:FloatingOrbs+1"],"picked":"Guardian:BaubleBeam","floor":30.0},{"not_picked":["Guardian:Incinerate","Guardian:Gem_Cyan","Guardian:Gem_Green"],"picked":"SKIP","floor":32.0},{"not_picked":["Guardian:ExploitGems","Guardian:HyperBeam_Guardian"],"picked":"Guardian:StasisField","floor":33.0},{"not_picked":["Guardian:ChargeCore","Guardian:CrystalBeam+1","Guardian:ShieldCharger+1"],"picked":"SKIP","floor":36.0},{"not_picked":["Guardian:Gem_Lightblue","Guardian:ShieldCharger+1","Guardian:Gem_Green"],"picked":"SKIP","floor":37.0},{"not_picked":["Guardian:Gem_Red","Guardian:WalkerClaw","Guardian:Reroute"],"picked":"SKIP","floor":38.0},{"not_picked":["Guardian:ExploitGems","Guardian:Gem_Purple","Guardian:DonusPower"],"picked":"SKIP","floor":42.0},{"not_picked":["Guardian:Harden","Guardian:SentryBeam","Guardian:Suspension"],"picked":"SKIP","floor":43.0},{"not_picked":["Guardian:Gem_Crimson","Guardian:TemporalStrike","Guardian:ShieldCharger+1"],"picked":"SKIP","floor":45.0},{"not_picked":["Guardian:Suspension","Guardian:ShieldSpikes+1","Guardian:Gem_Cyan"],"picked":"SKIP","floor":47.0},{"not_picked":["Guardian:Gem_Red","Guardian:ChargeCore"],"picked":"Guardian:PiercingHide","floor":48.0},{"not_picked":["Guardian:Gem_Green","Guardian:DonusPower"],"picked":"Guardian:BronzeArmor","floor":49.0},{"not_picked":["Guardian:Gem_Crimson","Guardian:GuardianWhirl+1","Guardian:RefractedBeam+1"],"picked":"SKIP","floor":52}],"player_experience":10518,"relics_obtained":[{"floor":5.0,"key":"Pen Nib"},{"floor":9.0,"key":"Gremlin Food"},{"floor":21.0,"key":"Nilry\u0027s Codex"},{"floor":22.0,"key":"Shuriken"},{"floor":24.0,"key":"Ancient Tea Set"},{"floor":25.0,"key":"Whetstone"},{"floor":27.0,"key":"Anchor"},{"floor":31.0,"key":"Kunai"},{"floor":37.0,"key":"Toy Ornithopter"},{"floor":41.0,"key":"Replay:PocketPolymizer"},{"floor":42.0,"key":"Peace Pipe"},{"floor":46.0,"key":"Replay:Baseball"},{"floor":48.0,"key":"Thread and Needle"},{"floor":52,"key":"Bag of Marbles"}],"event_choices":[{"damage_healed":0.0,"max_hp_gain":0.0,"max_hp_loss":0.0,"gold_gain":0.0,"event_name":"The Library","player_choice":"Read","floor":28.0,"gold_loss":0.0,"damage_taken":0.0,"cards_obtained":["Guardian:ArmoredProtocol"]}],"is_beta":false,"boss_relics":[{"not_picked":["Ectoplasm","SacredBark"],"picked":"ChewingGum"},{"not_picked":["Tiny House","Sozu"],"picked":"Replay:Grab Bag"},{"not_picked":["Guardian:StasisSlotReductionRelic","Runic Dome"],"picked":"Replay:Wanted Poster"},{"not_picked":["ReplayTheSpireMod:DimensionalGlitch","Painkiller Herb"],"picked":"Fusion Hammer"},{"not_picked":["Kintsugi","Calling Bell"],"picked":"Empty Cage"},{"not_picked":["SlaversCollar","Ring of Chaos"],"picked":"Replay:Drink Me"}],"items_purged_floors":[30],"is_endless":false,"potions_floor_spawned":[5,6,12,22,25,33,36,43,45,47,49],"ascension_level":0}}