{"host":"naykp6d9ulahlwib","time":1607901390,"event":{"mods":["BaseMod","Highlight Path","Minty Spire (QoL Compilation)","StSLib"],"gold_per_floor":[116,291,70,85,85,85,103,103,180,80,94,113,113,131,131,262,262,275,275,288,137,47,47,47,47,47,67,90,90,90],"floor_reached":29,"playtime":2519,"items_purged":["Doubt","Strike_R","Defend_R"],"score":272,"play_id":"6b21a61a-14db-4d51-ac8c-84e251c3e307","local_time":"20201213171630","is_ascension_mode":true,"campfire_choices":[{"data":"Intimidate","floor":6.0,"key":"SMITH"},{"data":"Armaments","floor":13.0,"key":"SMITH"},{"floor":15.0,"key":"REST"},{"data":"Bash","floor":23.0,"key":"SMITH"},{"data":"Whirlwind","floor":25.0,"key":"SMITH"}],"circlet_count":0,"master_deck":["Defend_R","Defend_R","Bash+1","Intimidate+1","Battle Trance","Sword Boomerang+1","Armaments+1","Whirlwind+1","Exhume","Bite","Bite","Bite","Bite","Bite","Shrug It Off","Thunderclap"],"relics":["Black Blood","Lizard Tail","Anchor","Golden Idol","Paper Frog","Eternal Feather"],"acts_visited":["Exordium","TheCity"],"potions_floor_usage":[29],"damage_taken":[{"damage":13.0,"enemies":"Jaw Worm","floor":1.0,"turns":5.0},{"damage":4.0,"enemies":"Small Slimes","floor":4.0,"turns":4.0},{"damage":0.0,"enemies":"2 Louse","floor":7.0,"turns":3.0},{"damage":27.0,"enemies":"Lots of Slimes","floor":11.0,"turns":8.0},{"damage":5.0,"enemies":"3 Louse","floor":12.0,"turns":4.0},{"damage":0.0,"enemies":"Looter","floor":14.0,"turns":2.0},{"damage":36.0,"enemies":"The Guardian","floor":16.0,"turns":13.0},{"damage":25.0,"enemies":"Shell Parasite","floor":18.0,"turns":6.0},{"damage":49.0,"enemies":"Spheric Guardian","floor":20.0,"turns":6.0},{"damage":51.0,"enemies":"Centurion and Healer","floor":27.0,"turns":8.0},{"damage":21.0,"enemies":"Chosen and Byrds","floor":28.0,"turns":8.0},{"damage":87,"enemies":"Book of Stabbing","floor":29,"turns":7}],"seed_played":"1070770690157802492","potions_obtained":[{"floor":1.0,"key":"Energy Potion"},{"floor":7.0,"key":"Fruit Juice"},{"floor":12.0,"key":"DuplicationPotion"},{"floor":18.0,"key":"FearPotion"}],"is_trial":false,"path_per_floor":["M","?","$","M","?","R","M","?","T","$","M","M","R","M","R","B",null,"M","?","M","$","?","R","$","R","T","M","M","E"],"character_chosen":"IRONCLAD","items_purchased":["Anchor","Shrug It Off"],"campfire_rested":1,"item_purchase_floors":[3,21],"current_hp_per_floor":[65,65,65,67,49,49,55,60,60,60,39,40,40,46,69,39,77,64,53,37,37,37,37,37,37,37,22,34,0,0],"gold":90,"neow_bonus":"ONE_RARE_RELIC","is_daily":false,"chose_seed":false,"campfire_upgraded":4,"win_rate":0.0,"timestamp":1607901390,"path_taken":["M","?","$","M","?","R","M","?","T","$","?","M","R","M","R","BOSS","M","?","M","$","?","R","$","R","T","M","?","E"],"items_purchased_type":["Relic","Card"],"build_version":"2020-11-30","purchased_purges":3,"victory":false,"max_hp_per_floor":[72,72,72,72,72,72,72,77,77,77,77,77,77,77,77,77,77,77,53,53,53,53,53,53,53,53,53,53,53,53],"card_choices":[{"not_picked":["Havoc","Sever Soul"],"picked":"Intimidate","floor":1.0},{"not_picked":["Warcry","Heavy Blade"],"picked":"Battle Trance","floor":4.0},{"not_picked":["Flex","True Grit","Anger"],"picked":"SKIP","floor":7.0},{"not_picked":["Havoc","Dropkick"],"picked":"Sword Boomerang","floor":11.0},{"not_picked":["Battle Trance","Heavy Blade"],"picked":"Armaments","floor":12.0},{"not_picked":["Flame Barrier","Warcry"],"picked":"Whirlwind","floor":14.0},{"not_picked":["Corruption","Brutality"],"picked":"Exhume","floor":16.0},{"not_picked":["Body Slam","Clothesline","Evolve"],"picked":"SKIP","floor":18.0},{"not_picked":["Battle Trance","Sever Soul+1","Perfected Strike+1"],"picked":"SKIP","floor":20.0},{"not_picked":["Sentinel+1","Clothesline","Heavy Blade"],"picked":"SKIP","floor":27.0},{"not_picked":["Intimidate+1","Sword Boomerang"],"picked":"Thunderclap","floor":28.0}],"player_experience":717964,"relics_obtained":[{"floor":9.0,"key":"Paper Frog"},{"floor":26.0,"key":"Eternal Feather"}],"event_choices":[{"damage_healed":0.0,"max_hp_gain":0.0,"max_hp_loss":0.0,"gold_gain":175.0,"event_name":"Liars Game","player_choice":"AGREE","floor":2.0,"gold_loss":0.0,"damage_taken":0.0,"cards_obtained":["Doubt"]},{"damage_healed":0.0,"max_hp_gain":0.0,"max_hp_loss":0.0,"gold_gain":0.0,"event_name":"Golden Idol","player_choice":"Take Damage","floor":5.0,"gold_loss":0.0,"damage_taken":18.0,"relics_obtained":["Golden Idol"]},{"damage_healed":0.0,"max_hp_gain":0.0,"max_hp_loss":0.0,"gold_gain":0.0,"event_name":"The Woman in Blue","player_choice":"Bought 0 Potions","floor":8.0,"gold_loss":0.0,"damage_taken":0.0},{"damage_healed":0.0,"max_hp_gain":0.0,"max_hp_loss":24.0,"gold_gain":0.0,"event_name":"Vampires","player_choice":"Became a vampire","floor":19.0,"gold_loss":0.0,"damage_taken":0.0,"cards_obtained":["Bite","Bite","Bite","Bite","Bite"]},{"cards_removed":["Defend_R"],"damage_healed":0.0,"max_hp_gain":0.0,"max_hp_loss":0.0,"gold_gain":0.0,"event_name":"Designer","player_choice":"Upgrade and Remove","floor":22.0,"gold_loss":90.0,"damage_taken":0.0,"cards_upgraded":["Sword Boomerang"]}],"is_beta":false,"boss_relics":[{"not_picked":["Calling Bell","Busted Crown"],"picked":"Black Blood"}],"items_purged_floors":[3,10,21],"is_endless":false,"potions_floor_spawned":[1,7,12,18],"killed_by":"Book of Stabbing","ascension_level":3}}