{"host":"pivahb1bacxk2eup","time":1607826410,"event":{"mods":["AchievementEnabler","BaseMod","Colored Map","Colored Powertips","Downfall","Hermit","Hero for Fun","Hubris","Jedi Mod","Jorbs\u0027s Wanderer Trilogy","Lobotomy","Marisa????????","Minty Spire (QoL Compilation)","Remilia??????","StSLib","The Alterego","The Animator","The Construct","The Hierophant","The Runesmith","The Servant 0.9.4","TheBandit","TheFirefly","Yuri Mod","thorton"],"gold_per_floor":[99,99,99,23,23,35,35,62,62,113,128,168,183,198,211,316,316,316,316,316,401,432,452,501,351,362,388,388,388],"floor_reached":28,"playtime":2140,"items_purged":[],"score":341,"play_id":"e1f5f7c8-1b6f-4d1b-8ee8-dd36e52332bc","local_time":"20201212212650","is_ascension_mode":false,"campfire_choices":[{"data":"RedMoon","floor":1.0,"key":"SMITH"},{"floor":9.0,"key":"REST"},{"data":"DemonKingCradle","floor":18,"key":"SMITH"},{"data":"TricksterDevil","floor":20,"key":"SMITH"},{"floor":25,"key":"RECALL"}],"circlet_count":0,"master_deck":["Strike_RM","Strike_RM","Strike_RM","Strike_RM","Defend_RM","Defend_RM","Defend_RM","Defend_RM","RedMoon+1","ScarletShoot","ReincarnationDial","Stigmanizer","VampireKiss","MastersStateliness","VampireKiss","FavorOfDestiny","StarOfDavid","CharismaGuard","NightDance","CharismaGuard","NightDance","MillenniumVampire","CharismaGuard+1","hubris:DuctTapeCard","ScarletImprint","BlasphemousPunishment+1","UltimateOffering"],"relics":["ScarletHat","downfall:HeartsMalice","downfall:BrokenWingStatue","hubris:TenFootPole","The Courier","Vajra","hubris:OldNail","construct:ClawGrip","hubris:DuctTape","downfall:HeartBlessingGreen","downfall:HeartBlessingBlue","jedi:heavyjacket"],"acts_visited":["Exordium","TheCity"],"potions_floor_usage":[16,22,22,23,26,27,27],"damage_taken":[{"damage":0.0,"enemies":"Jaw Worm","floor":3.0,"turns":1.0},{"damage":0.0,"enemies":"downfall:FleeingMerchant","floor":4.0,"turns":1.0},{"damage":0.0,"enemies":"Small Slimes","floor":5.0,"turns":1.0},{"damage":38.0,"enemies":"2 Louse","floor":6.0,"turns":2.0},{"damage":27.0,"enemies":"Gremlin Nob","floor":8.0,"turns":4.0},{"damage":9,"enemies":"3 Sentries","floor":10,"turns":5},{"damage":3,"enemies":"Red Slaver","floor":11,"turns":3},{"damage":9,"enemies":"2 Fungi Beasts","floor":12,"turns":3},{"damage":0,"enemies":"3 Louse","floor":13,"turns":4},{"damage":0,"enemies":"Lots of Slimes","floor":14,"turns":2},{"damage":0,"enemies":"3 Louse","floor":15,"turns":1},{"damage":0,"enemies":"downfall:Watcher","floor":16,"turns":4},{"damage":36,"enemies":"Book of Stabbing","floor":22,"turns":6},{"damage":7,"enemies":"Shell Parasite","floor":23,"turns":5},{"damage":0,"enemies":"3 Byrds","floor":26,"turns":8},{"damage":50,"enemies":"Slavers","floor":27,"turns":7},{"damage":15,"enemies":"Snake Plant","floor":28,"turns":3}],"seed_played":"-3864863133795192440","potions_obtained":[{"floor":6.0,"key":"SkillPotion"},{"floor":8.0,"key":"jedi:tentaclejuice"},{"floor":11,"key":"champ:CounterPotion"},{"floor":11,"key":"DuplicationPotion"},{"floor":13,"key":"ColorlessPotion"},{"floor":16,"key":"AttackPotion"},{"floor":22,"key":"PowerPotion"},{"floor":22,"key":"jedi:holywater"},{"floor":23,"key":"AttackPotion"},{"floor":26,"key":"SpeedPotion"},{"floor":26,"key":"hexamod:EctoCoolerPotion"},{"floor":27,"key":"Explosive Potion"}],"is_trial":false,"path_per_floor":["R","?","M","$","M","M","T","E","R","E","M","M","M","M","M","B",null,"R","?","R","?","E","M","T","R","M","E","M"],"character_chosen":"REMILIA","items_purchased":["VampireKiss","MastersStateliness"],"campfire_rested":1,"item_purchase_floors":[4,4],"current_hp_per_floor":[75,75,75,75,75,38,38,11,33,28,27,21,22,22,22,26,75,75,71,71,66,41,36,36,46,49,9,0,0],"gold":388,"neow_bonus":"THREE_ENEMY_KILL","is_daily":false,"chose_seed":false,"campfire_upgraded":3,"win_rate":0.0,"timestamp":1607826410,"path_taken":["R","?","M","$","M","M","T","E","R","E","M","M","M","M","M","BOSS","R","?","R","?","E","M","T","R","M","E","M"],"items_purchased_type":["Card","Card"],"build_version":"2020-11-30","purchased_purges":0,"victory":false,"max_hp_per_floor":[75,75,75,75,75,75,75,75,75,75,75,75,75,75,75,75,75,75,80,80,80,80,80,80,90,90,90,90,90],"card_choices":[{"not_picked":["UnderTheZenith","RedRainbow"],"picked":"ReincarnationDial","floor":3.0},{"not_picked":["UnderTheZenith","BloodyMagicSquare"],"picked":"Stigmanizer","floor":4.0},{"not_picked":["ScarletDevil","BlasphemousPunishment"],"picked":"VampireKiss","floor":5.0},{"not_picked":["ScarletNetherworld","StarOfDavid"],"picked":"FavorOfDestiny","floor":6.0},{"not_picked":["EndlessAdversity","ScarletImprint"],"picked":"StarOfDavid","floor":8.0},{"not_picked":["BloodyCatastrophe","BombardNight"],"picked":"CharismaGuard","floor":10},{"not_picked":["BlasphemousPunishment","BombardNight"],"picked":"NightDance","floor":11},{"not_picked":["ScarletImprint","VampireKiss"],"picked":"CharismaGuard","floor":12},{"not_picked":["VampireSweep","BloodyMagicSquare"],"picked":"DemonKingCradle","floor":13},{"not_picked":["MastersStateliness","StarOfDavid"],"picked":"NightDance","floor":14},{"not_picked":["DiffusionOfMisfortune","BloodAndWine"],"picked":"MillenniumVampire","floor":15},{"not_picked":["BloodyCatastrophe","BloodRain"],"picked":"TricksterDevil","floor":16},{"not_picked":["UnstableMagic","UnderTheZenith+1"],"picked":"CharismaGuard+1","floor":22},{"not_picked":["RedRainbow","BloodHunter+1"],"picked":"ScarletImprint","floor":23},{"not_picked":["HellCatastrophe","ScarletSymphony"],"picked":"BlasphemousPunishment+1","floor":26},{"not_picked":["MillenniumVampire","ScarletImprint"],"picked":"UltimateOffering","floor":27}],"player_experience":510341,"relics_obtained":[{"floor":7.0,"key":"hubris:TenFootPole"},{"floor":8.0,"key":"The Courier"},{"floor":8.0,"key":"Vajra"},{"floor":10,"key":"hubris:OldNail"},{"floor":22,"key":"hubris:DuctTape"},{"floor":27,"key":"jedi:heavyjacket"}],"event_choices":[],"is_beta":false,"boss_relics":[{"not_picked":["Runic Pyramid","Busted Crown"],"picked":"construct:ClawGrip"}],"items_purged_floors":[],"is_endless":false,"potions_floor_spawned":[6,11,13,14,15,16,22,26],"killed_by":"Snake Plant","ascension_level":0}}