{"host":"g3js2eermvvpeiqn","time":1607850638,"event":{"mods":["BaseMod","DeckTracker","Downfall","Minty Spire (QoL Compilation)","Quick Restart","StSLib"],"gold_per_floor":[109,284,284,297,372,372,383,383,434,152,164,164,21,71,71,202,202,250,35,46,88,118,118],"floor_reached":22,"playtime":744,"items_purged":["Doubt"],"score":194,"play_id":"56ebb739-96fc-4fba-a98c-2e458b9b7a11","local_time":"20201213031038","is_ascension_mode":true,"campfire_choices":[{"data":"Eruption","floor":6.0,"key":"SMITH"},{"data":"Vigilance","floor":8.0,"key":"SMITH"},{"data":"Wish","floor":12.0,"key":"SMITH"},{"floor":15.0,"key":"REST"}],"circlet_count":0,"master_deck":["Strike_P","Strike_P+1","Defend_P","Defend_P","Defend_P","Eruption+1","Vigilance+1","BowlingBash+1","Blasphemy+1","FearNoEvil+1","WheelKick+1","Protect","Wish+1","ClearTheMind","EmptyBody","DeusExMachina","Pray","EmptyFist","Consecrate"],"relics":["Astrolabe","Nunchaku","Omamori","Busted Crown"],"acts_visited":["Exordium","TheCity"],"potions_floor_usage":[22],"damage_taken":[{"damage":2.0,"enemies":"Small Slimes","floor":1.0,"turns":2.0},{"damage":7.0,"enemies":"Jaw Worm","floor":4.0,"turns":2.0},{"damage":0.0,"enemies":"Cultist","floor":7.0,"turns":2.0},{"damage":11.0,"enemies":"Looter","floor":11.0,"turns":2.0},{"damage":19.0,"enemies":"Exordium Thugs","floor":14.0,"turns":3.0},{"damage":15.0,"enemies":"Slime Boss","floor":16.0,"turns":6.0},{"damage":18,"enemies":"3 Byrds","floor":18,"turns":6},{"damage":0,"enemies":"Spheric Guardian","floor":20,"turns":2},{"damage":19,"enemies":"Snecko","floor":21,"turns":4},{"damage":39,"enemies":"Cultist and Chosen","floor":22,"turns":4}],"seed_played":"-7844745393068940246","potions_obtained":[{"floor":7.0,"key":"ColorlessPotion"},{"floor":11.0,"key":"champ:CounterPotion"},{"floor":14.0,"key":"champ:CounterPotion"},{"floor":21,"key":"Energy Potion"}],"is_trial":false,"path_per_floor":["M","?","?","M","?","R","M","R","T","$","M","R","$","M","R","B",null,"M","$","M","M","M"],"character_chosen":"WATCHER","items_purchased":["Wish","ClearTheMind","Omamori","Pray","EmptyFist","Ambrosia"],"campfire_rested":1,"item_purchase_floors":[10,10,13,19,19,19],"current_hp_per_floor":[70,70,56,49,38,38,38,38,38,38,27,27,27,8,29,14,72,54,54,54,35,0,0],"gold":118,"neow_bonus":"BOSS_RELIC","is_daily":false,"chose_seed":false,"campfire_upgraded":3,"win_rate":0.0,"timestamp":1607850638,"path_taken":["M","?","?","M","?","R","M","R","T","$","M","R","?","M","R","BOSS","M","$","M","M","?"],"items_purchased_type":["Card","Card","Relic","Card","Card","Potion"],"build_version":"2020-11-30","purchased_purges":1,"victory":false,"max_hp_per_floor":[72,72,72,72,72,72,72,72,72,72,72,72,72,72,72,72,72,72,72,72,72,72,72],"card_choices":[{"not_picked":["Evaluate","BowlingBash"],"picked":"WheelKick","floor":1.0},{"not_picked":["WheelKick","CrushJoints","Tantrum"],"picked":"SKIP","floor":4.0},{"not_picked":["EmptyFist","BowlingBash"],"picked":"Protect","floor":7.0},{"not_picked":["FlurryOfBlows","Consecrate"],"picked":"EmptyBody","floor":11.0},{"not_picked":["Meditate","Sanctity","Wallop"],"picked":"SKIP","floor":14.0},{"not_picked":["Omniscience","SpiritShield"],"picked":"DeusExMachina","floor":16.0},{"not_picked":["Protect"],"picked":"SKIP","floor":18},{"not_picked":["SashWhip"],"picked":"SKIP","floor":20},{"not_picked":[],"picked":"Consecrate","floor":21}],"player_experience":1440923,"relics_obtained":[{"floor":9.0,"key":"Nunchaku"}],"event_choices":[{"damage_healed":0.0,"max_hp_gain":0.0,"max_hp_loss":0.0,"gold_gain":175.0,"event_name":"Liars Game","player_choice":"AGREE","floor":2.0,"gold_loss":0.0,"damage_taken":0.0,"cards_obtained":["Doubt"]},{"damage_healed":0.0,"max_hp_gain":0.0,"max_hp_loss":0.0,"gold_gain":0.0,"event_name":"Shining Light","player_choice":"Entered Light","floor":3.0,"gold_loss":0.0,"damage_taken":14.0,"cards_upgraded":["WheelKick","Strike_P"]},{"damage_healed":0.0,"max_hp_gain":0.0,"max_hp_loss":0.0,"gold_gain":75.0,"event_name":"World of Goop","player_choice":"Gather Gold","floor":5.0,"gold_loss":0.0,"damage_taken":11.0}],"is_beta":false,"boss_relics":[{"not_picked":["Runic Pyramid","Coffee Dripper"],"picked":"Busted Crown"}],"items_purged_floors":[10],"is_endless":false,"potions_floor_spawned":[7,11,14,21],"killed_by":"Cultist and Chosen","ascension_level":2}}