{"host":"y0hoofe7zdp41twi","time":1607865385,"event":{"mods":["BaseMod","Downfall","Minty Spire (QoL Compilation)","Replay The Spire","Shop Mod","StSLib"],"gold_per_floor":[119,119,119,137,37,66,95,132,144,156,185,210,0,18,18,18,18],"floor_reached":16,"playtime":1349,"items_purged":[],"score":137,"play_id":"c3cb405c-915b-4f82-b1dd-898582a5b8da","local_time":"20201213081625","is_ascension_mode":false,"campfire_choices":[{"data":"Seeing Red","floor":10,"key":"SMITH"},{"floor":15,"key":"DIG"}],"circlet_count":0,"master_deck":["Strike_R","Strike_R","Strike_R","Strike_R","Strike_R","Defend_R","Defend_R","Defend_R","Defend_R","Bash","Flex","Seeing Red+1","ReplayTheSpireMod:Trickstab","ReplayTheSpireMod:Strike From Hell","Pommel Strike","Wild Strike","Dual Wield","Barricade","Heavy Blade","Heavy Blade","Ghostly Armor","Perfected Strike"],"relics":["Burning Blood","NeowsBlessing","MawBank","Replay:Kaleidoscope","Divine Protection","MerchantsRug","Pen Nib"],"acts_visited":["Exordium"],"potions_floor_usage":[8,8],"damage_taken":[{"damage":0,"enemies":"Jaw Worm","floor":1,"turns":1},{"damage":0,"enemies":"2 Louse","floor":4,"turns":1},{"damage":0,"enemies":"3 Sentries","floor":6,"turns":2},{"damage":6,"enemies":"Cultist","floor":7,"turns":3},{"damage":26,"enemies":"Gremlin Nob","floor":8,"turns":5},{"damage":18,"enemies":"Exordium Thugs","floor":11,"turns":4},{"damage":2,"enemies":"Looter","floor":12,"turns":2},{"damage":1,"enemies":"Blue Slaver","floor":14,"turns":3},{"damage":63,"enemies":"The Guardian","floor":16,"turns":8}],"seed_played":"-2505858761675738662","potions_obtained":[{"floor":6,"key":"PowerPotion"},{"floor":7,"key":"SkillPotion"}],"is_trial":false,"path_per_floor":["M","?","?","M","$","E","M","E","T","R","M","M","$","M","R","B"],"character_chosen":"IRONCLAD","items_purchased":["Pommel Strike","sneckomod:MuddlingPotion","MerchantsRug","Ghostly Armor"],"campfire_rested":0,"item_purchase_floors":[5,5,13,13],"current_hp_per_floor":[80,85,85,85,85,85,85,65,65,65,53,57,57,62,62,0,0],"gold":18,"neow_bonus":"THREE_ENEMY_KILL","is_daily":false,"chose_seed":false,"campfire_upgraded":1,"win_rate":0.0,"timestamp":1607865385,"path_taken":["M","?","?","M","$","E","M","E","T","R","M","M","$","M","R","BOSS"],"items_purchased_type":["Card","Potion","Relic","Card"],"build_version":"2020-11-30","purchased_purges":0,"victory":false,"max_hp_per_floor":[80,85,85,85,85,85,85,85,85,85,85,85,85,85,85,85,85],"card_choices":[{"not_picked":["Wild Strike","Headbutt"],"picked":"Flex","floor":1},{"not_picked":["Burning Pact","Feel No Pain"],"picked":"ReplayTheSpireMod:Strike From Hell","floor":4},{"not_picked":["Clothesline","Feel No Pain"],"picked":"Wild Strike","floor":6},{"not_picked":["Clothesline","Heavy Blade"],"picked":"Dual Wield","floor":7},{"not_picked":["Metallicize","Shrug It Off"],"picked":"Barricade","floor":8},{"not_picked":["Sword Boomerang","Armaments"],"picked":"Heavy Blade","floor":11},{"not_picked":["Pummel","Headbutt"],"picked":"Heavy Blade","floor":12},{"not_picked":["Shockwave","Spot Weakness"],"picked":"Perfected Strike","floor":14}],"player_experience":113259,"relics_obtained":[{"floor":6,"key":"MawBank"},{"floor":8,"key":"Replay:Kaleidoscope"},{"floor":9,"key":"Divine Protection"},{"floor":15,"key":"Pen Nib"}],"event_choices":[{"damage_healed":0,"gold_gain":0,"player_choice":"Donut","damage_taken":0,"max_hp_gain":5,"max_hp_loss":0,"event_name":"Big Fish","floor":2,"gold_loss":0},{"damage_healed":0,"gold_gain":0,"player_choice":"2 cards matched","damage_taken":0,"max_hp_gain":0,"max_hp_loss":0,"event_name":"Match and Keep!","floor":3,"gold_loss":0,"cards_obtained":["Seeing Red","ReplayTheSpireMod:Trickstab"]},{"damage_healed":0,"gold_gain":0,"player_choice":"2 cards matched","damage_taken":0,"max_hp_gain":0,"max_hp_loss":0,"event_name":"Match and Keep!","floor":3,"gold_loss":0,"cards_obtained":["Seeing Red","ReplayTheSpireMod:Trickstab"]}],"is_beta":false,"boss_relics":[],"items_purged_floors":[],"is_endless":false,"potions_floor_spawned":[6,7],"killed_by":"The Guardian","ascension_level":0}}