{"host":"5pvsezzv96u4cz40","time":1607892274,"event":{"mods":["Act Like it!","BaseMod","BetterRewards","CapriCore","Colored Map","Colored Powertips","GifTheSpireLib","Hermit","Hubris","Menagerie","Minty Spire (QoL Compilation)","Remilia??????","Replay The Spire","Shop Mod","StSLib","The Blue Laboratory","The Necromancer","The Vixen","??????REMEMod"],"gold_per_floor":[114,132,142,152,58,58,58,58],"floor_reached":7,"playtime":912,"items_purged":[],"score":45,"play_id":"0b6f4801-ecdf-404b-9a4e-0c50c89490c2","local_time":"20201213214434","is_ascension_mode":true,"campfire_choices":[{"data":"Buffer","floor":6,"key":"SMITH"}],"circlet_count":0,"master_deck":["Toxin Wave","Strike_RM","Strike_RM","Strike_RM","Strike_RM","Defend_RM","Defend_RM","Defend_RM","Defend_RM","RedMoon","ScarletShoot","Buffer+1","EternalNight","BombardNight","StarOfDavid","BombardNight","VampireClaw"],"relics":["ScarletHat","REME_ComplimentaryCards","Replay:Towering Pillar of Hats"],"acts_visited":["Menagerie:Menagerie"],"potions_floor_usage":[7,7],"damage_taken":[{"damage":0,"enemies":"Menagerie:WhisperingWraith","floor":1,"turns":6},{"damage":0,"enemies":"Menagerie:2_RABBITS","floor":2,"turns":5},{"damage":0,"enemies":"Menagerie:MonstrousExperiment","floor":3,"turns":4},{"damage":0,"enemies":"Menagerie:MENAGERIE_WILDLIFE","floor":4,"turns":4},{"damage":41,"enemies":"Menagerie:Hydra","floor":7,"turns":10}],"seed_played":"6176142590619397125","potions_obtained":[{"floor":3,"key":"DistilledChaos"},{"floor":4,"key":"blueLaboratory:HorrorPotion"}],"is_trial":false,"path_per_floor":["M","M","M","M","$","R","E"],"character_chosen":"REMILIA","items_purchased":["BombardNight","VampireClaw"],"campfire_rested":0,"item_purchase_floors":[5,5],"current_hp_per_floor":[68,68,68,68,68,68,29,29],"gold":58,"neow_bonus":"ONE_RARE_RELIC","is_daily":false,"chose_seed":false,"campfire_upgraded":1,"win_rate":0.0,"timestamp":1607892274,"path_taken":["M","M","M","M","$","R","E"],"items_purchased_type":["Card","Card"],"build_version":"2020-11-30","purchased_purges":0,"victory":false,"max_hp_per_floor":[68,68,68,68,68,68,68,68],"card_choices":[{"not_picked":["UnderTheZenith","BlasphemousPunishment","SuperhumanBloodyKnife"],"picked":"SKIP","floor":1},{"not_picked":["VampireSweep","DevilSight"],"picked":"EternalNight","floor":2},{"not_picked":["MillenniumVampire","UnderTheZenith"],"picked":"BombardNight","floor":3},{"not_picked":["BlasphemousPunishment","TransientEternity"],"picked":"StarOfDavid","floor":4}],"player_experience":104254,"relics_obtained":[],"event_choices":[],"is_beta":false,"boss_relics":[],"items_purged_floors":[],"is_endless":false,"potions_floor_spawned":[3,4],"killed_by":"Menagerie:Hydra","ascension_level":1}}