{"host":"xpedwhml4to70g3q","time":1607854954,"event":{"mods":["BaseMod","Curses Come First","Minty Spire (QoL Compilation)","StSLib","Youmu£®ªÍ∆«—˝√Œ£©"],"gold_per_floor":[111,130,142,160,110,123,54,72,118,132,157,173,8,19,19,117,117,131,49,49,66,66,66,66,85,85,118,118,133,146,146,146,245,245,259,1,11,11,29,29,42,42,42,42,56,56,68,118,118,118,118,118,15,42,42,42],"floor_reached":55,"playtime":3756,"items_purged":[],"score":745,"play_id":"1275a550-42d7-42f8-b1e3-766f277c77e9","local_time":"20201213182234","is_ascension_mode":false,"campfire_choices":[{"floor":15,"key":"REST"},{"floor":23,"key":"RECALL"},{"floor":28,"key":"REST"},{"floor":32,"key":"REST"},{"data":"BloodOfAsura","floor":40,"key":"SMITH"},{"data":"HellFireSword","floor":42,"key":"SMITH"},{"data":"TwoHundredYojanaInOneSlash","floor":44,"key":"SMITH"},{"floor":49,"key":"REST"},{"data":"AsuraSword","floor":52,"key":"SMITH"}],"circlet_count":0,"master_deck":["Strike_YM","Strike_YM","Strike_YM","Strike_YM","Defend_YM","Defend_YM","Defend_YM","SlashOfPresentWorld","WheelOfPainOfLivingAndDead","TwoHundredYojanaInOneSlash","BloodOfAsura+1","TwoHundredYojanaInOneSlash","SwordOfBindingDesires","TwoHundredYojanaInOneSlash","HellFireSword+1","SwordExtraction","SlashOfMeditation","DoubleWheelOfPain","HeavenlyHaloSlash","Finesse","ThreeKonsSevenHakus","AsuraSword+1","DispleasureOfTheSevenHakus","Deep Breath","HumanKnowledgeSword","LotusPostureSlash","LifeCuttingSword","TwoHundredYojanaInOneSlash+1","SlashOfMeditation+1","CurseOfTheBell","SanzenSekai+1","DispleasureOfTheSevenHakus","SlashClearingTheSixSenses+1","FlashingScatteredFlowers+1","TwoHundredYojanaInOneSlash","Writhe","HumanKnowledgeSword+1","ObsessionSword+1","FantasyOfEnteringEnlightenment","HumanGodSword","SwordOfBindingDesires+1"],"relics":["Runic Dome","Smiling Mask","Busted Crown","MutagenicStrength","HornCleat","Gremlin Horn","Orichalcum","Calling Bell","CaptainsWheel","Ornamental Fan","Centennial Puzzle","Shuriken","White Beast Statue","StoneCalendar","Dead Branch"],"acts_visited":["Exordium","TheCity","TheBeyond","TheEnding"],"potions_floor_usage":[10,10,11,14,27,30,33,33,33,33,39,39,45,47,47,48,50,50,55],"damage_taken":[{"damage":0,"enemies":"Cultist","floor":1,"turns":5},{"damage":6,"enemies":"Jaw Worm","floor":2,"turns":4},{"damage":3,"enemies":"Small Slimes","floor":3,"turns":3},{"damage":5,"enemies":"Looter","floor":4,"turns":3},{"damage":7,"enemies":"3 Louse","floor":6,"turns":3},{"damage":29,"enemies":"Lots of Slimes","floor":8,"turns":3},{"damage":6,"enemies":"Red Slaver","floor":10,"turns":3},{"damage":0,"enemies":"Gremlin Nob","floor":11,"turns":4},{"damage":12,"enemies":"Blue Slaver","floor":12,"turns":2},{"damage":3,"enemies":"2 Fungi Beasts","floor":14,"turns":2},{"damage":22,"enemies":"The Guardian","floor":16,"turns":9},{"damage":16,"enemies":"Shell Parasite","floor":18,"turns":4},{"damage":16,"enemies":"Spheric Guardian","floor":21,"turns":4},{"damage":1,"enemies":"Snake Plant","floor":25,"turns":3},{"damage":4,"enemies":"Book of Stabbing","floor":27,"turns":4},{"damage":14,"enemies":"Centurion and Healer","floor":29,"turns":6},{"damage":0,"enemies":"3 Cultists","floor":30,"turns":3},{"damage":5,"enemies":"Collector","floor":33,"turns":8},{"damage":0,"enemies":"Orb Walker","floor":35,"turns":3},{"damage":28,"enemies":"3 Darklings","floor":37,"turns":3},{"damage":4,"enemies":"Spire Growth","floor":39,"turns":4},{"damage":3,"enemies":"Jaw Worm Horde","floor":41,"turns":3},{"damage":6,"enemies":"Transient","floor":45,"turns":5},{"damage":3,"enemies":"4 Shapes","floor":47,"turns":1},{"damage":0,"enemies":"Mind Bloom Boss Battle","floor":48,"turns":2},{"damage":63,"enemies":"Time Eater","floor":50,"turns":9},{"damage":13,"enemies":"Shield and Spear","floor":54,"turns":5},{"damage":87,"enemies":"The Heart","floor":55,"turns":8}],"seed_played":"8816690593670764223","potions_obtained":[{"floor":1,"key":"Energy Potion"},{"floor":4,"key":"DuplicationPotion"},{"floor":6,"key":"SneckoOil"},{"floor":14,"key":"SteroidPotion"},{"floor":16,"key":"LiquidMemories"},{"floor":21,"key":"AttackPotion"},{"floor":27,"key":"EntropicBrew"},{"floor":30,"key":"LiquidBronze"},{"floor":33,"key":"LiquidBronze"},{"floor":39,"key":"Ancient Potion"},{"floor":41,"key":"Energy Potion"},{"floor":45,"key":"Swift Potion"},{"floor":47,"key":"PowerPotion"},{"floor":48,"key":"Ancient Potion"},{"floor":54,"key":"Fire Potion"}],"is_trial":false,"path_per_floor":["M","M","M","M","?","M","$","M","T","M","E","M","$","M","R","B",null,"M","$","?","M","?","R","?","M","T","E","R","M","M","?","R","B",null,"M","$","M","$","M","R","M","R","T","R","M","?","M","?","R","B",null,"R","$","E","B"],"character_chosen":"YOUMU","items_purchased":["HellFireSword","Finesse","Regen Potion","Deep Breath","Shuriken","FantasyOfEnteringEnlightenment","HumanGodSword"],"campfire_rested":4,"item_purchase_floors":[7,13,13,19,36,53,53],"current_hp_per_floor":[75,69,66,61,61,54,54,25,25,19,19,7,7,9,31,9,75,59,59,59,43,43,43,43,42,42,38,60,46,46,46,68,63,75,75,75,47,47,43,43,40,40,40,40,34,53,50,50,72,9,75,75,75,62,0,0],"gold":42,"neow_bonus":"BOSS_RELIC","is_daily":false,"chose_seed":false,"campfire_upgraded":4,"win_rate":0.0,"timestamp":1607854954,"path_taken":["M","M","?","?","?","M","$","M","T","M","E","M","?","M","R","BOSS","M","$","?","M","?","R","?","M","T","E","R","M","M","?","R","BOSS","M","$","M","?","?","R","M","R","T","R","M","?","M","?","R","BOSS","R","$","E","BOSS"],"items_purchased_type":["Card","Card","Potion","Card","Relic","Card","Card"],"build_version":"2020-11-30","purchased_purges":0,"victory":false,"max_hp_per_floor":[75,75,75,75,75,75,75,75,75,75,75,75,75,75,75,75,75,75,75,75,75,75,75,75,75,75,75,75,75,75,75,75,75,75,75,75,75,75,75,75,75,75,75,75,75,75,75,75,75,75,75,75,75,75,75,75],"card_choices":[{"not_picked":["SanzenSekai","PhosphoricSlash"],"picked":"TwoHundredYojanaInOneSlash","floor":1},{"not_picked":["SlashOfDepartureFromHesitation","ThoughtCuttingSword"],"picked":"BloodOfAsura","floor":2},{"not_picked":["ConstancyOfTheConventionalTruth","HeavenlyHaloSlash"],"picked":"TwoHundredYojanaInOneSlash","floor":3},{"not_picked":["SpiritCuttingSword","CherryBlossomFlashing"],"picked":"SwordOfBindingDesires","floor":4},{"not_picked":["SwordOfBindingDesires","SanzenSekai"],"picked":"TwoHundredYojanaInOneSlash","floor":6},{"not_picked":["AsTheSilentNirvana","ObsessionWithThePresentWorld"],"picked":"SwordExtraction","floor":8},{"not_picked":["FlashingScatteredFlowers","FiveSignsOfTheDyingDeva"],"picked":"SlashOfMeditation","floor":10},{"not_picked":["GreatEnlightenmentAppearingAndDisappearing","HellGodSword"],"picked":"DoubleWheelOfPain","floor":11},{"not_picked":["SpiritCuttingSword","SlashOfMeditation"],"picked":"HeavenlyHaloSlash","floor":12},{"not_picked":["FlashingScatteredFlowers","DispleasureOfTheSevenHakus"],"picked":"ThreeKonsSevenHakus","floor":14},{"not_picked":["DeadlyForm","FastingOfTheYoungPreta"],"picked":"AsuraSword","floor":16},{"not_picked":[],"picked":"DispleasureOfTheSevenHakus","floor":18},{"not_picked":[],"picked":"HumanKnowledgeSword","floor":21},{"not_picked":[],"picked":"LotusPostureSlash","floor":25},{"not_picked":[],"picked":"LifeCuttingSword","floor":27},{"not_picked":[],"picked":"TwoHundredYojanaInOneSlash","floor":29},{"not_picked":[],"picked":"SlashOfMeditation+1","floor":30},{"not_picked":[],"picked":"SanzenSekai+1","floor":35},{"not_picked":[],"picked":"DispleasureOfTheSevenHakus","floor":37},{"not_picked":[],"picked":"SlashClearingTheSixSenses+1","floor":39},{"not_picked":[],"picked":"FlashingScatteredFlowers+1","floor":41},{"not_picked":[],"picked":"TwoHundredYojanaInOneSlash","floor":45},{"not_picked":[],"picked":"HumanKnowledgeSword+1","floor":47},{"not_picked":[],"picked":"ObsessionSword+1","floor":48},{"not_picked":[],"picked":"SwordOfBindingDesires+1","floor":54}],"player_experience":97011,"relics_obtained":[{"floor":11,"key":"Smiling Mask"},{"floor":26,"key":"Gremlin Horn"},{"floor":27,"key":"Orichalcum"},{"floor":34,"key":"CaptainsWheel"},{"floor":34,"key":"Ornamental Fan"},{"floor":34,"key":"Centennial Puzzle"},{"floor":43,"key":"White Beast Statue"},{"floor":48,"key":"StoneCalendar"},{"floor":54,"key":"Dead Branch"}],"event_choices":[{"cards_removed":["Defend_YM"],"damage_healed":0,"gold_gain":0,"player_choice":"Card Removal","damage_taken":0,"max_hp_gain":0,"max_hp_loss":0,"event_name":"The Cleric","floor":5,"gold_loss":50},{"damage_healed":0,"gold_gain":0,"player_choice":"Inject Mutagens","damage_taken":0,"relics_obtained":["MutagenicStrength"],"max_hp_gain":0,"max_hp_loss":0,"event_name":"Drug Dealer","floor":20,"gold_loss":0},{"damage_healed":0,"gold_gain":0,"player_choice":"Stole Relic","damage_taken":0,"relics_obtained":["HornCleat"],"max_hp_gain":0,"max_hp_loss":0,"event_name":"Addict","floor":22,"gold_loss":0,"cards_obtained":["Shame"]},{"damage_healed":0,"gold_gain":0,"player_choice":"Ignored","damage_taken":0,"max_hp_gain":0,"max_hp_loss":0,"event_name":"Ghosts","floor":24,"gold_loss":0},{"cards_removed":["Shame"],"damage_healed":0,"gold_gain":0,"player_choice":"Removed Curses","damage_taken":0,"max_hp_gain":0,"max_hp_loss":0,"event_name":"Fountain of Cleansing","floor":31,"gold_loss":0},{"damage_healed":19,"gold_gain":0,"player_choice":"Writhe","damage_taken":0,"max_hp_gain":0,"max_hp_loss":0,"event_name":"Winding Halls","floor":46,"gold_loss":0,"cards_obtained":["Writhe"]},{"damage_healed":0,"gold_gain":0,"player_choice":"Fight","damage_taken":0,"max_hp_gain":0,"max_hp_loss":0,"event_name":"MindBloom","floor":48,"gold_loss":0}],"is_beta":false,"boss_relics":[{"not_picked":["Astrolabe","SacredBark"],"picked":"Busted Crown"},{"not_picked":["Snecko Eye","Black Star"],"picked":"Calling Bell"}],"items_purged_floors":[],"is_endless":false,"potions_floor_spawned":[1,4,6,14,16,21,27,30,33,39,41,45,47,48,54],"killed_by":"The Heart","ascension_level":0}}