{"host":"fdq5pmhluajjrf8d","time":1607896427,"event":{"mods":["BaseMod","Minty Spire (QoL Compilation)"],"gold_per_floor":[18,33,47,47,63,63,82,82,107,118,133,146,146,162,162,233,533,553,13,0,0,50,50,63,63,63],"floor_reached":25,"playtime":1225,"items_purged":[],"score":384,"play_id":"d3c24542-9a70-4e49-9efa-76ce4e791a50","local_time":"20201213165347","is_ascension_mode":true,"campfire_choices":[{"floor":6.0,"key":"REST"},{"floor":8.0,"key":"REST"},{"floor":13.0,"key":"REST"},{"data":"Defragment","floor":15.0,"key":"SMITH"},{"data":"Recycle","floor":23.0,"key":"SMITH"}],"circlet_count":0,"master_deck":["AscendersBane","Strike_B","Strike_B","Strike_B","Strike_B","Defend_B","Defend_B","Defend_B","Defend_B","Zap","Dualcast","Beam Cell","Gash","Hologram","Coolheaded","Rebound","Electrodynamics","Beam Cell","Defragment+1","Recycle+1","Seek","CurseOfTheBell","Flash of Steel","FTL"],"relics":["Cracked Core","Bag of Marbles","Toy Ornithopter","Calling Bell","Bronze Scales","Singing Bowl","Old Coin","Eternal Feather","Runic Capacitor"],"acts_visited":["Exordium","TheCity"],"potions_floor_usage":[24],"damage_taken":[{"damage":1.0,"enemies":"Cultist","floor":1.0,"turns":3.0},{"damage":5.0,"enemies":"Small Slimes","floor":2.0,"turns":3.0},{"damage":5.0,"enemies":"2 Louse","floor":3.0,"turns":2.0},{"damage":0.0,"enemies":"2 Fungi Beasts","floor":5.0,"turns":2.0},{"damage":24.0,"enemies":"Exordium Thugs","floor":7.0,"turns":5.0},{"damage":9.0,"enemies":"Red Slaver","floor":10.0,"turns":5.0},{"damage":2.0,"enemies":"Blue Slaver","floor":11.0,"turns":4.0},{"damage":10.0,"enemies":"Gremlin Gang","floor":12.0,"turns":5.0},{"damage":6.0,"enemies":"Looter","floor":14.0,"turns":2.0},{"damage":32.0,"enemies":"Slime Boss","floor":16.0,"turns":7.0},{"damage":20.0,"enemies":"Chosen","floor":18.0,"turns":4.0},{"damage":11,"enemies":"2 Thieves","floor":24,"turns":3},{"damage":57,"enemies":"Book of Stabbing","floor":25,"turns":4}],"seed_played":"-5037605080977002672","potions_obtained":[{"floor":1.0,"key":"Dexterity Potion"},{"floor":2.0,"key":"DistilledChaos"},{"floor":12.0,"key":"SneckoOil"},{"floor":14.0,"key":"ColorlessPotion"},{"floor":18.0,"key":"Block Potion"}],"is_trial":false,"path_per_floor":["M","M","M","?","M","R","M","R","T","M","M","M","R","M","R","B",null,"M","$","?","?","?","R","M","E"],"character_chosen":"DEFECT","items_purchased":["Eternal Feather","Flash of Steel","Runic Capacitor"],"campfire_rested":3,"item_purchase_floors":[19,19,19],"current_hp_per_floor":[77,72,67,11,11,36,12,37,37,28,26,16,41,35,35,13,67,49,49,49,49,49,61,55,0,0],"gold":63,"neow_bonus":"TWENTY_PERCENT_HP_BONUS","is_daily":false,"chose_seed":false,"campfire_upgraded":2,"win_rate":0.0,"timestamp":1607896427,"path_taken":["M","M","M","?","M","R","M","R","T","M","M","M","R","M","R","BOSS","M","$","?","?","?","R","M","E"],"items_purchased_type":["Relic","Card","Relic"],"build_version":"2020-11-30","purchased_purges":0,"victory":false,"max_hp_per_floor":[85,85,85,85,85,85,85,85,85,85,85,85,85,85,85,85,85,87,87,87,87,87,87,87,87,87],"card_choices":[{"not_picked":["Cold Snap","Melter"],"picked":"Beam Cell","floor":1.0},{"not_picked":["Steam","Ball Lightning"],"picked":"Gash","floor":2.0},{"not_picked":["Double Energy","Coolheaded"],"picked":"Hologram","floor":3.0},{"not_picked":["Consume","Doom and Gloom"],"picked":"Coolheaded","floor":5.0},{"not_picked":["Sweeping Beam","FTL"],"picked":"Rebound","floor":7.0},{"not_picked":["Hologram","Sweeping Beam"],"picked":"Electrodynamics","floor":10.0},{"not_picked":["Compile Driver","Steam"],"picked":"Beam Cell","floor":11.0},{"not_picked":["Compile Driver","Force Field"],"picked":"Defragment","floor":12.0},{"not_picked":["Streamline","Storm"],"picked":"Recycle","floor":14.0},{"not_picked":["Reboot","Buffer"],"picked":"Seek","floor":16.0},{"not_picked":["Barrage","Coolheaded","Storm"],"picked":"Singing Bowl","floor":18.0},{"not_picked":["Ball Lightning","Chill"],"picked":"FTL","floor":24}],"player_experience":1849515,"relics_obtained":[{"floor":9.0,"key":"Toy Ornithopter"},{"floor":17.0,"key":"Bronze Scales"},{"floor":17.0,"key":"Singing Bowl"},{"floor":17.0,"key":"Old Coin"}],"event_choices":[{"damage_healed":0.0,"max_hp_gain":0.0,"max_hp_loss":0.0,"gold_gain":0.0,"event_name":"Scrap Ooze","player_choice":"Success","floor":4.0,"gold_loss":0.0,"damage_taken":56.0,"relics_obtained":["Bag of Marbles"]},{"damage_healed":0.0,"max_hp_gain":0.0,"max_hp_loss":0.0,"gold_gain":0.0,"event_name":"Masked Bandits","player_choice":"Paid Fearfully","floor":20.0,"gold_loss":13.0,"damage_taken":0.0},{"damage_healed":0.0,"max_hp_gain":0.0,"max_hp_loss":0.0,"gold_gain":50.0,"event_name":"Nest","player_choice":"Stole From Cult","floor":22.0,"gold_loss":0.0,"damage_taken":0.0}],"is_beta":false,"boss_relics":[{"not_picked":["Coffee Dripper","Philosopher\u0027s Stone"],"picked":"Calling Bell"}],"items_purged_floors":[],"is_endless":false,"potions_floor_spawned":[1,2,12,14,18],"killed_by":"Book of Stabbing","ascension_level":19}}