{"host":"ykruzxakfolvqoa7","time":1607861266,"event":{"mods":["Act Like it!","BaseMod","Colored Powertips","Downfall","Hubris","Ironclad Rager","Minty Spire (QoL Compilation)","StSLib","Swap Starting Deck Mod","Wandering Minibosses"],"gold_per_floor":[113,113,113,132,132,166,166,179,179,193,233,65,65,81,81,212,212,231,4,4,23,46,46,62,101,152,190,190,211,244,159,159,290,290,311,311,104,104,129,129,129],"floor_reached":40,"playtime":2474,"items_purged":["Injury"],"score":579,"play_id":"a614cc70-74cb-43a0-985c-ad62cce1922d","local_time":"20201213120746","is_ascension_mode":false,"campfire_choices":[{"data":"expansioncontent:QuickStudy","floor":13,"key":"SMITH"},{"floor":15,"key":"REST"},{"floor":23,"key":"REST"},{"floor":28,"key":"REST"},{"floor":32,"key":"REST"}],"circlet_count":0,"master_deck":["WheelKick","FlurryOfBlows","FlurryOfBlows","FlurryOfBlows","FlurryOfBlows","PathToVictory","Evaluate","Evaluate","Evaluate","Evaluate","CrushJoints","ForeignInfluence","FearNoEvil","Enlightenment","Eruption","Consecrate","ThirdEye","PathToVictory","expansioncontent:QuickStudy+1","Judgement","LikeWater","SandsOfTime+1","InnerPeace+1","FollowUp+1","Swivel+1","FlurryOfBlows+1","Indignation","Establishment","PathToVictory","FlurryOfBlows+1","PathToVictory","Apotheosis","PathToVictory"],"relics":["PureWater","Golden Idol","Pear","FaceOfCleric","Happy Flower","hubris:SlimyHat","Black Star","Dream Catcher","MutagenicStrength","Bottled Flame","Pantograph","Anchor","hubris:MedicalManual","Smiling Mask","Damaru","Blue Candle","Boot","SlaversCollar"],"acts_visited":["Exordium","TheCity","TheBeyond"],"potions_floor_usage":[11,24,25,25,25,25,27,30,33],"damage_taken":[{"damage":0,"enemies":"Jaw Worm","floor":1,"turns":2},{"damage":0,"enemies":"2 Louse","floor":4,"turns":2},{"damage":0,"enemies":"Gremlin Nob","floor":6,"turns":2},{"damage":0,"enemies":"Cultist","floor":8,"turns":3},{"damage":0,"enemies":"2 Fungi Beasts","floor":10,"turns":2},{"damage":22,"enemies":"Lagavulin","floor":11,"turns":4},{"damage":0,"enemies":"Looter","floor":14,"turns":2},{"damage":40,"enemies":"The Guardian","floor":16,"turns":5},{"damage":18,"enemies":"2 Thieves","floor":18,"turns":3},{"damage":10,"enemies":"Shell Parasite","floor":21,"turns":4},{"damage":0,"enemies":"3 Cultists","floor":22,"turns":3},{"damage":22,"enemies":"Shelled Parasite and Fungi","floor":24,"turns":3},{"damage":14,"enemies":"Gremlin Leader","floor":25,"turns":3},{"damage":11,"enemies":"Book of Stabbing","floor":27,"turns":4},{"damage":0,"enemies":"Snake Plant","floor":29,"turns":3},{"damage":0,"enemies":"Gremlin Leader","floor":30,"turns":3},{"damage":21,"enemies":"Collector","floor":33,"turns":6},{"damage":20,"enemies":"Orb Walker","floor":35,"turns":2},{"damage":20,"enemies":"3 Darklings","floor":39,"turns":4},{"damage":43,"enemies":"Reptomancer","floor":40,"turns":3}],"seed_played":"-514054323727704689","potions_obtained":[{"floor":4,"key":"Dexterity Potion"},{"floor":6,"key":"ColorlessPotion"},{"floor":10,"key":"DuplicationPotion"},{"floor":16,"key":"Strength Potion"},{"floor":18,"key":"EntropicBrew"},{"floor":27,"key":"Energy Potion"},{"floor":30,"key":"DuplicationPotion"},{"floor":39,"key":"Energy Potion"}],"is_trial":false,"path_per_floor":["M","?","?","M","?","E","?","M","T","M","E","$","R","M","R","B",null,"M","$","?","M","M","R","M","E","T","E","R","M","E","?","R","B",null,"M","?","$","?","M","E"],"character_chosen":"WATCHER","items_purchased":["expansioncontent:QuickStudy","Dream Catcher","PathToVictory","Apotheosis"],"campfire_rested":4,"item_purchase_floors":[12,19,37,37],"current_hp_per_floor":[54,54,54,54,54,64,64,65,65,66,45,45,45,46,66,27,69,52,52,52,43,44,65,44,31,31,21,43,44,45,45,68,57,78,59,59,59,59,40,0,0],"gold":129,"neow_bonus":"","is_daily":false,"chose_seed":false,"campfire_upgraded":1,"win_rate":0.0,"timestamp":1607861266,"path_taken":["M","?","?","?","?","E","?","M","T","?","E","?","R","M","R","BOSS","M","$","?","M","M","R","M","E","T","E","R","M","E","?","R","BOSS","M","?","$","?","M","E"],"items_purchased_type":["Card","Relic","Card","Card"],"build_version":"2020-11-30","purchased_purges":1,"victory":false,"max_hp_per_floor":[54,54,54,54,54,64,64,65,65,66,67,67,67,68,68,69,69,70,70,70,71,72,72,73,74,74,75,75,76,77,77,77,78,78,79,79,79,79,80,80,80],"card_choices":[{"not_picked":["DeceiveReality","Halt"],"picked":"CrushJoints","floor":1},{"not_picked":["Vengeance","Collect","Crescendo"],"picked":"SKIP","floor":4},{"not_picked":["Sanctity","WreathOfFlame","Omniscience"],"picked":"SKIP","floor":6},{"not_picked":["EmptyBody","JustLucky"],"picked":"Consecrate","floor":8},{"not_picked":["JustLucky","BowlingBash"],"picked":"ThirdEye","floor":10},{"not_picked":["Vengeance","FlyingSleeves"],"picked":"PathToVictory","floor":11},{"not_picked":["Collect","Protect","Halt"],"picked":"SKIP","floor":14},{"not_picked":["DeusExMachina","Omniscience"],"picked":"Judgement","floor":16},{"not_picked":["Protect","ClearTheMind+1"],"picked":"LikeWater","floor":18},{"not_picked":["Sanctity","Prostrate"],"picked":"SandsOfTime+1","floor":21},{"not_picked":["DeceiveReality","LikeWater+1"],"picked":"InnerPeace+1","floor":22},{"not_picked":["Prostrate","Perseverance"],"picked":"FollowUp+1","floor":23},{"not_picked":["FlyingSleeves","EmptyBody+1"],"picked":"Swivel+1","floor":24},{"not_picked":["Halt+1","ClearTheMind+1"],"picked":"FlurryOfBlows+1","floor":25},{"not_picked":["SignatureMove","Vengeance","TalkToTheHand"],"picked":"SKIP","floor":27},{"not_picked":["TalkToTheHand","Crescendo"],"picked":"Indignation","floor":28},{"not_picked":["Evaluate","Prostrate"],"picked":"Establishment","floor":29},{"not_picked":["Indignation+1","CarveReality"],"picked":"PathToVictory","floor":30},{"not_picked":["EmptyBody+1","CrushJoints+1"],"picked":"FlurryOfBlows+1","floor":35},{"not_picked":["FlurryOfBlows+1","DeceiveReality"],"picked":"PathToVictory","floor":39}],"player_experience":334269,"relics_obtained":[{"floor":6,"key":"Pear"},{"floor":9,"key":"Happy Flower"},{"floor":11,"key":"hubris:SlimyHat"},{"floor":25,"key":"Bottled Flame"},{"floor":25,"key":"Pantograph"},{"floor":26,"key":"Anchor"},{"floor":27,"key":"hubris:MedicalManual"},{"floor":27,"key":"Smiling Mask"},{"floor":30,"key":"Damaru"},{"floor":30,"key":"Blue Candle"}],"event_choices":[{"damage_healed":0,"gold_gain":0,"player_choice":"3 cards matched","damage_taken":0,"max_hp_gain":0,"max_hp_loss":0,"event_name":"Match and Keep!","floor":3,"gold_loss":0,"cards_obtained":["FearNoEvil","Enlightenment","Eruption"]},{"damage_healed":0,"gold_gain":0,"player_choice":"Take Wound","damage_taken":0,"relics_obtained":["Golden Idol"],"max_hp_gain":0,"max_hp_loss":0,"event_name":"Golden Idol","floor":5,"gold_loss":0,"cards_obtained":["Injury"]},{"damage_healed":0,"gold_gain":0,"player_choice":"Trade","damage_taken":0,"relics_obtained":["FaceOfCleric"],"max_hp_gain":0,"max_hp_loss":0,"event_name":"FaceTrader","floor":7,"gold_loss":0},{"damage_healed":0,"gold_gain":0,"player_choice":"Inject Mutagens","damage_taken":0,"relics_obtained":["MutagenicStrength"],"max_hp_gain":0,"max_hp_loss":0,"event_name":"Drug Dealer","floor":20,"gold_loss":0},{"damage_healed":0,"gold_gain":0,"player_choice":"Obtained Relic","damage_taken":0,"relics_obtained":["Boot"],"max_hp_gain":0,"max_hp_loss":0,"event_name":"Addict","floor":31,"gold_loss":85},{"damage_healed":0,"gold_gain":0,"player_choice":"Ignored","damage_taken":0,"max_hp_gain":0,"max_hp_loss":0,"event_name":"Tomb of Lord Red Mask","floor":36,"gold_loss":0}],"is_beta":false,"boss_relics":[{"not_picked":["Cursed Key","SacredBark"],"picked":"Black Star"},{"not_picked":["Astrolabe","hubris:RunicObelisk"],"picked":"SlaversCollar"}],"items_purged_floors":[19],"is_endless":false,"potions_floor_spawned":[4,6,10,16,18,27,30,39],"killed_by":"Reptomancer","ascension_level":0}}