{"host":"xodzlm10r37577ou","time":1607875759,"event":{"mods":["Act Like it!","BaseMod","KomeijiMod","Marisa（F雨　魔理沙）","Minty Spire (QoL Compilation)","Remilia（蕾米莉亚）","Replay The Spire","StSLib","TestMod","The Administrix","The Bug Knight","The Servant 0.9.4","Youmu（魂魄妖梦）"],"gold_per_floor":[114,295,295,62,75,75,105,117,117,117,143,92,102,116,116,190,190,207,44,60,71,89,117,117,117,141,16,44,63,82,115,115,191,291,305,305,324,324,339,339,365,378,403,433,445,474,474,493,493,493],"floor_reached":51,"playtime":2374,"items_purged":["Strike_R","Strike_R+1"],"score":2286,"play_id":"c64844f7-85bd-4428-b292-4adefdc9cd5e","local_time":"20201214000919","is_ascension_mode":true,"campfire_choices":[{"data":"Perfected Strike","floor":6.0,"key":"SMITH"},{"data":"Fire Breathing","floor":15.0,"key":"SMITH"},{"data":"Corruption","floor":24.0,"key":"SMITH"},{"data":"Dark Embrace","floor":32.0,"key":"SMITH"},{"data":"Abandon","floor":40.0,"key":"SMITH"},{"data":"Evolve","floor":47,"key":"SMITH"},{"data":"Burning Pact","floor":49,"key":"SMITH"}],"circlet_count":0,"master_deck":["AscendersBane","Defend_R","Defend_R","Defend_R","Perfected Strike+1","Fire Breathing+1","Power Through","Burning Pact+1","Dark Embrace+1","Abandon+1","Corruption+1","Burning Pact","Havoc","Entrench","Shrug It Off+1","Dark Embrace+1","Defy Death","Demonic Infusion+1","ReplayTheSpireMod:Stacked","Shrug It Off+1","Evolve+1","Berserk+1"],"relics":["Burning Blood","testmod-TestBox","testmod-RealStoneCalender","NitorisBag","testmod-CyclicPeriapt","testmod-FatalChain","Orichalcum","ReplayTheSpireMod:Shallot","Replay:Grab Bag","Sozu","Philosopher\u0027s Stone","Empty Cage","testmod-TimeTraveler","ReplayFunnel","Golden Egg","Pen Nib","MealTicket","ReplayTheSpireMod:Spearhead","Replay:Wanted Poster","Happy Flower","testmod-AssaultLearning","Akabeko","Dream Catcher"],"acts_visited":["Exordium","TheCity","TheBeyond"],"potions_floor_usage":[],"damage_taken":[{"damage":5.0,"enemies":"2 Louse","floor":1.0,"turns":3.0},{"damage":2.0,"enemies":"Jaw Worm","floor":5.0,"turns":4.0},{"damage":25.0,"enemies":"Gremlin Nob","floor":7.0,"turns":4.0},{"damage":2.0,"enemies":"Small Slimes","floor":8.0,"turns":4.0},{"damage":2.0,"enemies":"Lagavulin","floor":11.0,"turns":6.0},{"damage":3.0,"enemies":"Exordium Thugs","floor":13.0,"turns":3.0},{"damage":3.0,"enemies":"Red Slaver","floor":14.0,"turns":4.0},{"damage":17.0,"enemies":"Hexaghost","floor":16.0,"turns":7.0},{"damage":0.0,"enemies":"Chosen","floor":18.0,"turns":3.0},{"damage":0.0,"enemies":"3 Byrds","floor":20.0,"turns":2.0},{"damage":0.0,"enemies":"Snake Plant","floor":21.0,"turns":3.0},{"damage":2.0,"enemies":"Centurion and Healer","floor":22.0,"turns":3.0},{"damage":17.0,"enemies":"Gremlin Leader","floor":23.0,"turns":4.0},{"damage":5.0,"enemies":"Book of Stabbing","floor":28.0,"turns":5.0},{"damage":0.0,"enemies":"Chosen and Byrds","floor":29.0,"turns":4.0},{"damage":6.0,"enemies":"Snake Plant","floor":30.0,"turns":3.0},{"damage":3.0,"enemies":"Slavers","floor":31.0,"turns":3.0},{"damage":15.0,"enemies":"Pondfish","floor":33.0,"turns":7.0},{"damage":0.0,"enemies":"Orb Walker","floor":35.0,"turns":3.0},{"damage":1.0,"enemies":"3 Shapes","floor":37.0,"turns":3.0},{"damage":0.0,"enemies":"Transient","floor":39.0,"turns":6.0},{"damage":31.0,"enemies":"Nemesis","floor":41.0,"turns":5.0},{"damage":0.0,"enemies":"3 Darklings","floor":42.0,"turns":3.0},{"damage":0,"enemies":"Giant Head","floor":44,"turns":10},{"damage":0,"enemies":"4 Shapes","floor":45,"turns":3},{"damage":0,"enemies":"HollowMod:StalkingDevout","floor":46,"turns":5},{"damage":18,"enemies":"Jaw Worm Horde","floor":48,"turns":4},{"damage":6,"enemies":"Donu and Deca","floor":50,"turns":6}],"seed_played":"-2738026018442908687","potions_obtained":[{"floor":5.0,"key":"BlessingOfTheForge"},{"floor":7.0,"key":"Fire Potion"},{"floor":8.0,"key":"LifebloodPotion"},{"floor":16.0,"key":"Swift Potion"}],"is_trial":false,"path_per_floor":["M","?","?","$","M","R","E","M","T","?","E","?","M","M","R","B",null,"M","$","M","M","M","E","R","?","T","$","E","M","M","E","R","B",null,"M","?","M","$","M","R","E","M","T","E","M","E","R","M","R","B",null],"character_chosen":"IRONCLAD","items_purchased":["NitorisBag","ReplayFunnel","Shrug It Off"],"campfire_rested":0,"item_purchase_floors":[4,19,27],"current_hp_per_floor":[69,45,45,45,58,58,39,43,43,20,33,33,36,39,39,28,63,69,69,75,75,75,64,64,64,64,64,65,71,71,74,74,65,73,75,75,75,75,75,75,50,56,56,62,68,74,74,62,62,62],"gold":493,"neow_bonus":"RANDOM_EVENT","is_daily":false,"chose_seed":false,"campfire_upgraded":7,"win_rate":0.0,"timestamp":1607875759,"path_taken":["M","?","?","$","M","R","E","M","T","?","E","?","M","M","R","BOSS","M","$","M","M","?","E","R","?","T","$","E","M","M","E","R","BOSS","M","?","M","?","M","R","E","M","T","E","M","E","R","?","R","BOSS"],"items_purchased_type":["Relic","Relic","Card"],"build_version":"2020-11-30","purchased_purges":2,"victory":true,"max_hp_per_floor":[75,75,75,75,75,75,75,75,75,75,75,75,75,75,75,75,75,75,75,75,75,75,75,75,75,75,75,75,75,75,75,75,75,75,75,75,75,75,75,75,75,75,75,75,75,75,75,75,75,75],"card_choices":[{"not_picked":["ReplayTheSpireMod:Strike From Hell","Clothesline"],"picked":"Perfected Strike","floor":1.0},{"not_picked":["ReplayReversal","Reckless Charge"],"picked":"Fire Breathing","floor":2.0},{"not_picked":["Warcry","Run Through"],"picked":"Power Through","floor":5.0},{"not_picked":["Reckless Charge","Whirlwind"],"picked":"Burning Pact","floor":7.0},{"not_picked":["Armaments","Anger"],"picked":"Dark Embrace","floor":8.0},{"not_picked":["Replay:Undeath\u0027s Touch","Iron Wave"],"picked":"Abandon","floor":11.0},{"not_picked":["Heavy Blade","Clash","Iron Wave"],"picked":"SKIP","floor":13.0},{"not_picked":["Pommel Strike","Perfected Strike","Thunderclap"],"picked":"SKIP","floor":14.0},{"not_picked":["Hemogenesis","Impervious"],"picked":"Corruption","floor":16.0},{"not_picked":["Thunderclap","Wild Strike"],"picked":"Burning Pact","floor":18.0},{"not_picked":["Battle Trance","Anger"],"picked":"Havoc","floor":20.0},{"not_picked":["Shrug It Off+1","ReplayTheSpireMod:Strike From Hell"],"picked":"Entrench","floor":21.0},{"not_picked":["ReplayTheSpireMod:Strike From Hell","Clash","Heavy Blade"],"picked":"SKIP","floor":22.0},{"not_picked":["Havoc","Iron Wave","ReplayTheSpireMod:Corrosion Curse"],"picked":"SKIP","floor":23.0},{"not_picked":["Pommel Strike","Warcry","Immolate"],"picked":"SKIP","floor":28.0},{"not_picked":["Wild Strike","Entrench"],"picked":"Dark Embrace","floor":29.0},{"not_picked":["Havoc","Armaments","Thunderclap"],"picked":"SKIP","floor":30.0},{"not_picked":["True Grit","Sever Soul"],"picked":"Defy Death","floor":31.0},{"not_picked":["Feed","Corruption"],"picked":"Demonic Infusion","floor":33.0},{"not_picked":["Shrug It Off","Headbutt+1","Cleave+1"],"picked":"SKIP","floor":35.0},{"not_picked":["Wild Strike","Run Through","Clothesline+1"],"picked":"SKIP","floor":37.0},{"not_picked":["ReplayTheSpireMod:LeadingStrike","Clothesline","Rampage"],"picked":"SKIP","floor":39.0},{"not_picked":["Replay:Undeath\u0027s Touch","Clothesline"],"picked":"ReplayTheSpireMod:Stacked","floor":41.0},{"not_picked":["Metallicize","True Grit","Clash+1"],"picked":"SKIP","floor":42.0},{"not_picked":["True Grit","ReplayTheSpireMod:Limb From Limb","ReplayTheSpireMod:Strike From Hell"],"picked":"SKIP","floor":44},{"not_picked":["Warcry+1","Metallicize"],"picked":"Shrug It Off+1","floor":45},{"not_picked":["Shockwave","Disarm"],"picked":"Evolve","floor":46},{"not_picked":["Perfected Strike","True Grit"],"picked":"Berserk","floor":48}],"player_experience":869832,"relics_obtained":[{"floor":7.0,"key":"testmod-CyclicPeriapt"},{"floor":9.0,"key":"testmod-FatalChain"},{"floor":11.0,"key":"Orichalcum"},{"floor":23.0,"key":"Golden Egg"},{"floor":26.0,"key":"Pen Nib"},{"floor":28.0,"key":"MealTicket"},{"floor":31.0,"key":"ReplayTheSpireMod:Spearhead"},{"floor":41.0,"key":"Happy Flower"},{"floor":43.0,"key":"testmod-AssaultLearning"},{"floor":44,"key":"Akabeko"},{"floor":46,"key":"Dream Catcher"}],"event_choices":[{"cards_removed":["Bash"],"damage_healed":0.0,"max_hp_gain":0.0,"max_hp_loss":0.0,"gold_gain":0.0,"event_name":"Living Wall","player_choice":"Forget","floor":0.0,"gold_loss":0.0,"damage_taken":0.0},{"damage_healed":0.0,"max_hp_gain":0.0,"max_hp_loss":0.0,"gold_gain":0.0,"event_name":"给自己的盒子","player_choice":"Ignored","floor":3.0,"gold_loss":0.0,"damage_taken":0.0},{"damage_healed":0.0,"max_hp_gain":0.0,"max_hp_loss":0.0,"gold_gain":0.0,"event_name":"Shining Light","player_choice":"Entered Light","floor":10.0,"gold_loss":0.0,"damage_taken":23.0,"cards_upgraded":["Dark Embrace","Strike_R"]},{"damage_healed":0.0,"max_hp_gain":0.0,"max_hp_loss":0.0,"gold_gain":0.0,"event_name":"WeMeetAgain","player_choice":"Paid Gold","floor":12.0,"gold_loss":51.0,"damage_taken":0.0,"relics_obtained":["ReplayTheSpireMod:Shallot"]},{"cards_removed":["Strike_R"],"damage_healed":0.0,"max_hp_gain":0.0,"max_hp_loss":0.0,"gold_gain":0.0,"event_name":"Purifier","player_choice":"Purged","floor":25.0,"gold_loss":0.0,"damage_taken":0.0},{"cards_removed":["Defend_R"],"damage_healed":0.0,"max_hp_gain":0.0,"max_hp_loss":0.0,"gold_gain":0.0,"event_name":"Bonfire Elementals","player_choice":"Offered Basic","floor":36.0,"gold_loss":0.0,"damage_taken":0.0}],"is_beta":false,"boss_relics":[{"not_picked":["Pandora\u0027s Box","Ring of Chaos"],"picked":"Replay:Grab Bag"},{"not_picked":["Busted Crown","Ooze Armor"],"picked":"Sozu"},{"not_picked":["SlaversCollar","Coffee Dripper"],"picked":"Philosopher\u0027s Stone"},{"not_picked":["testmod-Recursion","testmod-DreamHouse"],"picked":"Empty Cage"},{"not_picked":["testmod-EnergyCheck","testmod-BatchProcessingSystem"],"picked":"testmod-TimeTraveler"},{"not_picked":["testmod-Fanaticism","Replay:Bronze Core"],"picked":"Replay:Wanted Poster"}],"items_purged_floors":[4,27],"is_endless":false,"potions_floor_spawned":[5,7,8,16,20,21,23,28,35,37,39,41,45,48],"ascension_level":19}}