{"host":"rjmu5g8hpiele53d","time":1607863959,"event":{"mods":["2.2 Compatiblity","BaseMod","Downfall","GifTheSpireLib","Minty Spire (QoL Compilation)","StSLib"],"gold_per_floor":[99,116,116,63,48,65,88,88,88,73,90,139,139,149,159,159,159],"floor_reached":16,"playtime":1174,"items_purged":[],"score":90,"play_id":"faccd8ad-fdf1-4279-95c0-f5f74dd66a25","local_time":"20201213125239","is_ascension_mode":false,"campfire_choices":[{"data":"champ:Execute","floor":1,"key":"SMITH"},{"data":"champ:PerfectedStrike","floor":8,"key":"SMITH"}],"circlet_count":0,"master_deck":["champ:Strike","champ:Strike","champ:Strike","champ:Defend","champ:Defend","champ:Defend","champ:Defend","champ:Execute+1","champ:Taunt","champ:DeathBlow","champ:HeartStrike","champ:StanceDance","champ:IronFortress","champ:PerfectedStrike+1","champ:CheapShot","champ:FlashCut","champ:Taunt","champ:CalledShot","champ:BerserkerStyle","champ:PerfectedStrike"],"relics":["champ:ChampionCrown","Centennial Puzzle","Blood Vial"],"acts_visited":["Exordium"],"potions_floor_usage":[14,15],"damage_taken":[{"damage":5,"enemies":"2 Louse","floor":2,"turns":3},{"damage":50,"enemies":"downfall:FleeingMerchant","floor":4,"turns":4},{"damage":65,"enemies":"downfall:FleeingMerchant","floor":5,"turns":4},{"damage":20,"enemies":"Cultist","floor":6,"turns":3},{"damage":46,"enemies":"downfall:FleeingMerchant","floor":10,"turns":5},{"damage":21,"enemies":"Jaw Worm","floor":11,"turns":3},{"damage":3,"enemies":"Red Slaver","floor":14,"turns":4},{"damage":45,"enemies":"Exordium Wildlife","floor":15,"turns":5},{"damage":65,"enemies":"downfall:Watcher","floor":16,"turns":7}],"seed_played":"4421559325876569625","potions_obtained":[{"floor":2,"key":"champ:TechniquePotion"},{"floor":11,"key":"Block Potion"},{"floor":14,"key":"Fruit Juice"}],"is_trial":false,"path_per_floor":["R","M","?","$","$","M","T","R","?","$","M","T","?","M","M","B"],"character_chosen":"THE_CHAMP","items_purchased":["champ:IronFortress"],"campfire_rested":0,"item_purchase_floors":[4],"current_hp_per_floor":[99,99,99,94,79,79,79,79,79,78,77,77,77,76,58,0,0],"gold":159,"neow_bonus":"TEN_PERCENT_HP_BONUS","is_daily":false,"chose_seed":false,"campfire_upgraded":2,"win_rate":0.0,"timestamp":1607863959,"path_taken":["R","M","?","?","$","?","T","R","?","$","?","?","?","M","M","BOSS"],"items_purchased_type":["Card"],"build_version":"2020-11-30","purchased_purges":0,"victory":false,"max_hp_per_floor":[99,99,99,99,99,99,99,99,99,99,99,99,99,99,104,104,104],"card_choices":[{"not_picked":["champ:FlashCut","champ:CrookedStrike"],"picked":"champ:DeathBlow","floor":2},{"not_picked":["champ:Lariat","champ:Backstep"],"picked":"champ:StanceDance","floor":4},{"not_picked":["champ:GladiatorsShout","champ:Haymaker"],"picked":"champ:PerfectedStrike","floor":5},{"not_picked":["champ:TornadoPunch","champ:GladiatorStyle"],"picked":"champ:CheapShot","floor":6},{"not_picked":["champ:GladiatorsShout","champ:FocusedDefense"],"picked":"champ:CalledShot","floor":10},{"not_picked":["champ:StanceDance","champ:FocusedDefense"],"picked":"champ:BerserkerStyle","floor":11},{"not_picked":["champ:EndlessRage","champ:StanceDance","champ:HeartStrike"],"picked":"SKIP","floor":14},{"not_picked":["champ:CrookedStrike","champ:GutPunch"],"picked":"champ:PerfectedStrike","floor":15}],"player_experience":1530122,"relics_obtained":[{"floor":7,"key":"Centennial Puzzle"},{"floor":12,"key":"Blood Vial"}],"event_choices":[{"damage_healed":0,"gold_gain":0,"cards_transformed":["champ:Strike"],"player_choice":"Transformed","damage_taken":0,"max_hp_gain":0,"max_hp_loss":0,"event_name":"Transmorgrifier","floor":3,"gold_loss":0,"cards_obtained":["champ:HeartStrike"]}],"is_beta":false,"boss_relics":[],"items_purged_floors":[],"is_endless":false,"potions_floor_spawned":[2,11,14],"killed_by":"downfall:Watcher","ascension_level":0}}