{"host":"wuk1ltmmka824l9y","time":1607855196,"event":{"mods":["AchievementEnabler","BaseMod","Custom Start","DeckTracker","Minty Spire (QoL Compilation)","Quick Restart","StSLib","SuperFastMode"],"gold_per_floor":[111,81,99,173,193,193,212,244,269,303,303,303,303,320,320,399,399,411,411,189,206,216,248,248,264,264,282,282,313,346,172,217,217,217,217],"floor_reached":34,"playtime":1149,"items_purged":["Decay","Strike_R"],"score":629,"play_id":"4eb1ec26-74ad-4171-9783-382be3e219f6","local_time":"20201213192636","is_ascension_mode":true,"campfire_choices":[{"data":"Shockwave","floor":6.0,"key":"SMITH"},{"data":"Immolate","floor":11.0,"key":"SMITH"},{"data":"Pommel Strike","floor":13.0,"key":"SMITH"},{"data":"Sword Boomerang","floor":15.0,"key":"SMITH"},{"data":"Pommel Strike","floor":24.0,"key":"SMITH"},{"floor":28.0,"key":"REST"},{"data":"Feel No Pain","floor":33,"key":"SMITH"}],"circlet_count":0,"master_deck":["AscendersBane","Strike_R","Strike_R+1","Strike_R+1","Defend_R+1","Defend_R","Defend_R+1","Defend_R+1","Bash","Shockwave+1","Pommel Strike+1","Pommel Strike+1","Pommel Strike+1","Immolate+1","Sword Boomerang+1","Pommel Strike","Offering","CurseOfTheBell","Reaper","Offering","Pummel","Second Wind","Feel No Pain+1"],"relics":["Burning Blood","Pear","Kunai","Whetstone","Gambling Chip","Calling Bell","PreservedInsect","Matryoshka","Thread and Needle","StoneCalendar","Happy Flower","Prayer Wheel","Strawberry","Dead Branch","Art of War","War Paint"],"acts_visited":["Exordium","TheCity"],"potions_floor_usage":[30],"damage_taken":[{"damage":14.0,"enemies":"Small Slimes","floor":1.0,"turns":4.0},{"damage":5.0,"enemies":"Cultist","floor":3.0,"turns":4.0},{"damage":14.0,"enemies":"Jaw Worm","floor":5.0,"turns":4.0},{"damage":7.0,"enemies":"Blue Slaver","floor":7.0,"turns":3.0},{"damage":25.0,"enemies":"Lagavulin","floor":8.0,"turns":5.0},{"damage":12.0,"enemies":"Gremlin Nob","floor":10.0,"turns":3.0},{"damage":6.0,"enemies":"Exordium Thugs","floor":14.0,"turns":2.0},{"damage":16.0,"enemies":"Hexaghost","floor":16.0,"turns":6.0},{"damage":6.0,"enemies":"3 Byrds","floor":18.0,"turns":4.0},{"damage":12.0,"enemies":"Shell Parasite","floor":21.0,"turns":6.0},{"damage":28.0,"enemies":"Shelled Parasite and Fungi","floor":22.0,"turns":4.0},{"damage":45.0,"enemies":"Gremlin Leader","floor":23.0,"turns":4.0},{"damage":12.0,"enemies":"Centurion and Healer","floor":25.0,"turns":3.0},{"damage":16.0,"enemies":"Snake Plant","floor":27.0,"turns":3.0},{"damage":6.0,"enemies":"Slavers","floor":29.0,"turns":1.0},{"damage":24,"enemies":"Book of Stabbing","floor":30,"turns":4},{"damage":63,"enemies":"Automaton","floor":34,"turns":6}],"seed_played":"7593293959587140200","potions_obtained":[{"floor":2.0,"key":"Strength Potion"},{"floor":2.0,"key":"EntropicBrew"},{"floor":8.0,"key":"Fire Potion"},{"floor":14.0,"key":"BloodPotion"},{"floor":18.0,"key":"Dexterity Potion"},{"floor":21.0,"key":"Block Potion"},{"floor":22.0,"key":"LiquidBronze"},{"floor":30,"key":"DuplicationPotion"}],"is_trial":false,"path_per_floor":["M","?","M","T","M","R","M","E","T","E","R","?","R","M","R","B",null,"M","?","$","M","M","E","R","M","T","M","R","E","E","$","T","R","B"],"character_chosen":"IRONCLAD","items_purchased":["Offering","Feel No Pain"],"campfire_rested":1,"item_purchase_floors":[20,31],"current_hp_per_floor":[60,60,61,71,63,63,62,43,43,37,37,11,11,11,11,18,68,68,68,68,65,49,22,22,24,24,15,40,47,29,29,29,29,0,0],"gold":217,"neow_bonus":"TRANSFORM_CARD","is_daily":false,"chose_seed":false,"campfire_upgraded":6,"win_rate":0.0,"timestamp":1607855196,"path_taken":["M","?","?","?","M","R","M","E","T","E","R","?","R","M","R","BOSS","M","?","$","M","M","E","R","M","T","M","R","E","E","$","?","R","BOSS"],"items_purchased_type":["Card","Card"],"build_version":"2020-11-30","purchased_purges":2,"victory":false,"max_hp_per_floor":[75,75,75,85,85,85,85,85,85,85,85,85,85,85,85,85,85,85,85,85,85,85,85,85,85,85,85,85,92,92,92,92,92,92,92],"card_choices":[{"not_picked":["Perfected Strike","Havoc"],"picked":"Pommel Strike","floor":1.0},{"not_picked":["Disarm","Rupture"],"picked":"Pommel Strike","floor":3.0},{"not_picked":["Body Slam","Pummel"],"picked":"Pommel Strike","floor":5.0},{"not_picked":["Iron Wave","Searing Blow","Ghostly Armor"],"picked":"SKIP","floor":7.0},{"not_picked":["Wild Strike","Shockwave"],"picked":"Immolate","floor":8.0},{"not_picked":["Twin Strike","Cleave"],"picked":"Sword Boomerang","floor":10.0},{"not_picked":["Feel No Pain","Flex"],"picked":"Pommel Strike","floor":14.0},{"not_picked":["Reaper","Feed"],"picked":"Offering","floor":16.0},{"not_picked":["Anger","Cleave"],"picked":"Reaper","floor":18.0},{"not_picked":["Ghostly Armor","Body Slam","Combust"],"picked":"SKIP","floor":21.0},{"not_picked":["Flex","Warcry","Metallicize"],"picked":"SKIP","floor":22.0},{"not_picked":["Metallicize","Clash","Anger"],"picked":"SKIP","floor":23.0},{"not_picked":["Flex","Cleave","Wild Strike"],"picked":"SKIP","floor":25.0},{"not_picked":["Twin Strike","Headbutt"],"picked":"Pummel","floor":27.0},{"not_picked":["Headbutt","Disarm","Anger"],"picked":"SKIP","floor":27.0},{"not_picked":["Flame Barrier","Hemokinesis","Havoc"],"picked":"SKIP","floor":29.0},{"not_picked":["Iron Wave","Juggernaut"],"picked":"Second Wind","floor":30}],"player_experience":316006,"relics_obtained":[{"floor":4.0,"key":"Pear"},{"floor":8.0,"key":"Kunai"},{"floor":9.0,"key":"Whetstone"},{"floor":10.0,"key":"Gambling Chip"},{"floor":17.0,"key":"PreservedInsect"},{"floor":17.0,"key":"Matryoshka"},{"floor":17.0,"key":"Thread and Needle"},{"floor":23.0,"key":"StoneCalendar"},{"floor":26.0,"key":"Happy Flower"},{"floor":26.0,"key":"Prayer Wheel"},{"floor":29.0,"key":"Strawberry"},{"floor":30,"key":"Dead Branch"},{"floor":32,"key":"Art of War"},{"floor":32,"key":"War Paint"}],"event_choices":[{"damage_healed":0.0,"max_hp_gain":0.0,"max_hp_loss":0.0,"gold_gain":0.0,"event_name":"The Woman in Blue","player_choice":"Bought 2 Potions","floor":2.0,"gold_loss":0.0,"damage_taken":0.0},{"damage_healed":0.0,"max_hp_gain":0.0,"max_hp_loss":0.0,"gold_gain":0.0,"event_name":"Shining Light","player_choice":"Entered Light","floor":12.0,"gold_loss":0.0,"damage_taken":26.0,"cards_upgraded":["Defend_R","Pommel Strike"]},{"damage_healed":0.0,"max_hp_gain":0.0,"max_hp_loss":0.0,"gold_gain":0.0,"event_name":"Wheel of Change","player_choice":"Cursed","floor":19.0,"gold_loss":0.0,"damage_taken":0.0,"cards_obtained":["Decay"]}],"is_beta":false,"boss_relics":[{"not_picked":["Busted Crown","Empty Cage"],"picked":"Calling Bell"}],"items_purged_floors":[20,31],"is_endless":false,"potions_floor_spawned":[3,8,14,18,21,22,23,30],"killed_by":"Automaton","ascension_level":15}}