{"host":"utqe55yv0jihe4d6","time":1607897819,"event":{"mods":["2.2 Compatiblity","AchievementEnabler","BaseMod","Block Reminder","Colored Map","Colored Powertips","Minty Spire (QoL Compilation)","Quick Restart","Rare Cards Sparkle","Relic Stats","SuperFastMode"],"gold_per_floor":[119,138,118,129,144,144,175,194,194,222,235,258,258,258,258],"floor_reached":14,"playtime":406,"items_purged":[],"score":204,"play_id":"55c012a2-7d82-4b7a-96bc-6244f7c66f20","local_time":"20201213171659","is_ascension_mode":true,"campfire_choices":[{"data":"Finisher","floor":6,"key":"SMITH"},{"data":"Sucker Punch","floor":13,"key":"SMITH"}],"circlet_count":0,"master_deck":["AscendersBane","Strike_G","Strike_G","Strike_G","Strike_G","Strike_G","Defend_G","Defend_G","Defend_G","Defend_G","Defend_G","Survivor","Neutralize","Blade Dance","Caltrops","Finisher+1","Sucker Punch+1","Footwork","Accuracy","Slice"],"relics":["Busted Crown","Matryoshka","Pear","Pantograph","Gremlin Horn","Juzu Bracelet","Smiling Mask"],"acts_visited":["Exordium"],"potions_floor_usage":[7,11],"damage_taken":[{"damage":0,"enemies":"Small Slimes","floor":1,"turns":4},{"damage":0,"enemies":"Cultist","floor":2,"turns":3},{"damage":0,"enemies":"2 Louse","floor":4,"turns":3},{"damage":11,"enemies":"Exordium Wildlife","floor":5,"turns":5},{"damage":3,"enemies":"Gremlin Nob","floor":7,"turns":3},{"damage":1,"enemies":"2 Fungi Beasts","floor":8,"turns":4},{"damage":13,"enemies":"Lagavulin","floor":10,"turns":7},{"damage":0,"enemies":"Lots of Slimes","floor":11,"turns":1},{"damage":51,"enemies":"Gremlin Nob","floor":14,"turns":4}],"seed_played":"-7811437335146213343","potions_obtained":[{"floor":2,"key":"Energy Potion"},{"floor":3,"key":"Explosive Potion"},{"floor":7,"key":"Explosive Potion"}],"is_trial":false,"path_per_floor":["M","M","?","M","M","R","E","M","T","E","M","T","R","E"],"character_chosen":"THE_SILENT","items_purchased":[],"campfire_rested":0,"item_purchase_floors":[],"current_hp_per_floor":[59,59,59,59,48,48,45,44,54,41,41,41,41,0,0],"gold":258,"neow_bonus":"BOSS_RELIC","is_daily":false,"chose_seed":false,"campfire_upgraded":2,"win_rate":0.0,"timestamp":1607897819,"path_taken":["M","M","?","M","?","R","E","M","T","E","M","?","R","E"],"items_purchased_type":[],"build_version":"2020-11-30","purchased_purges":0,"victory":false,"max_hp_per_floor":[66,66,66,66,66,66,66,66,76,76,76,76,76,76,76],"relic_stats":{"Busted Crown":16,"Gremlin Horn":[4,4],"counters":[9,34],"Pantograph":0,"Juzu Bracelet":0,"Smiling Mask":0,"obtain_stats":[{"Busted Crown":0,"Matryoshka":7,"Pear":9,"Gremlin Horn":10,"Pantograph":9,"Juzu Bracelet":12,"Smiling Mask":12,"Ring of the Snake":0},{"Busted Crown":0,"Matryoshka":5,"Pear":6,"Gremlin Horn":7,"Pantograph":6,"Juzu Bracelet":8,"Smiling Mask":8,"Ring of the Snake":0},{"Busted Crown":0,"Matryoshka":18,"Pear":22,"Gremlin Horn":29,"Pantograph":22,"Juzu Bracelet":30,"Smiling Mask":30,"Ring of the Snake":0}]},"card_choices":[{"not_picked":[],"picked":"Blade Dance","floor":1},{"not_picked":[],"picked":"Caltrops","floor":2},{"not_picked":[],"picked":"Finisher","floor":4},{"not_picked":[],"picked":"Sucker Punch","floor":5},{"not_picked":["Caltrops"],"picked":"SKIP","floor":7},{"not_picked":[],"picked":"Footwork","floor":8},{"not_picked":[],"picked":"Accuracy","floor":10},{"not_picked":[],"picked":"Slice","floor":11}],"player_experience":2747303,"relics_obtained":[{"floor":7,"key":"Matryoshka"},{"floor":9,"key":"Pear"},{"floor":9,"key":"Pantograph"},{"floor":10,"key":"Gremlin Horn"},{"floor":12,"key":"Juzu Bracelet"},{"floor":12,"key":"Smiling Mask"}],"event_choices":[{"damage_healed":0,"gold_gain":0,"player_choice":"Bought 1 Potion","damage_taken":0,"max_hp_gain":0,"max_hp_loss":0,"event_name":"The Woman in Blue","floor":3,"gold_loss":0}],"is_beta":false,"boss_relics":[],"items_purged_floors":[],"is_endless":false,"potions_floor_spawned":[2,5,7,10],"killed_by":"Gremlin Nob","ascension_level":20}}