{"host":"Ilker","time":1607830371,"event":{"mods":["BaseMod","Bestiary","Block Reminder","Colored Map","DeckTracker","Highlight Path","Minty Spire (QoL Compilation)","Quick Restart","Relic Sorter","Relic Stats"],"gold_per_floor":[219,232,232,77,92,127,127,127,153,153,187,206,206,236,236,310,310,326,346,346,346,14,14,14,48,48,68,68,102,114,145,145,216,216,231,251,270,270,270],"floor_reached":38,"playtime":2756,"items_purged":["Strike_R"],"score":904,"play_id":"d08f8dda-35cb-4e70-9b22-bee389f18bcb","local_time":"20201213063251","is_ascension_mode":true,"campfire_choices":[{"data":"Uppercut","floor":7.0,"key":"SMITH"},{"data":"Armaments","floor":13.0,"key":"SMITH"},{"data":"Whirlwind","floor":15.0,"key":"SMITH"},{"data":"True Grit","floor":23.0,"key":"SMITH"},{"data":"True Grit","floor":28.0,"key":"SMITH"},{"data":"Evolve","floor":32.0,"key":"SMITH"}],"circlet_count":0,"master_deck":["AscendersBane","Strike_R","Strike_R","Strike_R","Strike_R+1","Defend_R","Defend_R","Defend_R","Bash","Thunderclap+1","Clash","Uppercut+1","Combust","Whirlwind+1","Inflame","Spot Weakness","Armaments+1","Disarm","Reaper","Warcry","Shame","Writhe","True Grit+1","Decay","Second Wind","True Grit+1","Disarm","Offering","Evolve+1","Fiend Fire","Heavy Blade+1"],"relics":["Black Blood","Potion Belt","Bottled Tornado","Lantern","White Beast Statue","Whetstone","Omamori","Matryoshka","Coffee Dripper","Pocketwatch","Pen Nib","InkBottle","Bronze Scales","Gremlin Horn"],"acts_visited":["Exordium","TheCity","TheBeyond"],"potions_floor_usage":[38],"damage_taken":[{"damage":14.0,"enemies":"Jaw Worm","floor":1.0,"turns":4.0},{"damage":8.0,"enemies":"2 Louse","floor":2.0,"turns":2.0},{"damage":1.0,"enemies":"Cultist","floor":5.0,"turns":3.0},{"damage":24.0,"enemies":"Lagavulin","floor":6.0,"turns":7.0},{"damage":26.0,"enemies":"Gremlin Nob","floor":11.0,"turns":4.0},{"damage":0.0,"enemies":"Large Slime","floor":12.0,"turns":4.0},{"damage":10.0,"enemies":"3 Sentries","floor":14.0,"turns":4.0},{"damage":11.0,"enemies":"The Guardian","floor":16.0,"turns":11.0},{"damage":10.0,"enemies":"Spheric Guardian","floor":18.0,"turns":5.0},{"damage":2.0,"enemies":"Chosen","floor":19.0,"turns":3.0},{"damage":9.0,"enemies":"Book of Stabbing","floor":25.0,"turns":5.0},{"damage":19.0,"enemies":"Snake Plant","floor":27.0,"turns":3.0},{"damage":42.0,"enemies":"Slavers","floor":29.0,"turns":4.0},{"damage":20.0,"enemies":"Centurion and Healer","floor":30.0,"turns":4.0},{"damage":21.0,"enemies":"Book of Stabbing","floor":31.0,"turns":4.0},{"damage":107.0,"enemies":"Automaton","floor":33.0,"turns":9.0},{"damage":36.0,"enemies":"Orb Walker","floor":35.0,"turns":5.0},{"damage":22.0,"enemies":"3 Shapes","floor":36.0,"turns":7.0},{"damage":42.0,"enemies":"Maw","floor":37.0,"turns":7.0},{"damage":23,"enemies":"Sphere and 2 Shapes","floor":38,"turns":3}],"seed_played":"3699824378932711513","potions_obtained":[{"floor":2.0,"key":"EntropicBrew"},{"floor":5.0,"key":"Dexterity Potion"},{"floor":11.0,"key":"EntropicBrew"},{"floor":12.0,"key":"Strength Potion"},{"floor":14.0,"key":"Swift Potion"},{"floor":16.0,"key":"LiquidMemories"},{"floor":18.0,"key":"HeartOfIron"},{"floor":19.0,"key":"FairyPotion"},{"floor":25.0,"key":"HeartOfIron"},{"floor":27.0,"key":"CultistPotion"},{"floor":29.0,"key":"DuplicationPotion"},{"floor":30.0,"key":"CultistPotion"},{"floor":31.0,"key":"PowerPotion"},{"floor":33.0,"key":"CultistPotion"},{"floor":35.0,"key":"BlessingOfTheForge"},{"floor":36.0,"key":"ElixirPotion"},{"floor":37.0,"key":"SpeedPotion"}],"is_trial":false,"path_per_floor":["M","M","?","$","M","E","R","?","T","?","E","M","R","E","R","B",null,"M","M","?","?","$","R","?","E","T","M","R","E","M","E","R","B",null,"M","M","M","M"],"character_chosen":"IRONCLAD","items_purchased":["Uppercut","Gremlin Horn","True Grit"],"campfire_rested":0,"item_purchase_floors":[4,22,22],"current_hp_per_floor":[60,58,58,58,63,45,45,45,45,45,40,46,46,42,42,37,66,62,72,72,72,72,72,72,69,69,66,66,62,63,48,48,14,60,42,37,21,0,0],"gold":270,"neow_bonus":"HUNDRED_GOLD","is_daily":false,"chose_seed":false,"campfire_upgraded":6,"win_rate":0.0,"timestamp":1607830371,"path_taken":["M","M","?","$","M","E","R","?","T","?","E","?","R","E","R","BOSS","M","M","?","?","$","R","?","E","T","M","R","E","M","E","R","BOSS","M","M","M","M"],"items_purchased_type":["Card","Relic","Card"],"build_version":"2020-12-07","purchased_purges":1,"victory":false,"max_hp_per_floor":[75,75,75,75,75,75,75,75,75,75,75,75,75,75,75,75,75,75,75,75,75,75,75,75,75,75,75,75,75,75,75,75,75,75,75,75,75,75,75],"relic_stats":{"Gremlin Horn":[7,7],"counters":[20,98],"Bronze Scales":[168],"Black Blood":132,"Pen Nib":[11],"Whetstone":["Strike_R","Thunderclap"],"obtain_stats":[{"Potion Belt":31,"Lantern":9,"Gremlin Horn":22,"Black Blood":34,"Pen Nib":6,"Omamori":26,"Whetstone":26,"Bottled Tornado":29,"Burning Blood":0,"White Beast Statue":11,"Matryoshka":25,"Bronze Scales":21,"Coffee Dripper":17,"InkBottle":20,"Pocketwatch":14},{"Potion Belt":15,"Lantern":4,"Gremlin Horn":10,"Black Blood":16,"Pen Nib":4,"Omamori":11,"Whetstone":11,"Bottled Tornado":13,"Burning Blood":0,"White Beast Statue":5,"Matryoshka":11,"Bronze Scales":10,"Coffee Dripper":8,"InkBottle":10,"Pocketwatch":7},{"Potion Belt":67,"Lantern":16,"Gremlin Horn":47,"Black Blood":76,"Pen Nib":16,"Omamori":52,"Whetstone":52,"Bottled Tornado":59,"Burning Blood":0,"White Beast Statue":20,"Matryoshka":52,"Bronze Scales":47,"Coffee Dripper":39,"InkBottle":47,"Pocketwatch":28}],"InkBottle":[18],"Pocketwatch":[81]},"card_choices":[{"not_picked":["Havoc","Flex"],"picked":"Thunderclap","floor":1.0},{"not_picked":["Warcry","Blood for Blood"],"picked":"Clash","floor":2.0},{"not_picked":["Evolve","Infernal Blade"],"picked":"Combust","floor":5.0},{"not_picked":["Armaments","Searing Blow"],"picked":"Whirlwind","floor":6.0},{"not_picked":["Heavy Blade","Warcry"],"picked":"Spot Weakness","floor":11.0},{"not_picked":["Hemokinesis","Second Wind"],"picked":"Armaments","floor":12.0},{"not_picked":["Headbutt","Armaments"],"picked":"Disarm","floor":14.0},{"not_picked":["Double Tap","Barricade"],"picked":"Reaper","floor":16.0},{"not_picked":["Thunderclap","Clothesline","Iron Wave"],"picked":"SKIP","floor":18.0},{"not_picked":["Whirlwind","Cleave"],"picked":"Warcry","floor":19.0},{"not_picked":["Perfected Strike","Blood for Blood"],"picked":"Second Wind","floor":25.0},{"not_picked":["Warcry+1","Wild Strike"],"picked":"True Grit","floor":27.0},{"not_picked":["Wild Strike","Pommel Strike"],"picked":"Disarm","floor":29.0},{"not_picked":["Armaments","Wild Strike+1"],"picked":"Offering","floor":30.0},{"not_picked":["Sever Soul","Warcry+1"],"picked":"Evolve","floor":31.0},{"not_picked":["Exhume","Juggernaut"],"picked":"Fiend Fire","floor":33.0},{"not_picked":["Warcry+1","Thunderclap"],"picked":"Heavy Blade+1","floor":35.0},{"not_picked":["Clothesline","Armaments","Infernal Blade"],"picked":"SKIP","floor":36.0},{"not_picked":["Thunderclap","Iron Wave","Intimidate"],"picked":"SKIP","floor":37.0}],"player_experience":1653611,"relics_obtained":[{"floor":6.0,"key":"Pen Nib"},{"floor":9.0,"key":"Lantern"},{"floor":11.0,"key":"White Beast Statue"},{"floor":14.0,"key":"Pocketwatch"},{"floor":25.0,"key":"Matryoshka"},{"floor":26.0,"key":"Omamori"},{"floor":26.0,"key":"Whetstone"},{"floor":29.0,"key":"Bottled Tornado"},{"floor":31.0,"key":"Potion Belt"}],"event_choices":[{"damage_healed":0.0,"max_hp_gain":0.0,"max_hp_loss":0.0,"gold_gain":0.0,"event_name":"Shining Light","player_choice":"Ignored","floor":3.0,"gold_loss":0.0,"damage_taken":0.0},{"damage_healed":0.0,"max_hp_gain":0.0,"max_hp_loss":0.0,"gold_gain":0.0,"event_name":"Scrap Ooze","player_choice":"Fled","floor":8.0,"gold_loss":0.0,"damage_taken":0.0},{"damage_healed":0.0,"max_hp_gain":0.0,"max_hp_loss":0.0,"gold_gain":0.0,"cards_transformed":["Defend_R"],"event_name":"Transmorgrifier","player_choice":"Transformed","floor":10.0,"gold_loss":0.0,"damage_taken":0.0,"cards_obtained":["Inflame"]},{"damage_healed":0.0,"max_hp_gain":0.0,"max_hp_loss":0.0,"gold_gain":0.0,"event_name":"Addict","player_choice":"Stole Relic","floor":20.0,"gold_loss":0.0,"damage_taken":0.0,"relics_obtained":["InkBottle"],"cards_obtained":["Shame"]},{"damage_healed":0.0,"max_hp_gain":0.0,"max_hp_loss":0.0,"gold_gain":0.0,"event_name":"The Mausoleum","player_choice":"Opened","floor":21.0,"gold_loss":0.0,"damage_taken":0.0,"relics_obtained":["Bronze Scales"],"cards_obtained":["Writhe"]},{"damage_healed":0.0,"max_hp_gain":0.0,"max_hp_loss":0.0,"gold_gain":0.0,"event_name":"Forgotten Altar","player_choice":"Smashed Altar","floor":24.0,"gold_loss":0.0,"damage_taken":0.0,"cards_obtained":["Decay"]}],"is_beta":true,"boss_relics":[{"not_picked":["SacredBark","Fusion Hammer"],"picked":"Coffee Dripper"},{"not_picked":["Velvet Choker","Calling Bell"],"picked":"Black Blood"}],"items_purged_floors":[4],"is_endless":false,"potions_floor_spawned":[2,5,11,12,14,16,18,19,25,27,29,30,31,33,35,36,37],"killed_by":"Sphere and 2 Shapes","ascension_level":20}}