{"host":"jombfwol0e5gnkg1","time":1607832984,"event":{"mods":["Act Like it!","Ascension Unlocker","BaseMod","Bestiary","Better Altar","Better Match","Better Note","Better Sensory Stone","Better Skull","Better Vampires","BetterRewards","Downfall","Elementarium","Energized Spire","Hermit","Hubris","Infinite Spire","Luminous","Minty Spire (QoL Compilation)","MostiFishMod","Relic Stats","Replay The Spire","Spicy Shops","StSLib","The Alterego","The Bladedancer","The Cursed","The Disciple","The Wild Card","UnlockEverythingMod"],"gold_per_floor":[118,118,118,118,142,186,218,218,264,276,311,353,399,411,423,435,435],"floor_reached":16,"playtime":578,"items_purged":[],"score":127,"play_id":"d113aa7c-7f9b-4442-b421-2da38c795a3c","local_time":"20201212201624","is_ascension_mode":false,"campfire_choices":[{"data":"alterego_mod:BigMeatyClaws","floor":10,"key":"SMITH"},{"floor":15,"key":"REST"}],"circlet_count":0,"master_deck":["alterego_mod:Strike","alterego_mod:Strike","alterego_mod:Strike","alterego_mod:Strike","alterego_mod:Defend","alterego_mod:Defend","alterego_mod:Defend","alterego_mod:Defend","alterego_mod:Impale+1","alterego_mod:BigMeatyClaws+1","alterego_mod:BrynhildrsRune","alterego_mod:BiFurious+1","Injury","sneckomod:UnknownClassGUARDIAN","alterego_mod:Punishment","theWildCard:Alice","Forethought","Double Energy","theWildCard:StingingStrike"],"relics":["m_SlimeRing","DaveBox","NeowsBlessing","Question Card","PrismaticShard","Golden Idol","CeramicFish","hubris:Metronome","infinitespire:Cubic Diamond","MawBank","The Courier"],"acts_visited":["Exordium"],"potions_floor_usage":[16],"damage_taken":[{"damage":0,"enemies":"Small Slimes","floor":1,"turns":1},{"damage":0,"enemies":"Jaw Worm","floor":5,"turns":1},{"damage":0,"enemies":"Lagavulin","floor":6,"turns":1},{"damage":0,"enemies":"2 Louse","floor":7,"turns":2},{"damage":0,"enemies":"Large Slime","floor":11,"turns":2},{"damage":11,"enemies":"Looter","floor":12,"turns":2},{"damage":23,"enemies":"Lots of Slimes","floor":13,"turns":3},{"damage":48,"enemies":"The Guardian","floor":16,"turns":4}],"seed_played":"-7712257796196145294","potions_obtained":[{"floor":5,"key":"Adrenaline Potion"},{"floor":6,"key":"AttackPotion"}],"is_trial":false,"path_per_floor":["M","?","?","T","M","E","M","?","T","R","M","M","M","?","R","B"],"character_chosen":"The_Alterego","items_purchased":[],"campfire_rested":1,"item_purchase_floors":[],"current_hp_per_floor":[70,70,70,70,70,70,70,70,70,70,70,59,36,36,57,9,9],"gold":435,"neow_bonus":"THREE_ENEMY_KILL","is_daily":false,"chose_seed":false,"campfire_upgraded":1,"win_rate":0.0,"timestamp":1607832984,"path_taken":["M","?","?","?","M","E","M","?","T","R","M","M","?","?","R","BOSS"],"items_purchased_type":[],"build_version":"2020-11-30","purchased_purges":0,"victory":false,"max_hp_per_floor":[70,70,70,70,70,70,70,70,70,70,70,70,70,70,70,70,70],"relic_stats":{"counters":[8,16],"Golden Idol":27,"CeramicFish":54,"Question Card":6,"MawBank":84,"obtain_stats":[{"alterego_mod:MasochisticConstitution":0,"hubris:Metronome":6,"m_SlimeRing":8,"DaveBox":0,"NeowsBlessing":0,"Golden Idol":3,"CeramicFish":4,"infinitespire:Cubic Diamond":8,"The Courier":12,"Question Card":1,"PrismaticShard":1,"MawBank":9},{"alterego_mod:MasochisticConstitution":0,"hubris:Metronome":3,"m_SlimeRing":4,"DaveBox":0,"NeowsBlessing":0,"Golden Idol":1,"CeramicFish":1,"infinitespire:Cubic Diamond":4,"The Courier":6,"Question Card":1,"PrismaticShard":1,"MawBank":4},{"alterego_mod:MasochisticConstitution":0,"hubris:Metronome":3,"m_SlimeRing":5,"DaveBox":0,"NeowsBlessing":0,"Golden Idol":1,"CeramicFish":1,"infinitespire:Cubic Diamond":5,"The Courier":9,"Question Card":1,"PrismaticShard":1,"MawBank":5}]},"card_choices":[{"not_picked":["alterego_mod:Maid","alterego_mod:Bounce"],"picked":"alterego_mod:BiFurious","floor":1},{"not_picked":["alterego_mod:Belle","Slimebound:Chomp","Guardian:Gem_Cyan"],"picked":"sneckomod:UnknownClassGUARDIAN","floor":5},{"not_picked":["Run Through","Perfected Strike","expansioncontent:Sear"],"picked":"alterego_mod:Punishment","floor":6},{"not_picked":["expansioncontent:LastStand","MostiFishMod:VineMother","Slimebound:PressTheAttack"],"picked":"theWildCard:Alice","floor":7},{"not_picked":["sneckomod:RainOfDice","Thunderclap","theWildCard:EnergizedStroke"],"picked":"Forethought","floor":11},{"not_picked":["Slimebound:SplitAcid","alterego_mod:Bunnysuit","blademaster:AwakeningStrike"],"picked":"Double Energy","floor":12},{"not_picked":["champ:Haymaker","Perfected Strike","Slimebound:PressTheAttack"],"picked":"theWildCard:StingingStrike","floor":13}],"player_experience":67981,"relics_obtained":[{"floor":1,"key":"Question Card"},{"floor":1,"key":"PrismaticShard"},{"floor":4,"key":"CeramicFish"},{"floor":6,"key":"hubris:Metronome"},{"floor":9,"key":"MawBank"}],"event_choices":[{"damage_healed":0,"gold_gain":0,"player_choice":"Grow","damage_taken":0,"max_hp_gain":0,"max_hp_loss":0,"event_name":"Living Wall","floor":2,"gold_loss":0,"cards_upgraded":["alterego_mod:Impale"]},{"damage_healed":0,"gold_gain":0,"player_choice":"Take Wound","damage_taken":0,"relics_obtained":["Golden Idol"],"max_hp_gain":0,"max_hp_loss":0,"event_name":"Golden Idol","floor":3,"gold_loss":0,"cards_obtained":["Injury"]}],"is_beta":false,"boss_relics":[],"items_purged_floors":[],"is_endless":false,"potions_floor_spawned":[5,6],"killed_by":"The Guardian","ascension_level":0}}