{"host":"rmsq46plbpwfbxcc","time":1607832176,"event":{"mods":["AchievementEnabler","BaseMod","Colored Map","DeckTracker","Minty Spire (QoL Compilation)","Permanent Neow","SuperFastMode"],"gold_per_floor":[110,129,145,155,0,0,35,35,62,73,84,102,116,149,149,149,149],"floor_reached":16,"playtime":388,"items_purged":["Strike_G"],"score":209,"play_id":"e5262e48-bc0f-4192-9777-2cdf7b5935c7","local_time":"20201213130256","is_ascension_mode":true,"campfire_choices":[{"data":"Neutralize","floor":6.0,"key":"SMITH"},{"data":"Noxious Fumes","floor":8.0,"key":"SMITH"},{"floor":15,"key":"REST"}],"circlet_count":0,"master_deck":["AscendersBane","Strike_G","Strike_G","Strike_G","Strike_G","Defend_G","Defend_G","Defend_G","Defend_G","Defend_G","Survivor","Neutralize+1","Dramatic Entrance","Noxious Fumes+1","Deadly Poison","Escape Plan","PiercingWail"],"relics":["Ring of the Snake","Bag of Marbles","Juzu Bracelet","Akabeko"],"acts_visited":["Exordium"],"potions_floor_usage":[14,16],"damage_taken":[{"damage":0.0,"enemies":"Cultist","floor":1.0,"turns":4.0},{"damage":6.0,"enemies":"Jaw Worm","floor":2.0,"turns":7.0},{"damage":4.0,"enemies":"Small Slimes","floor":3.0,"turns":3.0},{"damage":6.0,"enemies":"Blue Slaver","floor":4.0,"turns":4.0},{"damage":22.0,"enemies":"3 Sentries","floor":7.0,"turns":8.0},{"damage":3.0,"enemies":"Red Slaver","floor":10.0,"turns":4.0},{"damage":0.0,"enemies":"3 Louse","floor":11.0,"turns":1.0},{"damage":0.0,"enemies":"2 Fungi Beasts","floor":12.0,"turns":2.0},{"damage":0.0,"enemies":"Blue Slaver","floor":13.0,"turns":4.0},{"damage":17,"enemies":"Gremlin Nob","floor":14,"turns":4},{"damage":28,"enemies":"Slime Boss","floor":16,"turns":3}],"seed_played":"-531780623608817890","potions_obtained":[{"floor":1.0,"key":"Explosive Potion"},{"floor":2.0,"key":"BlessingOfTheForge"},{"floor":13.0,"key":"SkillPotion"}],"is_trial":false,"path_per_floor":["M","M","M","M","$","R","E","R","T","M","M","M","M","E","R","B"],"character_chosen":"THE_SILENT","items_purchased":["Escape Plan"],"campfire_rested":1,"item_purchase_floors":[5],"current_hp_per_floor":[59,53,49,43,43,43,21,21,21,18,18,18,18,1,20,0,0],"gold":149,"neow_bonus":"RANDOM_COLORLESS","is_daily":false,"chose_seed":false,"campfire_upgraded":2,"win_rate":0.0,"timestamp":1607832176,"path_taken":["M","M","M","?","?","R","E","R","T","M","M","M","M","E","R","BOSS"],"items_purchased_type":["Card"],"build_version":"2020-11-30","purchased_purges":1,"victory":false,"max_hp_per_floor":[66,66,66,66,66,66,66,66,66,66,66,66,66,66,66,66,66],"card_choices":[{"not_picked":["Impatience","PanicButton"],"picked":"Dramatic Entrance","floor":0.0},{"not_picked":["Predator","Skewer","Calculated Gamble"],"picked":"SKIP","floor":1.0},{"not_picked":["Deadly Poison","Slice"],"picked":"Noxious Fumes","floor":2.0},{"not_picked":["Dodge and Roll","Bane"],"picked":"Deadly Poison","floor":3.0},{"not_picked":["Deflect","Deadly Poison","Predator"],"picked":"SKIP","floor":4.0},{"not_picked":["Dagger Spray","Grand Finale"],"picked":"PiercingWail","floor":7.0},{"not_picked":["Sucker Punch","Acrobatics","Dodge and Roll"],"picked":"SKIP","floor":10.0},{"not_picked":["Reflex","Finisher","Poisoned Stab"],"picked":"SKIP","floor":11.0},{"not_picked":["Dodge and Roll","Acrobatics","Riddle With Holes"],"picked":"SKIP","floor":12.0},{"not_picked":["Skewer","Riddle With Holes","Calculated Gamble"],"picked":"SKIP","floor":13.0},{"not_picked":["Poisoned Stab","Dodge and Roll","Dagger Throw"],"picked":"SKIP","floor":14}],"player_experience":1327258,"relics_obtained":[{"floor":7.0,"key":"Bag of Marbles"},{"floor":9.0,"key":"Juzu Bracelet"},{"floor":14,"key":"Akabeko"}],"event_choices":[],"is_beta":false,"boss_relics":[],"items_purged_floors":[5],"is_endless":false,"potions_floor_spawned":[1,2,4,13],"killed_by":"Slime Boss","ascension_level":16}}