{"host":"nj06ypb01n3s9mn8","time":1607851193,"event":{"mods":["2.2 Compatiblity","BaseMod","Colored Map","Downfall","Highlight Path","Marisa????????","Minty Spire (QoL Compilation)","Replay The Spire","StSLib","The Animator","The Bug Knight","The Necromancer","The Servant 0.9.4","Waifu the Spire"],"gold_per_floor":[99,99,99,133,133,159,183,108,126,158,178,198,373,391,401,498,498,498,524,274,305,305,325,325,63,95,95,95,95,111,45,55,154,154,79,90,117,128,202,202,226,257,257,257,313,313,313,330,345,345],"floor_reached":51,"playtime":3408,"items_purged":["Doubt","Guardian:Strike_Guardian","Guardian:Strike_Guardian"],"score":868,"play_id":"91ca6974-a729-4fce-a855-dde615a98894","local_time":"20201213061953","is_ascension_mode":true,"campfire_choices":[{"data":"Guardian:FierceBash","floor":1,"key":"SMITH"},{"floor":5,"key":"REST"},{"floor":8,"key":"REST"},{"floor":18,"key":"DIG"},{"data":"Guardian:FastForward","floor":22,"key":"SMITH"},{"data":"Guardian:CurlUp","floor":27,"key":"SMITH"},{"data":"Guardian:Emergency","floor":35,"key":"SMITH"},{"data":"Guardian:TemporalShield","floor":40,"key":"SMITH"},{"data":"Replay:SS_forest_6","floor":44,"key":"SMITH"}],"circlet_count":0,"master_deck":["Guardian:Strike_Guardian","Guardian:Defend_Guardian","Guardian:Defend_Guardian","Guardian:Defend_Guardian","Guardian:Defend_Guardian","Guardian:CurlUp+1","Guardian:TwinSlam","Guardian:FierceBash+1","Guardian:ChargeCore","Guardian:FloatingOrbs+1","Guardian:Reroute","Guardian:ChargeUp+1","Guardian:PiercingHide","Guardian:ChargeUp","Guardian:FastForward+1","Guardian:EvasiveProtocol+1","Guardian:TimeCapacitor","Guardian:Incinerate+1","Guardian:Incinerate","Guardian:TemporalShield+1","Guardian:Emergency+1","Replay:SS_forest_6+1","Replay:SS_fish_1+1","Guardian:PiercingHide+1"],"relics":["Guardian:ModeShifter","Lizard Tail","MealTicket","downfall:HeartBlessingGreen","Replay:Rubber Ducky","SacredBark","Replay:Kaleidoscope","Replay:Accelerometer","Mummified Hand","Sundial","Guide Book","Mirror","Busted Crown","downfall:HeartBlessingBlue","Replay:Bottled Flurry","Guardian:BottledStasis","Replay:Baseball","Ginger","HornCleat"],"acts_visited":["Exordium","TheCity","TheBeyond"],"potions_floor_usage":[16,16,23,26,50,50],"damage_taken":[{"damage":15,"enemies":"3 Sentries","floor":4,"turns":7},{"damage":8,"enemies":"Lagavulin","floor":6,"turns":6},{"damage":11,"enemies":"Jaw Worm","floor":9,"turns":2},{"damage":12,"enemies":"3 Sentries","floor":10,"turns":6},{"damage":0,"enemies":"Small Slimes","floor":11,"turns":3},{"damage":0,"enemies":"Cultist","floor":12,"turns":3},{"damage":0,"enemies":"2 Fungi Beasts","floor":14,"turns":3},{"damage":10,"enemies":"Exordium Thugs","floor":15,"turns":5},{"damage":39,"enemies":"downfall:Defect","floor":16,"turns":11},{"damage":22,"enemies":"Slavers","floor":19,"turns":5},{"damage":0,"enemies":"downfall:FleeingMerchant","floor":20,"turns":4},{"damage":10,"enemies":"Book of Stabbing","floor":21,"turns":5},{"damage":0,"enemies":"Shell Parasite","floor":23,"turns":2},{"damage":0,"enemies":"downfall:FleeingMerchant","floor":25,"turns":4},{"damage":14,"enemies":"Gremlin Leader","floor":26,"turns":5},{"damage":0,"enemies":"3 Byrds","floor":30,"turns":3},{"damage":0,"enemies":"downfall:FleeingMerchant","floor":31,"turns":4},{"damage":8,"enemies":"Cultist and Chosen","floor":32,"turns":7},{"damage":21,"enemies":"downfall:Ironclad","floor":33,"turns":6},{"damage":0,"enemies":"Orb Walker","floor":36,"turns":4},{"damage":22,"enemies":"Nemesis","floor":37,"turns":5},{"damage":3,"enemies":"3 Darklings","floor":38,"turns":3},{"damage":4,"enemies":"downfall:FleeingMerchant","floor":39,"turns":4},{"damage":0,"enemies":"Giant Head","floor":42,"turns":5},{"damage":0,"enemies":"Writhing Mass","floor":48,"turns":3},{"damage":0,"enemies":"Transient","floor":49,"turns":5},{"damage":24,"enemies":"downfall:Silent","floor":50,"turns":8}],"seed_played":"85615196209050119","potions_obtained":[{"floor":4,"key":"Dexterity Potion"},{"floor":10,"key":"FairyPotion"},{"floor":11,"key":"sneckomod:MuddlingPotion"},{"floor":14,"key":"Toxic Potion"},{"floor":16,"key":"Dexterity Potion"},{"floor":21,"key":"Block Potion"},{"floor":23,"key":"SteroidPotion"},{"floor":30,"key":"Energy Potion"},{"floor":38,"key":"EssenceOfSteel"}],"is_trial":false,"path_per_floor":["R","?","?","E","R","E","T","R","M","E","M","M","?","M","M","B",null,"R_BF","E","$","E","R","M","T","$","E","R","?","?","M","$","M","B",null,"R","M","E","M","$","R","T","E","?","R","?","?","?","M","M","B",null],"character_chosen":"GUARDIAN","items_purchased":["Guardian:Gem_Orange","Guide Book","Guardian:TemporalShield","Guardian:BottledStasis"],"campfire_rested":2,"item_purchase_floors":[20,25,31,39],"current_hp_per_floor":[56,56,56,41,65,57,57,80,69,57,57,57,57,57,47,8,80,80,58,73,63,63,63,63,78,64,64,64,48,48,63,55,34,80,90,90,68,65,76,76,76,76,66,66,30,30,30,42,54,42],"gold":345,"neow_bonus":"THREE_RARE_CARDS","is_daily":false,"chose_seed":false,"campfire_upgraded":6,"win_rate":0.0,"timestamp":1607851193,"path_taken":["R","?","?","E","R","E","T","R","M","E","?","M","?","M","M","BOSS","R_BF","E","$","E","R","M","T","$","E","R","?","?","M","$","M","BOSS","R","M","E","M","$","R","T","E","?","R","?","?","?","?","M","BOSS"],"items_purchased_type":["Card","Relic","Card","Relic"],"build_version":"2020-11-29","purchased_purges":3,"victory":true,"max_hp_per_floor":[80,80,80,80,80,80,80,80,80,80,80,80,80,80,80,80,80,80,80,80,80,80,80,80,80,80,80,80,80,80,80,80,80,80,90,90,90,90,90,90,90,90,90,90,90,90,90,90,90,90],"card_choices":[{"not_picked":["Guardian:RevengeProtocol","Guardian:SphericShield"],"picked":"Guardian:FierceBash","floor":0},{"not_picked":["Guardian:AncientConstruct","Guardian:CrystalBeam"],"picked":"Guardian:ChargeCore","floor":4},{"not_picked":["Guardian:WalkerClaw","Guardian:ShieldCharger"],"picked":"Guardian:FloatingOrbs","floor":6},{"not_picked":["Guardian:DonusPower","Guardian:PiercingHide"],"picked":"Guardian:Reroute","floor":9},{"not_picked":["Guardian:PrimingBeam","Guardian:Orbwalk","Guardian:RefractedBeam"],"picked":"SKIP","floor":10},{"not_picked":["Guardian:Preprogram","Guardian:PrimingBeam"],"picked":"Guardian:Gem_Cyan","floor":11},{"not_picked":["Guardian:PiercingHide","Guardian:SentryBeam"],"picked":"Guardian:ChargeUp","floor":12},{"not_picked":["Guardian:PrismaticBeam","Guardian:CrystalBeam"],"picked":"Guardian:PiercingHide","floor":14},{"not_picked":["Guardian:PrismaticBeam","Guardian:Gem_Cyan"],"picked":"Guardian:ChargeUp","floor":15},{"not_picked":["Guardian:FierceBash","Guardian:HyperBeam_Guardian"],"picked":"Guardian:FastForward","floor":16},{"not_picked":["Guardian:Suspension","Guardian:PolyBeam+1"],"picked":"Guardian:EvasiveProtocol+1","floor":19},{"not_picked":["Guardian:Reroute","Guardian:PrismaticBeam","Guardian:ShieldSpikes+1"],"picked":"SKIP","floor":20},{"not_picked":["Guardian:ShieldSpikes+1","Guardian:PrimingBeam+1","Guardian:Preprogram"],"picked":"SKIP","floor":21},{"not_picked":["Guardian:ShieldSpikes+1","Guardian:PrimingBeam+1","Guardian:Preprogram"],"picked":"SKIP","floor":21},{"not_picked":["Guardian:Gem_Cyan","Guardian:ShieldCharger"],"picked":"Guardian:TimeCapacitor","floor":23},{"not_picked":["Guardian:Gem_Synthetic","Guardian:PrismaticBeam"],"picked":"Guardian:Incinerate+1","floor":25},{"not_picked":["Guardian:Gem_Lightblue","Guardian:Gem_Red"],"picked":"Guardian:Incinerate","floor":26},{"not_picked":["Guardian:RollAttack","Guardian:Reroute","Guardian:PrismaticBeam"],"picked":"SKIP","floor":30},{"not_picked":["Guardian:PolyBeam","Guardian:Gem_Lightblue","Guardian:ConstructionForm"],"picked":"SKIP","floor":31},{"not_picked":["Guardian:Gem_Fragmented","Guardian:Repulse"],"picked":"Guardian:Emergency","floor":32},{"not_picked":["Guardian:Gem_Red"],"picked":"SKIP","floor":36},{"not_picked":["Guardian:VentSteam"],"picked":"SKIP","floor":37},{"not_picked":[],"picked":"Guardian:Gem_Green","floor":38},{"not_picked":["Guardian:VentSteam"],"picked":"SKIP","floor":39},{"not_picked":["Guardian:TimeCapacitor"],"picked":"SKIP","floor":42},{"not_picked":[],"picked":"Replay:SS_forest_6","floor":43},{"not_picked":[],"picked":"Replay:SS_fish_1","floor":43},{"not_picked":[],"picked":"Guardian:PiercingHide+1","floor":45},{"not_picked":["Guardian:Clone"],"picked":"SKIP","floor":48},{"not_picked":["Guardian:WalkerClaw"],"picked":"SKIP","floor":49}],"player_experience":22244,"relics_obtained":[{"floor":4,"key":"Lizard Tail"},{"floor":6,"key":"MealTicket"},{"floor":10,"key":"Replay:Rubber Ducky"},{"floor":18,"key":"Replay:Kaleidoscope"},{"floor":19,"key":"Replay:Accelerometer"},{"floor":21,"key":"Mummified Hand"},{"floor":24,"key":"Sundial"},{"floor":26,"key":"Mirror"},{"floor":37,"key":"Replay:Bottled Flurry"},{"floor":41,"key":"Replay:Baseball"},{"floor":42,"key":"Ginger"},{"floor":45,"key":"HornCleat"}],"event_choices":[],"is_beta":false,"boss_relics":[{"not_picked":["Coffee Dripper","Calling Bell"],"picked":"SacredBark"},{"not_picked":["Tiny House","Guardian:StasisSlotReductionRelic"],"picked":"Busted Crown"}],"items_purged_floors":[20,25,39],"is_endless":false,"potions_floor_spawned":[4,10,11,14,16,21,23,30,32,38,48,49],"ascension_level":1}}