{"host":"8xp52u5o8fcssvzz","time":1607851930,"event":{"mods":["2.2 Compatiblity","AchievementEnabler","Act Like it!","Aspiration","BaseMod","Better Altar","Better Match","Better Note","Better Sensory Stone","Better Skull","Better Third Choice","BetterRewards","Colored Map","Conspire","Downfall","GifTheSpireLib","Googly Eyes","Halation","Hallownest","Highlight Path","Hubris","Infinite Spire","Jorbs\u0027s Wanderer Trilogy","Lobotomy","LobotomyExtend","Marisa????????","Mimic Mod","Minty Spire (QoL Compilation)","Remilia_Scarlet Moed?????·?????3.3.5","Remilia??????","Replay The Spire","Spicy Shops","StSLib","Stuff the Spire","The Administrix","The Alterego","The Blackbeard","The Bladedancer","The Cursed","The Gatherer","The Necromancer","The Runesmith","The Servant 0.9.4","TheFirefly","TheSwordswoman","Unceasing Turn Reminder","everything is the same but u backflip on backflip"],"gold_per_floor":[118,39,56,21,36,36,36,53,85,112,127,146,146,146,146,250,250,260,277,26,26,26,26],"floor_reached":22,"playtime":2034,"items_purged":[],"score":211,"play_id":"9323c677-b713-4d7d-8da7-e52e691ab721","local_time":"20201213013210","is_ascension_mode":false,"campfire_choices":[{"data":"AdministrixMod:Wuji","floor":6,"key":"SMITH"},{"floor":13,"key":"REST"},{"data":"AdministrixMod:FaithfulFlames","floor":15,"key":"SMITH"}],"circlet_count":0,"master_deck":["AdministrixMod:Strike_Administrix","AdministrixMod:Strike_Administrix","AdministrixMod:Strike_Administrix","HereticApostle","AdministrixMod:RedCloak","AdministrixMod:Defend_Administrix","AdministrixMod:Defend_Administrix","AdministrixMod:Defend_Administrix","AdministrixMod:BlueCloak","Murderer","AdministrixMod:ArmillarySphere","MeatLantern","AdministrixMod:ChooseYourEnd","AdministrixMod:Wuji+1","QueenBee","AdministrixMod:CenturiesAscent","AdministrixMod:AmassedMasks+1","Scorched","AdministrixMod:DiversionaryTactic","ShyLook","AdministrixMod:GuanyinBlessing","LaLuna","AdministrixMod:LightOfYourLife","AdministrixMod:FaithfulFlames+1","AdministrixMod:LifeforceNet","Laetitia","AdministrixMod:ImmortalPurity+1","WallGazer","AdministrixMod:ImmortalGrace","Scorched"],"relics":["AdministrixMod:ConductorRitualBaton","CogitoBucket","LetterFromLob","conspire:TopHat","halation:AfternoonTea","Regal Pillow","AspirationHeart","Coffee Dripper","infinitespire:BottledMercury"],"acts_visited":["Exordium","TheCity"],"potions_floor_usage":[16,16,16,22],"damage_taken":[{"damage":0,"enemies":"Small Slimes","floor":1,"turns":4},{"damage":6,"enemies":"Cultist","floor":3,"turns":4},{"damage":0,"enemies":"Jaw Worm","floor":5,"turns":3},{"damage":1,"enemies":"3 Louse","floor":8,"turns":2},{"damage":0,"enemies":"Gremlin Gang","floor":9,"turns":4},{"damage":0,"enemies":"3 Sentries","floor":10,"turns":2},{"damage":12,"enemies":"Gremlin Gang","floor":11,"turns":3},{"damage":1,"enemies":"Blue Slaver","floor":12,"turns":3},{"damage":62,"enemies":"Hexaghost","floor":16,"turns":9},{"damage":11,"enemies":"Spheric Guardian","floor":18,"turns":4},{"damage":18,"enemies":"2 Thieves","floor":19,"turns":3},{"damage":136,"enemies":"Cultist and Chosen","floor":22,"turns":13}],"seed_played":"6203557564557619176","potions_obtained":[{"floor":3,"key":"Swift Potion"},{"floor":8,"key":"sneckomod:MuddlingPotion"},{"floor":11,"key":"Swift Potion"},{"floor":19,"key":"Toxic Potion"}],"is_trial":false,"path_per_floor":["M","?","M","$","M","R","?","M","MIM","E","M","M","R","E","R","B",null,"M","M","$","?","M"],"character_chosen":"TheAdministrix","items_purchased":["AdministrixMod:Wuji","infinitespire:BottledMercury"],"campfire_rested":1,"item_purchase_floors":[4,20],"current_hp_per_floor":[65,65,59,59,59,59,59,58,58,58,56,55,75,75,75,23,75,65,49,49,49,0,0],"gold":26,"neow_bonus":"","is_daily":false,"chose_seed":false,"campfire_upgraded":2,"win_rate":0.0,"timestamp":1607851930,"path_taken":["M","?","M","?","M","R","?","M","MIM","E","M","M","R","E","R","BOSS","M","?","$","?","M"],"items_purchased_type":["Card","Relic"],"build_version":"2020-11-30","purchased_purges":0,"victory":false,"max_hp_per_floor":[65,65,65,65,65,65,65,65,65,65,75,75,75,75,75,75,75,75,75,75,75,75,75],"card_choices":[{"not_picked":["Wellcheers","FairyFestival"],"picked":"Murderer","floor":1},{"not_picked":["AdministrixMod:FeastOfDew","AdministrixMod:DiversionaryTactic"],"picked":"AdministrixMod:ArmillarySphere","floor":1},{"not_picked":["CrumblingArmor","Scorched"],"picked":"MeatLantern","floor":3},{"not_picked":["AdministrixMod:QuietConspiracy","AdministrixMod:TouchOfCinnabar"],"picked":"AdministrixMod:ChooseYourEnd","floor":3},{"not_picked":["DespairKnight","VoidDream"],"picked":"QueenBee","floor":5},{"not_picked":["AdministrixMod:ExtolVirtue","AdministrixMod:SealAway"],"picked":"AdministrixMod:CenturiesAscent","floor":5},{"not_picked":["BeautyBeast","CherryBlossoms"],"picked":"Scorched","floor":8},{"not_picked":["AdministrixMod:MixOfMercury","AdministrixMod:HaveItAll"],"picked":"AdministrixMod:DiversionaryTactic","floor":8},{"not_picked":["Scarecrow","CrumblingArmor"],"picked":"ShyLook","floor":9},{"not_picked":["AdministrixMod:SipOfSparks","AdministrixMod:XianArts"],"picked":"AdministrixMod:GuanyinBlessing","floor":9},{"not_picked":["BeautyBeast","FairyFestival"],"picked":"LaLuna","floor":10},{"not_picked":["AdministrixMod:SyncreticSurge","AdministrixMod:Transition"],"picked":"AdministrixMod:LightOfYourLife","floor":10},{"not_picked":["AdministrixMod:TouchOfCinnabar","AdministrixMod:QuietConspiracy"],"picked":"AdministrixMod:FaithfulFlames","floor":11},{"not_picked":["AdministrixMod:RebukeDesires","AdministrixMod:RegentEdict","AdministrixMod:XianArts"],"picked":"SKIP","floor":12},{"not_picked":["VoidDream","SpiderBud"],"picked":"PlagueDoctor","floor":16},{"not_picked":["AdministrixMod:WifeLightning","AdministrixMod:BrewingCloister"],"picked":"AdministrixMod:LifeforceNet","floor":16},{"not_picked":["Bloodbath","CrumblingArmor"],"picked":"Laetitia","floor":18},{"not_picked":["AdministrixMod:FuneraryRites","AdministrixMod:DiversionaryTactic"],"picked":"AdministrixMod:ImmortalPurity+1","floor":18},{"not_picked":["VoidDream","SpiderBud"],"picked":"WallGazer","floor":19},{"not_picked":["AdministrixMod:SipOfSparks+1","AdministrixMod:DiversionaryTactic"],"picked":"AdministrixMod:ImmortalGrace","floor":19}],"player_experience":424442,"relics_obtained":[{"floor":1,"key":"LetterFromLob"},{"floor":9,"key":"halation:AfternoonTea"},{"floor":10,"key":"Regal Pillow"}],"event_choices":[{"damage_healed":0,"gold_gain":0,"player_choice":"Paid Gold","damage_taken":0,"relics_obtained":["conspire:TopHat"],"max_hp_gain":0,"max_hp_loss":0,"event_name":"WeMeetAgain","floor":2,"gold_loss":79},{"damage_healed":0,"gold_gain":0,"player_choice":"Copied","damage_taken":0,"max_hp_gain":0,"max_hp_loss":0,"event_name":"Duplicator","floor":21,"gold_loss":0,"cards_obtained":["Scorched"]}],"is_beta":false,"boss_relics":[{"not_picked":["Astrolabe","Snecko Eye"],"picked":"Coffee Dripper"}],"items_purged_floors":[],"is_endless":false,"potions_floor_spawned":[3,8,11,12,19],"killed_by":"Cultist and Chosen","ascension_level":0}}