{"host":"wpxe4vcm7d9hc2g8","time":1607826103,"event":{"mods":["2.2 Compatiblity","Act Like it!","Aspiration","BaseMod","Better Match","Better Note","Better Sensory Stone","Better Third Choice","Better Vampires","Chen","Conspire","Custom Start","Elementarium","Energized Spire","Gensokyo","GifTheSpireLib","Hallownest","Hermit","Hubris","Infinite Spire","JesterMod","Koishi","Minty Spire (QoL Compilation)","Pale of the Ancients","Permanent Neow","Replay The Spire","Shade Mod","Shop Mod","Spicy Shops","StSLib","Stuff the Spire","Td1madao Mod","The Bug Knight","The Factory","The Hierophant","The Jungle","The Servant 0.9.4","The Wild Card","TheFirefly","TheVacant","Wandering Minibosses","vexMod"],"gold_per_floor":[112,112,112,37,55,86,86,86,167,167,187,187,187,205,205,303,303,318,243,255,265,283,283,37,51,51,51,61,95,95,20,20,120,120],"floor_reached":33,"playtime":2026,"items_purged":["Delirium","Strike_B"],"score":458,"play_id":"8a94da5a-b89f-44b3-8367-1bde30114224","local_time":"20201212202143","is_ascension_mode":true,"campfire_choices":[{"data":"Redo","floor":7.0,"key":"SMITH"},{"data":"ReplayTheSpireMod:Dual Polarity","floor":12.0,"key":"SMITH"},{"data":"Dualcast","floor":15.0,"key":"SMITH"},{"data":"Defragment","floor":23.0,"key":"SMITH"},{"data":"Strike_B","floor":27.0,"key":"SMITH"},{"data":"StuffTheSpire:Ambrosia","floor":32,"key":"SMITH"}],"circlet_count":0,"master_deck":["AscendersBane","theVacant:PitOfDespair+1","Strike_B","Strike_B","Strike_B+1","Zap+1","Dualcast+1","Redo+1","Hallownest:skillSlugHide","Hallownest:skillSlugHide","Hallownest:skillSlugHide","Hallownest:skillSlugHide","Hallownest:skillSlugHide","ReplayTheSpireMod:Dual Polarity+1","Defragment+1","Fiend Fire","StuffTheSpire:Ambrosia+1","Reboot"],"relics":["Cracked Core","NeowsBlessing","ReplayTheSpireMod:Ring of Collecting","Ring of Shattering","vexMod:Dragonfruit","ReplayTheSpireMod:Shallot","hubris:Icosahedron","aspiration:IroncladSkillbook","Singing Bowl","Pondfish Scales"],"acts_visited":["Hallownest:Greenpath","Gensokyo:Gensokyoer"],"potions_floor_usage":[33],"damage_taken":[{"damage":0.0,"enemies":"Hallownest:2_Baldur","floor":1.0,"turns":1.0},{"damage":0.0,"enemies":"Hallownest:monsterHuskWarrior","floor":5.0,"turns":1.0},{"damage":0.0,"enemies":"Hallownest:eliteVengeflyKing","floor":6.0,"turns":1.0},{"damage":0.0,"enemies":"Hallownest:2_MossCreeps","floor":11.0,"turns":2.0},{"damage":2.0,"enemies":"Hallownest:Wandering_and_Horned","floor":14.0,"turns":5.0},{"damage":42.0,"enemies":"Hallownest:BossFalseKnight","floor":16.0,"turns":8.0},{"damage":4.0,"enemies":"Gensokyo:2_Gloops","floor":18.0,"turns":5.0},{"damage":18.0,"enemies":"Gensokyo:3_Dogs","floor":20.0,"turns":7.0},{"damage":2.0,"enemies":"Gensokyo:Swordslinger","floor":21.0,"turns":5.0},{"damage":20.0,"enemies":"Gensokyo:Mirror_and_Dog","floor":22.0,"turns":6.0},{"damage":21.0,"enemies":"Gensokyo:Wraith","floor":25.0,"turns":5.0},{"damage":2.0,"enemies":"Gensokyo:Swordslinger","floor":28.0,"turns":5.0},{"damage":21,"enemies":"Gensokyo:Koishi","floor":29,"turns":5},{"damage":42,"enemies":"Gensokyo:Kaguya","floor":33,"turns":6}],"seed_played":"-7614966780959749873","potions_obtained":[{"floor":1.0,"key":"AttackPotion"},{"floor":11.0,"key":"Cursed Concoction"},{"floor":14.0,"key":"Ancient Potion"},{"floor":18.0,"key":"Regen Potion"},{"floor":21.0,"key":"LiquidMemories"},{"floor":29,"key":"SpeedPotion"}],"is_trial":false,"path_per_floor":["M","?","?","$","M","E","R","?","T","?","M","R","?","M","R","B",null,"M","?","M","M","M","R","$","M","T","R","M","E","?","?","R","B"],"character_chosen":"DEFECT","items_purchased":["Orichalcum"],"campfire_rested":0,"item_purchase_floors":[24],"current_hp_per_floor":[68,68,68,68,68,73,73,73,73,73,73,73,64,62,62,20,65,80,80,66,80,64,64,64,47,47,47,49,34,34,34,34,0,0],"gold":120,"neow_bonus":"THREE_ENEMY_KILL","is_daily":false,"chose_seed":false,"campfire_upgraded":6,"win_rate":0.0,"timestamp":1607826103,"path_taken":["M","?","?","$","M","E","R","?","T","?","?","R","?","M","R","BOSS","M","?","M","?","M","R","$","M","T","R","M","E","?","?","R","BOSS"],"items_purchased_type":["Relic"],"build_version":"2020-11-30","purchased_purges":2,"victory":false,"max_hp_per_floor":[75,75,75,75,75,80,80,80,80,80,80,80,80,80,80,80,80,80,80,80,80,80,80,80,80,80,80,80,82,82,82,82,84,84],"card_choices":[{"not_picked":["BootSequence","Ball Lightning"],"picked":"Redo","floor":1.0},{"not_picked":["Streamline","StuffTheSpire:LoadUp","Compile Driver"],"picked":"SKIP","floor":5.0},{"not_picked":["Static Discharge","ReplayGash","Go for the Eyes"],"picked":"SKIP","floor":6.0},{"not_picked":["Rebound","Compile Driver"],"picked":"ReplayTheSpireMod:Dual Polarity","floor":11.0},{"not_picked":["Hologram","StuffTheSpire:LoadUp","StuffTheSpire:ForEach"],"picked":"SKIP","floor":14.0},{"not_picked":["Twin Strike+1","Coolheaded","Sword Boomerang","Cleave"],"picked":"SKIP","floor":18.0},{"not_picked":["StuffTheSpire:NuclearReactor","Turbo","Stack"],"picked":"Defragment","floor":20.0},{"not_picked":["Run Through","Go for the Eyes","Carnage","Thunderclap"],"picked":"SKIP","floor":21.0},{"not_picked":["Headbutt","Leap","Self Repair+1","True Grit"],"picked":"SKIP","floor":22.0},{"not_picked":["Shrug It Off","infinitespire:OneForAll","Thunderclap","Clothesline"],"picked":"SKIP","floor":25.0},{"not_picked":["Headbutt+1","Stack","Pummel+1"],"picked":"Fiend Fire","floor":28.0},{"not_picked":["Tempest","Conserve Battery","Clothesline+1","Reboot"],"picked":"Singing Bowl","floor":29},{"not_picked":["StuffTheSpire:Perfection","StuffTheSpire:Vigor"],"picked":"StuffTheSpire:Ambrosia","floor":30},{"not_picked":["Buffer","Reaper","StuffTheSpire:ForEach"],"picked":"Reboot","floor":31}],"player_experience":2459065,"relics_obtained":[{"floor":3.0,"key":"ReplayTheSpireMod:Ring of Collecting"},{"floor":3.0,"key":"Ring of Shattering"},{"floor":6.0,"key":"vexMod:Dragonfruit"},{"floor":9.0,"key":"ReplayTheSpireMod:Shallot"},{"floor":26.0,"key":"Singing Bowl"},{"floor":29,"key":"Pondfish Scales"}],"event_choices":[{"damage_healed":0.0,"max_hp_gain":0.0,"max_hp_loss":0.0,"gold_gain":0.0,"event_name":"betterMatch:BetterMatch","player_choice":"1","floor":19.0,"gold_loss":0.0,"damage_taken":0.0,"cards_obtained":["betterMatch:UncommonCard","betterMatch:ColorlessRareCard"]},{"damage_healed":0,"gold_gain":0,"player_choice":"1","damage_taken":0,"max_hp_gain":0,"max_hp_loss":0,"event_name":"betterMatch:BetterMatch","floor":31,"gold_loss":0,"cards_obtained":["betterMatch:RareCard"]}],"is_beta":false,"boss_relics":[{"not_picked":["vexMod:CursedCompass","hubris:BlackHole"],"picked":"aspiration:IroncladSkillbook"}],"items_purged_floors":[4,24],"is_endless":false,"potions_floor_spawned":[1,11,14,18,21,29],"killed_by":"Gensokyo:Kaguya","ascension_level":11}}