{"host":"llpusn9usp8rznkj","time":1607835665,"event":{"mods":["2.2 Compatiblity","BaseMod","Colored Map","Colored Powertips","Conspire","Downfall","Hubris","Minty Spire (QoL Compilation)","Rare Cards Sparkle","Replay The Spire","StSLib","The Cursed"],"gold_per_floor":[113,113,133,113,126,156,156,156,156,156,156,156,187,187,187,187,187],"floor_reached":16,"playtime":533,"items_purged":[],"score":212,"play_id":"5fb7cde8-88f9-4445-8829-58f1b18ed081","local_time":"20201213000105","is_ascension_mode":true,"campfire_choices":[{"data":"Bullet Time","floor":8,"key":"SMITH"},{"data":"Footwork","floor":10,"key":"SMITH"},{"floor":12,"key":"REST"},{"data":"Prepared","floor":15,"key":"SMITH"}],"circlet_count":0,"master_deck":["AscendersBane","Strike_G","Strike_G","Strike_G","Strike_G","Strike_G","Defend_G","Defend_G","Defend_G","Defend_G","Defend_G","Survivor","Neutralize+1","Backflip","Bouncing Flask","Footwork+1","Bullet Time+1","Injury","Prepared+1"],"relics":["Ring of the Snake","NeowsBlessing","hubris:Icosahedron","Tough Bandages","Golden Idol","Replay:Ringing Soul","Centennial Puzzle"],"acts_visited":["Exordium"],"potions_floor_usage":[6,6,13,16,16],"damage_taken":[{"damage":0,"enemies":"Small Slimes","floor":1,"turns":1},{"damage":0,"enemies":"conspire:RoseBush","floor":3,"turns":1},{"damage":0,"enemies":"Cultist","floor":5,"turns":1},{"damage":34,"enemies":"3 Sentries","floor":6,"turns":13},{"damage":28,"enemies":"Gremlin Nob","floor":13,"turns":4},{"damage":25,"enemies":"Slime Boss","floor":16,"turns":7}],"seed_played":"3599650641947773903","potions_obtained":[{"floor":3,"key":"PowerPotion"},{"floor":4,"key":"DistilledChaos"},{"floor":6,"key":"Energy Potion"},{"floor":13,"key":"ColorlessPotion"}],"is_trial":false,"path_per_floor":["M","?","M","?","M","E","?","R","T","R","?","R","E","?","R","B"],"character_chosen":"THE_SILENT","items_purchased":[],"campfire_rested":1,"item_purchase_floors":[],"current_hp_per_floor":[59,59,59,59,59,25,25,25,25,25,25,44,19,19,19,0,0],"gold":187,"neow_bonus":"THREE_ENEMY_KILL","is_daily":false,"chose_seed":false,"campfire_upgraded":3,"win_rate":0.0,"timestamp":1607835665,"path_taken":["M","?","M","?","?","E","?","R","T","R","?","R","E","?","R","BOSS"],"items_purchased_type":[],"build_version":"2020-11-30","purchased_purges":0,"victory":false,"max_hp_per_floor":[66,66,66,66,66,66,66,66,66,66,66,66,69,69,69,69,69],"card_choices":[{"not_picked":["Slice","Choke"],"picked":"Backflip","floor":1},{"not_picked":["ReplayTheSpireMod:Exploit Weakness","Well Laid Plans"],"picked":"Bouncing Flask","floor":3},{"not_picked":["Well Laid Plans","Draining Mist"],"picked":"Footwork","floor":5},{"not_picked":["Slice","Crippling Poison"],"picked":"Bullet Time","floor":6},{"not_picked":["Dagger Throw","Grand Finale"],"picked":"Prepared","floor":13}],"player_experience":912635,"relics_obtained":[{"floor":6,"key":"Tough Bandages"},{"floor":9,"key":"Replay:Ringing Soul"},{"floor":13,"key":"Centennial Puzzle"}],"event_choices":[{"damage_healed":0,"gold_gain":0,"player_choice":"Bought 1 Potion","damage_taken":0,"max_hp_gain":0,"max_hp_loss":0,"event_name":"The Woman in Blue","floor":4,"gold_loss":0},{"damage_healed":0,"gold_gain":0,"player_choice":"Take Wound","damage_taken":0,"relics_obtained":["Golden Idol"],"max_hp_gain":0,"max_hp_loss":0,"event_name":"Golden Idol","floor":7,"gold_loss":0,"cards_obtained":["Injury"]},{"damage_healed":0,"gold_gain":0,"player_choice":"Disagree","damage_taken":0,"max_hp_gain":0,"max_hp_loss":0,"event_name":"conspire:LoneGhost","floor":14,"gold_loss":0}],"is_beta":false,"boss_relics":[],"items_purged_floors":[],"is_endless":false,"potions_floor_spawned":[3,6,13],"killed_by":"Slime Boss","ascension_level":20}}