{"host":"mfnmuqrd82gyb59l","time":1607737497,"event":{"mods":["BaseMod","Hermit","Minty Spire (QoL Compilation)","Robot Space Explorer","StSLib","The Dragon Tamer","The Hierophant"],"gold_per_floor":[118,118,18,64,76,107,107,117,169,195,215,240,240,251,251,251,251,251],"floor_reached":16,"playtime":4911,"items_purged":[],"score":170,"play_id":"37ce9d2d-cc3c-4bd2-979d-7c8db5c88b10","local_time":"20201212124457","is_ascension_mode":false,"metric_token":467,"campfire_choices":[{"data":"DTMod:BurningForce","floor":7,"key":"SMITH"},{"floor":13,"key":"RECALL"},{"data":"DTMod:CalculatedDefense","floor":15,"key":"SMITH"}],"dtmod_dragon_data":[41,50,-1,-1,0,0],"circlet_count":0,"master_deck":["DTMod:Strike","DTMod:Strike","DTMod:Strike","DTMod:DoubleHit","DTMod:TargetDefense","DTMod:TargetDefense","DTMod:TargetDefense","DTMod:TargetDefense","DTMod:SwitchingTactic","DTMod:PurifyingFlame","Iron Wave","DTMod:Threaten","DTMod:BurningForce+1","DTMod:ShieldDrain","DTMod:Training","DTMod:BurningEnergy","DTMod:Prediction","DTMod:CalculatedDefense+1"],"relics":["DTMod:PactStone","NeowsBlessing","PreservedInsect","Oddly Smooth Stone","Sundial","Kunai"],"acts_visited":["Exordium"],"potions_floor_usage":[8,16],"damage_taken":[{"damage":0,"enemies":"Cultist","floor":1,"turns":1},{"damage":0,"enemies":"Jaw Worm","floor":5,"turns":1},{"damage":0,"enemies":"Lagavulin","floor":6,"turns":1},{"damage":0,"enemies":"Small Slimes","floor":8,"turns":2},{"damage":0,"enemies":"Gremlin Nob","floor":10,"turns":3},{"damage":0,"enemies":"Looter","floor":11,"turns":3},{"damage":9,"enemies":"Lagavulin","floor":12,"turns":6},{"damage":4,"enemies":"3 Louse","floor":14,"turns":2},{"damage":43,"enemies":"Hexaghost","floor":16,"turns":10}],"seed_played":"6926572209937596782","potions_obtained":[{"floor":1,"key":"Fire Potion"},{"floor":6,"key":"Explosive Potion"},{"floor":8,"key":"Dexterity Potion"}],"is_trial":false,"path_per_floor":["M","?","$","T","M","E","R","M","T","E","M","E","R","M","R","B"],"character_chosen":"THE_DT","items_purchased":["Fruit Juice"],"campfire_rested":0,"item_purchase_floors":[3],"current_hp_per_floor":[45,45,45,45,45,45,45,50,50,50,50,41,41,37,37,0,0,0],"gold":251,"neow_bonus":"THREE_ENEMY_KILL","is_daily":false,"chose_seed":false,"campfire_upgraded":2,"win_rate":0.0,"timestamp":1607737497,"path_taken":["M","?","?","?","M","E","R","M","T","E","M","E","R","?","R","BOSS"],"items_purchased_type":["Potion"],"build_version":"2020-11-30","purchased_purges":0,"victory":false,"max_hp_per_floor":[45,45,45,45,45,45,45,50,50,50,50,50,50,50,50,50,50,50],"card_choices":[{"not_picked":["DTMod:DeepFocus","DTMod:GhostSkin"],"picked":"DTMod:PurifyingFlame","floor":1},{"not_picked":["DTMod:GhostSkin","DTMod:Feint"],"picked":"DTMod:Threaten","floor":5},{"not_picked":["DTMod:Punisher","DTMod:HeatWave"],"picked":"DTMod:BurningForce","floor":6},{"not_picked":["DTMod:BlazingStrike","DTMod:Hide"],"picked":"DTMod:ShieldDrain","floor":8},{"not_picked":["DTMod:PurifyingFlame","DTMod:BalancedStrike"],"picked":"DTMod:Training","floor":10},{"not_picked":["DTMod:BreakAttack","DTMod:TagTeam"],"picked":"DTMod:BurningEnergy","floor":11},{"not_picked":["DTMod:HeatWave","DTMod:MasterPlan"],"picked":"DTMod:Prediction","floor":12},{"not_picked":["DTMod:BuildUp","DTMod:TagTeam"],"picked":"DTMod:CalculatedDefense","floor":14}],"player_experience":2265942,"relics_obtained":[{"floor":6,"key":"PreservedInsect"},{"floor":9,"key":"Oddly Smooth Stone"},{"floor":10,"key":"Sundial"},{"floor":12,"key":"Kunai"}],"event_choices":[{"cards_removed":["DTMod:Strike"],"damage_healed":0,"gold_gain":0,"player_choice":"Took Card","damage_taken":0,"max_hp_gain":0,"max_hp_loss":0,"event_name":"NoteForYourself","floor":2,"gold_loss":0,"cards_obtained":["Iron Wave"]}],"is_beta":false,"boss_relics":[],"items_purged_floors":[],"is_endless":false,"potions_floor_spawned":[1,6,8,14],"killed_by":"Hexaghost","ascension_level":0}}