{"host":"1","time":1607860602,"event":{"mods":["Act Like it!","BaseMod","Better Third Choice","Hubris","Jorbs\u0027s Wanderer Trilogy","Minty Spire (QoL Compilation)","Replay The Spire","Shade Mod","StSLib","The Cursed","The Mystic","Wandering Minibosses"],"gold_per_floor":[112,112,112,132,60,89,109,129,211,211,211,211,241,71,71,71,71,172,172,183,208,219,233,233,233,233,252,252,277,303,8,51,51,51,187,187,262,262,339,31,31,31,144,261,261,261,397,537,676,831,831,831,831,831,102,157,157,157],"floor_reached":57,"playtime":4322,"items_purged":["TheCursedMod:Defend_TheCursed"],"score":1217,"play_id":"70f3f9a4-23c9-462c-87cf-4c4ad84aef9a","local_time":"20201213145642","is_ascension_mode":false,"campfire_choices":[{"data":"TheCursedMod:EmpowerCircles","floor":10,"key":"SMITH"},{"data":"TheCursedMod:CircleOfWindfury","floor":17,"key":"SMITH"},{"floor":26,"key":"REST"},{"floor":34,"key":"REST"},{"floor":42,"key":"RECALL"},{"data":"Crow Ritual","floor":46,"key":"SMITH"},{"floor":51,"key":"REST"},{"data":"TheCursedMod:ManaCirculation","floor":54,"key":"SMITH"}],"circlet_count":0,"master_deck":["TheCursedMod:Strike_TheCursed","TheCursedMod:Strike_TheCursed","TheCursedMod:Strike_TheCursed+1","TheCursedMod:Defend_TheCursed","TheCursedMod:Defend_TheCursed","TheCursedMod:Defend_TheCursed","TheCursedMod:CursedWand","TheCursedMod:CleanUpWorkshop","TheCursedMod:Dregs","TheCursedMod:CircleOfFlame","TheCursedMod:AshesToAshes","TheCursedMod:EmpowerCircles+1","TheCursedMod:CursedShiv","TheCursedMod:HellfireBreathing","TheCursedMod:CircleOfWindfury+1","Flash of Steel+1","TheCursedMod:DoubleShield","TheCursedMod:DarkBarrier+1","TheCursedMod:Stretching+1","TheCursedMod:CursedShiv","TheCursedMod:TroublousMinions+1","RitualDagger","TheCursedMod:CircleOfAbyss+1","TheCursedMod:CollectTribute","TheCursedMod:ReleasedKnowledge+1","hubris:Greed","hubris:Greed","TheCursedMod:Torture+1","TheCursedMod:Stretching+1","Crow Ritual+1","hubris:Greed","hubris:Greed","hubris:Greed","hubris:Greed","TheCursedMod:NeowsMight+1","hubris:Greed","hubris:Greed","TheCursedMod:ManaCirculation+1","hubris:Greed","hubris:Greed","hubris:Greed","TheCursedMod:Torture+1","hubris:Greed","hubris:Greed","Swift Strike","hubris:Greed","hubris:Greed","hubris:Greed","hubris:Greed","hubris:Greed","hubris:Greed","hubris:Greed","hubris:Greed","TheCursedMod:BlessingInDisguise+1","hubris:Greed","hubris:Greed","hubris:Greed","TheCursedMod:RapidMovement+1","TheCursedMod:SoulCrush","TheCursedMod:Obscuration+1","hubris:Greed","TheCursedMod:SpitefulPlan+1","Bandage Up+1","TheCursedMod:Grudge+1"],"relics":["TheCursedMod:BlackMagicAdvanced","NeowsBlessing","ReplayFunnel","White Beast Statue","ReplayTheSpireMod:Shallot","Toxic Egg 2","Nunchaku","ReplayTheSpireMod:TigerMarble","hubris:Icosahedron","hubris:VirtuousBlindfold","Durian","Replay:Baseball","Whetstone","TheCursedMod:DemonicMark","TungstenRod","Replay:Wax Seal"],"acts_visited":["Exordium","TheCity","TheBeyond","TheEnding"],"potions_floor_usage":[13,18,18,18,20,35,35,35,35,43,43,48,49,49,52,52,56,56,57,57,57],"damage_taken":[{"damage":0,"enemies":"Cultist","floor":1,"turns":1},{"damage":0,"enemies":"Small Slimes","floor":4,"turns":1},{"damage":0,"enemies":"Gremlin Nob","floor":6,"turns":1},{"damage":0,"enemies":"2 Louse","floor":7,"turns":2},{"damage":8,"enemies":"Lots of Slimes","floor":8,"turns":3},{"damage":4,"enemies":"Replay:BlueRogue","floor":13,"turns":6},{"damage":15,"enemies":"Slime Boss","floor":18,"turns":14},{"damage":15,"enemies":"Chosen","floor":20,"turns":7},{"damage":17,"enemies":"Spheric Guardian","floor":22,"turns":8},{"damage":4,"enemies":"Centurion and Healer","floor":23,"turns":6},{"damage":7,"enemies":"Snecko","floor":27,"turns":9},{"damage":0,"enemies":"Slavers","floor":29,"turns":7},{"damage":9,"enemies":"Chosen and Byrds","floor":30,"turns":12},{"damage":4,"enemies":"Centurion and Healer","floor":32,"turns":6},{"damage":21,"enemies":"Pondfish","floor":35,"turns":9},{"damage":0,"enemies":"Orb Walker","floor":37,"turns":4},{"damage":0,"enemies":"3 Darklings","floor":39,"turns":5},{"damage":0,"enemies":"Reptomancer","floor":43,"turns":4},{"damage":0,"enemies":"Sphere and 2 Shapes","floor":44,"turns":8},{"damage":26,"enemies":"Jaw Worm Horde","floor":47,"turns":4},{"damage":0,"enemies":"3 Darklings","floor":48,"turns":8},{"damage":0,"enemies":"Writhing Mass","floor":49,"turns":8},{"damage":12,"enemies":"Nemesis","floor":50,"turns":9},{"damage":18,"enemies":"hubris:GrandSnecko","floor":52,"turns":11},{"damage":27,"enemies":"Shield and Spear","floor":56,"turns":7},{"damage":62,"enemies":"The Heart","floor":57,"turns":8}],"seed_played":"-5388321207759439638","potions_obtained":[{"floor":4,"key":"EssenceOfSteel"},{"floor":6,"key":"Explosive Potion"},{"floor":8,"key":"DuplicationPotion"},{"floor":13,"key":"Flashbang"},{"floor":18,"key":"Weak Potion"},{"floor":20,"key":"Toxic Potion"},{"floor":22,"key":"Cursed Concoction"},{"floor":23,"key":"LiquidBronze"},{"floor":27,"key":"DistilledChaos"},{"floor":30,"key":"Adrenaline Potion"},{"floor":32,"key":"Dexterity Potion"},{"floor":35,"key":"SkillPotion"},{"floor":37,"key":"Dexterity Potion"},{"floor":39,"key":"AttackPotion"},{"floor":43,"key":"Block Potion"},{"floor":44,"key":"BlessingOfTheForge"},{"floor":48,"key":"Block Potion"},{"floor":49,"key":"Cursed Concoction"},{"floor":50,"key":"PowerPotion"},{"floor":56,"key":"Energy Potion"}],"is_trial":false,"path_per_floor":["M","?","$","M","$","E","M","M","T","R","PTL","PTL","E","$","T","?","R","B",null,"M","T","M","M","?","?","R","M","T","E","M","$","M","?","R","B",null,"M","?","M","$","?","R","E","M","T","R","M","M","M","E","R","B",null,"R","$","E","B"],"character_chosen":"THE_CURSED","items_purchased":["TheCursedMod:EmpowerCircles","Flash of Steel","TheCursedMod:DoubleShield","TheCursedMod:Stretching+1","Crow Ritual","TheCursedMod:SurpriseAttack","Durian","Bandage Up+1","TheCursedMod:Grudge+1","TungstenRod","SkillPotion","Ancient Potion","Weak Potion"],"campfire_rested":3,"item_purchase_floors":[5,14,14,31,31,31,40,55,55,55,55,55,55],"current_hp_per_floor":[75,75,75,75,75,75,75,67,67,67,67,67,63,63,63,63,63,48,75,60,60,43,39,33,33,55,48,48,48,39,39,35,35,57,36,75,75,75,75,80,80,80,80,80,80,80,54,54,54,42,66,57,80,80,80,53,0,0],"gold":157,"neow_bonus":"THREE_ENEMY_KILL","is_daily":false,"chose_seed":false,"campfire_upgraded":4,"win_rate":0.0,"timestamp":1607860602,"path_taken":["M","?","$","M","$","E","M","?","T","R","PTL","PTL","E","?","?","?","R","BOSS","M","?","M","M","?","?","R","M","T","E","M","$","?","?","R","BOSS","M","?","M","$","?","R","E","M","T","R","M","M","?","E","R","BOSS","R","$","E","BOSS"],"items_purchased_type":["Card","Card","Card","Card","Card","Card","Relic","Card","Card","Relic","Potion","Potion","Potion"],"build_version":"2020-11-17","purchased_purges":1,"victory":false,"max_hp_per_floor":[75,75,75,75,75,75,75,75,75,75,75,75,75,75,75,75,75,75,75,75,75,75,75,75,75,75,75,75,75,75,75,75,75,75,75,75,75,75,75,80,80,80,80,80,80,80,80,80,80,80,80,80,80,80,80,80,80,80],"card_choices":[{"not_picked":["TheCursedMod:SpitefulStrike","TheCursedMod:Obscuration"],"picked":"TheCursedMod:CircleOfFlame","floor":1},{"not_picked":["TheCursedMod:SurpriseAttack","TheCursedMod:CursedArmor"],"picked":"TheCursedMod:AshesToAshes","floor":4},{"not_picked":["TheCursedMod:UltimatePain","TheCursedMod:LuckyCharm"],"picked":"TheCursedMod:CursedShiv","floor":6},{"not_picked":["TheCursedMod:VitalStrike","TheCursedMod:Hemoplague"],"picked":"TheCursedMod:HellfireBreathing","floor":7},{"not_picked":["TheCursedMod:Stretching","TheCursedMod:CursedShiv"],"picked":"TheCursedMod:CircleOfWindfury","floor":8},{"not_picked":["TheCursedMod:RavingStaff","TheCursedMod:CursedMace","TheCursedMod:Stigma"],"picked":"SKIP","floor":13},{"not_picked":["TheCursedMod:ForbiddenAlchemy+1","TheCursedMod:ParallelWorld+1"],"picked":"TheCursedMod:DarkBarrier+1","floor":18},{"not_picked":["TheCursedMod:VitalStrike","TheCursedMod:TacticalStrike"],"picked":"TheCursedMod:Stretching+1","floor":20},{"not_picked":["TheCursedMod:TacticalStrike","TheCursedMod:CursedMace"],"picked":"TheCursedMod:CursedShiv","floor":22},{"not_picked":["TheCursedMod:TacticalStrike","TheCursedMod:SpitefulStrike"],"picked":"TheCursedMod:TroublousMinions+1","floor":23},{"not_picked":["TheCursedMod:PrepareRite+1","TheCursedMod:CircleOfAmplification+1"],"picked":"TheCursedMod:CollectTribute","floor":27},{"not_picked":["TheCursedMod:RavingStaff","TheCursedMod:SmokeScreen+1"],"picked":"TheCursedMod:ReleasedKnowledge+1","floor":29},{"not_picked":["TheCursedMod:TacticalStrike+1","TheCursedMod:AshesToAshes+1"],"picked":"TheCursedMod:Torture+1","floor":30},{"not_picked":["TheCursedMod:Wield","TheCursedMod:Torture+1"],"picked":"TheCursedMod:NeowsMight+1","floor":32},{"not_picked":["TheCursedMod:OutForBlood","TheCursedMod:ShockAndAwe"],"picked":"TheCursedMod:ManaCirculation","floor":35},{"not_picked":["TheCursedMod:ManaBullet+1","TheCursedMod:CircleOfFlame+1"],"picked":"TheCursedMod:Torture+1","floor":37},{"not_picked":["TheCursedMod:RavingStaff","TheCursedMod:CursedShiv+1","TheCursedMod:Wield+1"],"picked":"SKIP","floor":39},{"not_picked":["TheCursedMod:CircleOfAmplification+1","TheCursedMod:CursedBlade+1","TheCursedMod:CircleOfFocus+1"],"picked":"SKIP","floor":43},{"not_picked":["TheCursedMod:RavingStaff+1","TheCursedMod:FuryStrike"],"picked":"TheCursedMod:BlessingInDisguise+1","floor":44},{"not_picked":["TheCursedMod:FuryStrike","TheCursedMod:Stigma+1"],"picked":"TheCursedMod:RapidMovement+1","floor":47},{"not_picked":["TheCursedMod:WearCloak+1","TheCursedMod:CursedSpellbook+1"],"picked":"TheCursedMod:SoulCrush","floor":48},{"not_picked":["TheCursedMod:Stretching+1","TheCursedMod:CursedRelics"],"picked":"TheCursedMod:Obscuration+1","floor":49},{"not_picked":["TheCursedMod:HellsGateOpen+1","TheCursedMod:CursedBlade"],"picked":"TheCursedMod:SpitefulPlan+1","floor":50},{"not_picked":["TheCursedMod:PrepareRite+1","TheCursedMod:CursedMace+1","TheCursedMod:CursedShiv"],"picked":"SKIP","floor":56}],"player_experience":49389,"relics_obtained":[{"floor":6,"key":"ReplayFunnel"},{"floor":9,"key":"White Beast Statue"},{"floor":13,"key":"ReplayTheSpireMod:Shallot"},{"floor":15,"key":"Toxic Egg 2"},{"floor":21,"key":"Nunchaku"},{"floor":29,"key":"ReplayTheSpireMod:TigerMarble"},{"floor":43,"key":"Replay:Baseball"},{"floor":45,"key":"Whetstone"},{"floor":50,"key":"TheCursedMod:DemonicMark"},{"floor":56,"key":"Replay:Wax Seal"}],"event_choices":[{"damage_healed":0,"gold_gain":0,"player_choice":"Ignored","damage_taken":0,"max_hp_gain":0,"max_hp_loss":0,"event_name":"NoteForYourself","floor":2,"gold_loss":0},{"damage_healed":0,"gold_gain":0,"player_choice":"Ignored","damage_taken":0,"max_hp_gain":0,"max_hp_loss":0,"event_name":"Fountain of Cleansing","floor":16,"gold_loss":0},{"damage_healed":0,"gold_gain":0,"player_choice":"Dagger","damage_taken":6,"max_hp_gain":0,"max_hp_loss":0,"event_name":"betterThird:BetterNest","floor":24,"gold_loss":0,"cards_obtained":["RitualDagger"]},{"damage_healed":0,"gold_gain":0,"cards_transformed":["TheCursedMod:Strike_TheCursed"],"player_choice":"Transformed","damage_taken":0,"max_hp_gain":0,"max_hp_loss":0,"event_name":"Transmorgrifier","floor":25,"gold_loss":0,"cards_obtained":["TheCursedMod:CircleOfAbyss"]},{"cards_removed":["TheCursedMod:SurpriseAttack"],"damage_healed":0,"gold_gain":0,"player_choice":"Removed Attack","damage_taken":0,"max_hp_gain":0,"max_hp_loss":0,"event_name":"Falling","floor":38,"gold_loss":0},{"damage_healed":0,"gold_gain":0,"player_choice":"1 cards matched","damage_taken":0,"max_hp_gain":0,"max_hp_loss":0,"event_name":"Match and Keep!","floor":41,"gold_loss":0,"cards_obtained":["Swift Strike"]}],"is_beta":true,"boss_relics":[{"not_picked":["Painkiller Herb","Ring of Chaos"],"picked":"TheCursedMod:BlackMagicAdvanced"},{"not_picked":["Honey Jar","TheCursedMod:OminousMark"],"picked":"hubris:VirtuousBlindfold"}],"items_purged_floors":[55],"is_endless":false,"potions_floor_spawned":[4,6,8,13,18,20,22,23,27,29,30,32,35,37,39,43,44,47,48,49,50,56],"killed_by":"The Heart","ascension_level":0}}