{"host":"htqwg582tjjtn9p7","time":1607866081,"event":{"mods":["2.2 Compatiblity","AchievementEnabler","Act Like it!","Aspiration","BaseMod","Better Third Choice","Colored Map","Conspire","Curses Come First","Displayed Cursed Tome","Energized Spire","Force Act Four","GifTheSpireLib","Hermit","Highlight Path","JesterMod","Mad Scientist","Minty Spire (QoL Compilation)","Pale of the Ancients","Permanent Neow","Random Character Button","Relic Stats","Replay The Spire","Robot Space Explorer","Somnambulant","Spicy Shops","Spikes Relics","StSLib","Stuff the Spire","The Blue Laboratory","The Disciple","The Dragon Tamer","The Forsaken","The Gatherer","The Judge","The Jungle","The Runesmith","The Servant 0.9.4"],"gold_per_floor":[111,286,64,64,80,80,108,119,143,143,143,43,43,54,54,155,155,141,154,154,169,186,214,214,228,254,289,289,314,314,345,345,448,448,459,459,459,476,59,59,127,137,161,172,172,207,207,207,207,207,207,222,222,35,35,52,52,52,52,52],"floor_reached":61,"playtime":2904,"items_purged":["Doubt","StuffTheSpire:CuriosityCurse","Strike_P","CommonCold"],"score":2031,"play_id":"26a9125c-e0e7-4895-81c8-e2eed5816957","local_time":"20201213142801","is_ascension_mode":true,"campfire_choices":[{"data":"theForsaken:Smite","floor":6,"key":"SMITH"},{"data":"theForsaken:Smite+1","floor":11,"key":"SMITH"},{"data":"theForsaken:Smite+2","floor":13,"key":"SMITH"},{"data":"theForsaken:Smite+3","floor":15,"key":"SMITH"},{"data":"theForsaken:Smite+4","floor":24,"key":"SMITH"},{"data":"theForsaken:Smite+5","floor":28,"key":"SMITH"},{"data":"StuffTheSpire:Ambrosia","floor":32,"key":"SMITH"},{"data":"Enlightenment","floor":40,"key":"SMITH"},{"data":"theForsaken:ShieldBash","floor":45,"key":"SMITH"},{"data":"theForsaken:ShieldBash+1","floor":47,"key":"SMITH"},{"data":"theForsaken:ShieldBash+2","floor":49,"key":"SMITH"},{"data":"theForsaken:StoreUp+1","floor":55,"key":"SMITH"},{"data":"theForsaken:StoreUp+1","floor":57,"key":"SMITH"}],"circlet_count":0,"master_deck":["AscendersBane","theForsaken:TheForsaken_Strike+1","theForsaken:TheForsaken_Defend","theForsaken:TheForsaken_Defend","theForsaken:TheForsaken_Defend","theForsaken:TheForsaken_Defend","theForsaken:Smite+6","theForsaken:Penitence","hermit:Covet","theForsaken:SpreadingPlague","theForsaken:Tranquility","theForsaken:DefensiveStance","theForsaken:ShieldBash+3","theForsaken:SiphonStrike+1","theForsaken:PanicDive+1","theForsaken:StoreUp+2","jesterMod:Prankster+1","RobotSpaceExplorer:FranticSearch","StuffTheSpire:Ambrosia+1","theForsaken:StoreUp+2","LessonLearned+1","Enlightenment+1","jesterMod:DancingMad+1","Hologram+1","theForsaken:ShieldBash+3","Pot Of Greed","Pot Of Greed","Pot Of Greed"],"relics":["theForsaken:JudgementScales","SpikesRelics:DaevaFist","conspire:InfiniteJournal","Ancient Tea Set","Replay:Rubber Ducky","Astrolabe","PrismaticShard","StuffTheSpire:HeavyRock","Tiny Chest","theForsaken:HumbleEgg","Bronze Scales","BlackRope","aspiration:DefectSkillbook","Membership Card","OrangePellets","conspire:Dentures","conspire:BottledYoYo","Toy Ornithopter","aspiration:FetidBarrel","paleoftheancients:Timepiece","paleoftheancients:KeyRelic","Coffee Dripper","Gremlin Horn","paleoftheancients:SoulOfTheShapes","Ring of Searing","DollysMirror","Grinning Jar","aspiration:SeaSaltIceCream","Lantern"],"acts_visited":["Exordium","TheCity","TheBeyond","TheBeyond"],"potions_floor_usage":[7,19,23,29,42,50,51],"damage_taken":[{"damage":0,"enemies":"Small Slimes","floor":1,"turns":4},{"damage":11,"enemies":"Jaw Worm","floor":5,"turns":5},{"damage":19,"enemies":"Gremlin Nob","floor":7,"turns":4},{"damage":13,"enemies":"2 Louse","floor":8,"turns":5},{"damage":7,"enemies":"Exordium Wildlife","floor":14,"turns":7},{"damage":40,"enemies":"Slime Boss","floor":16,"turns":14},{"damage":17,"enemies":"2 Thieves","floor":18,"turns":4},{"damage":4,"enemies":"3 Byrds","floor":19,"turns":3},{"damage":32,"enemies":"Snecko","floor":21,"turns":7},{"damage":2,"enemies":"Snake Plant","floor":22,"turns":8},{"damage":73,"enemies":"Slavers","floor":23,"turns":8},{"damage":16,"enemies":"Centurion and Healer","floor":25,"turns":9},{"damage":48,"enemies":"Book of Stabbing","floor":27,"turns":7},{"damage":10,"enemies":"Slavers","floor":29,"turns":9},{"damage":0,"enemies":"Book of Stabbing","floor":31,"turns":6},{"damage":117,"enemies":"Automaton","floor":33,"turns":13},{"damage":11,"enemies":"Orb Walker","floor":35,"turns":4},{"damage":13,"enemies":"3 Shapes","floor":38,"turns":5},{"damage":4,"enemies":"Transient","floor":42,"turns":5},{"damage":0,"enemies":"3 Darklings","floor":44,"turns":15},{"damage":151,"enemies":"Giant Head","floor":46,"turns":10},{"damage":159,"enemies":"Awakened One","floor":50,"turns":16},{"damage":296,"enemies":"Awakened One","floor":51,"turns":9},{"damage":1,"enemies":"Awakened One","floor":52,"turns":10},{"damage":35,"enemies":"Awakened One","floor":56,"turns":8},{"damage":58,"enemies":"paleoftheancients:N","floor":60,"turns":10}],"seed_played":"-5530826241806073532","potions_obtained":[{"floor":5,"key":"ColorlessPotion"},{"floor":8,"key":"blueLaboratory:PolymorphPotion"},{"floor":14,"key":"LiquidBronze"},{"floor":21,"key":"LiquidMemories"},{"floor":25,"key":"AttackPotion"},{"floor":27,"key":"Block Potion"},{"floor":33,"key":"blueLaboratory:BottleOfRum"},{"floor":35,"key":"blueLaboratory:FruitPunch"},{"floor":42,"key":"blueLaboratory:FrostheartPotion"}],"is_trial":false,"path_per_floor":["M","?","$","?","M","R","E","M","T","?","R","$","R","M","R","B",null,"M","M","?","M","M","E","R","M","T","E","R","E","?","E","R","B",null,"M","?","?","M","$","R","T","M","T","M","R","E","R","?","R","B","M","M","?","$","R","M","R","T","?","B",null],"character_chosen":"THE_FORSAKEN","items_purchased":["SpikesRelics:DaevaFist","Membership Card","OrangePellets","conspire:Dentures","DollysMirror","Grinning Jar"],"campfire_rested":0,"item_purchase_floors":[3,39,39,39,54,54],"current_hp_per_floor":[62,62,62,62,57,57,43,36,36,36,36,36,36,59,59,65,65,65,65,57,58,65,43,43,65,65,54,54,65,49,66,66,68,68,67,67,67,72,72,72,72,76,76,78,78,46,46,54,54,79,84,86,86,86,86,88,88,88,88,88],"gold":52,"neow_bonus":"THREE_RARE_CARDS","is_daily":false,"chose_seed":false,"campfire_upgraded":13,"win_rate":0.0,"timestamp":1607866081,"path_taken":["M","?","$","?","M","R","E","M","T","?","R","$","R","?","R","BOSS","M","M","?","M","M","E","R","M","T","E","R","E","?","E","R","BOSS","M","?","?","M","$","R","?","M","T","M","R","E","R","?","R","BOSS","M","M","?","$","R","M","R","T","?","BOSS"],"items_purchased_type":["Relic","Relic","Relic","Relic","Relic","Relic"],"build_version":"2020-11-30","purchased_purges":4,"victory":true,"max_hp_per_floor":[65,65,65,65,65,65,65,65,65,65,65,65,65,65,65,65,65,65,65,65,65,65,65,65,65,65,65,65,65,65,66,66,68,68,70,70,70,72,72,72,72,76,76,78,78,80,80,80,80,82,84,86,86,86,86,88,88,88,88,90],"relic_stats":{"OrangePellets":[12],"Gremlin Horn":[25,25],"counters":[26,205],"Astrolabe":["theForsaken:SiphonStrike","theForsaken:PanicDive","theForsaken:StoreUp"],"Bronze Scales":[543],"Tiny Chest":1,"obtain_stats":[{"Lantern":58,"Gremlin Horn":50,"Ancient Tea Set":7,"PrismaticShard":20,"paleoftheancients:SoulOfTheShapes":52,"conspire:InfiniteJournal":4,"Replay:Rubber Ducky":9,"Ring of Searing":53,"theForsaken:HumbleEgg":27,"aspiration:DefectSkillbook":34,"DollysMirror":54,"StuffTheSpire:HeavyRock":23,"Tiny Chest":26,"conspire:Dentures":39,"paleoftheancients:KeyRelic":50,"aspiration:FetidBarrel":46,"Astrolabe":17,"BlackRope":31,"aspiration:SeaSaltIceCream":58,"paleoftheancients:Timepiece":50,"OrangePellets":39,"Bronze Scales":29,"SpikesRelics:DaevaFist":3,"conspire:BottledYoYo":41,"Coffee Dripper":50,"Membership Card":39,"Grinning Jar":54,"theForsaken:JudgementScales":0,"Toy Ornithopter":43},{"Lantern":25,"Gremlin Horn":22,"Ancient Tea Set":3,"PrismaticShard":8,"paleoftheancients:SoulOfTheShapes":24,"conspire:InfiniteJournal":1,"Replay:Rubber Ducky":4,"Ring of Searing":24,"theForsaken:HumbleEgg":13,"aspiration:DefectSkillbook":16,"DollysMirror":24,"StuffTheSpire:HeavyRock":11,"Tiny Chest":12,"conspire:Dentures":18,"paleoftheancients:KeyRelic":22,"aspiration:FetidBarrel":21,"Astrolabe":6,"BlackRope":15,"aspiration:SeaSaltIceCream":25,"paleoftheancients:Timepiece":22,"OrangePellets":18,"Bronze Scales":14,"SpikesRelics:DaevaFist":1,"conspire:BottledYoYo":18,"Coffee Dripper":22,"Membership Card":18,"Grinning Jar":24,"theForsaken:JudgementScales":0,"Toy Ornithopter":19},{"Lantern":195,"Gremlin Horn":168,"Ancient Tea Set":13,"PrismaticShard":46,"paleoftheancients:SoulOfTheShapes":187,"conspire:InfiniteJournal":4,"Replay:Rubber Ducky":18,"Ring of Searing":187,"theForsaken:HumbleEgg":85,"aspiration:DefectSkillbook":113,"DollysMirror":187,"StuffTheSpire:HeavyRock":69,"Tiny Chest":78,"conspire:Dentures":122,"paleoftheancients:KeyRelic":168,"aspiration:FetidBarrel":152,"Astrolabe":39,"BlackRope":100,"aspiration:SeaSaltIceCream":195,"paleoftheancients:Timepiece":168,"OrangePellets":122,"Bronze Scales":94,"SpikesRelics:DaevaFist":4,"conspire:BottledYoYo":122,"Coffee Dripper":168,"Membership Card":122,"Grinning Jar":187,"theForsaken:JudgementScales":0,"Toy Ornithopter":127}],"Toy Ornithopter":10},"card_choices":[{"not_picked":["theForsaken:Temperance","theForsaken:FountainOfLife"],"picked":"theForsaken:SpreadingPlague","floor":0},{"not_picked":["theForsaken:Preservation","theForsaken:SiphonStrike","theForsaken:PowerUp"],"picked":"SKIP","floor":1},{"not_picked":["theForsaken:Parry","theForsaken:BlindFaith"],"picked":"theForsaken:Tranquility","floor":5},{"not_picked":["theForsaken:BattleHymn","theForsaken:DarkBargain","theForsaken:Parry"],"picked":"SKIP","floor":7},{"not_picked":["theForsaken:Thunderbolt","theForsaken:SiphonStrike"],"picked":"theForsaken:DefensiveStance","floor":8},{"not_picked":["theForsaken:BattleHymn","theForsaken:CreepingInfection"],"picked":"theForsaken:ShieldBash","floor":14},{"not_picked":["theForsaken:WordsOfMight","theForsaken:ShieldBash","theForsaken:PanicDive"],"picked":"SKIP","floor":18},{"not_picked":["theForsaken:HymnOfPatience","theForsaken:PanicDive","theForsaken:DarkRift"],"picked":"SKIP","floor":19},{"not_picked":["Ghostly Armor","FearNoEvil+1"],"picked":"jesterMod:Prankster+1","floor":21},{"not_picked":["Gatherer:SmartManeuver","MadScienceMod:MechanicalClaw","Reprogram"],"picked":"SKIP","floor":22},{"not_picked":["hermit:TrackingShot+1","WordoMod:BeneathTheMask"],"picked":"RobotSpaceExplorer:FranticSearch","floor":23},{"not_picked":["Backflip","hermit:Maintenance","jesterMod:SmokeScreen"],"picked":"SKIP","floor":25},{"not_picked":["MadScienceMod:Virus","Runesmith:ShiftingStrike+1","theForsaken:Thunderbolt+1"],"picked":"SKIP","floor":27},{"not_picked":["Rampage","MadScienceMod:Mechanize","theForsaken:DarkBarrier"],"picked":"SKIP","floor":29},{"not_picked":["RobotSpaceExplorer:ImprovisedAttack+1","BottledTime+1"],"picked":"theForsaken:StoreUp+1","floor":31},{"not_picked":["Gatherer:CursedBlade","somnambulantmod: Refracture"],"picked":"LessonLearned","floor":33},{"not_picked":["theForsaken:QuickAttack+1","theForsaken:ChargeAttack+1","Gouge","Caltrops"],"picked":"SKIP","floor":35},{"not_picked":["StuffTheSpire:FreeRealEstate","Finesse","Feint"],"picked":"Enlightenment","floor":37},{"not_picked":["Distraction","theForsaken:Backlash+1","theForsaken:Eulogy+1","somnambulantmod: Pinch+1"],"picked":"SKIP","floor":38},{"not_picked":["Runesmith:Retool","TiringSlam","Scrape","Gatherer:ScherryThrow+1"],"picked":"SKIP","floor":42},{"not_picked":["PathToVictory+1","jesterMod:RecklessStrike+1","DTMod:CalculatedDefense"],"picked":"jesterMod:DancingMad+1","floor":44},{"not_picked":["hermit:LuckOfTheDraw","SashWhip+1","Wraith Form v2","somnambulantmod: AllForNothing+1"],"picked":"SKIP","floor":46},{"not_picked":["Replay:Bootleg Shield Generator","hermit:GhostlyPresence","Redo+1"],"picked":"Hologram+1","floor":52},{"not_picked":["Hello World","DTMod:HeatWave+1","hermit:ItchyTrigger+1","WordoMod:BadMemories+1"],"picked":"SKIP","floor":56}],"player_experience":1671612,"relics_obtained":[{"floor":7,"key":"Ancient Tea Set"},{"floor":9,"key":"Replay:Rubber Ducky"},{"floor":20,"key":"PrismaticShard"},{"floor":23,"key":"StuffTheSpire:HeavyRock"},{"floor":26,"key":"Tiny Chest"},{"floor":27,"key":"theForsaken:HumbleEgg"},{"floor":29,"key":"Bronze Scales"},{"floor":31,"key":"BlackRope"},{"floor":41,"key":"conspire:BottledYoYo"},{"floor":43,"key":"Toy Ornithopter"},{"floor":46,"key":"aspiration:FetidBarrel"},{"floor":52,"key":"paleoftheancients:SoulOfTheShapes"},{"floor":53,"key":"Ring of Searing"},{"floor":58,"key":"aspiration:SeaSaltIceCream"}],"event_choices":[{"damage_healed":0,"gold_gain":175,"player_choice":"AGREE","damage_taken":111,"max_hp_gain":0,"max_hp_loss":0,"event_name":"betterThird:BetterSerpent","floor":2,"gold_loss":0},{"damage_healed":0,"gold_gain":0,"player_choice":"Leave","damage_taken":0,"max_hp_gain":0,"max_hp_loss":0,"event_name":"conspire:Investor","floor":36,"gold_loss":0},{"damage_healed":0,"gold_gain":0,"player_choice":"Memory 1","damage_taken":0,"max_hp_gain":0,"max_hp_loss":0,"event_name":"SensoryStone","floor":37,"gold_loss":0}],"is_beta":false,"boss_relics":[{"not_picked":["StuffTheSpire:ModemDavis","theForsaken:ScalesOfTruth"],"picked":"Astrolabe"},{"not_picked":["aspiration:SecretTechniqueScroll","aspiration:WatcherSkillbook"],"picked":"aspiration:DefectSkillbook"}],"items_purged_floors":[3,12,39,54],"is_endless":false,"potions_floor_spawned":[5,8,14,21,25,27,33,35,42,51],"ascension_level":12}}