{"host":"1elehx84zn19w2jl","time":1607833158,"event":{"mods":["BaseMod","Googly Eyes","Minty Spire (QoL Compilation)","Quick Restart","StSLib"],"gold_per_floor":[111,124,124,124,25,61,75,111,181,181,205,223,223,258,258,381,381,401,401,401,425,449,489,489,523,523,176,192,192,236,249,249,368,368,393,236,254,270,284,284,328,348,348,348,348],"floor_reached":44,"playtime":3380,"items_purged":["Injury"],"score":769,"play_id":"fea64a30-3ef5-4f3f-877d-baeddf376101","local_time":"20201212231918","is_ascension_mode":true,"campfire_choices":[{"data":"Armaments","floor":10,"key":"SMITH"},{"data":"True Grit","floor":13,"key":"SMITH"},{"data":"Uppercut","floor":15,"key":"SMITH"},{"floor":24,"key":"REST"},{"floor":32,"key":"REST"},{"floor":40,"key":"RECALL"}],"circlet_count":0,"master_deck":["Strike_R","Strike_R","Strike_R","Strike_R","Strike_R","Defend_R","Defend_R","Defend_R","Defend_R","Bash","Armaments+1","Heavy Blade","True Grit+1","Flex","Shrug It Off","Burning Pact","Uppercut+1","Headbutt","Demon Form","Offering","Sword Boomerang","Spot Weakness+1","Rage","Impervious","Disarm","Thunderclap","Sentinel","Reaper","Metallicize+1","Battle Trance","Dropkick","Shockwave"],"relics":["Burning Blood","NeowsBlessing","Golden Idol","Mango","Pen Nib","Happy Flower","Eternal Feather","Lantern","Sozu","Bottled Flame","Smiling Mask","Paper Frog","Ornamental Fan","Sundial","Mark of Pain","TheAbacus","TungstenRod"],"acts_visited":["Exordium","TheCity","TheBeyond"],"potions_floor_usage":[30,31,31],"damage_taken":[{"damage":0,"enemies":"Jaw Worm","floor":1,"turns":1},{"damage":0,"enemies":"Small Slimes","floor":2,"turns":1},{"damage":0,"enemies":"3 Sentries","floor":6,"turns":2},{"damage":0,"enemies":"2 Louse","floor":7,"turns":3},{"damage":32,"enemies":"Gremlin Nob","floor":8,"turns":4},{"damage":11,"enemies":"Looter","floor":11,"turns":3},{"damage":14,"enemies":"Red Slaver","floor":12,"turns":2},{"damage":33,"enemies":"3 Sentries","floor":14,"turns":9},{"damage":21,"enemies":"Hexaghost","floor":16,"turns":10},{"damage":6,"enemies":"Chosen","floor":18,"turns":5},{"damage":10,"enemies":"2 Thieves","floor":21,"turns":3},{"damage":26,"enemies":"Snake Plant","floor":22,"turns":4},{"damage":6,"enemies":"Gremlin Leader","floor":23,"turns":6},{"damage":8,"enemies":"Book of Stabbing","floor":25,"turns":4},{"damage":27,"enemies":"Sentry and Sphere","floor":28,"turns":4},{"damage":35,"enemies":"Slavers","floor":30,"turns":6},{"damage":12,"enemies":"Shelled Parasite and Fungi","floor":31,"turns":5},{"damage":51,"enemies":"Collector","floor":33,"turns":8},{"damage":0,"enemies":"3 Shapes","floor":35,"turns":3},{"damage":39,"enemies":"3 Darklings","floor":37,"turns":6},{"damage":8,"enemies":"Transient","floor":38,"turns":5},{"damage":8,"enemies":"4 Shapes","floor":39,"turns":4},{"damage":62,"enemies":"Giant Head","floor":41,"turns":8},{"damage":34,"enemies":"Spire Growth","floor":42,"turns":4},{"damage":64,"enemies":"Transient","floor":44,"turns":5}],"seed_played":"-7520730070978573359","potions_obtained":[{"floor":7,"key":"Block Potion"},{"floor":11,"key":"ElixirPotion"},{"floor":12,"key":"SpeedPotion"},{"floor":14,"key":"LiquidMemories"}],"is_trial":false,"path_per_floor":["M","M","?","?","$","E","M","E","T","R","M","M","R","E","R","B",null,"M","?","?","M","M","E","R","E","T","$","M","?","E","M","R","B",null,"M","$","M","M","M","R","E","M","T","M"],"character_chosen":"IRONCLAD","items_purchased":["True Grit","Flex","Ornamental Fan","Disarm","TheAbacus"],"campfire_rested":2,"item_purchase_floors":[5,5,27,27,36],"current_hp_per_floor":[80,80,80,82,82,88,94,68,68,77,72,64,73,46,58,43,81,81,62,56,52,32,32,73,71,71,71,50,47,18,12,56,11,77,83,83,59,85,83,99,58,36,36,0,0],"gold":348,"neow_bonus":"THREE_ENEMY_KILL","is_daily":false,"chose_seed":false,"campfire_upgraded":3,"win_rate":0.0,"timestamp":1607833158,"path_taken":["M","M","?","?","?","E","M","E","T","R","M","M","R","E","R","BOSS","M","?","?","?","M","E","R","E","T","$","M","?","E","?","R","BOSS","M","$","M","M","M","R","E","M","T","M"],"items_purchased_type":["Card","Card","Relic","Card","Relic"],"build_version":"2020-11-30","purchased_purges":1,"victory":false,"max_hp_per_floor":[80,80,80,94,94,94,94,94,94,94,94,94,94,94,94,94,94,94,99,99,99,99,99,99,99,99,99,99,99,99,99,99,99,99,99,99,99,99,99,99,99,99,99,99,99],"card_choices":[{"not_picked":["Flex","Havoc"],"picked":"Armaments","floor":1},{"not_picked":["Cleave","Offering"],"picked":"Heavy Blade","floor":2},{"not_picked":["True Grit","Flex"],"picked":"Shrug It Off","floor":6},{"not_picked":["Infernal Blade","Perfected Strike"],"picked":"Burning Pact","floor":7},{"not_picked":["Heavy Blade","Sword Boomerang","Infernal Blade"],"picked":"SKIP","floor":8},{"not_picked":["Perfected Strike","Twin Strike"],"picked":"Uppercut","floor":11},{"not_picked":["Anger","Burning Pact"],"picked":"Headbutt","floor":12},{"not_picked":["Armaments","Wild Strike"],"picked":"Demon Form","floor":14},{"not_picked":["Fiend Fire","Double Tap"],"picked":"Offering","floor":16},{"not_picked":["Headbutt+1","Searing Blow"],"picked":"Sword Boomerang","floor":18},{"not_picked":["True Grit","Body Slam"],"picked":"Spot Weakness+1","floor":21},{"not_picked":["Anger","Flex+1","Pommel Strike+1"],"picked":"SKIP","floor":22},{"not_picked":["Headbutt","Anger"],"picked":"Rage","floor":23},{"not_picked":["Whirlwind","Iron Wave"],"picked":"Impervious","floor":25},{"not_picked":["Seeing Red","Clothesline"],"picked":"Thunderclap","floor":28},{"not_picked":["Armaments+1","Brutality","Wild Strike"],"picked":"SKIP","floor":30},{"not_picked":["Anger","Pommel Strike"],"picked":"Sentinel","floor":31},{"not_picked":["Offering","Double Tap"],"picked":"Reaper","floor":33},{"not_picked":["Flex+1","Combust"],"picked":"Metallicize+1","floor":35},{"not_picked":["Heavy Blade","Shrug It Off"],"picked":"Battle Trance","floor":37},{"not_picked":["Evolve+1","Body Slam+1"],"picked":"Dropkick","floor":38},{"not_picked":["Perfected Strike","Rampage+1","Heavy Blade"],"picked":"SKIP","floor":39},{"not_picked":["Headbutt","True Grit+1"],"picked":"Shockwave","floor":41},{"not_picked":["Burning Pact","Entrench+1","Body Slam+1"],"picked":"SKIP","floor":42}],"player_experience":341102,"relics_obtained":[{"floor":6,"key":"Pen Nib"},{"floor":8,"key":"Happy Flower"},{"floor":9,"key":"Eternal Feather"},{"floor":14,"key":"Lantern"},{"floor":23,"key":"Bottled Flame"},{"floor":25,"key":"Smiling Mask"},{"floor":26,"key":"Paper Frog"},{"floor":30,"key":"Sundial"},{"floor":41,"key":"TungstenRod"}],"event_choices":[{"damage_healed":0,"gold_gain":0,"player_choice":"Take Wound","damage_taken":0,"relics_obtained":["Golden Idol"],"max_hp_gain":0,"max_hp_loss":0,"event_name":"Golden Idol","floor":3,"gold_loss":0,"cards_obtained":["Injury"]},{"damage_healed":0,"gold_gain":0,"player_choice":"Success","damage_taken":12,"relics_obtained":["Mango"],"max_hp_gain":0,"max_hp_loss":0,"event_name":"Scrap Ooze","floor":4,"gold_loss":0},{"damage_healed":0,"gold_gain":0,"player_choice":"Shed Blood","damage_taken":24,"max_hp_gain":5,"max_hp_loss":0,"event_name":"Forgotten Altar","floor":19,"gold_loss":0},{"damage_healed":0,"gold_gain":0,"player_choice":"","damage_taken":6,"max_hp_gain":0,"max_hp_loss":0,"event_name":"Knowing Skull","floor":20,"potions_obtained":[],"gold_loss":0,"cards_obtained":[]},{"damage_healed":0,"gold_gain":0,"player_choice":"Punched","damage_taken":3,"max_hp_gain":0,"max_hp_loss":0,"event_name":"Designer","floor":29,"gold_loss":0}],"is_beta":false,"boss_relics":[{"not_picked":["Cursed Key","Philosopher\u0027s Stone"],"picked":"Sozu"},{"not_picked":["Empty Cage","Snecko Eye"],"picked":"Mark of Pain"}],"items_purged_floors":[27],"is_endless":false,"potions_floor_spawned":[7,11,12,14,21,23,28,30,31,38,39],"killed_by":"Transient","ascension_level":5}}