{"host":"wbdly04l9mkn9nrc","time":1607860360,"event":{"mods":["AchievementEnabler","BaseMod","BetterRewards","Minty Spire (QoL Compilation)","StSLib","[IsaacMod]ÒÔÈö¼âËþ"],"gold_per_floor":[116,42,142,142,142,142,178,178,178,233,233,246,257,257,257,356,356,366,396,440,355,355,355,413,458,485,512,521,540,559,484,484,609,609,637,663,672,672,697,697,919,1219,1219,1228,1248,1258,1284,1293,1293,1307],"floor_reached":51,"playtime":3217,"items_purged":["Strike_B","Defend_B","Defend_B","Strike_B","Strike_B","Defend_B"],"score":1163,"play_id":"699ef13f-5bfd-4b8f-9852-dd4911933bd0","local_time":"20201213195240","is_ascension_mode":true,"campfire_choices":[{"floor":15.0,"key":"REST"},{"data":"Seek","floor":23.0,"key":"SMITH"},{"floor":32.0,"key":"REST"},{"data":"Apotheosis","floor":40,"key":"SMITH"},{"data":"Creative AI","floor":49,"key":"SMITH"}],"circlet_count":0,"master_deck":["Strike_B+1","Zap","Dualcast","Apotheosis+1","Storm","Go for the Eyes","Hologram","Leap+1","Loop","Discovery","Leap","Rebound","BettingIsNotGood","Turbo","Pulse","Echo Form","Skim","Ball Lightning","Machine Learning","Stack","Turbo","Seek+1","Barrage+1","Conserve Battery+1","Double Energy","Streamline+1","ElectricPowerLearning","Seek+1","Tempest","Steam+1","Thunder Strike","Blizzard+1","Rebound+1","Secret Technique","Creative AI+1","Hologram+1","Sweeping Beam+1","Heatsinks"],"relics":["FrozenCore","HushsDoor","MaYiHuaBei","Membership Card","Meat on the Bone","SteamSale","Mercury Hourglass","Kunai","Orichalcum","Anchor","HandDrill","Bag of Preparation","DoctorsRemote","Orrery","Vajra","CaptainsWheel","Red Mask","AnarchistCookbook","Toy Ornithopter","BookofShadows","SatanicBible","CeramicFish","TheBean","DollysMirror","MagicMushroom","MealTicket","Runic Capacitor","UnicornStump","Bottled Lightning","SalivaCoin","PunchingBag","Sling","Omamori","Lantern","Toolbox"],"acts_visited":["Exordium","TheCity","TheBeyond"],"potions_floor_usage":[50],"damage_taken":[{"damage":7.0,"enemies":"2 Louse","floor":1.0,"turns":2.0},{"damage":0.0,"enemies":"Cultist","floor":7.0,"turns":2.0},{"damage":2.0,"enemies":"Gremlin Nob","floor":10.0,"turns":4.0},{"damage":8.0,"enemies":"Jaw Worm","floor":12.0,"turns":4.0},{"damage":0.0,"enemies":"Large Slime","floor":13.0,"turns":2.0},{"damage":7.0,"enemies":"The Guardian","floor":16.0,"turns":6.0},{"damage":6.0,"enemies":"Chosen","floor":18.0,"turns":3.0},{"damage":0.0,"enemies":"Masked Bandits","floor":19.0,"turns":2.0},{"damage":2.0,"enemies":"Shell Parasite","floor":20.0,"turns":4.0},{"damage":0.0,"enemies":"Book of Stabbing","floor":24.0,"turns":6.0},{"damage":12.0,"enemies":"Shelled Parasite and Fungi","floor":25.0,"turns":5.0},{"damage":0.0,"enemies":"Gremlin Leader","floor":27.0,"turns":3.0},{"damage":5.0,"enemies":"Chosen and Byrds","floor":29.0,"turns":4.0},{"damage":0.0,"enemies":"Centurion and Healer","floor":30.0,"turns":3.0},{"damage":0.0,"enemies":"Champ","floor":33.0,"turns":7.0},{"damage":0,"enemies":"Orb Walker","floor":35,"turns":2},{"damage":0,"enemies":"3 Darklings","floor":36,"turns":2},{"damage":6,"enemies":"Maw","floor":39,"turns":5},{"damage":0,"enemies":"Writhing Mass","floor":45,"turns":1},{"damage":0,"enemies":"4 Shapes","floor":46,"turns":1},{"damage":0,"enemies":"3 Darklings","floor":47,"turns":1},{"damage":0,"enemies":"Awakened One","floor":50,"turns":6}],"seed_played":"-2817323459041738158","potions_obtained":[{"floor":1.0,"key":"Fire Potion"},{"floor":12.0,"key":"SteroidPotion"},{"floor":24.0,"key":"Fire Potion"},{"floor":33.0,"key":"FocusPotion"},{"floor":36,"key":"GamblersBrew"}],"is_trial":false,"path_per_floor":["M","$","?","$","?","$","M","?","T","E","?","M","M","?","R","B",null,"M","?","M","?","?","R","E","M","T","E","$","M","M","?","R","B",null,"M","M","$","?","M","R","?","?","T","$","M","M","M","$","R","B",null],"character_chosen":"DEFECT","items_purchased":["Apotheosis","Membership Card","Meat on the Bone","Storm","SteamSale","Mercury Hourglass","Kunai","Hologram","Leap","Loop","EssenceOfSteel","SpeedPotion","Discovery","Orichalcum","Anchor","HandDrill","Leap","Rebound","BettingIsNotGood","Bag of Preparation","DoctorsRemote","Orrery","Machine Learning","CeramicFish","TheBean","DollysMirror","FocusPotion","MealTicket","Runic Capacitor","UnicornStump","Secret Technique","SalivaCoin","PunchingBag","Sling","ChaosCard","Omamori","Lantern","Toolbox","Heatsinks"],"campfire_rested":2,"item_purchase_floors":[0,0,0,0,2,2,2,2,2,2,2,2,2,4,4,4,4,4,4,6,6,6,6,28,28,28,28,37,37,37,37,44,44,44,44,48,48,48,48],"current_hp_per_floor":[45,45,45,45,45,45,45,63,63,61,46,38,38,31,52,45,65,59,59,57,57,57,57,67,55,55,55,55,50,50,50,71,72,79,79,79,79,75,69,69,69,69,69,75,75,75,75,75,75,75],"gold":1307,"neow_bonus":"","is_daily":false,"chose_seed":false,"campfire_upgraded":3,"win_rate":0.0,"timestamp":1607860360,"path_taken":["M","$","?","$","?","$","?","?","T","E","?","?","M","?","R","BOSS","M","?","M","?","?","R","E","M","T","E","$","M","?","?","R","BOSS","M","M","$","?","M","R","?","?","T","?","M","M","M","$","R","BOSS"],"items_purchased_type":["Card","Relic","Relic","Card","Relic","Relic","Relic","Card","Card","Card","Potion","Potion","Card","Relic","Relic","Relic","Card","Card","Card","Relic","Relic","Relic","Card","Relic","Relic","Relic","Potion","Relic","Relic","Relic","Card","Relic","Relic","Relic","Card","Relic","Relic","Relic","Card"],"build_version":"2020-11-30","purchased_purges":6,"victory":true,"max_hp_per_floor":[75,75,75,75,75,75,75,75,75,75,75,75,75,72,72,72,72,72,72,72,72,72,72,72,72,72,72,72,72,72,72,72,72,79,79,79,79,75,75,75,75,75,75,75,75,75,75,75,75,75],"card_choices":[{"not_picked":["Coolheaded","Bomb"],"picked":"Go for the Eyes","floor":1.0},{"not_picked":["Loop","Blizzard"],"picked":"Turbo","floor":6.0},{"not_picked":["Go for the Eyes","Distribution"],"picked":"Pulse","floor":6.0},{"not_picked":["Sunder","Reprogram"],"picked":"Echo Form","floor":6.0},{"not_picked":["Reprogram","Beam Cell"],"picked":"Skim","floor":6.0},{"not_picked":["Tempest","Streamline"],"picked":"Ball Lightning","floor":6.0},{"not_picked":["White Noise","Steam Power"],"picked":"Stack","floor":7.0},{"not_picked":["Sweeping Beam","Cold Snap","Go for the Eyes"],"picked":"SKIP","floor":10.0},{"not_picked":["Coolheaded","White Noise"],"picked":"Turbo","floor":12.0},{"not_picked":["Rip and Tear","Pulse"],"picked":"Bomb","floor":13.0},{"not_picked":["Reboot","Multi-Cast"],"picked":"Seek","floor":16.0},{"not_picked":["White Noise","Rip and Tear","Coolheaded"],"picked":"SKIP","floor":18.0},{"not_picked":["Capacitor","Distribution"],"picked":"Barrage+1","floor":19.0},{"not_picked":["Ball Lightning","Stack"],"picked":"Conserve Battery+1","floor":20.0},{"not_picked":["Conserve Battery","Self Repair"],"picked":"Double Energy","floor":24.0},{"not_picked":["Double Energy","Lockon"],"picked":"Streamline+1","floor":25.0},{"not_picked":["Compile Driver+1","Conserve Battery"],"picked":"ElectricPowerLearning","floor":27.0},{"not_picked":["Beam Cell","Glacier+1"],"picked":"Tempest","floor":29.0},{"not_picked":["Compile Driver","Cold Snap"],"picked":"Steam+1","floor":30.0},{"not_picked":["Rainbow","Machine Learning"],"picked":"Thunder Strike","floor":33.0},{"not_picked":["Cancel+1","Beam Cell+1"],"picked":"Blizzard+1","floor":35},{"not_picked":["Compile Driver+1","Go for the Eyes+1"],"picked":"Rebound+1","floor":36},{"not_picked":["Streamline+1","Consume"],"picked":"Creative AI","floor":39},{"not_picked":["Heatsinks","Steam"],"picked":"Hologram+1","floor":45},{"not_picked":["Cold Snap+1","Redo","Cancel+1"],"picked":"SKIP","floor":46},{"not_picked":["FTL","Steam+1"],"picked":"Sweeping Beam+1","floor":47}],"player_experience":82271,"relics_obtained":[{"floor":9.0,"key":"Vajra"},{"floor":10.0,"key":"CaptainsWheel"},{"floor":19.0,"key":"Red Mask"},{"floor":24.0,"key":"Toy Ornithopter"},{"floor":26.0,"key":"BookofShadows"},{"floor":27.0,"key":"SatanicBible"},{"floor":43,"key":"Bottled Lightning"}],"event_choices":[{"damage_healed":0.0,"max_hp_gain":0.0,"max_hp_loss":0.0,"gold_gain":100.0,"event_name":"Golden Shrine","player_choice":"Pray","floor":3.0,"gold_loss":0.0,"damage_taken":0.0},{"damage_healed":0.0,"max_hp_gain":0.0,"max_hp_loss":0.0,"gold_gain":0.0,"event_name":"Golden Idol","player_choice":"Ignored","floor":5.0,"gold_loss":0.0,"damage_taken":0.0},{"damage_healed":18.0,"max_hp_gain":0.0,"max_hp_loss":0.0,"gold_gain":0.0,"event_name":"Mushrooms","player_choice":"Healed and dodged fight","floor":8.0,"gold_loss":0.0,"damage_taken":0.0,"cards_obtained":["Parasite"]},{"damage_healed":0.0,"max_hp_gain":0.0,"max_hp_loss":0.0,"gold_gain":0.0,"event_name":"Shining Light","player_choice":"Entered Light","floor":11.0,"gold_loss":0.0,"damage_taken":15.0,"cards_upgraded":["Leap","Strike_B"]},{"cards_removed":["Parasite"],"damage_healed":0.0,"max_hp_gain":0.0,"max_hp_loss":0.0,"gold_gain":0.0,"event_name":"Golden Wing","player_choice":"Card Removal","floor":14.0,"gold_loss":0.0,"damage_taken":7.0},{"damage_healed":0.0,"max_hp_gain":0.0,"max_hp_loss":0.0,"gold_gain":0.0,"event_name":"Masked Bandits","player_choice":"Fought Bandits","floor":19.0,"gold_loss":0.0,"damage_taken":0.0},{"damage_healed":0.0,"max_hp_gain":0.0,"max_hp_loss":0.0,"gold_gain":0.0,"event_name":"Addict","player_choice":"Obtained Relic","floor":21.0,"gold_loss":85.0,"damage_taken":0.0,"relics_obtained":["AnarchistCookbook"]},{"cards_removed":["Defend_B"],"damage_healed":0.0,"max_hp_gain":0.0,"max_hp_loss":0.0,"gold_gain":0.0,"event_name":"Beggar","player_choice":"Gave Gold","floor":31.0,"gold_loss":75.0,"damage_taken":0.0},{"damage_healed":0,"gold_gain":0,"player_choice":"Max HP","damage_taken":0,"max_hp_gain":0,"max_hp_loss":4,"event_name":"Winding Halls","floor":38,"gold_loss":0},{"damage_healed":0,"gold_gain":222,"player_choice":"Wore Mask","damage_taken":0,"max_hp_gain":0,"max_hp_loss":0,"event_name":"Tomb of Lord Red Mask","floor":41,"gold_loss":0}],"is_beta":false,"boss_relics":[{"not_picked":["Fusion Hammer","Ectoplasm"],"picked":"FrozenCore"},{"not_picked":[]},{"not_picked":["Runic Dome","Nuclear Battery"],"picked":"MagicMushroom"},{"not_picked":[]}],"items_purged_floors":[2,4,6,28,37,44],"is_endless":false,"potions_floor_spawned":[1,7,12,18,24,27,33,35,36,46,47],"ascension_level":5}}