{"host":"4axoa1rfjgnprp9l","time":1607830383,"event":{"mods":["2.2 Compatiblity","AchievementEnabler","BaseMod","Colored Map","DeckTracker","Highlight Path","Minty Spire (QoL Compilation)","Permanent Neow","StSLib","SuperFastMode"],"gold_per_floor":[118,130,148,108,108,108,108,125,178,178,178,206,206,220,220,295,295,313,393,393,409,409,409,76,102,155,155,170,189,189,189,189,189,189],"floor_reached":33,"playtime":1154,"items_purged":["Strike_G"],"score":526,"play_id":"05fc9cf4-e8cb-475a-94a0-a24c003c6f55","local_time":"20201213123303","is_ascension_mode":true,"campfire_choices":[{"data":"Crippling Poison","floor":6.0,"key":"SMITH"},{"data":"Noxious Fumes","floor":11.0,"key":"SMITH"},{"floor":15.0,"key":"REST"},{"data":"Burst","floor":23.0,"key":"SMITH"},{"floor":30.0,"key":"REST"},{"floor":32.0,"key":"REST"}],"circlet_count":0,"master_deck":["AscendersBane","Strike_G","Defend_G","Defend_G","Defend_G","Defend_G","Defend_G","Survivor","Neutralize","Burst+1","Footwork","Backstab","Deadly Poison","Crippling Poison+1","Noxious Fumes+1","Backstab","Reflex","Tools of the Trade","Acrobatics","Reflex","Tactician","Decay","Catalyst","Prepared"],"relics":["Ring of the Snake","Lantern","Happy Flower","FossilizedHelix","WristBlade","InkBottle","ClockworkSouvenir","Unceasing Top","Juzu Bracelet","Enchiridion"],"acts_visited":["Exordium","TheCity"],"potions_floor_usage":[],"damage_taken":[{"damage":0.0,"enemies":"Small Slimes","floor":1.0,"turns":6.0},{"damage":11.0,"enemies":"Jaw Worm","floor":2.0,"turns":8.0},{"damage":0.0,"enemies":"2 Louse","floor":3.0,"turns":3.0},{"damage":4.0,"enemies":"Looter","floor":4.0,"turns":4.0},{"damage":6.0,"enemies":"Red Slaver","floor":8.0,"turns":5.0},{"damage":14.0,"enemies":"3 Sentries","floor":12.0,"turns":7.0},{"damage":0.0,"enemies":"3 Louse","floor":14.0,"turns":4.0},{"damage":28.0,"enemies":"Slime Boss","floor":16.0,"turns":13.0},{"damage":0.0,"enemies":"Chosen","floor":18.0,"turns":4.0},{"damage":15.0,"enemies":"2 Thieves","floor":21.0,"turns":4.0},{"damage":28.0,"enemies":"Book of Stabbing","floor":25.0,"turns":7.0},{"damage":1.0,"enemies":"Snake Plant","floor":28.0,"turns":4.0},{"damage":0.0,"enemies":"Sentry and Sphere","floor":29.0,"turns":5.0},{"damage":50,"enemies":"Automaton","floor":33,"turns":6}],"seed_played":"3810803435318068650","potions_obtained":[{"floor":3.0,"key":"FearPotion"},{"floor":12.0,"key":"EssenceOfSteel"},{"floor":16.0,"key":"GamblersBrew"},{"floor":21.0,"key":"ColorlessPotion"},{"floor":25.0,"key":"EssenceOfSteel"}],"is_trial":false,"path_per_floor":["M","M","M","M","?","R","?","M","T","?","R","E","T","M","R","B",null,"M","T","?","M","?","R","$","E","T","?","M","M","R","?","R","B"],"character_chosen":"THE_SILENT","items_purchased":["Tactician","ClockworkSouvenir"],"campfire_rested":3,"item_purchase_floors":[24,24],"current_hp_per_floor":[59,48,48,44,37,37,37,31,31,31,31,17,17,17,36,8,52,52,52,52,37,37,37,37,9,9,9,8,8,27,6,25,0,0],"gold":189,"neow_bonus":"TRANSFORM_CARD","is_daily":false,"chose_seed":false,"campfire_upgraded":3,"win_rate":0.0,"timestamp":1607830383,"path_taken":["M","M","M","M","?","R","?","M","T","?","R","E","?","M","R","BOSS","M","?","?","M","?","R","$","E","T","?","M","M","R","?","R","BOSS"],"items_purchased_type":["Card","Relic"],"build_version":"2020-11-30","purchased_purges":1,"victory":false,"max_hp_per_floor":[66,66,66,66,66,66,66,66,66,66,66,66,66,66,66,66,66,66,66,66,66,66,66,66,66,66,66,66,66,66,66,66,66,66],"card_choices":[{"not_picked":["Dagger Spray","Underhanded Strike"],"picked":"Footwork","floor":1.0},{"not_picked":["Underhanded Strike","Terror"],"picked":"Backstab","floor":2.0},{"not_picked":["Well Laid Plans","Quick Slash"],"picked":"Deadly Poison","floor":3.0},{"not_picked":["Slice","Catalyst"],"picked":"Crippling Poison","floor":4.0},{"not_picked":["Poisoned Stab","Underhanded Strike","Riddle With Holes"],"picked":"SKIP","floor":8.0},{"not_picked":["Setup","Eviscerate"],"picked":"Backstab","floor":12.0},{"not_picked":["Leg Sweep","Dodge and Roll"],"picked":"Reflex","floor":14.0},{"not_picked":["Phantasmal Killer","A Thousand Cuts"],"picked":"Tools of the Trade","floor":16.0},{"not_picked":["Terror","Dagger Spray"],"picked":"Acrobatics","floor":18.0},{"not_picked":["Sucker Punch","Riddle With Holes+1"],"picked":"Reflex","floor":21.0},{"not_picked":["Dagger Throw","Setup+1","Quick Slash"],"picked":"SKIP","floor":25.0},{"not_picked":["Skewer+1","Bouncing Flask"],"picked":"Catalyst","floor":28.0},{"not_picked":["Acrobatics","Blade Dance"],"picked":"Prepared","floor":29.0}],"player_experience":733887,"relics_obtained":[{"floor":9.0,"key":"Lantern"},{"floor":12.0,"key":"Happy Flower"},{"floor":13.0,"key":"FossilizedHelix"},{"floor":19.0,"key":"InkBottle"},{"floor":25.0,"key":"Unceasing Top"},{"floor":26.0,"key":"Juzu Bracelet"},{"floor":31.0,"key":"Enchiridion"}],"event_choices":[{"cards_removed":["Strike_G"],"damage_healed":0.0,"max_hp_gain":0.0,"max_hp_loss":0.0,"gold_gain":0.0,"event_name":"Golden Wing","player_choice":"Card Removal","floor":5.0,"gold_loss":0.0,"damage_taken":7.0},{"damage_healed":0.0,"max_hp_gain":0.0,"max_hp_loss":0.0,"gold_gain":0.0,"event_name":"Liars Game","player_choice":"Ignored","floor":7.0,"gold_loss":0.0,"damage_taken":0.0},{"damage_healed":0.0,"max_hp_gain":0.0,"max_hp_loss":0.0,"gold_gain":0.0,"cards_transformed":["Strike_G"],"event_name":"Living Wall","player_choice":"Change","floor":10.0,"gold_loss":0.0,"damage_taken":0.0,"cards_obtained":["Noxious Fumes"]},{"damage_healed":0.0,"max_hp_gain":0.0,"max_hp_loss":0.0,"gold_gain":0.0,"event_name":"The Mausoleum","player_choice":"Ignored","floor":20.0,"gold_loss":0.0,"damage_taken":0.0},{"damage_healed":0.0,"max_hp_gain":0.0,"max_hp_loss":0.0,"gold_gain":0.0,"event_name":"Forgotten Altar","player_choice":"Smashed Altar","floor":27.0,"gold_loss":0.0,"damage_taken":0.0,"cards_obtained":["Decay"]},{"damage_healed":0.0,"max_hp_gain":0.0,"max_hp_loss":0.0,"gold_gain":0.0,"event_name":"Cursed Tome","player_choice":"Obtained Book","floor":31.0,"gold_loss":0.0,"damage_taken":21.0}],"is_beta":false,"boss_relics":[{"not_picked":["Snecko Eye","Fusion Hammer"],"picked":"WristBlade"}],"items_purged_floors":[24],"is_endless":false,"potions_floor_spawned":[3,12,14,16,21,25],"killed_by":"Automaton","ascension_level":20}}