{"host":"i41n6wh529970c2c","time":1607826999,"event":{"mods":["Act Like it!","BaseMod","BetterRewards","Friendly Minions","Gold Saver","Hermit","Minty Spire (QoL Compilation)","Replay The Spire","Shop Mod","StSLib"],"gold_per_floor":[222,222,311,325,344,371,76,76,76,61,104,104,104,141,141,249,249,268,273,273],"floor_reached":19,"playtime":1232,"items_purged":[],"score":268,"play_id":"ba8a41c0-5290-4c63-853c-67e037788382","local_time":"20201212213639","is_ascension_mode":true,"campfire_choices":[{"floor":8,"key":"REST"},{"data":"hermit:Manifest","floor":12,"key":"SMITH"},{"data":"hermit:FromBeyond","floor":15,"key":"SMITH"}],"circlet_count":0,"master_deck":["hermit:Strike_Hermit","hermit:Strike_Hermit","hermit:Strike_Hermit","hermit:Strike_Hermit","hermit:Defend_Hermit","hermit:Defend_Hermit","hermit:Defend_Hermit","hermit:Defend_Hermit","hermit:Snapshot","hermit:Covet","hermit:Misfire","ReplayTheSpireMod:Splinters","hermit:GoldenBullet","hermit:Coalescence","hermit:GhostlyPresence","hermit:GhostlyPresence","hermit:Manifest+1","hermit:FromBeyond","hermit:FromBeyond+1","hermit:Scavenge","hermit:Horror","hermit:RoundhouseKick","hermit:Reprieve","Pain","Injury","Clumsy"],"relics":["hermit:Momento","Replay:PocketPolymizer","StoneCalendar","ReplayTheSpireMod:TigerMarble","DollysMirror","Replay:Bottled Snecko","Replay:Towering Pillar of Hats","Bottled Flame","Kunai","Replay:Ancient Bell","Boot","Darkstone Periapt","Ice Cream"],"acts_visited":["Exordium","TheCity"],"potions_floor_usage":[6,11,16,16],"damage_taken":[{"damage":0,"enemies":"2 Louse","floor":1,"turns":3},{"damage":0,"enemies":"Small Slimes","floor":4,"turns":3},{"damage":1,"enemies":"Cultist","floor":5,"turns":4},{"damage":47,"enemies":"Gremlin Nob","floor":6,"turns":6},{"damage":5,"enemies":"Exordium Thugs","floor":10,"turns":4},{"damage":2,"enemies":"Lagavulin","floor":11,"turns":8},{"damage":8,"enemies":"Replay:BlueRogue","floor":14,"turns":5},{"damage":1,"enemies":"Hexaghost","floor":16,"turns":11},{"damage":24,"enemies":"Shell Parasite","floor":18,"turns":4},{"damage":55,"enemies":"Masked Bandits","floor":19,"turns":3}],"seed_played":"7908660636334348510","potions_obtained":[{"floor":4,"key":"Adrenaline Potion"},{"floor":6,"key":"Languid Potion"},{"floor":10,"key":"Regen Potion"},{"floor":14,"key":"Swift Potion"}],"is_trial":false,"path_per_floor":["M","?","?","M","M","E","$","R","T","M","E","R","T","E","R","B",null,"M","?"],"character_chosen":"HERMIT","items_purchased":["hermit:FromBeyond","DollysMirror"],"campfire_rested":1,"item_purchase_floors":[7,7],"current_hp_per_floor":[68,56,56,56,55,8,8,28,28,27,40,40,40,32,32,31,77,53,0,0],"gold":273,"neow_bonus":"ONE_RARE_RELIC","is_daily":false,"chose_seed":false,"campfire_upgraded":2,"win_rate":0.0,"timestamp":1607826999,"path_taken":["M","?","?","?","M","E","$","R","T","M","E","R","?","E","R","BOSS","M","?"],"items_purchased_type":["Card","Relic"],"build_version":"2020-11-30","purchased_purges":0,"victory":false,"max_hp_per_floor":[68,68,68,68,68,68,68,68,68,68,68,68,68,68,68,68,86,86,86,86],"card_choices":[{"not_picked":["hermit:HighCaliber","hermit:EyeOfTheStorm"],"picked":"hermit:Misfire","floor":1},{"not_picked":["hermit:SprayPray","hermit:Feint"],"picked":"hermit:GoldenBullet","floor":3},{"not_picked":["hermit:Glare","hermit:TrackingShot"],"picked":"hermit:Coalescence","floor":3},{"not_picked":["hermit:Ricochet","hermit:SprayPray"],"picked":"hermit:GhostlyPresence","floor":3},{"not_picked":["hermit:ItchyTrigger","hermit:Gestalt"],"picked":"hermit:GhostlyPresence","floor":4},{"not_picked":["hermit:Desperado","hermit:NoHoldsBarred"],"picked":"hermit:Manifest","floor":5},{"not_picked":["hermit:FatalDesire","hermit:Feint","hermit:BodyArmor"],"picked":"SKIP","floor":6},{"not_picked":["hermit:Feint","hermit:Misfire"],"picked":"hermit:Scavenge","floor":10},{"not_picked":["hermit:Vantage","hermit:TakeCover"],"picked":"hermit:Horror","floor":11},{"not_picked":["hermit:Combo","hermit:Glare"],"picked":"hermit:RoundhouseKick","floor":14},{"not_picked":["hermit:EternalForm","hermit:FromBeyond"],"picked":"hermit:Reprieve","floor":16},{"not_picked":["ReplayTheSpireMod:IOU","ReplayTheSpireMod:Splinters"],"picked":"Pain","floor":17},{"not_picked":["ReplayTheSpireMod:Doomed","AbeCurse"],"picked":"Injury","floor":17},{"not_picked":["Injury","Pain"],"picked":"Clumsy","floor":17},{"not_picked":["hermit:HighCaliber","hermit:Deadeye+1","hermit:Coalescence+1"],"picked":"SKIP","floor":18}],"player_experience":745022,"relics_obtained":[{"floor":6,"key":"ReplayTheSpireMod:TigerMarble"},{"floor":9,"key":"Replay:Bottled Snecko"},{"floor":11,"key":"Replay:Towering Pillar of Hats"},{"floor":13,"key":"Bottled Flame"},{"floor":14,"key":"Kunai"}],"event_choices":[{"damage_healed":0,"gold_gain":0,"player_choice":"Success","damage_taken":12,"relics_obtained":["StoneCalendar"],"max_hp_gain":0,"max_hp_loss":0,"event_name":"Scrap Ooze","floor":2,"gold_loss":0},{"damage_healed":0,"gold_gain":0,"player_choice":"Fought Bandits","damage_taken":0,"max_hp_gain":0,"max_hp_loss":0,"event_name":"Masked Bandits","floor":19,"gold_loss":0}],"is_beta":false,"boss_relics":[{"not_picked":["Ectoplasm","Ring of Chaos"],"picked":"Replay:Ancient Bell"},{"not_picked":["Omamori","CeramicFish"],"picked":"Boot"},{"not_picked":["Matryoshka","Shuriken"],"picked":"Darkstone Periapt"},{"not_picked":["Unceasing Top","hermit:RedScarf"],"picked":"Ice Cream"}],"items_purged_floors":[],"is_endless":false,"potions_floor_spawned":[4,6,10,14],"killed_by":"Masked Bandits","ascension_level":9}}