{"host":"sst22apzgpn07t8v","time":1607851949,"event":{"mods":["Act Like it!","BaseMod","Downfall","Hallownest","HololiveMod","Lobotomy","LobotomyExtend","Minty Spire (QoL Compilation)","Replay The Spire","Shop Mod","StSLib"],"gold_per_floor":[99,111,36,79,79,107,107,122,47,81,98,112,177,202,226,330,330,330,330,330,330,347,347,347,14,39,39,51,88,105,120,139,167,187,285,285,210,231,231,285,285,285,285,320,337,364,414,424,424,436,459,459,459],"floor_reached":54,"playtime":4533,"items_purged":["Slimebound:Icky"],"score":931,"play_id":"e890023c-ec08-46f5-a549-1f0d83a559ed","local_time":"20201213173229","is_ascension_mode":false,"campfire_choices":[{"floor":1.0,"key":"RECALL"},{"data":"hexamod:ShieldOfDarkness","floor":3.0,"key":"SMITH"},{"floor":9.0,"key":"REST"},{"floor":18.0,"key":"DIG"},{"data":"Slimebound:CheckThePlaybook","floor":21.0,"key":"SMITH"},{"data":"hexamod:VolcanoVisage","floor":27.0,"key":"SMITH"},{"floor":37.0,"key":"DIG"},{"data":"hexamod:GhostOfSpirePresent","floor":39.0,"key":"SMITH"},{"floor":42.0,"key":"DIG"}],"circlet_count":0,"master_deck":["hexamod:Strike+1","hexamod:Strike+1","hexamod:Strike+1","hexamod:Strike+1","hexamod:Defend+1","hexamod:Defend","hexamod:Defend+1","hexamod:Defend+1","hexamod:Sear+1","hexamod:Float+1","hexamod:SixthSeal","hexamod:ShieldOfDarkness+1","hexamod:RainOfEmbers+1","hexamod:SpectersWail+1","hexamod:Hexaguard+1","hexamod:RadiantFlame","hexamod:RadiantFlame","hexamod:SecondSeal","hexamod:FastForward","hexamod:TimeWarp+1","hexamod:FastForward","hexamod:VolcanoVisage+1","Slimebound:CheckThePlaybook+1","hexamod:ThirdSeal","hexamod:SwordOfDarkness+1","hexamod:FastForward+1","hexamod:DynamicBlow","hexamod:DynamicBlow","hexamod:HeatMetal+1","ReplayTheSpireMod:Private Reserves","hexamod:NightmareGuise+1","hexamod:GhostflameBarrier","hexamod:RadiantFlame","hexamod:SwordOfDarkness","hexamod:PhantomCloak+1","hexamod:Hexaguard+1","hexamod:RadiantFlame+1","hexamod:ThermalTransfer+1","hexamod:StepThrough","hexamod:GhostOfSpirePresent+1","hexamod:EmpoweringStance+1","hexamod:UnleashSpirits","CurseOfTheBell","Pot Of Greed","Pot Of Greed+1","Pot Of Greed","Pot Of Greed","hexamod:RainOfEmbers+1","hexamod:ExtraCrispy","hexamod:NecessarySacrifice","expansioncontent:DarkVoid","Replay:SS_hec_1+1","Pot Of Greed","Replay:SS_forest_6","hexamod:SpectralAdrenaline+1","hexamod:RecurringNightmare+1","hexamod:ChargedBarrage+1","hexamod:ChargedBarrage","hexamod:FastForward","hexamod:HeatShield+1","hexamod:BurningTouch","hexamod:SpectersWail+1","hexamod:EtherealExpedition+1"],"relics":["hexamod:SpiritBrand","downfall:HeartBlessingRed","Ice Cream","Blood Vial","downfall:HeartBlessingBlue","Replay:Rubber Ducky","ReplayTheSpireMod:TigerMarble","Busted Crown","hexamod:MatchstickCase","BargainBundle","Replay:Baseball","Divine Protection","Calling Bell","Iron Hammer","Replay:Multitool","Grinning Jar","downfall:HeartBlessingGreen","Replay:Wax Seal","Du-Vu Doll","Toy Ornithopter","Turnip","Ancient Tea Set","Whetstone","TungstenRod"],"acts_visited":["Exordium","TheCity","TheBeyond"],"potions_floor_usage":[52,52,52],"damage_taken":[{"damage":11.0,"enemies":"2 Louse","floor":2.0,"turns":4.0},{"damage":23.0,"enemies":"Gremlin Nob","floor":6.0,"turns":5.0},{"damage":8.0,"enemies":"Small Slimes","floor":8.0,"turns":3.0},{"damage":7.0,"enemies":"Replay:BlueRogue","floor":10.0,"turns":6.0},{"damage":0.0,"enemies":"Cultist","floor":11.0,"turns":3.0},{"damage":13.0,"enemies":"Exordium Wildlife","floor":12.0,"turns":5.0},{"damage":0.0,"enemies":"3 Sentries","floor":13.0,"turns":6.0},{"damage":6.0,"enemies":"2 Fungi Beasts","floor":14.0,"turns":4.0},{"damage":0.0,"enemies":"Red Slaver","floor":15.0,"turns":5.0},{"damage":5.0,"enemies":"downfall:Watcher","floor":16.0,"turns":9.0},{"damage":4.0,"enemies":"Shell Parasite","floor":22.0,"turns":3.0},{"damage":0.0,"enemies":"downfall:FleeingMerchant","floor":25.0,"turns":4.0},{"damage":1.0,"enemies":"Centurion and Healer","floor":28.0,"turns":4.0},{"damage":0.0,"enemies":"Book of Stabbing","floor":29.0,"turns":3.0},{"damage":0.0,"enemies":"Snake Plant","floor":30.0,"turns":3.0},{"damage":0.0,"enemies":"Shelled Parasite and Fungi","floor":31.0,"turns":3.0},{"damage":22.0,"enemies":"3 Cultists","floor":32.0,"turns":6.0},{"damage":0.0,"enemies":"Snecko","floor":33.0,"turns":3.0},{"damage":0.0,"enemies":"Centurion and Healer","floor":34.0,"turns":5.0},{"damage":34.0,"enemies":"downfall:Ironclad","floor":35.0,"turns":6.0},{"damage":2.0,"enemies":"3 Shapes","floor":38.0,"turns":3.0},{"damage":3.0,"enemies":"2 Orb Walkers","floor":40.0,"turns":5.0},{"damage":0.0,"enemies":"Nemesis","floor":44.0,"turns":3.0},{"damage":0.0,"enemies":"3 Darklings","floor":45.0,"turns":5.0},{"damage":17.0,"enemies":"Reptomancer","floor":46.0,"turns":6.0},{"damage":0,"enemies":"Mind Bloom Boss Battle","floor":47,"turns":6},{"damage":0,"enemies":"Maw","floor":48,"turns":7},{"damage":0,"enemies":"4 Shapes","floor":50,"turns":4},{"damage":13,"enemies":"Transient","floor":51,"turns":5},{"damage":44,"enemies":"downfall:Silent","floor":52,"turns":12}],"seed_played":"-2730887713523980208","potions_obtained":[{"floor":6.0,"key":"DistilledChaos"},{"floor":8.0,"key":"BlessingOfTheForge"},{"floor":10.0,"key":"EssenceOfSteel"},{"floor":15.0,"key":"DistilledChaos"},{"floor":45.0,"key":"Venom Potion"},{"floor":47,"key":"Dexterity Potion"},{"floor":48,"key":"Strength Potion"}],"is_trial":false,"path_per_floor":["R","M","R","?","?","E","T","M","R","E","M","M","?","M","M","B",null,"R","?","?","R","M","PTL","PTL","$","T","R","M","E","M","M","M","M","M","B",null,"R","M","R","?","?","R","T","E","M","E","?","M","?","M","M","B",null,null],"character_chosen":"THE_SPIRIT","items_purchased":["hexamod:DynamicBlow","BargainBundle","hexamod:HeatMetal","ReplayTheSpireMod:Private Reserves","hexamod:NightmareGuise","hexamod:GhostflameBarrier","hexamod:RadiantFlame"],"campfire_rested":1,"item_purchase_floors":[25,25,25,25,25,25,25],"current_hp_per_floor":[70,59,59,59,59,36,36,30,64,59,61,50,52,48,50,47,80,80,80,65,65,63,63,63,65,65,65,66,68,74,76,56,58,60,28,85,85,83,83,82,72,72,72,84,85,68,70,80,80,82,71,44,44],"gold":459,"neow_bonus":"ONE_RANDOM_RARE_CARD","is_daily":false,"chose_seed":false,"campfire_upgraded":4,"win_rate":0.0,"timestamp":1607851949,"path_taken":["R","M","R","?","?","E","T","M","R","E","M","?","?","M","M","BOSS","R","?","?","R","M","PTL","PTL","?","T","R","M","E","M","M","?","M","M","BOSS","R","M","R","?","?","R","T","E","?","E","?","M","?","M","M","BOSS"],"items_purchased_type":["Card","Relic","Card","Card","Card","Card","Card"],"build_version":"2020-11-30","purchased_purges":1,"victory":true,"max_hp_per_floor":[70,70,70,70,70,70,70,70,80,80,80,80,80,80,80,80,80,80,80,85,85,85,85,85,85,85,85,85,85,85,85,85,85,85,85,85,85,85,85,85,85,85,85,85,85,85,85,85,85,85,85,85,85],"card_choices":[{"not_picked":["hexamod:BacktrackSmack","hexamod:SpectersWail"],"picked":"hexamod:ShieldOfDarkness","floor":2.0},{"not_picked":["hexamod:InspiringFlames","hexamod:PhantomCloak"],"picked":"hexamod:RainOfEmbers","floor":4.0},{"not_picked":["hexamod:SpectralAdrenaline","hexamod:GhostflameBarrier"],"picked":"hexamod:SpectersWail","floor":6.0},{"not_picked":["hexamod:HeatCrush","hexamod:SpectersWail"],"picked":"hexamod:Hexaguard","floor":8.0},{"not_picked":["hexamod:ExtraCrispy","hexamod:Hexaguard"],"picked":"hexamod:RadiantFlame","floor":10.0},{"not_picked":["hexamod:BacktrackSmack","hexamod:InspiringFlames"],"picked":"hexamod:RadiantFlame","floor":11.0},{"not_picked":["hexamod:Hexaguard","hexamod:ExtraCrispy"],"picked":"hexamod:SecondSeal","floor":12.0},{"not_picked":["hexamod:ShieldOfDarkness","hexamod:SpectralAdrenaline"],"picked":"hexamod:FastForward","floor":13.0},{"not_picked":["hexamod:HeatMetal","hexamod:InspiringFlames"],"picked":"hexamod:TimeWarp","floor":14.0},{"not_picked":["hexamod:ShieldOfDarkness","hexamod:GhostLash"],"picked":"hexamod:FastForward","floor":15.0},{"not_picked":["hexamod:ParanormalForm","hexamod:SixthSeal"],"picked":"hexamod:VolcanoVisage","floor":16.0},{"not_picked":[],"picked":"hexamod:ThirdSeal","floor":22.0},{"not_picked":[],"picked":"hexamod:SwordOfDarkness+1","floor":25.0},{"not_picked":[],"picked":"hexamod:FastForward+1","floor":25.0},{"not_picked":[],"picked":"hexamod:SwordOfDarkness","floor":28.0},{"not_picked":[],"picked":"hexamod:PhantomCloak+1","floor":29.0},{"not_picked":[],"picked":"hexamod:Hexaguard","floor":30.0},{"not_picked":["hexamod:ThirdSeal"],"picked":"SKIP","floor":30.0},{"not_picked":[],"picked":"hexamod:RadiantFlame+1","floor":31.0},{"not_picked":[],"picked":"hexamod:ThermalTransfer","floor":32.0},{"not_picked":[],"picked":"hexamod:StepThrough","floor":33.0},{"not_picked":[],"picked":"hexamod:GhostOfSpirePresent","floor":34.0},{"not_picked":[],"picked":"hexamod:EmpoweringStance","floor":35.0},{"not_picked":[],"picked":"hexamod:UnleashSpirits","floor":35.0},{"not_picked":[],"picked":"hexamod:RainOfEmbers","floor":38.0},{"not_picked":[],"picked":"hexamod:ExtraCrispy","floor":40.0},{"not_picked":[],"picked":"hexamod:NecessarySacrifice","floor":40.0},{"not_picked":[],"picked":"expansioncontent:DarkVoid","floor":41.0},{"not_picked":[],"picked":"Replay:SS_hec_1","floor":41.0},{"not_picked":[],"picked":"Replay:SS_forest_6","floor":41.0},{"not_picked":[],"picked":"hexamod:SpectralAdrenaline+1","floor":44.0},{"not_picked":[],"picked":"hexamod:RecurringNightmare+1","floor":44.0},{"not_picked":[],"picked":"hexamod:ChargedBarrage+1","floor":45.0},{"not_picked":[],"picked":"hexamod:ChargedBarrage","floor":46.0},{"not_picked":[],"picked":"hexamod:FastForward","floor":46.0},{"not_picked":[],"picked":"hexamod:HeatShield+1","floor":47},{"not_picked":[],"picked":"hexamod:BurningTouch","floor":48},{"not_picked":[],"picked":"hexamod:SpectersWail+1","floor":50},{"not_picked":[],"picked":"hexamod:EtherealExpedition+1","floor":51}],"player_experience":135671,"relics_obtained":[{"floor":4.0,"key":"Ice Cream"},{"floor":6.0,"key":"Blood Vial"},{"floor":10.0,"key":"Replay:Rubber Ducky"},{"floor":13.0,"key":"ReplayTheSpireMod:TigerMarble"},{"floor":18.0,"key":"hexamod:MatchstickCase"},{"floor":26.0,"key":"Replay:Baseball"},{"floor":29.0,"key":"Divine Protection"},{"floor":36.0,"key":"Iron Hammer"},{"floor":36.0,"key":"Replay:Multitool"},{"floor":36.0,"key":"Grinning Jar"},{"floor":37.0,"key":"Replay:Wax Seal"},{"floor":40.0,"key":"Du-Vu Doll"},{"floor":42.0,"key":"Toy Ornithopter"},{"floor":43.0,"key":"Turnip"},{"floor":44.0,"key":"Ancient Tea Set"},{"floor":46.0,"key":"Whetstone"},{"floor":47,"key":"TungstenRod"}],"event_choices":[{"damage_healed":0.0,"max_hp_gain":0.0,"max_hp_loss":0.0,"gold_gain":0.0,"event_name":"Upgrade Shrine","player_choice":"Upgraded","floor":5.0,"gold_loss":0.0,"damage_taken":0.0,"cards_upgraded":["hexamod:RainOfEmbers"]},{"damage_healed":0.0,"max_hp_gain":0.0,"max_hp_loss":0.0,"gold_gain":0.0,"event_name":"Mysterious Sphere","player_choice":"Fight","floor":40.0,"gold_loss":0.0,"damage_taken":0.0}],"is_beta":false,"boss_relics":[{"not_picked":["Runic Dome","Replay:Bronze Core"],"picked":"Busted Crown"},{"not_picked":["Cursed Key","Empty Cage"],"picked":"Calling Bell"}],"items_purged_floors":[25],"is_endless":false,"potions_floor_spawned":[6,8,10,12,15,22,29,30,31,35,40,45,47,48],"ascension_level":0}}