{"host":"vm8b3ptwl81uq21f","time":1607842175,"event":{"mods":["BaseMod","BetterRewards","Colored Powertips","Downfall","GifTheSpireLib","Googly Eyes","GungeonMod","Halation","Hubris","Minty Spire (QoL Compilation)","Quick Restart","Rare Cards Sparkle","Replay The Spire","Shop Mod","StSLib","Stuff the Spire","The Bug Knight","The IronCluck","[IsaacMod]????"],"gold_per_floor":[111,143,186,216,228,240,252,294,332,360,63,80,97,116,127,223,223,148,168,183,210,210,210,210,525,548,548,548,565,583,424,424,424,441,537,537,537,537,537,552,564,592,592,592,611,636,247,257,272,322,336,336],"floor_reached":53,"playtime":2449,"items_purged":["Slimebound:Tackle","Slimebound:Strike_Slimebound"],"score":926,"play_id":"0add2c62-a5ed-4558-97e8-9b7f4f31a6a2","local_time":"20201213014935","is_ascension_mode":false,"campfire_choices":[{"data":"Slimebound:Split","floor":6.0,"key":"SMITH"},{"data":"Slimebound:MinionMaster","floor":18.0,"key":"SMITH"},{"data":"Slimebound:SplitLeeching","floor":22.0,"key":"SMITH"},{"data":"Slimebound:LevelUp","floor":28,"key":"SMITH"},{"floor":37,"key":"DIG"},{"data":"Slimebound:SplitMire","floor":39,"key":"SMITH"}],"circlet_count":0,"master_deck":["Slimebound:OneTwoCombo+1","Slimebound:Strike_Slimebound","Slimebound:Strike_Slimebound","Slimebound:Defend_Slimebound","Slimebound:Defend_Slimebound","Slimebound:Defend_Slimebound","Slimebound:Defend_Slimebound","Slimebound:Split+1","Slimebound:CorrosiveSpit","Slimebound:SplitAcid","Slimebound:LeechLife","Slimebound:PressTheAttack","Slimebound:SplitMire","Slimebound:ItLooksTasty","Slimebound:SlimeTap","Slimebound:SplitAcid","Slimebound:LeadByExample","Slimebound:SplitMire+1","Slimebound:SplitLeeching+1","Slimebound:MinionMaster+1","Slimebound:RallyTheTroops+1","Hallucinations","Clumsy","Overencumbered","Slimebound:MinionMaster","Slimebound:SplitAcid","Slimebound:LevelUp+1","Slimebound:LevelUp+1","Slimebound:SplitLeeching","expansioncontent:DecasProtection","Slimebound:SplitMire","Slimebound:SlimeSlap+1","Slimebound:OneTwoCombo+1","Slimebound:SplitBruiser","Slimebound:SplitAcid","Slimebound:Replication","Pot Of Greed","Pot Of Greed","Pot Of Greed","Pot Of Greed","Slimebound:SlimeBarrage+1","Flash of Steel+1","Violence","Slimebound:SlimeBarrage+1","Slimebound:SplitBruiser+1"],"relics":["Slimebound:AbsorbEndCombat","HushsDoor","MawBank","Leech","SteamSale","hubris:TinFlute","Odd Mushroom","StuffTheSpire:OldFever","ReplayTheSpireMod:TigerMarble","Chemical X","Replay:Ancient Bell","halation:LettersToHer","Molten Egg 2","Slimebound:PotencyRelic","downfall:HeartBlessingGreen","YumHeart","ReplayTheSpireMod:Lightbulb","Lantern","SacredBark","DemoMod:Orange","halation:PapillonHeart","GuppysTail","Replay:Bottled Steam","halation:PinkSoulGem","Grinning Jar","Happy Flower","Gremlin Horn","Letter Opener","hubris:SlimyHat"],"acts_visited":["Exordium","TheCity","TheBeyond"],"potions_floor_usage":[52,52,52],"damage_taken":[{"damage":6.0,"enemies":"Small Slimes","floor":2.0,"turns":3.0},{"damage":38.0,"enemies":"Lagavulin","floor":3.0,"turns":5.0},{"damage":8.0,"enemies":"Cultist","floor":4.0,"turns":2.0},{"damage":12.0,"enemies":"The Mushroom Lair","floor":8.0,"turns":2.0},{"damage":21.0,"enemies":"Gremlin Nob","floor":9.0,"turns":3.0},{"damage":22.0,"enemies":"Jaw Worm","floor":10.0,"turns":2.0},{"damage":20.0,"enemies":"downfall:FleeingMerchant","floor":11.0,"turns":4.0},{"damage":8.0,"enemies":"3 Louse","floor":12.0,"turns":1.0},{"damage":12.0,"enemies":"Lots of Slimes","floor":13.0,"turns":2.0},{"damage":0.0,"enemies":"Blue Slaver","floor":14.0,"turns":1.0},{"damage":8.0,"enemies":"Gremlin Gang","floor":15.0,"turns":2.0},{"damage":16.0,"enemies":"downfall:Silent","floor":16.0,"turns":3.0},{"damage":12.0,"enemies":"Spheric Guardian","floor":19.0,"turns":2.0},{"damage":26.0,"enemies":"Chosen","floor":20.0,"turns":2.0},{"damage":41.0,"enemies":"Gremlin Leader","floor":21.0,"turns":3.0},{"damage":29.0,"enemies":"downfall:FleeingMerchant","floor":25.0,"turns":4.0},{"damage":16,"enemies":"Snake Plant","floor":29,"turns":2},{"damage":10,"enemies":"3 Cultists","floor":30,"turns":2},{"damage":24,"enemies":"Shelled Parasite and Fungi","floor":34,"turns":2},{"damage":43,"enemies":"downfall:Watcher","floor":35,"turns":4},{"damage":12,"enemies":"3 Shapes","floor":40,"turns":2},{"damage":16,"enemies":"3 Darklings","floor":41,"turns":1},{"damage":38,"enemies":"Giant Head","floor":42,"turns":4},{"damage":34,"enemies":"Writhing Mass","floor":45,"turns":2},{"damage":85,"enemies":"Nemesis","floor":46,"turns":5},{"damage":26,"enemies":"Transient","floor":48,"turns":5},{"damage":9,"enemies":"Spire Growth","floor":49,"turns":2},{"damage":8,"enemies":"Hiden Room Battle","floor":50,"turns":2},{"damage":29,"enemies":"4 Shapes","floor":51,"turns":2},{"damage":13,"enemies":"downfall:Ironclad","floor":52,"turns":2}],"seed_played":"-8100786672448720875","potions_obtained":[{"floor":2.0,"key":"SteroidPotion"},{"floor":12.0,"key":"FearPotion"},{"floor":13.0,"key":"Elixir"},{"floor":15.0,"key":"DuplicationPotion"},{"floor":20.0,"key":"Venom Potion"},{"floor":32,"key":"CultistPotion"},{"floor":48,"key":"DemoMod:LeadSkinPotion"}],"is_trial":false,"path_per_floor":["R","M","E","M","?","R","T","?","E","M","$","M","M","M","M","B",null,"R","M","M","E","R","PTL","PTL","$","T","?","R","M","M","$","?","$","M","B",null,"R","?","R","M","M","E","T","?","M","E","$","M","M","?","M","B",null],"character_chosen":"SLIMEBOUND","items_purchased":["ReplayTheSpireMod:TigerMarble","Chemical X","Slimebound:RallyTheTroops+1","Lantern","expansioncontent:DecasProtection","Slimebound:OneTwoCombo+1","Happy Flower","Gremlin Horn","Flash of Steel+1","Violence"],"campfire_rested":0,"item_purchase_floors":[11,11,17,31,31,36,47,47,47,47],"current_hp_per_floor":[60,60,36,51,51,51,51,60,55,50,60,69,69,69,69,69,65,65,65,63,56,56,56,56,59,59,59,59,65,65,65,65,65,59,56,61,73,69,69,69,65,69,69,69,59,55,55,69,66,66,61,65],"gold":336,"neow_bonus":"RANDOM_COMMON_RELIC","is_daily":false,"chose_seed":false,"campfire_upgraded":5,"win_rate":0.0,"timestamp":1607842175,"path_taken":["R","M","E","M","?","R","T","?","E","M","$","M","?","M","M","BOSS","R","M","M","E","R","PTL","PTL","?","T","?","R","M","M","$","?","?","M","BOSS","R","?","R","M","M","E","T","?","M","E","?","?","M","?","M","BOSS"],"items_purchased_type":["Relic","Relic","Card","Relic","Card","Card","Relic","Relic","Card","Card"],"build_version":"2020-11-30","purchased_purges":2,"victory":true,"max_hp_per_floor":[60,60,60,60,60,60,60,60,60,60,60,69,69,69,69,69,65,65,65,65,65,65,65,65,65,65,65,65,65,65,65,65,65,65,65,61,73,69,69,69,69,69,69,69,69,69,69,69,66,66,66,66],"card_choices":[{"not_picked":[],"picked":"ChaosCard","floor":0.0},{"not_picked":["Slimebound:SlimeTap","Slimebound:ViciousTackle"],"picked":"Slimebound:SplitAcid","floor":2.0},{"not_picked":["Slimebound:LeechingTouch","Slimebound:SplitLeeching"],"picked":"Slimebound:LeechLife","floor":3.0},{"not_picked":["Slimebound:SlimeSpikes","Slimebound:ComboTackle"],"picked":"Slimebound:PressTheAttack","floor":4.0},{"not_picked":["Slimebound:PressTheAttack","Bomb"],"picked":"Slimebound:SplitMire","floor":8.0},{"not_picked":["Slimebound:LeechingTouch","Slimebound:RollThrough"],"picked":"Slimebound:ItLooksTasty","floor":9.0},{"not_picked":["Slimebound:FinishingTackle","Slimebound:FormOfPuddle"],"picked":"Slimebound:SlimeTap","floor":10.0},{"not_picked":["Slimebound:BestDefense","Slimebound:SamplingLick"],"picked":"Slimebound:SplitAcid","floor":11.0},{"not_picked":["Slimebound:LeechingTouch","Slimebound:ViciousTackle"],"picked":"Slimebound:LeadByExample","floor":12.0},{"not_picked":["Slimebound:FinishingTackle","Slimebound:LeechingTouch"],"picked":"Slimebound:SplitMire","floor":13.0},{"not_picked":["Slimebound:Schlurp","Slimebound:ViciousTackle"],"picked":"Slimebound:SplitLeeching","floor":14.0},{"not_picked":["Slimebound:RollThrough","Slimebound:SamplingLick"],"picked":"Bomb","floor":15.0},{"not_picked":["Slimebound:MassRepurpose","Slimebound:PrepareCrush"],"picked":"Slimebound:MinionMaster","floor":16.0},{"not_picked":["Overencumbered","Parasite"],"picked":"Hallucinations","floor":17.0},{"not_picked":["Injury","Delirium"],"picked":"Clumsy","floor":17.0},{"not_picked":["ReplayTheSpireMod:Faulty Equipment","hexamod:Haunted"],"picked":"Overencumbered","floor":17.0},{"not_picked":["Slimebound:ViciousTackle+1","Slimebound:PressTheAttack+1","Slimebound:FinishingTackle+1"],"picked":"SKIP","floor":19.0},{"not_picked":["Slimebound:ViciousTackle+1","Slimebound:Chomp+1","Slimebound:MegaLick"],"picked":"SKIP","floor":20.0},{"not_picked":["Slimebound:TongueLash+1","Slimebound:SlimeSpikes+1"],"picked":"Slimebound:MinionMaster","floor":21.0},{"not_picked":["Slimebound:ComboTackle+1","Slimebound:LeechingTouch+1"],"picked":"Slimebound:SplitAcid","floor":25},{"not_picked":["Slimebound:ComboTackle+1","Slimebound:GoopSpray+1"],"picked":"Slimebound:LevelUp+1","floor":29},{"not_picked":["Slimebound:SlimeSpikes+1","Slimebound:GoopSpray+1"],"picked":"Slimebound:SplitLeeching","floor":30},{"not_picked":["Slimebound:DisruptingSlam+1","Slimebound:LeechLife+1"],"picked":"Slimebound:SplitMire","floor":34},{"not_picked":["Slimebound:CheckThePlaybook","Slimebound:DouseInSlime"],"picked":"Slimebound:SlimeSlap+1","floor":35},{"not_picked":["Slimebound:SplitAcid","Slimebound:Prepare"],"picked":"Slimebound:SplitBruiser","floor":40},{"not_picked":["Slimebound:FinishingTackle+1","Slimebound:PressTheAttack+1"],"picked":"Slimebound:SplitAcid","floor":41},{"not_picked":["Slimebound:FinishingTackle+1","Slimebound:DouseInSlime","Slimebound:SamplingLick"],"picked":"SKIP","floor":42},{"not_picked":["Slimebound:GrowthPunch+1","Slimebound:ViciousTackle+1"],"picked":"Slimebound:Replication","floor":45},{"not_picked":["Slimebound:DouseInSlime","Slimebound:RollThrough+1"],"picked":"Slimebound:SlimeBarrage+1","floor":46},{"not_picked":["Slimebound:RollThrough+1","Slimebound:DisruptingSlam+1","Slimebound:Chomp+1"],"picked":"SKIP","floor":48},{"not_picked":["Slimebound:LivingWall","Slimebound:SplitAcid"],"picked":"Slimebound:SlimeBarrage+1","floor":49},{"not_picked":["Slimebound:SlimeSpikes+1","Slimebound:GrowthPunch+1"],"picked":"Slimebound:SplitBruiser+1","floor":50},{"not_picked":["Slimebound:Equalize+1","Slimebound:RollThrough+1","Slimebound:MassFeed+1"],"picked":"SKIP","floor":51}],"player_experience":283908,"relics_obtained":[{"floor":3.0,"key":"SteamSale"},{"floor":7.0,"key":"hubris:TinFlute"},{"floor":8.0,"key":"Odd Mushroom"},{"floor":9.0,"key":"StuffTheSpire:OldFever"},{"floor":21.0,"key":"YumHeart"},{"floor":26,"key":"halation:LettersToHer"},{"floor":26,"key":"ReplayTheSpireMod:Lightbulb"},{"floor":37,"key":"DemoMod:Orange"},{"floor":42,"key":"GuppysTail"},{"floor":43,"key":"halation:LettersToHer"},{"floor":43,"key":"Replay:Bottled Steam"},{"floor":46,"key":"Grinning Jar"},{"floor":50,"key":"Letter Opener"},{"floor":50,"key":"hubris:SlimyHat"}],"event_choices":[{"damage_healed":0.0,"max_hp_gain":0.0,"max_hp_loss":0.0,"gold_gain":0.0,"event_name":"Mushrooms","player_choice":"Fought Mushrooms","floor":8.0,"gold_loss":0.0,"damage_taken":0.0},{"damage_healed":0,"gold_gain":0,"player_choice":"Read","damage_taken":0,"max_hp_gain":0,"max_hp_loss":0,"event_name":"The Library","floor":27,"gold_loss":0,"cards_obtained":["Slimebound:LevelUp"]},{"damage_healed":0,"gold_gain":0,"player_choice":"Fight","damage_taken":0,"max_hp_gain":0,"max_hp_loss":0,"event_name":"HidenRoomEvent","floor":50,"gold_loss":0}],"is_beta":false,"boss_relics":[{"not_picked":["Replay:Drink Me","Painkiller Herb"],"picked":"Replay:Ancient Bell"},{"not_picked":["DemoMod:WeirdEgg","Replay:Bandana"],"picked":"halation:LettersToHer"},{"not_picked":["Pantograph","SatanicBible"],"picked":"Molten Egg 2"},{"not_picked":["Girya","Replay:Multitool"],"picked":"Slimebound:PotencyRelic"},{"not_picked":[]},{"not_picked":["halation:ForbiddenBikini","hubris:HollowSoul"],"picked":"SacredBark"},{"not_picked":[]}],"items_purged_floors":[31,47],"is_endless":false,"potions_floor_spawned":[2,12,13,15,19,20,29,42,48,51],"ascension_level":0}}