{"host":"vh33hu3wddwn6yt6","time":1607884635,"event":{"mods":["AchievementEnabler","Act Like it!","Aspiration","BaseMod","Better Altar","Better Match","Better Note","Better Sensory Stone","Better Skull","Better Third Choice","BetterRewards","Downfall","Hubris","Minty Spire (QoL Compilation)","Permanent Neow","Replay The Spire","Shade Mod","Shop Mod","Spicy Shops","StSLib","SuperFastMode","The Blackbeard","The Necromancer","The Poker Player","The Servant 0.9.4","Wandering Minibosses"],"gold_per_floor":[99,99,132,43,76,1,24,55,68,100,117,29,93,105,116,214,214,64,93,93,126,136,136,136,171,171,203,203,53,53,65,82,186,186,186,220,220,238,268,286,340,354,379,379,392,392,392,405,422,422,422,450,168,168,168],"floor_reached":56,"playtime":2068,"items_purged":[],"score":1672,"play_id":"276eaf41-dd0b-416b-99b5-5ab0cc80a4c4","local_time":"20201213193715","is_ascension_mode":true,"campfire_choices":[{"floor":1.0,"key":"RECALL"},{"data":"Shade:SpectralStrikes","floor":6.0,"key":"SMITH"},{"data":"Shade:AuraOfUnlife","floor":18.0,"key":"SMITH"},{"floor":20.0,"key":"REST"},{"floor":26.0,"key":"REST"},{"data":"Shade:Carnophage","floor":35,"key":"SMITH"},{"data":"Shade:Carnophage","floor":44,"key":"SMITH"},{"floor":54,"key":"REST"}],"circlet_count":0,"master_deck":["Shade:Strike_Shade","Shade:Strike_Shade","Shade:Strike_Shade","Shade:Strike_Shade","Shade:Defend_Shade","Shade:Defend_Shade","Shade:Defend_Shade","Shade:Defend_Shade","Shade:AnimateDead+1","Shade:CarefulCut","Shade:Bonestorm","Shade:Carnophage+1","Shade:SpectralStrikes+1","Shade:Carnophage+1","Shade:ExtraLimbs+1","Shade:ExtraLimbs+1","Shade:Bonestorm","Shade:AuraOfUnlife+1","Strike_S","Shade:ExtraLimbs+1","Shade:AuraOfUnlife+1","Decay","Shade:AuraOfUnlife+1","Replay:SS_forest_2+1","Shame","Shade:FleshToFlesh+1","Shade:SpectralStrikes+1","Shade:Putrefaction+1","Shade:OpenGraves+1","Shade:ExtraLimbs+1","Shade:FleshToFlesh+1","Shade:ExtraLimbs+1","Shade:SpectralStrikes+1","Shade:AuraOfUnlife+1","Shade:ExtraLimbs+1"],"relics":["Shade:YorickPolishedSkull","MealTicket","Letter Opener","downfall:HeartBlessingRed","Orichalcum","Replay:WaspNest","hubris:BundleOfHerbs","Replay:Bronze Core","downfall:HeartBlessingGreen","downfall:HeartBlessingBlue","Vajra","Pen Nib","Frozen Egg 2","Kunai","Replay:Bottled Eggs","BargainBundle","Darkstone Periapt","Ornamental Fan","Anchor","hubris:SphereOfDissonance","aspiration:VileToxins","Blood Vial","hubris:Icosahedron","Frozen Eye","hubris:Spice","PrismaticShard"],"acts_visited":["Exordium","TheCity","TheBeyond","TheEnding"],"potions_floor_usage":[29,33,36,50,55,55],"damage_taken":[{"damage":23.0,"enemies":"Gremlin Nob","floor":3.0,"turns":5.0},{"damage":0.0,"enemies":"downfall:FleeingMerchant","floor":4.0,"turns":4.0},{"damage":10.0,"enemies":"Lagavulin","floor":5.0,"turns":8.0},{"damage":1.0,"enemies":"3 Sentries","floor":8.0,"turns":7.0},{"damage":0.0,"enemies":"2 Louse","floor":9.0,"turns":2.0},{"damage":10.0,"enemies":"Replay:BlueRogue","floor":10.0,"turns":4.0},{"damage":1.0,"enemies":"Cultist","floor":11.0,"turns":3.0},{"damage":6.0,"enemies":"downfall:FleeingMerchant","floor":12.0,"turns":4.0},{"damage":10.0,"enemies":"Lagavulin Event","floor":13.0,"turns":5.0},{"damage":0.0,"enemies":"Small Slimes","floor":14.0,"turns":2.0},{"damage":4.0,"enemies":"Exordium Thugs","floor":15.0,"turns":3.0},{"damage":23.0,"enemies":"downfall:Ironclad","floor":16.0,"turns":8.0},{"damage":35.0,"enemies":"Gremlin Leader","floor":19.0,"turns":6.0},{"damage":20.0,"enemies":"Book of Stabbing","floor":21.0,"turns":5.0},{"damage":2.0,"enemies":"Shell Parasite","floor":22.0,"turns":5.0},{"damage":15.0,"enemies":"Gremlin Leader","floor":25.0,"turns":4.0},{"damage":0.0,"enemies":"Replay:Snechameleon","floor":27.0,"turns":5.0},{"damage":0,"enemies":"downfall:FleeingMerchant","floor":29,"turns":4},{"damage":0,"enemies":"Centurion and Healer","floor":31,"turns":4},{"damage":5,"enemies":"Snake Plant","floor":32,"turns":6},{"damage":9,"enemies":"downfall:Silent","floor":33,"turns":7},{"damage":21,"enemies":"Nemesis","floor":36,"turns":5},{"damage":0,"enemies":"3 Darklings","floor":38,"turns":5},{"damage":2,"enemies":"R_Hoarder","floor":39,"turns":6},{"damage":0,"enemies":"3 Shapes","floor":40,"turns":6},{"damage":3,"enemies":"3 Darklings","floor":42,"turns":4},{"damage":0,"enemies":"Giant Head","floor":43,"turns":6},{"damage":0,"enemies":"Spire Growth","floor":45,"turns":3},{"damage":0,"enemies":"Maw","floor":48,"turns":5},{"damage":5,"enemies":"Transient","floor":49,"turns":5},{"damage":0,"enemies":"downfall:Watcher","floor":50,"turns":4},{"damage":22,"enemies":"downfall:CharBossMerchant","floor":52,"turns":7},{"damage":16,"enemies":"downfall:NeowBoss","floor":55,"turns":15}],"seed_played":"4366483733484929263","potions_obtained":[{"floor":5.0,"key":"Milkshake"},{"floor":8.0,"key":"SkillPotion"},{"floor":11.0,"key":"sneckomod:MuddlingPotion"},{"floor":13.0,"key":"Block Potion"},{"floor":22.0,"key":"LiquidMemories"},{"floor":25.0,"key":"ColorlessPotion"},{"floor":27.0,"key":"Strength Potion"},{"floor":36,"key":"FearPotion"},{"floor":40,"key":"DistilledChaos"}],"is_trial":false,"path_per_floor":["R","?","E","$","E","R","T","E","M","E","M","$","?","M","M","B",null,"R","E","R","E","M","?","T","E","R","E","?","$","?","M","M","B",null,"R","E","?","M","E","M","T","M","E","R","M","?","?","M","M","B",null,"E","$","R","B",null],"character_chosen":"SHADE","items_purchased":["Shade:Carnophage","Shade:ExtraLimbs","BargainBundle","Darkstone Periapt","Ornamental Fan","Shade:AuraOfUnlife+1","Replay:SS_forest_2+1","EssenceOfSteel","AttackPotion","Dexterity Potion","PrismaticShard","hubris:Spice","Shade:ExtraLimbs","CultistPotion"],"campfire_rested":3,"item_purchase_floors":[4,12,29,29,29,29,29,29,29,29,53,53,53,53],"current_hp_per_floor":[71,71,48,63,53,53,53,52,52,42,41,50,40,40,36,33,71,81,46,70,50,48,48,48,33,57,57,57,72,78,78,73,64,87,87,66,69,69,67,67,67,64,64,64,66,66,66,68,65,67,90,76,99,106,90],"gold":168,"neow_bonus":"TEN_PERCENT_HP_BONUS","is_daily":false,"chose_seed":false,"campfire_upgraded":4,"win_rate":0.0,"timestamp":1607884635,"path_taken":["R","?","E","$","E","R","T","E","?","E","M","$","?","M","M","BOSS","R","E","R","E","M","?","T","E","R","E","?","$","?","M","M","BOSS","R","E","?","M","E","M","T","M","E","R","M","?","?","?","M","BOSS","E","$","R","BOSS"],"items_purchased_type":["Card","Card","Relic","Relic","Relic","Card","Card","Potion","Potion","Potion","Relic","Relic","Card","Potion"],"build_version":"2020-11-30","purchased_purges":0,"victory":true,"max_hp_per_floor":[71,71,71,71,71,71,71,71,71,71,71,71,71,71,71,71,71,81,81,81,81,81,81,81,81,81,81,81,81,87,87,87,87,87,87,87,90,90,90,90,90,90,90,90,90,90,90,90,90,90,90,98,106,106,106],"card_choices":[{"not_picked":["Shade:CommandSoldier","Shade:FleshOffering","Shade:SelfBurial"],"picked":"SKIP","floor":3.0},{"not_picked":["Shade:Patience","Shade:Frenzy"],"picked":"Shade:Bonestorm","floor":4.0},{"not_picked":["Shade:BoneShards","Shade:Frenzy"],"picked":"Shade:SpectralStrikes","floor":5.0},{"not_picked":["Shade:Haruspicy","Shade:Trample","Shade:FeralStrike"],"picked":"SKIP","floor":8.0},{"not_picked":["Shade:Frenzy","Shade:GraveStillness","Shade:GreyBargain"],"picked":"SKIP","floor":9.0},{"not_picked":["Shade:Bonestorm","Shade:GraveStillness"],"picked":"Shade:Carnophage","floor":10.0},{"not_picked":["Shade:UnbarTheGrave","Shade:CallWraith","Shade:AncientSpear"],"picked":"SKIP","floor":11.0},{"not_picked":["Shade:BoneShards","Shade:AncientSpear","Shade:GraveStillness"],"picked":"SKIP","floor":12.0},{"not_picked":["Shade:GraveStillness","Shade:AblativeArmor"],"picked":"Shade:ExtraLimbs","floor":13.0},{"not_picked":["Shade:GraveStillness","Shade:BoneShards"],"picked":"Shade:Bonestorm","floor":14.0},{"not_picked":["Shade:ClawBack","Shade:LyeBath"],"picked":"Shade:AuraOfUnlife","floor":15.0},{"not_picked":["Shade:GraveStillness","Shade:FleshLikeOak+1","Shade:FreshBones"],"picked":"SKIP","floor":19.0},{"not_picked":["Shade:StitchTogether+1","Shade:SanguineRitual","Shade:FingerOfDeath"],"picked":"SKIP","floor":21.0},{"not_picked":["Shade:DangerousRitual","Shade:TouchOfTheGrave+1","Shade:StitchTogether"],"picked":"SKIP","floor":22.0},{"not_picked":["Shade:FingerOfDeath+1","Shade:SkeletonHug+1"],"picked":"Shade:ExtraLimbs","floor":25.0},{"not_picked":["Shade:LichForm+1","Shade:GraveStillness"],"picked":"Shade:AuraOfUnlife+1","floor":27.0},{"not_picked":["Shade:ScuttlingHand","Shade:Coordination+1","Shade:FuneraryArmor"],"picked":"SKIP","floor":29},{"not_picked":["Shade:WallOfFlesh","Shade:Bite_Shade"],"picked":"Shade:FleshToFlesh+1","floor":31},{"not_picked":["Shade:AncientSpear","Shade:TouchOfTheGrave+1"],"picked":"Shade:SpectralStrikes+1","floor":32},{"not_picked":["Shade:Tombstone","Shade:UnbarTheGrave"],"picked":"Shade:Putrefaction+1","floor":33},{"not_picked":["Shade:ClawBack+1","Shade:Excise+1"],"picked":"Shade:OpenGraves+1","floor":36},{"not_picked":["Shade:CommandSoldier","Shade:Premonition+1","Shade:AncientSpear+1"],"picked":"SKIP","floor":38},{"not_picked":["Shade:FeralStrike","Shade:WallOfFlesh+1"],"picked":"Shade:ExtraLimbs+1","floor":39},{"not_picked":["Shade:AncientSpear+1","Shade:PressTheAttack+1"],"picked":"Shade:FleshToFlesh+1","floor":40},{"not_picked":["Shade:Bite_Shade","Shade:MadHubris"],"picked":"Shade:ExtraLimbs","floor":42},{"not_picked":["Shade:ClawBack+1","Shade:Bite_Shade+1","Shade:FleshOffering"],"picked":"SKIP","floor":43},{"not_picked":["Shade:FeralStrike+1","Shade:StitchTogether+1","Shade:SanguineRitual+1"],"picked":"SKIP","floor":45},{"not_picked":["Shade:ScuttlingHand","Shade:GreyBargain+1"],"picked":"Shade:SpectralStrikes+1","floor":48},{"not_picked":["Shade:FingerOfDeath+1","Shade:Haruspicy+1","Shade:Bonestorm+1"],"picked":"SKIP","floor":49},{"not_picked":["Shade:SelfBurial","Shade:SensePrey"],"picked":"Shade:AuraOfUnlife+1","floor":52}],"player_experience":512043,"relics_obtained":[{"floor":3.0,"key":"MealTicket"},{"floor":5.0,"key":"Letter Opener"},{"floor":8.0,"key":"Orichalcum"},{"floor":10.0,"key":"Replay:WaspNest"},{"floor":13.0,"key":"hubris:BundleOfHerbs"},{"floor":19.0,"key":"Vajra"},{"floor":21.0,"key":"Pen Nib"},{"floor":24.0,"key":"Frozen Egg 2"},{"floor":25.0,"key":"Kunai"},{"floor":27.0,"key":"Replay:Bottled Eggs"},{"floor":36,"key":"hubris:SphereOfDissonance"},{"floor":39,"key":"aspiration:VileToxins"},{"floor":43,"key":"Blood Vial"},{"floor":52,"key":"Frozen Eye"},{"floor":52,"key":"hubris:Spice"}],"event_choices":[{"damage_healed":0.0,"max_hp_gain":0.0,"max_hp_loss":0.0,"gold_gain":0.0,"event_name":"Upgrade Shrine","player_choice":"Upgraded","floor":2.0,"gold_loss":0.0,"damage_taken":0.0,"cards_upgraded":["Shade:AnimateDead"]},{"damage_healed":0.0,"max_hp_gain":0.0,"max_hp_loss":0.0,"gold_gain":0.0,"event_name":"betterNote:BetterNote","player_choice":"Take","floor":23.0,"gold_loss":0.0,"damage_taken":0.0,"cards_obtained":["Strike_S"]},{"damage_healed":0,"gold_gain":0,"player_choice":"Stole Relic","damage_taken":0,"relics_obtained":["Anchor"],"max_hp_gain":0,"max_hp_loss":0,"event_name":"Addict","floor":30,"gold_loss":0,"cards_obtained":["Shame"]},{"damage_healed":0,"gold_gain":0,"player_choice":"Ignored","damage_taken":0,"max_hp_gain":0,"max_hp_loss":0,"event_name":"Purifier","floor":47,"gold_loss":0}],"is_beta":false,"boss_relics":[{"not_picked":["Fusion Hammer","hubris:GrandSneckoEye"],"picked":"Replay:Bronze Core"},{"not_picked":["Honey Jar","aspiration:FutureDiary"],"picked":"Shade:YorickPolishedSkull"}],"items_purged_floors":[],"is_endless":false,"potions_floor_spawned":[5,8,11,13,22,25,27,36,40,45,49],"ascension_level":1}}