{"host":"63rwe7p34ct1i0qu","time":1607882560,"event":{"mods":["BaseMod","DeckTracker","Minty Spire (QoL Compilation)","Permanent Neow","Quick Restart","StSLib"],"gold_per_floor":[119,130,130,147,166,166,176,187,235,235,235,235,185,200,200,300,300,310,310,330,350,350],"floor_reached":21,"playtime":712,"items_purged":[],"score":236,"play_id":"0bb49bd9-e1bf-4f5d-91f4-69058e83b9e3","local_time":"20201214030240","is_ascension_mode":true,"campfire_choices":[{"data":"Darkness","floor":6,"key":"SMITH"},{"data":"Dualcast","floor":10,"key":"SMITH"},{"floor":12,"key":"REST"},{"floor":15,"key":"REST"}],"circlet_count":0,"master_deck":["Defend_B","Defend_B","Defend_B","Defend_B","Zap+1","Dualcast+1","Core Surge","Darkness+1","Echo Form","Turbo","Buffer","Seek+1","Auto Shields+1","Darkness+1","Skim+1"],"relics":["Cracked Core","Strawberry","Regal Pillow","Astrolabe"],"acts_visited":["Exordium","TheCity"],"potions_floor_usage":[21],"damage_taken":[{"damage":4,"enemies":"Jaw Worm","floor":1,"turns":4},{"damage":1,"enemies":"Cultist","floor":2,"turns":3},{"damage":1,"enemies":"2 Louse","floor":4,"turns":2},{"damage":13,"enemies":"Exordium Wildlife","floor":5,"turns":3},{"damage":7,"enemies":"2 Fungi Beasts","floor":7,"turns":3},{"damage":4,"enemies":"Red Slaver","floor":8,"turns":3},{"damage":27,"enemies":"Exordium Wildlife","floor":14,"turns":5},{"damage":58,"enemies":"The Guardian","floor":16,"turns":8},{"damage":19,"enemies":"Shell Parasite","floor":18,"turns":5},{"damage":7,"enemies":"Chosen","floor":20,"turns":4},{"damage":37,"enemies":"Snake Plant","floor":21,"turns":4}],"seed_played":"-5733706825516843480","potions_obtained":[{"floor":2,"key":"FearPotion"},{"floor":4,"key":"GamblersBrew"},{"floor":7,"key":"LiquidBronze"},{"floor":14,"key":"Explosive Potion"},{"floor":21,"key":"Dexterity Potion"}],"is_trial":false,"path_per_floor":["M","M","?","M","M","R","M","M","T","R","T","R","?","M","R","B",null,"M","?","M","M"],"character_chosen":"DEFECT","items_purchased":[],"campfire_rested":2,"item_purchase_floors":[],"current_hp_per_floor":[64,63,63,62,49,49,42,38,45,45,45,82,82,55,82,24,68,49,54,47,10,10],"gold":350,"neow_bonus":"ONE_RANDOM_RARE_CARD","is_daily":false,"chose_seed":false,"campfire_upgraded":2,"win_rate":0.0,"timestamp":1607882560,"path_taken":["M","M","?","M","M","R","M","?","T","R","?","R","?","M","R","BOSS","M","?","M","M"],"items_purchased_type":[],"build_version":"2020-11-30","purchased_purges":0,"victory":false,"max_hp_per_floor":[75,75,75,75,75,75,75,75,82,82,82,82,82,82,82,82,82,82,82,82,82,82],"card_choices":[{"not_picked":["Steam","Turbo"],"picked":"Streamline","floor":1},{"not_picked":["Double Energy","Coolheaded"],"picked":"Darkness","floor":2},{"not_picked":["Static Discharge","Doom and Gloom"],"picked":"Echo Form","floor":4},{"not_picked":["Cold Snap","Compile Driver"],"picked":"Turbo","floor":5},{"not_picked":["Beam Cell","Sweeping Beam","Hello World"],"picked":"SKIP","floor":7},{"not_picked":["Conserve Battery","Stack","FTL"],"picked":"SKIP","floor":8},{"not_picked":["Turbo","Stack","Go for the Eyes"],"picked":"SKIP","floor":14},{"not_picked":["Echo Form","Multi-Cast"],"picked":"Buffer","floor":16},{"not_picked":["BootSequence","Stack"],"picked":"Skim+1","floor":18},{"not_picked":["Beam Cell+1","Auto Shields","Rip and Tear"],"picked":"SKIP","floor":20},{"not_picked":["Stack+1","Loop","Compile Driver"],"picked":"SKIP","floor":21}],"player_experience":751502,"relics_obtained":[{"floor":9,"key":"Strawberry"},{"floor":11,"key":"Regal Pillow"}],"event_choices":[{"damage_healed":0,"gold_gain":0,"player_choice":"Upgraded","damage_taken":0,"max_hp_gain":0,"max_hp_loss":0,"event_name":"Upgrade Shrine","floor":3,"gold_loss":0,"cards_upgraded":["Zap"]},{"cards_removed":["Strike_B"],"damage_healed":0,"gold_gain":0,"player_choice":"Card Removal","damage_taken":0,"max_hp_gain":0,"max_hp_loss":0,"event_name":"The Cleric","floor":13,"gold_loss":50},{"cards_removed":["Streamline"],"damage_healed":5,"gold_gain":0,"player_choice":"Offered Common","damage_taken":0,"max_hp_gain":0,"max_hp_loss":0,"event_name":"Bonfire Elementals","floor":19,"gold_loss":0},{"cards_removed":["Streamline"],"damage_healed":5,"gold_gain":0,"player_choice":"Offered Special","damage_taken":0,"max_hp_gain":0,"max_hp_loss":0,"event_name":"Bonfire Elementals","floor":19,"gold_loss":0}],"is_beta":false,"boss_relics":[{"not_picked":["Snecko Eye","SlaversCollar"],"picked":"Astrolabe"}],"items_purged_floors":[],"is_endless":false,"potions_floor_spawned":[2,4,7,14,18,21],"killed_by":"Snake Plant","ascension_level":7}}