{"host":"ow9msrs9p2ctkx99","time":1607900674,"event":{"mods":["AchievementEnabler","BaseMod","Colored Map","Colored Powertips","Minty Spire (QoL Compilation)","Permanent Neow","Quick Restart","SuperFastMode"],"gold_per_floor":[211,386,386,182,132,132,167,167,167,197,197,6,23,42,42,145,145,163,163,163,175,175,175,205,105,105,105,105,105],"floor_reached":28,"playtime":418,"items_purged":["Strike_B","Writhe"],"score":450,"play_id":"c57d89b4-dc77-4525-ad0e-c0d3534e6e22","local_time":"20201214000434","is_ascension_mode":true,"campfire_choices":[{"data":"Dualcast","floor":6.0,"key":"SMITH"},{"data":"Tempest","floor":8.0,"key":"SMITH"},{"data":"Fission","floor":11.0,"key":"SMITH"},{"floor":15.0,"key":"REST"},{"data":"Capacitor","floor":23,"key":"SMITH"},{"floor":27,"key":"REST"}],"circlet_count":0,"master_deck":["AscendersBane","Strike_B+1","Strike_B+1","Defend_B+1","Defend_B+1","Defend_B+1","Defend_B+1","Zap","Dualcast+1","Sweeping Beam","Capacitor+1","Tempest+1","Fission+1","Doom and Gloom","Turbo","Barrage","Core Surge","Ball Lightning+1","Compile Driver+1","Glacier+1"],"relics":["Cracked Core","Oddly Smooth Stone","Letter Opener","TungstenRod","OrangePellets","SlaversCollar","Meat on the Bone","Anchor"],"acts_visited":["Exordium","TheCity"],"potions_floor_usage":[18,24],"damage_taken":[{"damage":7.0,"enemies":"Jaw Worm","floor":1.0,"turns":3.0},{"damage":23.0,"enemies":"Lagavulin","floor":7.0,"turns":8.0},{"damage":18.0,"enemies":"3 Sentries","floor":10.0,"turns":4.0},{"damage":0.0,"enemies":"Small Slimes","floor":13.0,"turns":1.0},{"damage":1.0,"enemies":"2 Louse","floor":14.0,"turns":2.0},{"damage":0.0,"enemies":"Slime Boss","floor":16.0,"turns":7.0},{"damage":9,"enemies":"2 Thieves","floor":18,"turns":2},{"damage":10,"enemies":"Spheric Guardian","floor":21,"turns":3},{"damage":32,"enemies":"Book of Stabbing","floor":24,"turns":5},{"damage":52,"enemies":"Gremlin Leader","floor":28,"turns":5}],"seed_played":"-4311772166549523435","potions_obtained":[{"floor":7.0,"key":"LiquidMemories"},{"floor":14.0,"key":"PotionOfCapacity"},{"floor":16.0,"key":"PotionOfCapacity"},{"floor":18,"key":"Energy Potion"},{"floor":24,"key":"DuplicationPotion"}],"is_trial":false,"path_per_floor":["M","?","?","$","?","R","E","R","T","E","R","$","M","M","R","B",null,"M","?","?","M","?","R","E","$","T","R","E"],"character_chosen":"DEFECT","items_purchased":["Capacitor","Strength Potion","OrangePellets","Doom and Gloom"],"campfire_rested":2,"item_purchase_floors":[4,4,12,12],"current_hp_per_floor":[61,61,61,61,61,61,38,38,38,20,20,20,20,19,41,41,67,58,45,45,47,47,47,27,27,27,51,0,0],"gold":105,"neow_bonus":"HUNDRED_GOLD","is_daily":false,"chose_seed":false,"campfire_upgraded":4,"win_rate":0.0,"timestamp":1607900674,"path_taken":["M","?","?","$","?","R","E","R","T","E","R","$","M","M","R","BOSS","M","?","?","M","?","R","E","?","T","R","E"],"items_purchased_type":["Card","Potion","Relic","Card"],"build_version":"2020-11-30","purchased_purges":2,"victory":false,"max_hp_per_floor":[75,75,75,75,75,75,75,75,75,75,75,75,75,75,75,75,75,75,80,80,80,80,80,80,80,80,80,80,80],"card_choices":[{"not_picked":["Ball Lightning","Scrape"],"picked":"Sweeping Beam","floor":1.0},{"not_picked":["Capacitor","Go for the Eyes"],"picked":"Tempest","floor":7.0},{"not_picked":["Streamline","Compile Driver"],"picked":"Fission","floor":10.0},{"not_picked":["Beam Cell","Reprogram"],"picked":"Turbo","floor":13.0},{"not_picked":["Go for the Eyes","Gash"],"picked":"Barrage","floor":14.0},{"not_picked":["Hyperbeam","Machine Learning"],"picked":"Core Surge","floor":16.0},{"not_picked":["Auto Shields","Leap"],"picked":"Ball Lightning+1","floor":18},{"not_picked":["Redo","Streamline+1"],"picked":"Compile Driver+1","floor":21},{"not_picked":["Cold Snap","Streamline"],"picked":"Glacier+1","floor":24}],"player_experience":1050058,"relics_obtained":[{"floor":7.0,"key":"Oddly Smooth Stone"},{"floor":9.0,"key":"Letter Opener"},{"floor":10.0,"key":"TungstenRod"},{"floor":24,"key":"Anchor"}],"event_choices":[{"damage_healed":0.0,"max_hp_gain":0.0,"max_hp_loss":0.0,"gold_gain":175.0,"event_name":"Liars Game","player_choice":"AGREE","floor":2.0,"gold_loss":0.0,"damage_taken":0.0,"cards_obtained":["Doubt"]},{"cards_removed":["Doubt"],"damage_healed":0.0,"max_hp_gain":0.0,"max_hp_loss":0.0,"gold_gain":0.0,"event_name":"Living Wall","player_choice":"Forget","floor":3.0,"gold_loss":0.0,"damage_taken":0.0},{"cards_removed":["Strike_B"],"damage_healed":0.0,"max_hp_gain":0.0,"max_hp_loss":0.0,"gold_gain":0.0,"event_name":"The Cleric","player_choice":"Card Removal","floor":5.0,"gold_loss":50.0,"damage_taken":0.0},{"damage_healed":0,"gold_gain":0,"player_choice":"Shed Blood","damage_taken":19,"max_hp_gain":5,"max_hp_loss":0,"event_name":"Forgotten Altar","floor":19,"gold_loss":0},{"damage_healed":0,"gold_gain":0,"player_choice":"Opened","damage_taken":0,"relics_obtained":["Meat on the Bone"],"max_hp_gain":0,"max_hp_loss":0,"event_name":"The Mausoleum","floor":20,"gold_loss":0,"cards_obtained":["Writhe"]},{"damage_healed":0,"gold_gain":0,"player_choice":"Simplicity","damage_taken":0,"max_hp_gain":0,"max_hp_loss":0,"event_name":"Back to Basics","floor":22,"gold_loss":0,"cards_upgraded":["Strike_B","Strike_B","Defend_B","Defend_B","Defend_B","Defend_B"]}],"is_beta":false,"boss_relics":[{"not_picked":["Pandora\u0027s Box","Coffee Dripper"],"picked":"SlaversCollar"}],"items_purged_floors":[4,25],"is_endless":false,"potions_floor_spawned":[7,14,16,18,24],"killed_by":"Gremlin Leader","ascension_level":11}}