{"host":"3a1ypf1irl30q4k8","time":1607892742,"event":{"mods":["AchievementEnabler","BaseMod","Bestiary","Colored Map","Minty Spire (QoL Compilation)","Relic Stats"],"gold_per_floor":[110,124,136,154,154,154,180,180,180,180,3,21,32,12,12,113,113,130,145,145,158,58,88,88,102,181,141,141,159,175,191,191,191,191],"floor_reached":33,"playtime":1333,"items_purged":["Strike_P"],"score":394,"play_id":"268d4505-c9b1-4a1f-b5a0-1222add857d3","local_time":"20201213205222","is_ascension_mode":true,"campfire_choices":[{"data":"PathToVictory","floor":6,"key":"SMITH"},{"data":"Eruption","floor":8,"key":"SMITH"},{"data":"Vigilance","floor":10,"key":"SMITH"},{"floor":15,"key":"REST"},{"floor":24,"key":"REST"},{"floor":28,"key":"REST"},{"floor":32,"key":"REST"}],"circlet_count":0,"master_deck":["Strike_P","Strike_P","Strike_P","Defend_P","Defend_P","Defend_P+1","Defend_P","Eruption+1","Vigilance+1","Prostrate","FlurryOfBlows+1","PathToVictory+1","BattleHymn+1","Evaluate","PathToVictory","InnerPeace","MentalFortress","Halt","Prostrate","Meditate","BowlingBash","Wallop+1"],"relics":["Busted Crown","Torii","Mango","Membership Card","Black Star","Ice Cream","Centennial Puzzle","Art of War","Pear"],"acts_visited":["Exordium","TheCity"],"potions_floor_usage":[13,19,19,19,23,23,29,29,30,33],"damage_taken":[{"damage":6,"enemies":"Cultist","floor":1,"turns":5},{"damage":0,"enemies":"2 Louse","floor":2,"turns":2},{"damage":0,"enemies":"Small Slimes","floor":3,"turns":2},{"damage":9,"enemies":"Red Slaver","floor":4,"turns":3},{"damage":17,"enemies":"Lagavulin","floor":7,"turns":5},{"damage":10,"enemies":"Blue Slaver","floor":12,"turns":3},{"damage":10,"enemies":"Gremlin Gang","floor":13,"turns":3},{"damage":0,"enemies":"Slime Boss","floor":16,"turns":5},{"damage":0,"enemies":"Chosen","floor":18,"turns":3},{"damage":22,"enemies":"2 Thieves","floor":19,"turns":2},{"damage":0,"enemies":"Cultist and Chosen","floor":21,"turns":4},{"damage":45,"enemies":"Gremlin Leader","floor":23,"turns":4},{"damage":9,"enemies":"Snake Plant","floor":25,"turns":3},{"damage":12,"enemies":"3 Cultists","floor":29,"turns":4},{"damage":28,"enemies":"Snecko","floor":30,"turns":6},{"damage":19,"enemies":"Sentry and Sphere","floor":31,"turns":5},{"damage":53,"enemies":"Collector","floor":33,"turns":5}],"seed_played":"398349970091354276","potions_obtained":[{"floor":3,"key":"StancePotion"},{"floor":12,"key":"SpeedPotion"},{"floor":13,"key":"Explosive Potion"},{"floor":16,"key":"Explosive Potion"},{"floor":21,"key":"PowerPotion"},{"floor":23,"key":"StancePotion"},{"floor":25,"key":"Fire Potion"},{"floor":29,"key":"StancePotion"},{"floor":31,"key":"EssenceOfSteel"}],"is_trial":false,"path_per_floor":["M","M","M","M","?","R","E","R","T","R","$","M","M","$","R","B",null,"M","M","?","M","$","E","R","M","T","?","R","M","M","M","R","B"],"character_chosen":"WATCHER","items_purchased":["Membership Card","Evaluate","InnerPeace","Meditate","AttackPotion"],"campfire_rested":4,"item_purchase_floors":[11,11,14,22,22],"current_hp_per_floor":[66,66,66,57,57,57,40,40,54,54,54,44,34,34,59,59,86,86,64,64,64,64,19,44,35,45,45,73,61,33,14,42,0,0],"gold":191,"neow_bonus":"BOSS_RELIC","is_daily":false,"chose_seed":false,"campfire_upgraded":3,"win_rate":0.0,"timestamp":1607892742,"path_taken":["M","M","?","M","?","R","E","R","T","R","$","M","M","?","R","BOSS","M","M","?","M","$","E","R","?","T","?","R","?","M","M","R","BOSS"],"items_purchased_type":["Relic","Card","Card","Card","Potion"],"build_version":"2020-11-30","purchased_purges":1,"victory":false,"max_hp_per_floor":[72,72,72,72,72,72,72,72,86,86,86,86,86,86,86,86,86,86,86,86,86,86,86,86,86,96,96,96,96,96,96,96,96,96],"relic_stats":{"Centennial Puzzle":[15],"Busted Crown":32,"Torii":5,"counters":[17,64],"Black Star":1,"Art of War":[2],"obtain_stats":[{"Ice Cream":20,"Centennial Puzzle":23,"Busted Crown":0,"Pear":26,"Torii":7,"Mango":9,"Black Star":17,"Art of War":23,"Membership Card":11,"PureWater":0},{"Ice Cream":10,"Centennial Puzzle":12,"Busted Crown":0,"Pear":13,"Torii":5,"Mango":5,"Black Star":8,"Art of War":12,"Membership Card":5,"PureWater":0},{"Ice Cream":33,"Centennial Puzzle":41,"Busted Crown":0,"Pear":44,"Torii":17,"Mango":17,"Black Star":28,"Art of War":41,"Membership Card":17,"PureWater":0}]},"card_choices":[{"not_picked":[],"picked":"Prostrate","floor":1},{"not_picked":[],"picked":"FlurryOfBlows","floor":2},{"not_picked":[],"picked":"PathToVictory","floor":3},{"not_picked":[],"picked":"BattleHymn","floor":4},{"not_picked":["DeceiveReality"],"picked":"SKIP","floor":7},{"not_picked":["Sanctity"],"picked":"SKIP","floor":12},{"not_picked":[],"picked":"PathToVictory","floor":13},{"not_picked":[],"picked":"Establishment","floor":16},{"not_picked":[],"picked":"MentalFortress","floor":18},{"not_picked":[],"picked":"Halt","floor":19},{"not_picked":[],"picked":"Prostrate","floor":21},{"not_picked":["FollowUp"],"picked":"SKIP","floor":23},{"not_picked":[],"picked":"BowlingBash","floor":25},{"not_picked":["BowlingBash"],"picked":"SKIP","floor":29},{"not_picked":["SashWhip"],"picked":"SKIP","floor":30},{"not_picked":[],"picked":"Wallop+1","floor":31}],"player_experience":843303,"relics_obtained":[{"floor":7,"key":"Torii"},{"floor":9,"key":"Mango"},{"floor":23,"key":"Centennial Puzzle"},{"floor":23,"key":"Art of War"},{"floor":26,"key":"Pear"}],"event_choices":[{"damage_healed":0,"gold_gain":0,"player_choice":"Forge","damage_taken":0,"max_hp_gain":0,"max_hp_loss":0,"event_name":"Accursed Blacksmith","floor":5,"gold_loss":0,"cards_upgraded":["BattleHymn"]},{"cards_removed":["Establishment"],"damage_healed":0,"gold_gain":0,"player_choice":"Gave Card","damage_taken":0,"relics_obtained":["Ice Cream"],"max_hp_gain":0,"max_hp_loss":0,"event_name":"WeMeetAgain","floor":20,"gold_loss":0},{"damage_healed":0,"gold_gain":0,"player_choice":"Upgraded Two","damage_taken":0,"max_hp_gain":0,"max_hp_loss":0,"event_name":"Designer","floor":27,"gold_loss":40,"cards_upgraded":["Defend_P","FlurryOfBlows"]}],"is_beta":false,"boss_relics":[{"not_picked":["Snecko Eye","Velvet Choker"],"picked":"Black Star"}],"items_purged_floors":[22],"is_endless":false,"potions_floor_spawned":[3,12,13,16,21,23,25,29,31],"killed_by":"Collector","ascension_level":3}}