{"host":"x5ow3h9y3elojghk","time":1607860037,"event":{"mods":["BaseMod","Downfall","Duelist Mod","KinomotoSakuraMod(ƒæ÷Æ±æ”£)","Marisa£®ÏF”Í°°ƒß¿Ì…≥£©","Minty Spire (QoL Compilation)","Reimu£®≤©¿ˆ¡È√Œ£©","Remilia£®¿Ÿ√◊¿Ú—«£©","StSLib","The Administrix","The Bug Knight","The Construct","The Cursed","The Hierophant","The Poker Player","The Runesmith","The Senshi","The Servant 0.9.4","Youmu£®ªÍ∆«—˝√Œ£©","[IsaacMod]“‘»ˆº‚À˛"],"gold_per_floor":[115,115,115,125,136,171,239,239,285,299,78,104,104,121,121,217,217,231,231,250,22,34,62,62,75,75,105,117,155,200,222,234,341,403,428,440,452,129,179,212,212,232,282,282,301,317,227,240,240,240],"floor_reached":51,"playtime":1736,"items_purged":["HollowMod:NailStrikeStart","HollowMod:NailStrikeStart"],"score":902,"play_id":"c31c8933-df68-4fd4-82c1-6b22b8d4a69d","local_time":"20201213194717","is_ascension_mode":false,"campfire_choices":[{"data":"HollowMod:Weaversong","floor":13,"key":"SMITH"},{"data":"HollowMod:SiblingsSouls","floor":15,"key":"SMITH"},{"data":"HollowMod:MantisMark","floor":24,"key":"SMITH"},{"data":"HollowMod:PogoStrike","floor":28,"key":"SMITH"},{"data":"HollowMod:NailStrikeStart","floor":32,"key":"SMITH"},{"data":"HollowMod:Weaversong","floor":41,"key":"SMITH"}],"circlet_count":0,"master_deck":["HollowMod:NailStrikeStart+1","HollowMod:NailStrikeStart+1","HollowMod:QuickDashStart+1","HollowMod:FocusHealStart+1","HollowMod:PogoStrike+1","BloodyBrimstone+1","HollowMod:CycloneSlash+1","HollowMod:Weaversong+1","HollowMod:SiblingsSouls+1","HollowMod:VoidDash+1","HollowMod:MantisMark+1","HollowMod:SiblingsSouls+1","HollowMod:MantisMark+1","HollowMod:Weaversong+1","HollowMod:QuickDashStart+1","HollowMod:SiblingsSouls+1","HollowMod:GrimmsGift+1"],"relics":["HushsDoor","D4","Cracked Core","Bird Faced Urn","Singing Bowl","Eternal Feather","Bottled Flame","Smiling Mask","MawBank","Anchor","Orichalcum","HollowMod:MillibellesNoteRelic","Blood Vial","PreservedInsect","Coffee Dripper","DollysMirror","ClockworkSouvenir","Bag of Preparation","RuthlessExorcism:ReiMu","Tiny House","Dream Catcher","Prayer Wheel","BelialBook","Vajra"],"acts_visited":["Exordium","TheCity","TheBeyond"],"potions_floor_usage":[6,16,20,22,23,30,30,33,33,35,35,39,45,50,50,50],"damage_taken":[{"damage":0,"enemies":"Cultist","floor":1,"turns":1},{"damage":0,"enemies":"2 Louse","floor":4,"turns":1},{"damage":0,"enemies":"Small Slimes","floor":5,"turns":1},{"damage":0,"enemies":"3 Sentries","floor":6,"turns":2},{"damage":0,"enemies":"3 Louse","floor":10,"turns":1},{"damage":28,"enemies":"Lagavulin","floor":12,"turns":4},{"damage":0,"enemies":"Exordium Thugs","floor":14,"turns":1},{"damage":0,"enemies":"Slime Boss","floor":16,"turns":3},{"damage":0,"enemies":"3 Byrds","floor":18,"turns":1},{"damage":0,"enemies":"2 Thieves","floor":20,"turns":1},{"damage":0,"enemies":"Centurion and Healer","floor":22,"turns":1},{"damage":0,"enemies":"Book of Stabbing","floor":23,"turns":2},{"damage":0,"enemies":"Shelled Parasite and Fungi","floor":25,"turns":2},{"damage":0,"enemies":"Snake Plant","floor":27,"turns":2},{"damage":0,"enemies":"Gremlin Leader","floor":30,"turns":1},{"damage":0,"enemies":"Chosen and Byrds","floor":31,"turns":3},{"damage":6,"enemies":"Collector","floor":33,"turns":4},{"damage":18,"enemies":"3 Darklings","floor":35,"turns":3},{"damage":0,"enemies":"Mind Bloom Boss Battle","floor":39,"turns":3},{"damage":0,"enemies":"Reptomancer","floor":40,"turns":3},{"damage":0,"enemies":"Orb Walker","floor":42,"turns":2},{"damage":3,"enemies":"Writhing Mass","floor":45,"turns":2},{"damage":0,"enemies":"Jaw Worm Horde","floor":46,"turns":1},{"damage":8,"enemies":"Sphere and 2 Shapes","floor":48,"turns":3},{"damage":61,"enemies":"Awakened One","floor":50,"turns":5}],"seed_played":"6991432860516698393","potions_obtained":[{"floor":1,"key":"CultistPotion"},{"floor":5,"key":"CultistPotion"},{"floor":10,"key":"champ:CounterPotion"},{"floor":18,"key":"Explosive Potion"},{"floor":22,"key":"SteroidPotion"},{"floor":25,"key":"GrandPatriotsElixir:ReiMu"},{"floor":27,"key":"Block Potion"},{"floor":30,"key":"FearPotion"},{"floor":34,"key":"Slimebound:ThreeZeroPotion"},{"floor":40,"key":"FearPotion"},{"floor":45,"key":"FearPotion"},{"floor":48,"key":"Regen Potion"}],"is_trial":false,"path_per_floor":["M","?","?","M","M","E","?","?","T","M","$","E","R","M","R","B",null,"M","?","M","$","M","E","R","M","T","M","R","T","E","M","R","B",null,"M","?","?","$","?","E","R","M","T","?","M","M","?","M","R","B",null],"character_chosen":"THE_BUGKNIGHT","items_purchased":["Whetstone","Lantern","HollowMod:SiblingsSouls","DeathBook","Slimebound:ThreeZeroPotion","GrandPatriotsElixir:ReiMu","SatanicBible","War Paint","Happy Flower","TheAbacus","Dream Catcher","Swift Potion","Strength Potion","construct:ShiftPotion"],"campfire_rested":0,"item_purchase_floors":[11,11,11,17,17,17,17,21,21,21,38,38,38,38],"current_hp_per_floor":[75,60,60,60,60,60,45,38,38,38,38,10,10,10,10,16,28,28,19,19,19,19,19,19,19,18,24,30,30,34,40,45,39,52,36,36,38,38,46,50,52,52,52,52,53,57,57,53,61,9],"gold":240,"neow_bonus":"THREE_ENEMY_KILL","is_daily":false,"chose_seed":false,"campfire_upgraded":6,"win_rate":0.0,"timestamp":1607860037,"path_taken":["M","?","?","?","M","E","?","?","T","M","$","E","R","M","R","BOSS","M","?","M","?","M","E","R","M","T","M","R","?","E","M","R","BOSS","M","?","?","$","?","E","R","M","T","?","M","?","?","M","R","BOSS"],"items_purchased_type":["Relic","Relic","Card","Relic","Potion","Potion","Relic","Relic","Relic","Relic","Relic","Potion","Potion","Potion"],"build_version":"2020-11-30","purchased_purges":2,"victory":true,"max_hp_per_floor":[75,75,75,75,75,72,72,72,72,72,72,69,69,63,63,60,28,28,28,28,28,25,22,22,22,39,41,41,41,43,45,45,45,52,54,54,56,56,55,52,52,52,52,52,56,57,57,61,61,61],"card_choices":[{"not_picked":[],"picked":"BloodyBrimstone","floor":0},{"not_picked":["HollowMod:SiblingsShadow","HollowMod:Grubsong"],"picked":"HollowMod:CycloneSlash","floor":1},{"not_picked":["HollowMod:CycloneSlash","HollowMod:SoulEater","HollowMod:SharpenedNail"],"picked":"SKIP","floor":4},{"not_picked":["HollowMod:DesolateDive","HollowMod:SharpenedNail"],"picked":"HollowMod:Weaversong","floor":5},{"not_picked":["HollowMod:CloakDash","HollowMod:SoulStrike","HollowMod:DashSlash"],"picked":"SKIP","floor":6},{"not_picked":["HollowMod:CrystalDash","HollowMod:GoodIntentions","HollowMod:SoulShaman"],"picked":"SKIP","floor":10},{"not_picked":["HollowMod:DoubleDash","HollowMod:ElderbugsWisdom","HollowMod:MonarchWings"],"picked":"SKIP","floor":12},{"not_picked":["HollowMod:VengefulVoid","HollowMod:ShadowDash","HollowMod:SoulSplash"],"picked":"SKIP","floor":14},{"not_picked":["HollowMod:LordofShades","HollowMod:NewInfectedGuardian"],"picked":"HollowMod:VoidDash","floor":16},{"not_picked":["HollowMod:ShapeofUnn","HollowMod:InfectedAttack","HollowMod:DoubleDash"],"picked":"SKIP","floor":18},{"not_picked":["HollowMod:ShadowDash","HollowMod:Grubsong"],"picked":"HollowMod:MantisMark","floor":20},{"not_picked":["HollowMod:SoulSplash","HollowMod:HeavyBlow+1"],"picked":"HollowMod:SiblingsSouls+1","floor":22},{"not_picked":["HollowMod:DoubleDash+1","HollowMod:LifebloodCore"],"picked":"HollowMod:MantisMark","floor":23},{"not_picked":["HollowMod:HeavyBlow","HollowMod:NewJinnsSoul","HollowMod:BrokenVessel"],"picked":"SKIP","floor":25},{"not_picked":["HollowMod:ShadowDash","HollowMod:DesolateDive","HollowMod:SoulStrike"],"picked":"Singing Bowl","floor":27},{"not_picked":["HollowMod:HeavyBlow","HollowMod:DescendingDark+1","HollowMod:NewJinnsSoul"],"picked":"Singing Bowl","floor":30},{"not_picked":["HollowMod:HowlingWraiths+1","HollowMod:CornifersMapStart","HollowMod:PureNailStrike+1"],"picked":"Singing Bowl","floor":31},{"not_picked":["HollowMod:MidwifesHunger","HollowMod:LordofShades"],"picked":"HollowMod:Weaversong","floor":33},{"not_picked":["HollowMod:BaldurShell","HollowMod:MawleksShell","HollowMod:NewLittleFool"],"picked":"Singing Bowl","floor":34},{"not_picked":["HollowMod:SharpenedNail+1","HollowMod:InfectedAttack","HollowMod:DescendingDark+1"],"picked":"Singing Bowl","floor":35},{"not_picked":["Finesse","Trip","expansioncontent:HyperBeam"],"picked":"Singing Bowl","floor":37},{"not_picked":["HollowMod:SoulShaman","HollowMod:CornifersMapStart","HollowMod:CloakDash+1"],"picked":"Singing Bowl","floor":39},{"not_picked":["HollowMod:DreamGate+1","HollowMod:theNailsmith"],"picked":"HollowMod:SiblingsSouls+1","floor":40},{"not_picked":["HollowMod:DescendingDark+1","HollowMod:GoodIntentions"],"picked":"HollowMod:GrimmsGift+1","floor":42},{"not_picked":["HollowMod:LifebloodCocoon","HollowMod:DoubleDash+1","HollowMod:InfectedAttack"],"picked":"SKIP","floor":42},{"not_picked":["HollowMod:LordofShades","HollowMod:SoulSplash","HollowMod:SharpenedNail"],"picked":"Singing Bowl","floor":45},{"not_picked":["HollowMod:LifebloodCocoon+1","HollowMod:ShadowDash+1","HollowMod:SoulStrike+1"],"picked":"Singing Bowl","floor":45},{"not_picked":["HollowMod:SoulSplash+1","HollowMod:LifebloodCore","HollowMod:DashSlash+1"],"picked":"Singing Bowl","floor":46},{"not_picked":["HollowMod:ShadowDash","HollowMod:DashSlash","HollowMod:SoulSplash"],"picked":"Singing Bowl","floor":46},{"not_picked":["HollowMod:VengefulVoid+1","HollowMod:DesolateDive+1","HollowMod:MothsMistake"],"picked":"Singing Bowl","floor":48},{"not_picked":["HollowMod:HowlingWraiths+1","HollowMod:InfectedCysts","HollowMod:MonomonsArchive+1"],"picked":"Singing Bowl","floor":48}],"player_experience":285482,"relics_obtained":[{"floor":6,"key":"Potion Belt"},{"floor":9,"key":"Akabeko"},{"floor":12,"key":"Boot"},{"floor":23,"key":"HollowMod:StagPassRelic"},{"floor":26,"key":"D4"},{"floor":29,"key":"Bag of Preparation"},{"floor":30,"key":"RuthlessExorcism:ReiMu"},{"floor":39,"key":"Prayer Wheel"},{"floor":40,"key":"BelialBook"},{"floor":43,"key":"Vajra"}],"event_choices":[{"damage_healed":0,"gold_gain":0,"player_choice":"Entered Light","damage_taken":15,"max_hp_gain":0,"max_hp_loss":0,"event_name":"Shining Light","floor":2,"gold_loss":0,"cards_upgraded":["HollowMod:CycloneSlash","HollowMod:QuickDashStart"]},{"cards_removed":["HollowMod:QuickDashStart"],"damage_healed":0,"gold_gain":0,"player_choice":"Card Removal","damage_taken":7,"max_hp_gain":0,"max_hp_loss":0,"event_name":"Golden Wing","floor":8,"gold_loss":0},{"damage_healed":0,"gold_gain":0,"player_choice":"Stopped","damage_taken":9,"max_hp_gain":0,"max_hp_loss":0,"event_name":"Cursed Tome","floor":19,"gold_loss":0},{"damage_healed":0,"gold_gain":0,"player_choice":"Memory 1","damage_taken":0,"max_hp_gain":0,"max_hp_loss":0,"event_name":"SensoryStone","floor":37,"gold_loss":0},{"damage_healed":0,"gold_gain":0,"player_choice":"Fight","damage_taken":0,"max_hp_gain":0,"max_hp_loss":0,"event_name":"MindBloom","floor":39,"gold_loss":0},{"damage_healed":0,"gold_gain":0,"player_choice":"Upgraded","damage_taken":0,"max_hp_gain":0,"max_hp_loss":0,"event_name":"Upgrade Shrine","floor":44,"gold_loss":0,"cards_upgraded":["HollowMod:QuickDashStart"]},{"cards_removed":["HollowMod:QuickDashStart"],"damage_healed":0,"gold_gain":0,"player_choice":"Removal","damage_taken":0,"max_hp_gain":0,"max_hp_loss":0,"event_name":"Designer","floor":47,"gold_loss":90}],"is_beta":false,"boss_relics":[{"not_picked":["HollowMod:KingsSoulRelic","Runic Dome"],"picked":"SacredBark"},{"not_picked":[]},{"not_picked":["Sozu","Snecko Eye"],"picked":"Tiny House"},{"not_picked":[]}],"items_purged_floors":[11,17],"is_endless":false,"potions_floor_spawned":[1,5,10,18,22,25,27,30,40,45,48],"ascension_level":0}}