{"host":"l7l2v2zs4hqku4vk","time":1607855001,"event":{"mods":["Act Like it!","BaseMod","Colored Powertips","Highlight Path","Minty Spire (QoL Compilation)","Replay The Spire","RumiaBox-露米娅的神秘盒子","StSLib","TestMod","The Servant 0.9.4","篝火指南"],"gold_per_floor":[109,26,41,41,52,52,86,86,86,106,106,106,119,143,143,378,378,396,417,342,342,357,357,357],"floor_reached":23,"playtime":1411,"items_purged":[],"score":386,"play_id":"d6de99b6-c4a8-4519-bb15-e539a6c218f2","local_time":"20201213182321","is_ascension_mode":true,"campfire_choices":[{"data":"Body Slam","floor":6,"key":"SMITH"},{"data":"True Grit","floor":8,"key":"SMITH"},{"data":"Flame Barrier","floor":11,"key":"SMITH"},{"data":"Spot Weakness","floor":15,"key":"SMITH"}],"circlet_count":0,"master_deck":["AscendersBane","Strike_R","Strike_R","Strike_R","Defend_R","Defend_R","Defend_R","Defend_R","Bash","Shrug It Off","Metallicize","True Grit+1","Body Slam+1","Spot Weakness+1","Flame Barrier+1","Battle Trance","Berserk","Demon Form","Armaments"],"relics":["Burning Blood","testmod-TestBox","testmod-TheFather","NeowsBlessing","Bottled Flame","Garlic","Replay:Grab Bag","Philosopher\u0027s Stone","ChewingGum","Black Star","testmod-EnergyCheck","Calipers"],"acts_visited":["Exordium","TheCity"],"potions_floor_usage":[16,23],"damage_taken":[{"damage":0,"enemies":"Cultist","floor":1,"turns":1},{"damage":0,"enemies":"2 Louse","floor":3,"turns":1},{"damage":0,"enemies":"Small Slimes","floor":5,"turns":2},{"damage":47,"enemies":"Lagavulin","floor":7,"turns":7},{"damage":3,"enemies":"Blue Slaver","floor":10,"turns":4},{"damage":1,"enemies":"Looter","floor":13,"turns":4},{"damage":0,"enemies":"Lots of Slimes","floor":14,"turns":1},{"damage":35,"enemies":"Fading Forest","floor":16,"turns":13},{"damage":4,"enemies":"3 Byrds","floor":18,"turns":4},{"damage":25,"enemies":"2 Thieves","floor":19,"turns":4},{"damage":35,"enemies":"Sentry and Sphere","floor":22,"turns":7},{"damage":20,"enemies":"Replay:Snechameleon","floor":23,"turns":5}],"seed_played":"-4689057156931646887","potions_obtained":[{"floor":5,"key":"Elixir"},{"floor":7,"key":"Strength Potion"},{"floor":16,"key":"PowerPotion"}],"is_trial":false,"path_per_floor":["M","$","M","?","M","R","E","R","T","M","R","?","M","M","R","B",null,"M","M","?","?","M","E"],"character_chosen":"IRONCLAD","items_purchased":["Metallicize"],"campfire_rested":0,"item_purchase_floors":[2],"current_hp_per_floor":[74,74,75,80,80,80,39,39,39,42,42,35,40,46,46,25,66,68,49,49,49,20,0,0],"gold":357,"neow_bonus":"THREE_ENEMY_KILL","is_daily":false,"chose_seed":false,"campfire_upgraded":4,"win_rate":0.0,"timestamp":1607855001,"path_taken":["M","$","?","?","M","R","E","R","T","M","R","?","M","M","R","BOSS","M","M","?","?","?","E"],"items_purchased_type":["Card"],"build_version":"2020-11-30","purchased_purges":0,"victory":false,"max_hp_per_floor":[75,75,75,80,80,80,80,80,80,80,80,80,80,80,80,80,80,80,80,80,80,80,80,80],"card_choices":[{"not_picked":["Run Through","Iron Wave"],"picked":"Shrug It Off","floor":1},{"not_picked":["Anger","Warcry"],"picked":"True Grit","floor":3},{"not_picked":["Clash","ReplayTheSpireMod:Strike From Hell"],"picked":"Body Slam","floor":5},{"not_picked":["ReplayTheSpireMod:Muscle Training","Sword Boomerang"],"picked":"Spot Weakness","floor":7},{"not_picked":["ReplayTheSpireMod:Strike From Hell","Body Slam"],"picked":"Flame Barrier","floor":10},{"not_picked":["Iron Wave","Warcry"],"picked":"Battle Trance","floor":13},{"not_picked":["Perfected Strike","Iron Wave"],"picked":"Berserk","floor":14},{"not_picked":["Eclipse","Fiend Fire"],"picked":"Demon Form","floor":16},{"not_picked":["Clothesline","Replay:Undeath\u0027s Touch+1","Wild Strike+1"],"picked":"SKIP","floor":18},{"not_picked":["Clothesline","Twin Strike","ReplayTheSpireMod:Corrosion Curse"],"picked":"SKIP","floor":19},{"not_picked":["Warcry","Whirlwind"],"picked":"Armaments","floor":22}],"player_experience":1637574,"relics_obtained":[{"floor":7,"key":"Bottled Flame"},{"floor":9,"key":"Garlic"}],"event_choices":[{"damage_healed":0,"gold_gain":0,"player_choice":"Donut","damage_taken":0,"max_hp_gain":5,"max_hp_loss":0,"event_name":"Big Fish","floor":4,"gold_loss":0},{"cards_removed":["Strike_R"],"damage_healed":0,"gold_gain":0,"player_choice":"Card Removal","damage_taken":7,"max_hp_gain":0,"max_hp_loss":0,"event_name":"Golden Wing","floor":12,"gold_loss":0},{"cards_removed":["Strike_R"],"damage_healed":0,"gold_gain":0,"player_choice":"Gave Gold","damage_taken":0,"max_hp_gain":0,"max_hp_loss":0,"event_name":"Beggar","floor":20,"gold_loss":75},{"damage_healed":0,"gold_gain":0,"player_choice":"Gave Potion","damage_taken":0,"relics_obtained":["Calipers"],"max_hp_gain":0,"max_hp_loss":0,"event_name":"WeMeetAgain","floor":21,"gold_loss":0}],"is_beta":false,"boss_relics":[{"not_picked":["AddBug","Honey Jar"],"picked":"Replay:Grab Bag"},{"not_picked":["Coffee Dripper","Busted Crown"],"picked":"Philosopher\u0027s Stone"},{"not_picked":["Sozu","SlaversCollar"],"picked":"ChewingGum"},{"not_picked":["Snecko Eye","testmod-Nine"],"picked":"Black Star"},{"not_picked":["testmod-DreamHouse","testmod-D_4"],"picked":"testmod-EnergyCheck"}],"items_purged_floors":[],"is_endless":false,"potions_floor_spawned":[5,7,16,19],"killed_by":"Replay:Snechameleon","ascension_level":20}}