{"host":"hpblzw0i8q79bazj","time":1607897560,"event":{"mods":["2.2 Compatiblity","AchievementEnabler","Act Like it!","BaseMod","Better Altar","Better Skull","Better Third Choice","BetterRewards","Colored Map","Colored Powertips","Downfall","Hermit","Jorbs\u0027s Wanderer Trilogy","Marisa????????","Minty Spire (QoL Compilation)","Relic Stats","Replay The Spire","StSLib","The Animator","The Bug Knight","The Gatherer","The Hierophant","The Senshi"],"gold_per_floor":[115,115,138,148,168,168,162,162,162,189,203,203,228,248,248,347,347,377,411,30,30,30,115,145,211,237,82,74,74],"floor_reached":28,"playtime":2413,"items_purged":[],"score":333,"play_id":"fca38c48-072f-4676-9aff-db47a54f8ecc","local_time":"20201213161240","is_ascension_mode":true,"campfire_choices":[{"data":"hierophant:ChurchCoffers","floor":6.0,"key":"SMITH"},{"floor":8.0,"key":"REST"},{"floor":12.0,"key":"REST"},{"data":"hierophant:EyeForCoin","floor":15.0,"key":"SMITH"}],"circlet_count":0,"master_deck":["hierophant:Strike_Hierophant","hierophant:Strike_Hierophant+1","hierophant:Strike_Hierophant","hierophant:Strike_Hierophant+1","hierophant:Punish","hierophant:Defend_Hierophant","hierophant:Defend_Hierophant","hierophant:Defend_Hierophant","hierophant:Defend_Hierophant","hierophant:ChurchCoffers+1","hierophant:Flagellation","hierophant:Bribe","hierophant:FieryStrike","hierophant:LocustPlague","hierophant:Doubloon","hierophant:Dazzle","hierophant:MorningPrayer","hierophant:EyeForCoin+1","hierophant:Doubloon","hierophant:Endure","hierophant:Doubloon+1","hierophant:DeathKnell","hierophant:Doubloon+1","hierophant:OrnateJavelin","hierophant:Doubloon+1","hierophant:Prophecy","hierophant:CoinFling","hierophant:Doubloon","hierophant:SecretStash","hierophant:Doubloon+1","hierophant:Sermon","hierophant:Doubloon+1","hierophant:Patience","hierophant:Doubloon+1"],"relics":["hierophant:PropheticMaskRelic","NeowsBlessing","Whetstone","Thread and Needle","Replay:Bottled Snecko","Replay:Bottled Steam","Fusion Hammer","theSenshi:SailorFukuRelic","ClockworkSouvenir","Shuriken","Replay:Bottled Flurry","Centennial Puzzle","MealTicket"],"acts_visited":[],"potions_floor_usage":[],"damage_taken":[{"damage":0.0,"enemies":"Small Slimes","floor":1.0,"turns":1.0},{"damage":0.0,"enemies":"Jaw Worm","floor":4.0,"turns":1.0},{"damage":0.0,"enemies":"Cultist","floor":5.0,"turns":1.0},{"damage":49.0,"enemies":"HollowMod:MossKnight","floor":7.0,"turns":9.0},{"damage":9.0,"enemies":"Lagavulin","floor":10.0,"turns":4.0},{"damage":11.0,"enemies":"Exordium Thugs","floor":11.0,"turns":2.0},{"damage":2.0,"enemies":"Looter","floor":13.0,"turns":2.0},{"damage":8.0,"enemies":"Blue Slaver","floor":14.0,"turns":3.0},{"damage":38.0,"enemies":"Hexaghost","floor":16.0,"turns":13.0},{"damage":2.0,"enemies":"Shell Parasite","floor":18.0,"turns":6.0},{"damage":36.0,"enemies":"Snake Plant","floor":19.0,"turns":6.0},{"damage":0.0,"enemies":"HollowMod:Nosk","floor":23.0,"turns":2.0},{"damage":9.0,"enemies":"Snecko","floor":24.0,"turns":7.0},{"damage":41.0,"enemies":"Gremlin Leader","floor":25.0,"turns":9.0},{"damage":12,"enemies":"Centurion and Healer","floor":28,"turns":7}],"seed_played":"8701383962625724295","potions_obtained":[{"floor":1.0,"key":"Swift Potion"},{"floor":4.0,"key":"PowerPotion"},{"floor":7.0,"key":"DistilledChaos"},{"floor":16.0,"key":"DistilledChaos"},{"floor":18.0,"key":"ColorlessPotion"},{"floor":25.0,"key":"SteroidPotion"}],"is_trial":false,"path_per_floor":["M","?","T","M","M","R","E","R","T","E","M","R","M","M","R","B",null,"M","M","$","?","?","E","M","E","T","$","M"],"character_chosen":"HIEROPHANT","items_purchased":["theSenshi:SailorFukuRelic","ClockworkSouvenir","hierophant:CoinFling","MealTicket"],"campfire_rested":2,"item_purchase_floors":[20,20,20,27],"current_hp_per_floor":[75,75,75,75,75,75,26,48,48,39,28,50,48,40,40,2,75,73,37,37,37,62,62,53,12,12,12,0,0],"gold":74,"neow_bonus":"THREE_ENEMY_KILL","is_daily":false,"chose_seed":false,"campfire_upgraded":2,"win_rate":0.0,"timestamp":1607897560,"path_taken":["M","?","?","?","M","R","E","R","T","E","M","R","M","M","R","BOSS","M","M","$","?","?","E","M","E","T","$","M"],"items_purchased_type":["Relic","Relic","Card","Relic"],"build_version":"2020-11-30","purchased_purges":0,"victory":false,"max_hp_per_floor":[75,75,75,75,75,75,75,75,75,75,75,75,75,75,75,75,75,75,75,75,75,75,75,75,75,75,75,75,75],"relic_stats":{"Centennial Puzzle":[3],"counters":[15,73],"Shuriken":[3],"MealTicket":0,"Whetstone":["hierophant:Strike_Hierophant","hierophant:Strike_Hierophant"],"obtain_stats":[{"NeowsBlessing":0,"hierophant:PropheticMaskRelic":0,"Thread and Needle":7,"Whetstone":3,"ClockworkSouvenir":20,"Centennial Puzzle":26,"Shuriken":23,"MealTicket":27,"Fusion Hammer":17,"Replay:Bottled Flurry":25,"Replay:Bottled Snecko":9,"theSenshi:SailorFukuRelic":20,"Replay:Bottled Steam":10},{"NeowsBlessing":0,"hierophant:PropheticMaskRelic":0,"Thread and Needle":4,"Whetstone":1,"ClockworkSouvenir":11,"Centennial Puzzle":14,"Shuriken":12,"MealTicket":14,"Fusion Hammer":9,"Replay:Bottled Flurry":14,"Replay:Bottled Snecko":4,"theSenshi:SailorFukuRelic":11,"Replay:Bottled Steam":5},{"NeowsBlessing":0,"hierophant:PropheticMaskRelic":0,"Thread and Needle":12,"Whetstone":1,"ClockworkSouvenir":48,"Centennial Puzzle":66,"Shuriken":50,"MealTicket":66,"Fusion Hammer":36,"Replay:Bottled Flurry":66,"Replay:Bottled Snecko":12,"theSenshi:SailorFukuRelic":48,"Replay:Bottled Steam":16}]},"card_choices":[{"not_picked":["hierophant:MirrorShield","hierophant:FaithHealing"],"picked":"hierophant:Flagellation","floor":1.0},{"not_picked":["hierophant:Empathy","hierophant:Upheaval"],"picked":"hierophant:Bribe","floor":4.0},{"not_picked":["hierophant:Racketeering","hierophant:Shelter"],"picked":"hierophant:FieryStrike","floor":5.0},{"not_picked":["hierophant:Zeal","hierophant:FlamingChariot"],"picked":"hierophant:LocustPlague","floor":7.0},{"not_picked":["hierophant:WrathOfGod","hierophant:Encroach"],"picked":"hierophant:Dazzle","floor":10.0},{"not_picked":["hierophant:MirrorShield","hierophant:Purify"],"picked":"hierophant:MorningPrayer","floor":11.0},{"not_picked":["hierophant:Encroach","hierophant:Shelter"],"picked":"hierophant:EyeForCoin","floor":13.0},{"not_picked":["hierophant:Zeal","hierophant:Patience"],"picked":"hierophant:Endure","floor":14.0},{"not_picked":["hierophant:AuricForm","hierophant:LocustPlague"],"picked":"hierophant:DeathKnell","floor":16.0},{"not_picked":["hierophant:Community+1","hierophant:Zeal"],"picked":"hierophant:OrnateJavelin","floor":18.0},{"not_picked":["hierophant:DisplayOfPower","hierophant:MirrorShield"],"picked":"hierophant:Prophecy","floor":19.0},{"not_picked":["hierophant:Doubloon","hierophant:Rebuild+1"],"picked":"hierophant:SecretStash","floor":23.0},{"not_picked":["hierophant:Doubloon","hierophant:Endure"],"picked":"hierophant:Sermon","floor":24.0},{"not_picked":["hierophant:AuricBeam","hierophant:RepressedViolence"],"picked":"hierophant:Patience","floor":25.0}],"player_experience":420318,"relics_obtained":[{"floor":3.0,"key":"Whetstone"},{"floor":7.0,"key":"Thread and Needle"},{"floor":9.0,"key":"Replay:Bottled Snecko"},{"floor":10.0,"key":"Replay:Bottled Steam"},{"floor":23.0,"key":"Shuriken"},{"floor":25.0,"key":"Replay:Bottled Flurry"},{"floor":26.0,"key":"Centennial Puzzle"}],"event_choices":[{"damage_healed":0.0,"max_hp_gain":0.0,"max_hp_loss":0.0,"gold_gain":0.0,"event_name":"The Cleric","player_choice":"Leave","floor":2.0,"gold_loss":0.0,"damage_taken":0.0},{"damage_healed":25.0,"max_hp_gain":0.0,"max_hp_loss":0.0,"gold_gain":0.0,"event_name":"The Library","player_choice":"Heal","floor":22.0,"gold_loss":0.0,"damage_taken":0.0}],"is_beta":false,"boss_relics":[{"not_picked":["Replay:Ancient Bell","SacredBark"],"picked":"Fusion Hammer"}],"items_purged_floors":[],"is_endless":false,"potions_floor_spawned":[1,4,7,16,18,25],"killed_by":"Centurion and Healer","ascension_level":1}}