{"host":"684z1xpuwaoqmmh1","time":1607870423,"event":{"mods":["BaseMod","Downfall","Hermit","Jorbs\u0027s Wanderer Trilogy","Marisa????????","Minty Spire (QoL Compilation)","StSLib","The Bug Knight","The Hierophant","The Mystic","The Runesmith"],"gold_per_floor":[99,99,99,99,124,49,49,49,63,92,110,128,139,49,68,167,167,92,119,119,119,146,157,157,157,157,190,207,92,108,119,136,237,237,237,250,375,422,422,455,455,455,465,492,542,556,105,125,143,143],"floor_reached":51,"playtime":5510,"items_purged":["champ:Defend","champ:Strike","champ:Strike","champ:Defend"],"score":850,"play_id":"c982ab1c-3f43-41dc-a536-cbb2220168f2","local_time":"20201213164023","is_ascension_mode":false,"campfire_choices":[{"floor":1.0,"key":"RECALL"},{"data":"champ:Execute","floor":6.0,"key":"SMITH"},{"data":"champ:Taunt","floor":8.0,"key":"SMITH"},{"data":"champ:GutPunch","floor":18.0,"key":"SMITH"},{"data":"RitualDagger","floor":26.0,"key":"SMITH"},{"data":"champ:SteelEdge","floor":35.0,"key":"SMITH"},{"data":"champ:StanceDance","floor":39.0,"key":"SMITH"}],"circlet_count":0,"master_deck":["champ:Strike","champ:Strike","champ:Defend","champ:Defend","champ:Execute+1","champ:Taunt+1","champ:HeartStrike","champ:StanceDance+1","champ:Backstep+1","champ:GladiatorStyle","champ:Encircle","champ:GutPunch+1","champ:Shatter","champ:IgnorePain+1","champ:EndlessRage+1","champ:Improvising+1","champ:Backstep+1","champ:ArenaPreparation+1","champ:Haymaker+1","RitualDagger+1","champ:LastStand+1","champ:Circumvent+1","champ:DefensiveStyle+1","champ:GutPunch+1","champ:ShieldWall+1","champ:SteelEdge+1","champ:EnragedBash+1","champ:FightOn","champ:IronFortress+1","champ:DefensiveShout+1","champ:DancingMaster+1","champ:CrookedStrike+1","champ:EndlessRage+1","champ:CrownThrow","champ:CalledShot+1"],"relics":["champ:ChampionCrown","downfall:HeartsMalice","downfall:ShatteredFragment","Toxic Egg 2","downfall:HeartBlessingRed","Frozen Egg 2","SlaversCollar","downfall:HeartBlessingGreen","StoneCalendar","Enchiridion","downfall:RedIOU","Guardian:PocketSentry","Runesmith:AutoHammer","Eternal Feather","champ:ChampionCrownUpgraded","champ:GladiatorsBookOfMartialProwess","Orichalcum","Pen Nib","Du-Vu Doll","Happy Flower","Bag of Preparation"],"acts_visited":["Exordium","TheCity","TheBeyond"],"potions_floor_usage":[],"damage_taken":[{"damage":0.0,"enemies":"Jaw Worm","floor":3.0,"turns":1.0},{"damage":0.0,"enemies":"Small Slimes","floor":4.0,"turns":1.0},{"damage":0.0,"enemies":"3 Sentries","floor":5.0,"turns":1.0},{"damage":0.0,"enemies":"2 Louse","floor":9.0,"turns":2.0},{"damage":10.0,"enemies":"Lagavulin","floor":10.0,"turns":4.0},{"damage":18.0,"enemies":"Exordium Thugs","floor":11.0,"turns":3.0},{"damage":4.0,"enemies":"2 Fungi Beasts","floor":12.0,"turns":3.0},{"damage":7.0,"enemies":"Large Slime","floor":13.0,"turns":5.0},{"damage":19.0,"enemies":"downfall:FleeingMerchant","floor":14.0,"turns":4.0},{"damage":6.0,"enemies":"Blue Slaver","floor":15.0,"turns":2.0},{"damage":26.0,"enemies":"downfall:Watcher","floor":16.0,"turns":7.0},{"damage":33.0,"enemies":"Slavers","floor":19.0,"turns":5.0},{"damage":12.0,"enemies":"Book of Stabbing","floor":22.0,"turns":4.0},{"damage":17.0,"enemies":"Spheric Guardian","floor":23.0,"turns":3.0},{"damage":39.0,"enemies":"Gremlin Leader","floor":27.0,"turns":4.0},{"damage":7.0,"enemies":"Chosen and Byrds","floor":28.0,"turns":5.0},{"damage":13.0,"enemies":"downfall:FleeingMerchant","floor":29.0,"turns":4.0},{"damage":32.0,"enemies":"Cultist and Chosen","floor":30.0,"turns":4.0},{"damage":9.0,"enemies":"Snecko","floor":31.0,"turns":4.0},{"damage":17.0,"enemies":"Centurion and Healer","floor":32.0,"turns":4.0},{"damage":45.0,"enemies":"downfall:Ironclad","floor":33.0,"turns":6.0},{"damage":27.0,"enemies":"Orb Walker","floor":36.0,"turns":2.0},{"damage":16.0,"enemies":"downfall:FleeingMerchant","floor":37.0,"turns":2.0},{"damage":61.0,"enemies":"2 Orb Walkers","floor":38.0,"turns":4.0},{"damage":58.0,"enemies":"Giant Head","floor":40.0,"turns":6.0},{"damage":49.0,"enemies":"3 Darklings","floor":43.0,"turns":6.0},{"damage":32.0,"enemies":"Reptomancer","floor":44.0,"turns":3.0},{"damage":29,"enemies":"Mind Bloom Boss Battle","floor":45,"turns":7},{"damage":27,"enemies":"Transient","floor":46,"turns":5},{"damage":31,"enemies":"Maw","floor":48,"turns":7},{"damage":15,"enemies":"Writhing Mass","floor":49,"turns":4},{"damage":23,"enemies":"downfall:Defect","floor":50,"turns":4}],"seed_played":"9141226338337884122","potions_obtained":[{"floor":9.0,"key":"Strength Potion"},{"floor":12.0,"key":"Block Potion"},{"floor":15.0,"key":"GamblersBrew"},{"floor":16.0,"key":"LiquidBronze"},{"floor":23.0,"key":"Weak Potion"},{"floor":28.0,"key":"Block Potion"},{"floor":30.0,"key":"ColorlessPotion"},{"floor":33.0,"key":"champ:CounterPotion"},{"floor":43.0,"key":"Block Potion"},{"floor":44.0,"key":"LiquidBronze"}],"is_trial":false,"path_per_floor":["R","?","M","M","E","R","T","R","M","E","M","M","M","$","M","B",null,"R","E","?","?","E","M","T","?","R","E","M","$","M","M","M","B",null,"R","M","$","?","R","E","T","?","M","E","?","M","$","M","M","B",null],"character_chosen":"THE_CHAMP","items_purchased":["champ:IronFortress+1","Happy Flower","Bag of Preparation"],"campfire_rested":0,"item_purchase_floors":[37,47,47],"current_hp_per_floor":[90,63,63,63,63,63,63,63,63,63,52,62,62,72,82,87,90,90,78,62,62,81,73,73,67,67,70,85,87,90,90,90,65,90,90,90,90,90,90,90,90,90,90,89,90,90,90,90,90,90],"gold":143,"neow_bonus":"THREE_ENEMY_KILL","is_daily":false,"chose_seed":false,"campfire_upgraded":6,"win_rate":0.0,"timestamp":1607870423,"path_taken":["R","?","M","M","E","R","T","R","M","E","M","M","M","$","M","BOSS","R","E","?","?","E","M","T","?","R","E","M","$","?","M","M","BOSS","R","M","$","?","R","E","T","?","M","E","?","M","$","M","M","BOSS"],"items_purchased_type":["Card","Relic","Relic"],"build_version":"2020-11-30","purchased_purges":4,"victory":true,"max_hp_per_floor":[90,90,90,90,90,90,90,90,90,90,90,90,90,90,90,90,90,90,90,90,90,90,90,90,90,90,90,90,90,90,90,90,90,90,90,90,90,90,90,90,90,90,90,90,90,90,90,90,90,90],"card_choices":[{"not_picked":["champ:GladiatorsShout","champ:Backstep"],"picked":"champ:HeartStrike","floor":3.0},{"not_picked":["champ:BringItOn","champ:Backstep"],"picked":"champ:StanceDance","floor":4.0},{"not_picked":["champ:Haymaker","champ:CrookedStrike"],"picked":"champ:Backstep+1","floor":5.0},{"not_picked":["champ:FightOn","champ:BladeFlurry"],"picked":"champ:GladiatorStyle","floor":9.0},{"not_picked":["champ:Backstep+1","champ:FightOn"],"picked":"champ:Encircle","floor":10.0},{"not_picked":["champ:GladiatorsShout+1","champ:FaceSlap"],"picked":"champ:GutPunch","floor":11.0},{"not_picked":["champ:TornadoPunch","champ:BringItOn+1","champ:DefensiveShout+1"],"picked":"SKIP","floor":12.0},{"not_picked":["champ:HeartStrike","champ:StanceDance+1"],"picked":"champ:Shatter","floor":13.0},{"not_picked":["champ:BerserkersShout+1","champ:FanOfKnives"],"picked":"champ:IgnorePain+1","floor":14.0},{"not_picked":["champ:Haymaker","champ:Circumvent+1"],"picked":"champ:EndlessRage+1","floor":15.0},{"not_picked":["champ:IgnorePain+1","champ:HoldFirm+1"],"picked":"champ:Improvising+1","floor":16.0},{"not_picked":["champ:BladeFlurry","champ:CrookedStrike"],"picked":"champ:Backstep+1","floor":19.0},{"not_picked":["champ:CrookedStrike","champ:Backstep+1"],"picked":"champ:ArenaPreparation+1","floor":22.0},{"not_picked":["champ:DeathBlow","champ:CrookedStrike"],"picked":"champ:Haymaker+1","floor":23.0},{"not_picked":["champ:FlashCut","champ:Riposte+1"],"picked":"champ:LastStand+1","floor":27.0},{"not_picked":["champ:Backstep+1","champ:PreciseThrust"],"picked":"champ:Circumvent+1","floor":28.0},{"not_picked":["champ:BladeFlurry","champ:FightOn"],"picked":"champ:DefensiveStyle+1","floor":29.0},{"not_picked":["champ:AdrenalArmor+1","champ:BringItOn+1"],"picked":"champ:GutPunch+1","floor":30.0},{"not_picked":["champ:TornadoPunch+1","champ:AdrenalArmor+1"],"picked":"champ:ShieldWall+1","floor":31.0},{"not_picked":["champ:Riposte+1","champ:CrookedStrike+1","champ:GladiatorsShout+1"],"picked":"SKIP","floor":32.0},{"not_picked":["champ:Improvising+1","champ:HoldFirm+1"],"picked":"champ:SteelEdge","floor":33.0},{"not_picked":["champ:DeathBlow","champ:EnragedBash+1","champ:GutPunch"],"picked":"SKIP","floor":36.0},{"not_picked":["champ:DeathBlow","champ:GutPunch"],"picked":"champ:EnragedBash+1","floor":36.0},{"not_picked":["champ:Backstep+1","champ:GladiatorsShout+1"],"picked":"champ:FightOn","floor":37.0},{"not_picked":["champ:FanOfKnives+1","champ:BringItOn+1"],"picked":"champ:DefensiveShout+1","floor":38.0},{"not_picked":["champ:StanceDance+1","champ:Haymaker"],"picked":"champ:DancingMaster+1","floor":40.0},{"not_picked":["champ:FanOfKnives","champ:BladeFlurry"],"picked":"champ:CrookedStrike+1","floor":43.0},{"not_picked":["champ:FalseCounter+1","champ:Haymaker"],"picked":"champ:EndlessRage+1","floor":44.0},{"not_picked":["champ:FalseCounter+1","champ:FocusedDefense+1"],"picked":"champ:CrownThrow","floor":45},{"not_picked":["champ:AdrenalArmor+1","champ:Backstep+1","champ:BringItOn+1"],"picked":"SKIP","floor":46},{"not_picked":["champ:FlashCut+1","champ:AdrenalArmor+1"],"picked":"champ:CalledShot+1","floor":48},{"not_picked":["champ:AdrenalArmor+1","champ:TornadoPunch+1","champ:BringItOn+1"],"picked":"SKIP","floor":49}],"player_experience":2316029,"relics_obtained":[{"floor":5.0,"key":"Toxic Egg 2"},{"floor":7.0,"key":"StrikeDummy"},{"floor":10.0,"key":"Frozen Egg 2"},{"floor":19.0,"key":"StoneCalendar"},{"floor":20.0,"key":"Enchiridion"},{"floor":22.0,"key":"Guardian:PocketSentry"},{"floor":24.0,"key":"Runesmith:AutoHammer"},{"floor":27.0,"key":"Eternal Feather"},{"floor":38.0,"key":"champ:GladiatorsBookOfMartialProwess"},{"floor":40.0,"key":"Orichalcum"},{"floor":44.0,"key":"Pen Nib"},{"floor":45,"key":"Du-Vu Doll"}],"event_choices":[{"damage_healed":0.0,"max_hp_gain":0.0,"max_hp_loss":0.0,"gold_gain":0.0,"event_name":"Mysterious Sphere","player_choice":"Fight","floor":38.0,"gold_loss":0.0,"damage_taken":0.0}],"is_beta":false,"boss_relics":[{"not_picked":["Sozu","Velvet Choker"],"picked":"SlaversCollar"},{"not_picked":["sneckomod:SneckoTalon","Empty Cage"],"picked":"champ:ChampionCrownUpgraded"}],"items_purged_floors":[14,29,37,47],"is_endless":false,"potions_floor_spawned":[9,12,15,16,23,28,30,32,33,43,44,48],"ascension_level":0}}