{"host":"i41n6wh529970c2c","time":1607827804,"event":{"mods":["Act Like it!","BaseMod","BetterRewards","Friendly Minions","Gold Saver","Hermit","Minty Spire (QoL Compilation)","Replay The Spire","Shop Mod","StSLib"],"gold_per_floor":[166,166,166,186,201,229,240,240,240],"floor_reached":8,"playtime":211,"items_purged":[],"score":84,"play_id":"46b3ea1c-28f2-4fa8-8900-e58f07d400c7","local_time":"20201212215004","is_ascension_mode":true,"campfire_choices":[],"circlet_count":0,"master_deck":["hermit:Strike_Hermit+1","hermit:Strike_Hermit","hermit:Strike_Hermit","hermit:Strike_Hermit","hermit:Defend_Hermit","hermit:Defend_Hermit+1","hermit:Defend_Hermit","hermit:Defend_Hermit","hermit:Snapshot","hermit:Covet","hermit:Manifest","hermit:HighCaliber","hermit:Adapt"],"relics":["hermit:Momento","NeowsBlessing","Onion Ring","HornCleat"],"acts_visited":["Exordium"],"potions_floor_usage":[7,8],"damage_taken":[{"damage":0,"enemies":"Cultist","floor":1,"turns":1},{"damage":0,"enemies":"Small Slimes","floor":4,"turns":1},{"damage":0,"enemies":"Jaw Worm","floor":5,"turns":1},{"damage":15,"enemies":"Gremlin Nob","floor":6,"turns":4},{"damage":10,"enemies":"Exordium Thugs","floor":7,"turns":4},{"damage":17,"enemies":"Lagavulin","floor":8,"turns":3}],"seed_played":"2548699951079538667","potions_obtained":[{"floor":5,"key":"Milkshake"},{"floor":7,"key":"Strength Potion"}],"is_trial":false,"path_per_floor":["M","?","?","M","M","E","M","E"],"character_chosen":"HERMIT","items_purchased":[],"campfire_rested":0,"item_purchase_floors":[],"current_hp_per_floor":[68,53,41,41,41,26,16,0,0],"gold":240,"neow_bonus":"THREE_ENEMY_KILL","is_daily":false,"chose_seed":false,"campfire_upgraded":0,"win_rate":0.0,"timestamp":1607827804,"path_taken":["M","?","?","M","M","E","M","E"],"items_purchased_type":[],"build_version":"2020-11-30","purchased_purges":0,"victory":false,"max_hp_per_floor":[75,75,75,75,75,75,75,75,75],"card_choices":[{"not_picked":["hermit:WideOpen","hermit:Coalescence"],"picked":"hermit:Manifest","floor":1},{"not_picked":["hermit:TrackingShot","hermit:Manifest"],"picked":"hermit:HighCaliber","floor":4},{"not_picked":["hermit:Enervate","hermit:BodyArmor","hermit:Roulette"],"picked":"SKIP","floor":5},{"not_picked":["hermit:Showdown","hermit:Misfire"],"picked":"hermit:Adapt","floor":6},{"not_picked":["hermit:Ricochet","hermit:Gestalt","hermit:Shortfuse"],"picked":"SKIP","floor":7}],"player_experience":746808,"relics_obtained":[{"floor":6,"key":"HornCleat"}],"event_choices":[{"damage_healed":0,"gold_gain":0,"player_choice":"Entered Light","damage_taken":15,"max_hp_gain":0,"max_hp_loss":0,"event_name":"Shining Light","floor":2,"gold_loss":0,"cards_upgraded":["hermit:Strike_Hermit","hermit:Defend_Hermit"]},{"damage_healed":0,"gold_gain":0,"player_choice":"Success","damage_taken":12,"relics_obtained":["Onion Ring"],"max_hp_gain":0,"max_hp_loss":0,"event_name":"Scrap Ooze","floor":3,"gold_loss":0}],"is_beta":false,"boss_relics":[],"items_purged_floors":[],"is_endless":false,"potions_floor_spawned":[5,7],"killed_by":"Lagavulin","ascension_level":9}}