{"host":"cwd5s03r1oaxs6mx","time":1607865007,"event":{"mods":["Act Like it!","BaseMod","Better Third Choice","BetterRewards","CapriCore","Card Filter","Colored Map","Custom Start","DeckTracker","Friendly Minions","Hubris","Infinite Spire","Minty Spire (QoL Compilation)","Quick Restart","Relic Stats","Shop Mod","Spicy Shops","StSLib","SuperFastMode"],"gold_per_floor":[110,125,125,137,147,173,191,191,217,217,243,4,22,35,35,106,106,121,136,136,148,148,177,177,197,277,288,288,288,299,299,299,376,376,396,396,421,421,321,352,352,380,380,380,394,429,97,109,109,109,109,109,109,109,140,140,140],"floor_reached":56,"playtime":2302,"items_purged":["Strike_R","Strike_R","Defend_R","Strike_R","Strike_R","Defend_R"],"score":2084,"play_id":"7ecad25e-2bc3-44c6-bccb-6dea56b19d3b","local_time":"20201213221007","is_ascension_mode":true,"campfire_choices":[{"data":"Whirlwind","floor":8.0,"key":"SMITH"},{"data":"Dual Wield","floor":10.0,"key":"SMITH"},{"data":"Offering","floor":15.0,"key":"SMITH"},{"data":"Double Tap","floor":24.0,"key":"SMITH"},{"data":"Flash of Steel","floor":28.0,"key":"SMITH"},{"floor":32.0,"key":"RECALL"},{"data":"Dual Wield","floor":41.0,"key":"SMITH"},{"data":"Demon Form","floor":44.0,"key":"SMITH"},{"floor":49.0,"key":"REST"},{"data":"1","floor":53.0,"key":"LIFT"}],"circlet_count":0,"master_deck":["AscendersBane","Defend_R","Bash","Whirlwind+1","Offering+1","Battle Trance","Double Tap+1","Demon Form+1","Dual Wield+1","Shrug It Off+1","Disarm","Blind","Whirlwind"],"relics":["Burning Blood","Chemical X","PreservedInsect","Pen Nib","Oddly Smooth Stone","hubris:TenFootPole","Medical Kit","hubris:OldNail","Empty Cage","Blue Candle","Paper Frog","hubris:Backtick","hubris:Potato","Girya","hubris:MedicalManual","InkBottle","infinitespire:Eraser","Bottled Tornado"],"acts_visited":["Exordium","TheCity","TheBeyond","TheEnding"],"potions_floor_usage":[],"damage_taken":[{"damage":6.0,"enemies":"Cultist","floor":1.0,"turns":3.0},{"damage":2.0,"enemies":"Jaw Worm","floor":2.0,"turns":3.0},{"damage":0.0,"enemies":"Small Slimes","floor":4.0,"turns":2.0},{"damage":0.0,"enemies":"Gremlin Gang","floor":5.0,"turns":1.0},{"damage":6.0,"enemies":"Gremlin Nob","floor":6.0,"turns":2.0},{"damage":36.0,"enemies":"Large Slime","floor":7.0,"turns":4.0},{"damage":0.0,"enemies":"Lagavulin","floor":11.0,"turns":1.0},{"damage":5.0,"enemies":"Looter","floor":13.0,"turns":2.0},{"damage":20.0,"enemies":"3 Louse","floor":14.0,"turns":2.0},{"damage":30.0,"enemies":"Slime Boss","floor":16.0,"turns":3.0},{"damage":0.0,"enemies":"Chosen","floor":18.0,"turns":2.0},{"damage":0.0,"enemies":"2 Thieves","floor":19.0,"turns":1.0},{"damage":0.0,"enemies":"3 Cultists","floor":21.0,"turns":2.0},{"damage":12.0,"enemies":"Gremlin Leader","floor":23.0,"turns":3.0},{"damage":6.0,"enemies":"Shelled Parasite and Fungi","floor":25.0,"turns":1.0},{"damage":24.0,"enemies":"Snake Plant","floor":27.0,"turns":2.0},{"damage":0.0,"enemies":"Chosen and Byrds","floor":30.0,"turns":2.0},{"damage":16.0,"enemies":"hubris:MusketHawk","floor":33.0,"turns":3.0},{"damage":16.0,"enemies":"Orb Walker","floor":35.0,"turns":2.0},{"damage":36.0,"enemies":"Mind Bloom Boss Battle","floor":37.0,"turns":3.0},{"damage":0.0,"enemies":"Reptomancer","floor":40.0,"turns":2.0},{"damage":1.0,"enemies":"Giant Head","floor":42.0,"turns":2.0},{"damage":0.0,"enemies":"3 Darklings","floor":45.0,"turns":1.0},{"damage":21.0,"enemies":"Nemesis","floor":46.0,"turns":3.0},{"damage":0.0,"enemies":"Maw","floor":48.0,"turns":1.0},{"damage":4.0,"enemies":"infinitespire:MassOfShapes","floor":50.0,"turns":4.0},{"damage":40.0,"enemies":"Time Eater","floor":51.0,"turns":4.0},{"damage":0.0,"enemies":"Shield and Spear","floor":55.0,"turns":1.0},{"damage":83,"enemies":"The Heart","floor":56,"turns":5}],"seed_played":"106092443176278237","potions_obtained":[{"floor":1.0,"key":"Ancient Potion"},{"floor":4.0,"key":"Explosive Potion"},{"floor":7.0,"key":"Fruit Juice"},{"floor":11.0,"key":"Fire Potion"},{"floor":19.0,"key":"LiquidMemories"},{"floor":33.0,"key":"Fire Potion"}],"is_trial":false,"path_per_floor":["M","M","?","M","M","E","M","R","T","R","E","$","M","M","R","B",null,"M","M","?","M","$","E","R","M","T","M","R","AVR","M","?","R","B",null,"M","AVR","?","?","NS","E","R","E","T","R","M","E","$","M","R","B","B",null,"R","$","E","B"],"character_chosen":"IRONCLAD","items_purchased":["Chemical X","Whirlwind","Flash of Steel","Medical Kit","hubris:OldNail","Disarm","Blind"],"campfire_rested":1,"item_purchase_floors":[0,0,0,12,12,47,47],"current_hp_per_floor":[68,72,72,75,75,75,50,50,50,50,56,56,57,43,43,19,65,71,77,77,80,80,74,74,74,74,56,56,56,62,78,78,68,77,67,67,37,37,37,43,43,48,48,48,54,39,39,45,69,71,37,69,69,69,75,0,0],"gold":140,"neow_bonus":"","is_daily":false,"chose_seed":false,"campfire_upgraded":7,"win_rate":0.0,"timestamp":1607865007,"path_taken":["M","?","?","M","M","E","M","R","T","R","E","$","?","M","R","BOSS","M","M","?","?","$","E","R","M","T","M","R","AVR","M","?","R","BOSS","M","AVR","?","?","NS","E","R","E","T","R","M","E","$","?","R","BOSS","BOSS","R","$","E","BOSS"],"items_purchased_type":["Relic","Card","Card","Relic","Relic","Card","Card"],"build_version":"2020-11-30","purchased_purges":6,"victory":false,"max_hp_per_floor":[75,75,75,75,75,75,80,80,80,80,80,80,80,80,80,80,80,80,80,80,80,80,80,80,80,80,80,80,80,80,80,80,80,80,80,80,80,80,80,80,80,80,80,80,80,80,80,80,80,80,80,80,80,80,80,80,80],"relic_stats":{"counters":[29,67],"Blue Candle":[2],"PreservedInsect":416,"Pen Nib":[15],"Chemical X":[116],"Medical Kit":[4],"obtain_stats":[{"Girya":37,"Blue Candle":23,"Oddly Smooth Stone":9,"PreservedInsect":3,"Pen Nib":6,"hubris:MedicalManual":40,"Bottled Tornado":55,"Medical Kit":12,"Empty Cage":17,"Burning Blood":0,"hubris:Backtick":34,"hubris:TenFootPole":11,"Chemical X":0,"infinitespire:Eraser":46,"hubris:OldNail":12,"hubris:Potato":34,"InkBottle":42,"Paper Frog":26},{"Girya":20,"Blue Candle":14,"Oddly Smooth Stone":6,"PreservedInsect":2,"Pen Nib":5,"hubris:MedicalManual":21,"Bottled Tornado":28,"Medical Kit":7,"Empty Cage":10,"Burning Blood":0,"hubris:Backtick":18,"hubris:TenFootPole":7,"Chemical X":0,"infinitespire:Eraser":24,"hubris:OldNail":7,"hubris:Potato":18,"InkBottle":22,"Paper Frog":15},{"Girya":44,"Blue Candle":31,"Oddly Smooth Stone":15,"PreservedInsect":6,"Pen Nib":11,"hubris:MedicalManual":46,"Bottled Tornado":62,"Medical Kit":16,"Empty Cage":23,"Burning Blood":0,"hubris:Backtick":39,"hubris:TenFootPole":16,"Chemical X":0,"infinitespire:Eraser":52,"hubris:OldNail":16,"hubris:Potato":39,"InkBottle":48,"Paper Frog":32}],"Burning Blood":156,"InkBottle":[9]},"card_choices":[{"not_picked":["Combust","Twin Strike","True Grit"],"picked":"SKIP","floor":1.0},{"not_picked":["Second Wind","Thunderclap","Flex"],"picked":"SKIP","floor":2.0},{"not_picked":["Clash","Body Slam","Combust"],"picked":"SKIP","floor":4.0},{"not_picked":["Hemokinesis","Perfected Strike"],"picked":"Offering","floor":5.0},{"not_picked":["Second Wind","Metallicize","Combust"],"picked":"SKIP","floor":6.0},{"not_picked":["Flex","True Grit"],"picked":"Dual Wield","floor":7.0},{"not_picked":["Brutality","Burning Pact","Body Slam"],"picked":"SKIP","floor":11.0},{"not_picked":["Clash","Sever Soul","Sentinel"],"picked":"SKIP","floor":13.0},{"not_picked":["Entrench","Bloodletting"],"picked":"Battle Trance","floor":14.0},{"not_picked":["Immolate","Demon Form"],"picked":"Double Tap","floor":16.0},{"not_picked":["True Grit","Clash","Armaments"],"picked":"SKIP","floor":18.0},{"not_picked":["Power Through+1","Cleave","Entrench"],"picked":"SKIP","floor":19.0},{"not_picked":["Rampage","Reckless Charge","Intimidate"],"picked":"SKIP","floor":21.0},{"not_picked":["Thunderclap","Entrench","Carnage"],"picked":"SKIP","floor":23.0},{"not_picked":["Thunderclap","Pommel Strike+1","Evolve"],"picked":"SKIP","floor":25.0},{"not_picked":["Sword Boomerang","Reaper","Clothesline"],"picked":"SKIP","floor":27.0},{"not_picked":["Rage","Cleave","Entrench"],"picked":"SKIP","floor":30.0},{"not_picked":["Juggernaut","Corruption"],"picked":"Demon Form","floor":33.0},{"not_picked":["Wild Strike","Reckless Charge","Carnage+1"],"picked":"SKIP","floor":35.0},{"not_picked":["Reckless Charge+1","Warcry"],"picked":"Dual Wield","floor":37.0},{"not_picked":["Pummel","Clash+1"],"picked":"Shrug It Off+1","floor":40.0},{"not_picked":["Feel No Pain","Flex","Body Slam"],"picked":"SKIP","floor":42.0},{"not_picked":["Thunderclap+1","Anger","Body Slam"],"picked":"SKIP","floor":45.0},{"not_picked":["Searing Blow","Immolate","Wild Strike"],"picked":"SKIP","floor":46.0},{"not_picked":["Headbutt+1","Rupture+1","Twin Strike"],"picked":"SKIP","floor":48.0},{"not_picked":["Twin Strike+1","Juggernaut"],"picked":"Whirlwind","floor":55.0}],"player_experience":903911,"relics_obtained":[{"floor":6.0,"key":"Pen Nib"},{"floor":9.0,"key":"Oddly Smooth Stone"},{"floor":11.0,"key":"hubris:TenFootPole"},{"floor":23.0,"key":"Blue Candle"},{"floor":26.0,"key":"Paper Frog"},{"floor":37.0,"key":"Girya"},{"floor":40.0,"key":"hubris:MedicalManual"},{"floor":42.0,"key":"InkBottle"},{"floor":46.0,"key":"infinitespire:Eraser"},{"floor":55.0,"key":"Bottled Tornado"}],"event_choices":[{"damage_healed":0.0,"max_hp_gain":0.0,"max_hp_loss":0.0,"gold_gain":0.0,"event_name":"WeMeetAgain","player_choice":"Gave Potion","floor":3.0,"gold_loss":0.0,"damage_taken":0.0,"relics_obtained":["PreservedInsect"]},{"damage_healed":0.0,"max_hp_gain":0.0,"max_hp_loss":0.0,"gold_gain":0.0,"event_name":"Lab","player_choice":"Got Potions","floor":20.0,"gold_loss":0.0,"damage_taken":0.0},{"damage_healed":16.0,"max_hp_gain":0.0,"max_hp_loss":0.0,"gold_gain":0.0,"event_name":"The Library","player_choice":"Heal","floor":31.0,"gold_loss":0.0,"damage_taken":0.0},{"damage_healed":0.0,"max_hp_gain":0.0,"max_hp_loss":0.0,"gold_gain":0.0,"event_name":"MindBloom","player_choice":"Fight","floor":37.0,"gold_loss":0.0,"damage_taken":0.0},{"cards_removed":["Defend_R"],"damage_healed":0.0,"max_hp_gain":0.0,"max_hp_loss":0.0,"gold_gain":0.0,"event_name":"Bonfire Elementals","player_choice":"Offered Basic","floor":38.0,"gold_loss":0.0,"damage_taken":0.0}],"is_beta":false,"boss_relics":[{"not_picked":["Calling Bell","Mark of Pain"],"picked":"Empty Cage"},{"not_picked":["Pandora\u0027s Box","Snecko Eye"],"picked":"hubris:Backtick"}],"items_purged_floors":[0,0,0,29,36,47],"is_endless":false,"potions_floor_spawned":[1,4,7,11,13,19,27,33,40,42,46,48],"killed_by":"The Heart","ascension_level":20}}