{"host":"8fup84v061vi31le","time":1607825369,"event":{"mods":["BaseMod","Better Match","Better Third Choice","Minty Spire (QoL Compilation)","Replay The Spire","Shop Mod","StSLib"],"gold_per_floor":[168,168,243,243,258,7,20,20,72,98,128,140,152,176,188,303,315,346,392,329,400,432,444,487,479,491,521,533,545,575,602,614,626,626],"floor_reached":33,"playtime":934,"items_purged":["Defend_R"],"score":318,"play_id":"5c25c580-2243-42a1-970d-c1b61182ff71","local_time":"20201213100929","is_ascension_mode":true,"campfire_choices":[{"data":"Perfected Strike","floor":8.0,"key":"SMITH"},{"floor":12.0,"key":"REST"},{"floor":15.0,"key":"DIG"},{"data":"Pommel Strike","floor":23.0,"key":"SMITH"},{"data":"Run Through","floor":28.0,"key":"SMITH"},{"floor":32,"key":"REST"}],"circlet_count":0,"master_deck":["Strike_R","Strike_R","Strike_R","Strike_R","Strike_R","Defend_R+1","Defend_R+1","Defend_R+1","Bash","Pommel Strike+1","Poisoned Strike","Perfected Strike+1","Reaper","Run Through+1","Wild Strike","Twin Strike","Headbutt+1"],"relics":["Tiny House","Self Forming Clay","Bronze Scales","MawBank","Divine Protection","SacredBark","Red Mask","War Paint","Singing Bowl","Mirror"],"acts_visited":["Exordium","TheCity"],"potions_floor_usage":[33,33,33],"damage_taken":[{"damage":2.0,"enemies":"Jaw Worm","floor":1.0,"turns":4.0},{"damage":0.0,"enemies":"Cultist","floor":5.0,"turns":2.0},{"damage":0.0,"enemies":"Small Slimes","floor":7.0,"turns":2.0},{"damage":19.0,"enemies":"3 Sentries","floor":10.0,"turns":5.0},{"damage":5.0,"enemies":"Blue Slaver","floor":11.0,"turns":2.0},{"damage":0.0,"enemies":"Large Slime","floor":14.0,"turns":4.0},{"damage":8.0,"enemies":"Hexaghost","floor":16.0,"turns":8.0},{"damage":14.0,"enemies":"2 Thieves","floor":18.0,"turns":3.0},{"damage":0.0,"enemies":"Masked Bandits","floor":19.0,"turns":1.0},{"damage":0.0,"enemies":"3 Byrds","floor":22.0,"turns":3.0},{"damage":24.0,"enemies":"Book of Stabbing","floor":24.0,"turns":4.0},{"damage":4.0,"enemies":"Snake Plant","floor":27.0,"turns":3.0},{"damage":2.0,"enemies":"Sentry and Sphere","floor":30.0,"turns":3.0},{"damage":51,"enemies":"Shelled Parasite and Fungi","floor":31,"turns":5},{"damage":105,"enemies":"Automaton","floor":33,"turns":8}],"seed_played":"3863855660980055872","potions_obtained":[{"floor":0.0,"key":"Explosive Potion"},{"floor":1.0,"key":"Explosive Potion"},{"floor":14.0,"key":"LifebloodPotion"},{"floor":16.0,"key":"Venom Potion"},{"floor":19.0,"key":"Adrenaline Potion"},{"floor":21.0,"key":"Strength Potion"},{"floor":24.0,"key":"Fire Potion"},{"floor":25.0,"key":"Reflective Coating"},{"floor":30.0,"key":"Elixir"},{"floor":31,"key":"Regen Potion"}],"is_trial":false,"path_per_floor":["M","?","?","T","M","$","M","R","T","E","M","R","$","M","R","B",null,"M","?","?","?","M","R","E","?","T","M","R","?","M","M","R","B"],"character_chosen":"IRONCLAD","items_purchased":["Poisoned Strike"],"campfire_rested":2,"item_purchase_floors":[6],"current_hp_per_floor":[83,66,55,55,55,55,55,55,55,36,31,56,56,56,56,48,85,71,71,71,71,77,77,55,55,55,53,53,53,57,12,39,0,0],"gold":626,"neow_bonus":"BOSS_RELIC","is_daily":false,"chose_seed":false,"campfire_upgraded":3,"win_rate":0.0,"timestamp":1607825369,"path_taken":["M","?","?","?","?","?","M","R","T","E","M","R","$","M","R","BOSS","M","?","?","?","M","R","E","?","T","?","R","?","M","M","R","BOSS"],"items_purchased_type":["Card"],"build_version":"2020-11-30","purchased_purges":1,"victory":false,"max_hp_per_floor":[85,85,85,85,85,85,85,85,85,85,85,85,85,85,85,85,85,85,85,85,85,85,85,87,87,87,89,89,89,91,93,93,93,93],"card_choices":[{"not_picked":["Warcry","Sword Boomerang"],"picked":"Perfected Strike","floor":0.0},{"not_picked":["Havoc","Carnage"],"picked":"Pommel Strike","floor":1.0},{"not_picked":["Cleave","Warcry","Impervious"],"picked":"SKIP","floor":5.0},{"not_picked":["Searing Blow","Life Link"],"picked":"Perfected Strike","floor":7.0},{"not_picked":["Combust","Reckless Charge","Anger"],"picked":"SKIP","floor":10.0},{"not_picked":["ReplayTheSpireMod:Corrosion Curse","Hemokinesis","Inflame"],"picked":"SKIP","floor":11.0},{"not_picked":["True Grit","Havoc","Evolve"],"picked":"SKIP","floor":14.0},{"not_picked":["Immolate","Feed"],"picked":"Reaper","floor":16.0},{"not_picked":["Anger","Sword Boomerang","True Grit"],"picked":"SKIP","floor":18.0},{"not_picked":["Headbutt","Power Through+1"],"picked":"Run Through","floor":19.0},{"not_picked":["Pummel","Replay:Undeath\u0027s Touch"],"picked":"Wild Strike","floor":21.0},{"not_picked":["Shrug It Off","Reaper"],"picked":"Twin Strike","floor":21.0},{"not_picked":["Clash","Evolve+1"],"picked":"Headbutt+1","floor":22.0},{"not_picked":["Anger","Armaments","Combust"],"picked":"Singing Bowl","floor":24.0},{"not_picked":["Blood for Blood","Perfected Strike+1","Entrench"],"picked":"Singing Bowl","floor":27.0},{"not_picked":["Wild Strike","Exhume","Headbutt"],"picked":"Singing Bowl","floor":30.0},{"not_picked":["Twin Strike","Combust","Uppercut"],"picked":"Singing Bowl","floor":31}],"player_experience":70517,"relics_obtained":[{"floor":4.0,"key":"Self Forming Clay"},{"floor":9.0,"key":"Bronze Scales"},{"floor":10.0,"key":"MawBank"},{"floor":15.0,"key":"Divine Protection"},{"floor":19.0,"key":"Red Mask"},{"floor":21.0,"key":"War Paint"},{"floor":24.0,"key":"Singing Bowl"},{"floor":26.0,"key":"Mirror"}],"event_choices":[{"damage_healed":83.0,"max_hp_gain":0.0,"max_hp_loss":85.0,"gold_gain":0.0,"event_name":"betterThird:BetterShining","player_choice":"Upgrade","floor":2.0,"gold_loss":0.0,"damage_taken":17.0,"cards_upgraded":["Defend_R","Defend_R"]},{"damage_healed":0.0,"max_hp_gain":0.0,"max_hp_loss":0.0,"gold_gain":75.0,"event_name":"betterThird:BetterGoop","player_choice":"Gold","floor":3.0,"gold_loss":0.0,"damage_taken":11.0},{"damage_healed":0.0,"max_hp_gain":0.0,"max_hp_loss":0.0,"gold_gain":0.0,"event_name":"Masked Bandits","player_choice":"Fought Bandits","floor":19.0,"gold_loss":0.0,"damage_taken":0.0},{"cards_removed":["Perfected Strike"],"damage_healed":0.0,"max_hp_gain":0.0,"max_hp_loss":0.0,"gold_gain":0.0,"event_name":"Beggar","player_choice":"Gave Gold","floor":20.0,"gold_loss":75.0,"damage_taken":0.0},{"damage_healed":0.0,"max_hp_gain":0.0,"max_hp_loss":0.0,"gold_gain":0.0,"event_name":"The Woman in Blue","player_choice":"Bought 1 Potion","floor":25.0,"gold_loss":0.0,"damage_taken":0.0},{"damage_healed":0.0,"max_hp_gain":0.0,"max_hp_loss":0.0,"gold_gain":0.0,"event_name":"Ghosts","player_choice":"Ignored","floor":29.0,"gold_loss":0.0,"damage_taken":0.0}],"is_beta":false,"boss_relics":[{"not_picked":["Painkiller Herb","Ectoplasm"],"picked":"SacredBark"}],"items_purged_floors":[6],"is_endless":false,"potions_floor_spawned":[1,14,16,18,19,24,30,31],"killed_by":"Automaton","ascension_level":4}}