{"host":"7s615nz0x4wigwve","time":1607890070,"event":{"mods":["BaseMod","Minty Spire (QoL Compilation)","Quick Restart"],"gold_per_floor":[217,230,8,18,18,18,31,47,47,66,66,84,84,84,84,184,184,203,221,237,417,427,427,427,427,450,466,466,466,485,100,100,204,204,214,227,76,103,103,133,133,133,133],"floor_reached":42,"playtime":5994,"items_purged":[],"score":420,"play_id":"d26a06a0-d422-40f0-9f77-c945cdce124b","local_time":"20201213210750","is_ascension_mode":false,"campfire_choices":[{"data":"Lockon","floor":6,"key":"SMITH"},{"data":"Sunder","floor":11,"key":"SMITH"},{"data":"Redo","floor":13,"key":"SMITH"},{"data":"Double Energy","floor":15,"key":"SMITH"},{"floor":23,"key":"REST"},{"data":"Storm","floor":25,"key":"SMITH"},{"data":"Chill","floor":29,"key":"SMITH"},{"floor":32,"key":"REST"},{"data":"Capacitor","floor":41,"key":"SMITH"}],"circlet_count":0,"master_deck":["Strike_B","Strike_B","Strike_B","Strike_B","Defend_B","Defend_B","Defend_B","Zap","Dualcast","Lockon+1","Double Energy","Storm+1","Sunder+1","Glacier","Double Energy+1","Redo+1","Steam","Echo Form","Sunder","Darkness","Go for the Eyes","Go for the Eyes","Chill+1","Cold Snap+1","Capacitor+1","Electrodynamics","Go for the Eyes+1","Coolheaded+1","Fusion"],"relics":["Cracked Core","ClockworkSouvenir","Kunai","Nuclear Battery","MutagenicStrength","Bag of Preparation","TungstenRod","Torii","Sozu","Runic Capacitor","PreservedInsect","Dream Catcher"],"acts_visited":["Exordium","TheCity","TheBeyond"],"potions_floor_usage":[33,33,33],"damage_taken":[{"damage":2,"enemies":"2 Louse","floor":1,"turns":3},{"damage":3,"enemies":"Jaw Worm","floor":2,"turns":4},{"damage":1,"enemies":"Cultist","floor":4,"turns":4},{"damage":2,"enemies":"Blue Slaver","floor":7,"turns":3},{"damage":3,"enemies":"Exordium Wildlife","floor":8,"turns":3},{"damage":2,"enemies":"Lots of Slimes","floor":10,"turns":4},{"damage":10,"enemies":"Looter","floor":12,"turns":3},{"damage":32,"enemies":"Slime Boss","floor":16,"turns":16},{"damage":20,"enemies":"3 Byrds","floor":18,"turns":8},{"damage":9,"enemies":"Chosen","floor":19,"turns":5},{"damage":5,"enemies":"Sentry and Sphere","floor":20,"turns":4},{"damage":15,"enemies":"Snecko","floor":22,"turns":5},{"damage":8,"enemies":"Shelled Parasite and Fungi","floor":27,"turns":6},{"damage":17,"enemies":"Sentry and Sphere","floor":30,"turns":6},{"damage":25,"enemies":"Collector","floor":33,"turns":9},{"damage":6,"enemies":"3 Shapes","floor":35,"turns":2},{"damage":11,"enemies":"Orb Walker","floor":36,"turns":3},{"damage":23,"enemies":"Nemesis","floor":40,"turns":5},{"damage":42,"enemies":"Reptomancer","floor":42,"turns":2}],"seed_played":"-4730363912968754056","potions_obtained":[{"floor":2,"key":"PowerPotion"},{"floor":7,"key":"AttackPotion"},{"floor":12,"key":"Energy Potion"},{"floor":22,"key":"DistilledChaos"}],"is_trial":false,"path_per_floor":["M","M","$","M","$","R","M","M","T","M","R","M","R","?","R","B",null,"M","M","M","?","M","R","?","R","T","M","T","R","M","$","R","B",null,"M","M","$","T","?","E","R","E"],"character_chosen":"DEFECT","items_purchased":["Storm","ClockworkSouvenir","Capacitor","Torii","Runic Capacitor"],"campfire_rested":2,"item_purchase_floors":[3,3,31,31,37],"current_hp_per_floor":[73,70,70,69,69,69,67,64,64,62,62,52,52,57,57,25,80,60,51,46,27,12,36,36,36,36,28,28,28,11,11,35,10,80,74,63,63,63,63,40,40,0,0],"gold":133,"neow_bonus":"HUNDRED_GOLD","is_daily":false,"chose_seed":false,"campfire_upgraded":7,"win_rate":0.0,"timestamp":1607890070,"path_taken":["M","M","$","M","$","R","M","M","T","M","R","M","R","?","R","BOSS","M","M","M","?","?","R","?","R","T","M","?","R","M","$","R","BOSS","M","M","$","?","?","E","R","E"],"items_purchased_type":["Card","Relic","Card","Relic","Relic"],"build_version":"2020-11-30","purchased_purges":0,"victory":false,"max_hp_per_floor":[75,75,75,75,75,75,75,75,75,75,75,75,75,80,80,80,80,80,80,80,80,80,80,80,80,80,80,80,80,80,80,80,80,80,80,80,80,80,80,80,80,80,80],"card_choices":[{"not_picked":["Turbo","Scrape"],"picked":"Lockon","floor":1},{"not_picked":["Sweeping Beam","Leap"],"picked":"Double Energy","floor":2},{"not_picked":["Auto Shields","Stack"],"picked":"Sunder","floor":4},{"not_picked":["Rip and Tear","Steam Power"],"picked":"Glacier","floor":7},{"not_picked":["Streamline","Sweeping Beam"],"picked":"Double Energy","floor":8},{"not_picked":["Steam","Turbo"],"picked":"Redo","floor":10},{"not_picked":["Beam Cell","Rip and Tear"],"picked":"Steam","floor":12},{"not_picked":["Amplify","Hyperbeam"],"picked":"Echo Form","floor":16},{"not_picked":["Hologram","Leap+1"],"picked":"Sunder","floor":18},{"not_picked":["Beam Cell","Conserve Battery"],"picked":"Darkness","floor":19},{"not_picked":["Turbo","Beam Cell"],"picked":"Go for the Eyes","floor":20},{"not_picked":["Sweeping Beam","Coolheaded"],"picked":"Go for the Eyes","floor":22},{"not_picked":["BootSequence","Barrage"],"picked":"Chill","floor":27},{"not_picked":["Glacier+1","Gash+1"],"picked":"Cold Snap+1","floor":30},{"not_picked":["Multi-Cast","Machine Learning"],"picked":"Electrodynamics","floor":33},{"not_picked":["Steam","Force Field"],"picked":"Go for the Eyes+1","floor":35},{"not_picked":["Beam Cell","Ball Lightning"],"picked":"Coolheaded+1","floor":36},{"not_picked":["Rebound","Turbo"],"picked":"Fusion","floor":40}],"player_experience":137160,"relics_obtained":[{"floor":9,"key":"Kunai"},{"floor":26,"key":"Bag of Preparation"},{"floor":28,"key":"TungstenRod"},{"floor":38,"key":"PreservedInsect"},{"floor":40,"key":"Dream Catcher"}],"event_choices":[{"damage_healed":0,"gold_gain":0,"player_choice":"Donut","damage_taken":0,"max_hp_gain":5,"max_hp_loss":0,"event_name":"Big Fish","floor":14,"gold_loss":0},{"damage_healed":0,"gold_gain":180,"player_choice":"GOLD GOLD ","damage_taken":19,"max_hp_gain":0,"max_hp_loss":0,"event_name":"Knowing Skull","floor":21,"potions_obtained":[],"gold_loss":0,"cards_obtained":[]},{"damage_healed":0,"gold_gain":0,"player_choice":"Inject Mutagens","damage_taken":0,"relics_obtained":["MutagenicStrength"],"max_hp_gain":0,"max_hp_loss":0,"event_name":"Drug Dealer","floor":24,"gold_loss":0},{"cards_removed":["Defend_B"],"damage_healed":0,"gold_gain":0,"player_choice":"Removed Skill","damage_taken":0,"max_hp_gain":0,"max_hp_loss":0,"event_name":"Falling","floor":39,"gold_loss":0}],"is_beta":false,"boss_relics":[{"not_picked":["Empty Cage","Busted Crown"],"picked":"Nuclear Battery"},{"not_picked":["SacredBark","Runic Dome"],"picked":"Sozu"}],"items_purged_floors":[],"is_endless":false,"potions_floor_spawned":[2,7,12,22,35],"killed_by":"Reptomancer","ascension_level":0}}