{"host":"Ian","time":1607850788,"event":{"mods":["BaseMod","Bestiary","Block Reminder","Colored Map","Highlight Path","Key Reminder","Minty Spire (QoL Compilation)","Relic Stats"],"gold_per_floor":[112,187,34,47,64,89,89,107,178,213,224,251,251,263,263,337,337,349,365,365,380,13,45,55,55,80,80,114,214,36,70,70,146,146,160,175,175,50,67,96,96,116,142,156,171,171,90,120,120,120,120,120,120,44,70,70,70],"floor_reached":56,"playtime":3880,"items_purged":["Strike_R","Strike_R","Blood for Blood"],"score":2049,"play_id":"8cd91ffa-c01c-48a7-95e4-990986b94df7","local_time":"20201213091308","is_ascension_mode":true,"campfire_choices":[{"floor":7.0,"key":"REST"},{"floor":15.0,"key":"REST"},{"floor":25.0,"key":"REST"},{"floor":32.0,"key":"RECALL"},{"floor":41.0,"key":"REST"},{"floor":46.0,"key":"REST"},{"floor":49.0,"key":"REST"},{"floor":53.0,"key":"REST"}],"circlet_count":0,"master_deck":["AscendersBane","Bash","Second Wind","Spot Weakness","Heavy Blade","Power Through","Reaper","Twin Strike","Thunderclap","Disarm","Pommel Strike","Offering","Clothesline","Seeing Red","Fiend Fire","Fire Breathing+1","RitualDagger","Cleave","Feed","Dark Embrace","Brutality","Shrug It Off","Reaper","Sever Soul","Evolve","Impervious","Dual Wield","Disarm","Exhume","Fire Breathing","Power Through","Shockwave","Offering"],"relics":["Fusion Hammer","Charon\u0027s Ashes","Paper Frog","Boot","Omamori","Runic Cube","Incense Burner","HornCleat","Anchor","Bag of Preparation","Ancient Tea Set","TungstenRod","Mummified Hand","Singing Bowl","Pandora\u0027s Box","Gremlin Horn","FossilizedHelix","Bottled Lightning"],"acts_visited":["Exordium","TheCity","TheBeyond","TheEnding"],"potions_floor_usage":[],"damage_taken":[{"damage":0.0,"enemies":"2 Louse","floor":1.0,"turns":4.0},{"damage":9.0,"enemies":"Jaw Worm","floor":4.0,"turns":4.0},{"damage":0.0,"enemies":"Cultist","floor":5.0,"turns":2.0},{"damage":20.0,"enemies":"3 Sentries","floor":6.0,"turns":6.0},{"damage":0.0,"enemies":"Exordium Thugs","floor":8.0,"turns":3.0},{"damage":8.0,"enemies":"Gremlin Nob","floor":10.0,"turns":3.0},{"damage":8.0,"enemies":"Blue Slaver","floor":11.0,"turns":2.0},{"damage":16.0,"enemies":"Lagavulin","floor":12.0,"turns":7.0},{"damage":0.0,"enemies":"2 Fungi Beasts","floor":14.0,"turns":3.0},{"damage":43.0,"enemies":"Hexaghost","floor":16.0,"turns":8.0},{"damage":10.0,"enemies":"3 Byrds","floor":18.0,"turns":3.0},{"damage":25.0,"enemies":"2 Thieves","floor":19.0,"turns":3.0},{"damage":13.0,"enemies":"Centurion and Healer","floor":21.0,"turns":4.0},{"damage":18.0,"enemies":"Gremlin Leader","floor":23.0,"turns":5.0},{"damage":6.0,"enemies":"Cultist and Chosen","floor":24.0,"turns":4.0},{"damage":6.0,"enemies":"Book of Stabbing","floor":28.0,"turns":3.0},{"damage":15.0,"enemies":"Colosseum Slavers","floor":29.0,"turns":3.0},{"damage":6.0,"enemies":"Colosseum Nobs","floor":29.0,"turns":2.0},{"damage":11.0,"enemies":"Slavers","floor":31.0,"turns":2.0},{"damage":74.0,"enemies":"Automaton","floor":33.0,"turns":8.0},{"damage":5.0,"enemies":"Orb Walker","floor":35.0,"turns":2.0},{"damage":6.0,"enemies":"3 Shapes","floor":36.0,"turns":3.0},{"damage":17.0,"enemies":"Maw","floor":39.0,"turns":9.0},{"damage":31.0,"enemies":"Giant Head","floor":40.0,"turns":6.0},{"damage":5.0,"enemies":"Jaw Worm Horde","floor":42.0,"turns":1.0},{"damage":8.0,"enemies":"4 Shapes","floor":44.0,"turns":3.0},{"damage":10.0,"enemies":"Sphere and 2 Shapes","floor":45.0,"turns":4.0},{"damage":36.0,"enemies":"Nemesis","floor":48.0,"turns":7.0},{"damage":16.0,"enemies":"Time Eater","floor":50.0,"turns":7.0},{"damage":72.0,"enemies":"Donu and Deca","floor":51.0,"turns":9.0},{"damage":21.0,"enemies":"Shield and Spear","floor":55.0,"turns":5.0},{"damage":97,"enemies":"The Heart","floor":56,"turns":11}],"seed_played":"8378373578380916546","potions_obtained":[{"floor":1.0,"key":"Fire Potion"},{"floor":4.0,"key":"BlessingOfTheForge"},{"floor":8.0,"key":"FearPotion"},{"floor":16.0,"key":"GamblersBrew"},{"floor":21.0,"key":"FearPotion"},{"floor":31.0,"key":"Block Potion"},{"floor":33.0,"key":"Swift Potion"},{"floor":35.0,"key":"DuplicationPotion"},{"floor":40.0,"key":"ColorlessPotion"},{"floor":45.0,"key":"LiquidBronze"}],"is_trial":false,"path_per_floor":["M","?","$","M","M","E","R","M","T","E","M","E","?","M","R","B",null,"M","M","?","M","$","E","M","R","T","?","E","?","$","E","R","B",null,"M","M","?","$","M","E","R","M","T","M","M","R","$","E","R","B","B",null,"R","$","E","B"],"character_chosen":"IRONCLAD","items_purchased":["Spot Weakness","HornCleat","Feed","Power Through","Offering"],"campfire_rested":7,"item_purchase_floors":[3,22,30,47,54],"current_hp_per_floor":[68,57,57,48,48,28,50,60,60,52,56,52,52,52,74,32,64,69,52,52,53,53,35,41,63,63,57,58,61,61,75,75,6,58,60,56,56,56,60,29,52,80,80,74,67,87,87,63,87,71,46,77,87,87,76,0,0],"gold":70,"neow_bonus":"BOSS_RELIC","is_daily":false,"chose_seed":false,"campfire_upgraded":0,"win_rate":0.0,"timestamp":1607850788,"path_taken":["M","?","$","M","M","E","R","M","T","E","M","E","?","M","R","BOSS","M","M","?","M","?","E","M","R","T","?","E","?","?","E","R","BOSS","M","M","?","$","?","E","R","M","T","M","?","R","?","E","R","BOSS","BOSS","R","$","E","BOSS"],"items_purchased_type":["Card","Relic","Card","Card","Card"],"build_version":"2020-12-07","purchased_purges":3,"victory":false,"max_hp_per_floor":[75,75,75,75,75,75,75,75,75,75,75,75,75,75,75,75,75,75,75,75,75,75,75,75,75,75,75,75,75,75,75,75,75,75,75,77,77,77,79,79,79,82,82,84,87,87,87,87,87,87,87,87,87,87,92,92,92],"relic_stats":{"Singing Bowl":8,"Gremlin Horn":[8,8],"counters":[32,146],"Mummified Hand":[66],"Pandora\u0027s Box":["Shrug It Off","Reaper","Blood for Blood","Sever Soul","Evolve","Impervious"],"Charon\u0027s Ashes":[889],"Bag of Preparation":[34],"Boot":[66],"obtain_stats":[{"Singing Bowl":31,"Gremlin Horn":40,"Charon\u0027s Ashes":6,"Omamori":12,"Incense Burner":20,"Bag of Preparation":26,"Boot":10,"Ancient Tea Set":28,"Burning Blood":0,"keyreminder:keyreminder":32,"Anchor":23,"HornCleat":22,"Mummified Hand":29,"Pandora\u0027s Box":34,"Fusion Hammer":0,"Bottled Lightning":55,"TungstenRod":29,"FossilizedHelix":48,"Paper Frog":9,"Runic Cube":17},{"Singing Bowl":19,"Gremlin Horn":24,"Charon\u0027s Ashes":4,"Omamori":8,"Incense Burner":12,"Bag of Preparation":15,"Boot":6,"Ancient Tea Set":16,"Burning Blood":0,"keyreminder:keyreminder":19,"Anchor":14,"HornCleat":13,"Mummified Hand":18,"Pandora\u0027s Box":20,"Fusion Hammer":0,"Bottled Lightning":31,"TungstenRod":18,"FossilizedHelix":28,"Paper Frog":5,"Runic Cube":10},{"Singing Bowl":71,"Gremlin Horn":99,"Charon\u0027s Ashes":16,"Omamori":31,"Incense Burner":48,"Bag of Preparation":61,"Boot":22,"Ancient Tea Set":64,"Burning Blood":0,"keyreminder:keyreminder":71,"Anchor":57,"HornCleat":52,"Mummified Hand":69,"Pandora\u0027s Box":79,"Fusion Hammer":0,"Bottled Lightning":135,"TungstenRod":69,"FossilizedHelix":114,"Paper Frog":19,"Runic Cube":42}],"TungstenRod":127,"Runic Cube":[86]},"card_choices":[{"not_picked":["Reckless Charge","Dropkick"],"picked":"Second Wind","floor":1.0},{"not_picked":["Perfected Strike","Power Through"],"picked":"Heavy Blade","floor":4.0},{"not_picked":["Flex","True Grit"],"picked":"Power Through","floor":5.0},{"not_picked":["Bloodletting","Iron Wave"],"picked":"Reaper","floor":6.0},{"not_picked":["Shrug It Off","Rupture"],"picked":"Twin Strike","floor":8.0},{"not_picked":["Perfected Strike","Dual Wield"],"picked":"Thunderclap","floor":10.0},{"not_picked":["Perfected Strike","Rampage"],"picked":"Disarm","floor":11.0},{"not_picked":["Rupture","Wild Strike","Havoc"],"picked":"SKIP","floor":12.0},{"not_picked":["True Grit","Anger"],"picked":"Pommel Strike","floor":14.0},{"not_picked":["Impervious","Berserk"],"picked":"Offering","floor":16.0},{"not_picked":["True Grit","Body Slam"],"picked":"Clothesline","floor":18.0},{"not_picked":["Reckless Charge+1","Thunderclap","Iron Wave"],"picked":"SKIP","floor":19.0},{"not_picked":["Wild Strike+1","Pommel Strike"],"picked":"Seeing Red","floor":21.0},{"not_picked":["Bloodletting","Clothesline+1"],"picked":"Fiend Fire","floor":23.0},{"not_picked":["Cleave","Pommel Strike"],"picked":"Fire Breathing+1","floor":24.0},{"not_picked":["Cleave","Heavy Blade","Twin Strike+1"],"picked":"SKIP","floor":28.0},{"not_picked":["Heavy Blade","Twin Strike+1"],"picked":"Cleave","floor":28.0},{"not_picked":["Pommel Strike","Cleave"],"picked":"Dark Embrace","floor":31.0},{"not_picked":["Immolate","Corruption"],"picked":"Brutality","floor":33.0},{"not_picked":["Sword Boomerang","Armaments"],"picked":"Dual Wield","floor":35.0},{"not_picked":["Warcry","Heavy Blade","Entrench"],"picked":"Singing Bowl","floor":36.0},{"not_picked":["True Grit","Body Slam","Anger"],"picked":"Singing Bowl","floor":39.0},{"not_picked":["Whirlwind","Thunderclap"],"picked":"Disarm","floor":40.0},{"not_picked":["Warcry","Evolve"],"picked":"Exhume","floor":42.0},{"not_picked":["Pommel Strike","Flex","Clothesline"],"picked":"Singing Bowl","floor":44.0},{"not_picked":["Rage","Warcry"],"picked":"Fire Breathing","floor":45.0},{"not_picked":["Anger","Dual Wield"],"picked":"Shockwave","floor":48.0},{"not_picked":["Heavy Blade","Thunderclap","Sword Boomerang+1"],"picked":"Singing Bowl","floor":55.0}],"player_experience":2513337,"relics_obtained":[{"floor":6.0,"key":"Charon\u0027s Ashes"},{"floor":9.0,"key":"Paper Frog"},{"floor":10.0,"key":"Boot"},{"floor":12.0,"key":"Omamori"},{"floor":23.0,"key":"Anchor"},{"floor":26.0,"key":"Bag of Preparation"},{"floor":28.0,"key":"Ancient Tea Set"},{"floor":29.0,"key":"TungstenRod"},{"floor":29.0,"key":"Mummified Hand"},{"floor":31.0,"key":"Singing Bowl"},{"floor":40.0,"key":"Gremlin Horn"},{"floor":48.0,"key":"FossilizedHelix"},{"floor":55.0,"key":"Bottled Lightning"}],"event_choices":[{"damage_healed":0.0,"max_hp_gain":0.0,"max_hp_loss":0.0,"gold_gain":75.0,"event_name":"World of Goop","player_choice":"Gather Gold","floor":2.0,"gold_loss":0.0,"damage_taken":11.0},{"cards_removed":["Strike_R"],"damage_healed":0.0,"max_hp_gain":0.0,"max_hp_loss":0.0,"gold_gain":0.0,"event_name":"Bonfire Elementals","player_choice":"Offered Basic","floor":13.0,"gold_loss":0.0,"damage_taken":0.0},{"damage_healed":0.0,"max_hp_gain":0.0,"max_hp_loss":0.0,"gold_gain":0.0,"event_name":"Addict","player_choice":"Stole Relic","floor":20.0,"gold_loss":0.0,"damage_taken":0.0,"relics_obtained":["Incense Burner"],"cards_obtained":["Shame"]},{"damage_healed":0.0,"max_hp_gain":0.0,"max_hp_loss":0.0,"gold_gain":0.0,"event_name":"Nest","player_choice":"Joined the Cult","floor":27.0,"gold_loss":0.0,"damage_taken":6.0,"cards_obtained":["RitualDagger"]},{"damage_healed":0.0,"max_hp_gain":0.0,"max_hp_loss":0.0,"gold_gain":0.0,"event_name":"Colosseum","player_choice":"Fight","floor":29.0,"gold_loss":0.0,"damage_taken":0.0},{"damage_healed":0.0,"max_hp_gain":0.0,"max_hp_loss":0.0,"gold_gain":0.0,"event_name":"Colosseum","player_choice":"Fought Nobs","floor":29.0,"gold_loss":0.0,"damage_taken":0.0},{"damage_healed":0.0,"max_hp_gain":0.0,"max_hp_loss":0.0,"gold_gain":0.0,"event_name":"Match and Keep!","player_choice":"0 cards matched","floor":37.0,"gold_loss":0.0,"damage_taken":0.0,"cards_obtained":[]}],"is_beta":true,"boss_relics":[{"not_picked":["Philosopher\u0027s Stone","Busted Crown"],"picked":"Runic Cube"},{"not_picked":["SacredBark","Tiny House"],"picked":"Pandora\u0027s Box"}],"items_purged_floors":[3,22,38],"is_endless":false,"potions_floor_spawned":[1,4,8,16,21,24,28,29,31,33,35,36,40,45],"killed_by":"The Heart","ascension_level":20}}