{"host":"irtkyucquvte0m2t","time":1607819223,"event":{"mods":["BaseMod","Better Note","BetterRewards","Colored Map","Colored Powertips","Minty Spire (QoL Compilation)","Quick Restart","Rare Cards Sparkle","StSLib","everything is the same but u backflip on backflip"],"gold_per_floor":[115,133,133,133,147,173,173,184,231,62,72,72,84,122,134,243,255,278,390,113,139,150,180,32,32,77,77,77,90,123,191,191,289,289,306,306,306,306,324,324,335,51,51,51,74,91,16,46,46,46],"floor_reached":51,"playtime":1569,"items_purged":["Strike_B"],"score":1014,"play_id":"d1ac7911-7800-4f62-ba3d-d80c3fc0608d","local_time":"20201212192703","is_ascension_mode":true,"campfire_choices":[{"floor":7,"key":"REST"},{"data":"Dualcast","floor":13,"key":"SMITH"},{"data":"White Noise","floor":15,"key":"SMITH"},{"data":"Defragment","floor":25,"key":"SMITH"},{"data":"Sunder","floor":27,"key":"SMITH"},{"data":"Zap","floor":32,"key":"SMITH"},{"data":"Hyperbeam","floor":40,"key":"SMITH"},{"floor":44,"key":"RECALL"},{"data":"Reinforced Body","floor":49,"key":"SMITH"}],"circlet_count":0,"master_deck":["Strike_B","Strike_B","Defend_B+1","Defend_B+1","Defend_B","Zap+1","Dualcast+1","Sunder+1","White Noise+1","Streamline+1","Glacier+1","Hologram","Hyperbeam+1","Leap","Electrodynamics","Reinforced Body+1","Defragment+1","Defragment","All For One","Chill+1","Reboot","Beam Cell","Cold Snap+1","Rip and Tear","Gash+1"],"relics":["Cracked Core","Eternal Feather","Mercury Hourglass","Bronze Scales","MawBank","War Paint","Empty Cage","Matryoshka","Nunchaku","Tiny Chest","Gremlin Horn","Lee\u0027s Waffle","Mummified Hand","Blood Vial","MealTicket","HornCleat","Ornamental Fan","Strawberry","PreservedInsect"],"acts_visited":["Exordium","TheCity","TheBeyond"],"potions_floor_usage":[6,6,16,29,30,30,41,50,50,50],"damage_taken":[{"damage":0,"enemies":"Small Slimes","floor":1,"turns":2},{"damage":6,"enemies":"Jaw Worm","floor":2,"turns":3},{"damage":0,"enemies":"Cultist","floor":5,"turns":2},{"damage":10,"enemies":"Gremlin Nob","floor":6,"turns":4},{"damage":13,"enemies":"3 Louse","floor":8,"turns":2},{"damage":0,"enemies":"2 Fungi Beasts","floor":11,"turns":1},{"damage":18,"enemies":"3 Sentries","floor":14,"turns":3},{"damage":19,"enemies":"Hexaghost","floor":16,"turns":10},{"damage":2,"enemies":"Spheric Guardian","floor":18,"turns":3},{"damage":20,"enemies":"2 Thieves","floor":22,"turns":2},{"damage":0,"enemies":"Gremlin Leader","floor":23,"turns":6},{"damage":2,"enemies":"Shelled Parasite and Fungi","floor":29,"turns":5},{"damage":20,"enemies":"Slavers","floor":30,"turns":4},{"damage":17,"enemies":"Collector","floor":33,"turns":10},{"damage":0,"enemies":"3 Shapes","floor":35,"turns":4},{"damage":0,"enemies":"Orb Walker","floor":39,"turns":3},{"damage":11,"enemies":"Spire Growth","floor":41,"turns":5},{"damage":0,"enemies":"Maw","floor":46,"turns":6},{"damage":3,"enemies":"Reptomancer","floor":48,"turns":6},{"damage":61,"enemies":"Awakened One","floor":50,"turns":16}],"seed_played":"627982505990826618","potions_obtained":[{"floor":1,"key":"PotionOfCapacity"},{"floor":2,"key":"EssenceOfSteel"},{"floor":5,"key":"BlessingOfTheForge"},{"floor":23,"key":"Block Potion"},{"floor":28,"key":"EssenceOfDarkness"},{"floor":28,"key":"Weak Potion"},{"floor":29,"key":"EssenceOfSteel"},{"floor":33,"key":"AttackPotion"},{"floor":39,"key":"LiquidBronze"},{"floor":41,"key":"FearPotion"}],"is_trial":false,"path_per_floor":["M","M","?","?","M","E","R","M","T","$","M","?","R","E","R","B",null,"M","?","$","T","M","E","$","R","T","R","?","M","E","T","R","B",null,"M","?","?","?","M","R","M","$","T","R","T","M","$","E","R","B",null],"character_chosen":"DEFECT","items_purchased":["Eternal Feather","Sunder","White Noise","Hologram","Hyperbeam","Defragment","Matryoshka","Lee\u0027s Waffle","HornCleat","Beam Cell","Rip and Tear"],"campfire_rested":1,"item_purchase_floors":[0,0,0,10,10,20,20,24,42,42,47],"current_hp_per_floor":[75,69,69,54,54,44,72,59,59,59,59,59,68,50,59,40,75,73,73,73,73,53,53,82,82,82,82,82,80,62,62,74,59,82,82,78,78,78,78,78,67,78,78,78,85,85,85,82,85,24],"gold":46,"neow_bonus":"","is_daily":false,"chose_seed":false,"campfire_upgraded":7,"win_rate":0.0,"timestamp":1607819223,"path_taken":["M","M","?","?","M","E","R","M","T","?","?","?","R","E","R","BOSS","M","?","$","?","M","E","?","R","T","R","?","?","E","?","R","BOSS","M","?","?","?","M","R","M","$","T","R","?","M","$","E","R","BOSS"],"items_purchased_type":["Relic","Card","Card","Card","Card","Card","Relic","Relic","Relic","Card","Card"],"build_version":"2020-11-30","purchased_purges":1,"victory":true,"max_hp_per_floor":[75,75,75,75,75,75,75,75,75,75,75,75,75,75,75,75,75,75,75,75,75,75,75,82,82,82,82,82,82,82,82,82,82,82,82,78,78,78,78,78,78,78,78,78,85,85,85,85,85,85],"card_choices":[{"not_picked":["Sweeping Beam","Steam"],"picked":"Streamline","floor":1},{"not_picked":["Rebound","Chaos","Barrage"],"picked":"SKIP","floor":2},{"not_picked":["Auto Shields","Creative AI"],"picked":"Glacier","floor":5},{"not_picked":["Rebound","Cold Snap","Streamline"],"picked":"SKIP","floor":6},{"not_picked":["Barrage","Ball Lightning","Fusion"],"picked":"SKIP","floor":8},{"not_picked":["Steam","Beam Cell"],"picked":"Leap","floor":11},{"not_picked":["Coolheaded","Compile Driver"],"picked":"Core Surge","floor":14},{"not_picked":["Fission","Machine Learning"],"picked":"Electrodynamics","floor":16},{"not_picked":["Gash+1","Coolheaded"],"picked":"Reinforced Body","floor":18},{"not_picked":["Conserve Battery","Ball Lightning"],"picked":"Defragment","floor":22},{"not_picked":["Reprogram","Lockon"],"picked":"All For One","floor":23},{"not_picked":["Lockon","Hologram","Turbo+1"],"picked":"SKIP","floor":29},{"not_picked":["Redo","Darkness"],"picked":"Chill+1","floor":30},{"not_picked":["Electrodynamics","All For One"],"picked":"Reboot","floor":33},{"not_picked":["Steam","Steam Power","Rebound+1"],"picked":"SKIP","floor":35},{"not_picked":["Consume","Coolheaded","Storm+1"],"picked":"SKIP","floor":39},{"not_picked":["Compile Driver","Static Discharge+1","Barrage+1"],"picked":"SKIP","floor":41},{"not_picked":["Beam Cell","Storm+1"],"picked":"Cold Snap+1","floor":46},{"not_picked":["Conserve Battery","Reinforced Body"],"picked":"Gash+1","floor":48}],"player_experience":1250684,"relics_obtained":[{"floor":6,"key":"Mercury Hourglass"},{"floor":9,"key":"Bronze Scales"},{"floor":14,"key":"War Paint"},{"floor":21,"key":"Nunchaku"},{"floor":21,"key":"Tiny Chest"},{"floor":23,"key":"Gremlin Horn"},{"floor":26,"key":"Mummified Hand"},{"floor":26,"key":"Blood Vial"},{"floor":30,"key":"MealTicket"},{"floor":43,"key":"Ornamental Fan"},{"floor":45,"key":"Strawberry"},{"floor":48,"key":"PreservedInsect"}],"event_choices":[{"damage_healed":0,"gold_gain":0,"player_choice":"Fled","damage_taken":0,"max_hp_gain":0,"max_hp_loss":0,"event_name":"Scrap Ooze","floor":3,"gold_loss":0},{"damage_healed":0,"gold_gain":0,"player_choice":"Entered Light","damage_taken":15,"max_hp_gain":0,"max_hp_loss":0,"event_name":"Shining Light","floor":4,"gold_loss":0,"cards_upgraded":["Streamline","Defend_B"]},{"damage_healed":0,"gold_gain":0,"player_choice":"Searched \u00271\u0027 times","damage_taken":0,"relics_obtained":["MawBank"],"max_hp_gain":0,"max_hp_loss":0,"event_name":"Dead Adventurer","floor":12,"gold_loss":0},{"damage_healed":0,"gold_gain":100,"player_choice":"Pray","damage_taken":0,"max_hp_gain":0,"max_hp_loss":0,"event_name":"Golden Shrine","floor":19,"gold_loss":0},{"damage_healed":0,"gold_gain":0,"player_choice":"Got Potions","damage_taken":0,"max_hp_gain":0,"max_hp_loss":0,"event_name":"Lab","floor":28,"gold_loss":0},{"damage_healed":0,"gold_gain":0,"player_choice":"Max HP","damage_taken":0,"max_hp_gain":0,"max_hp_loss":4,"event_name":"Winding Halls","floor":36,"gold_loss":0},{"damage_healed":0,"gold_gain":0,"player_choice":"Ignored","damage_taken":0,"max_hp_gain":0,"max_hp_loss":0,"event_name":"Mysterious Sphere","floor":37,"gold_loss":0},{"cards_removed":["Core Surge"],"damage_healed":0,"gold_gain":0,"player_choice":"Removed Attack","damage_taken":0,"max_hp_gain":0,"max_hp_loss":0,"event_name":"Falling","floor":38,"gold_loss":0}],"is_beta":false,"boss_relics":[{"not_picked":["Calling Bell","Sozu"],"picked":"Empty Cage"},{"not_picked":["Runic Pyramid","Philosopher\u0027s Stone","Pandora\u0027s Box"]}],"items_purged_floors":[0],"is_endless":false,"potions_floor_spawned":[1,2,5,23,29,33,39,41,48],"ascension_level":1}}