{"host":"cwd5s03r1oaxs6mx","time":1607856163,"event":{"mods":["Act Like it!","BaseMod","Better Third Choice","BetterRewards","CapriCore","Card Filter","Colored Map","Custom Start","DeckTracker","Friendly Minions","Hubris","Infinite Spire","Minty Spire (QoL Compilation)","Quick Restart","Relic Stats","Shop Mod","Spicy Shops","StSLib","SuperFastMode"],"gold_per_floor":[117,117,60,78,78,113,113,113,137,156,156,182,195,208,208,282,282,295,295,324,334,334,334,362,376,376,411,431,463,474,492,492,568,568,581,595,612,612,612,644,655,681,681,711,721,721,731,749,749,749,749,749,749,35,60,60,60],"floor_reached":56,"playtime":1266,"items_purged":["Defend_R","Bash","Strike_R","Defend_R"],"score":2772,"play_id":"850ab168-7a28-472c-bc07-4224382a0f9a","local_time":"20201213194243","is_ascension_mode":true,"campfire_choices":[{"data":"Apotheosis","floor":7,"key":"SMITH"},{"data":"Perfected Strike","floor":11,"key":"SMITH"},{"data":"Perfected Strike","floor":15,"key":"SMITH"},{"floor":23,"key":"DIG"},{"floor":32,"key":"REST"},{"floor":32,"key":"DIG"},{"floor":46,"key":"REST"},{"data":"hubris:Rewind","floor":46,"key":"SMITH"},{"floor":49,"key":"RECALL"},{"floor":53,"key":"REST"},{"floor":53,"key":"DIG"}],"circlet_count":0,"master_deck":["AscendersBane","Strike_R","Strike_R","Strike_R","Strike_R","Defend_R","Defend_R","Perfected Strike+1","Battle Trance","Twin Strike","Perfected Strike+1","Perfected Strike+1","Apotheosis+1","Twin Strike+1","Twin Strike+1","Seeing Red","Perfected Strike+1","Offering","hubris:Rewind+1","Pommel Strike+1","Disarm","Double Tap","Perfected Strike+1","Perfected Strike+1","Blind+1","Secret Technique+1","Panacea+1","Battle Trance+1"],"relics":["Burning Blood","Medical Kit","ClockworkSouvenir","StrikeDummy","hubris:CrystalStatue","DollysMirror","Molten Egg 2","hubris:Reverence","infinitespire:Magic Flask","Pantograph","Strawberry","Shovel","Velvet Choker","Red Mask","HornCleat","Smiling Mask","infinitespire:FocusingShard","Bottled Lightning","Incense Burner","Toxic Egg 2","hubris:CrackedHourglass","Pear","Nunchaku","hubris:IronBody","hubris:SphereOfDissonance","White Beast Statue","Mercury Hourglass","Bag of Marbles","Toolbox","Kunai"],"acts_visited":["Exordium","TheCity","TheBeyond","TheEnding"],"potions_floor_usage":[24,50,51,56,56],"damage_taken":[{"damage":0,"enemies":"Small Slimes","floor":1,"turns":1},{"damage":0,"enemies":"Cultist","floor":4,"turns":2},{"damage":0,"enemies":"Lagavulin","floor":6,"turns":2},{"damage":0,"enemies":"2 Louse","floor":10,"turns":1},{"damage":0,"enemies":"Gremlin Nob","floor":12,"turns":1},{"damage":0,"enemies":"Exordium Wildlife","floor":13,"turns":2},{"damage":0,"enemies":"Red Slaver","floor":14,"turns":1},{"damage":8,"enemies":"The Guardian","floor":16,"turns":3},{"damage":0,"enemies":"2 Thieves","floor":18,"turns":1},{"damage":6,"enemies":"Masked Bandits","floor":20,"turns":2},{"damage":10,"enemies":"Shell Parasite","floor":21,"turns":2},{"damage":10,"enemies":"Book of Stabbing","floor":24,"turns":2},{"damage":0,"enemies":"3 Cultists","floor":25,"turns":3},{"damage":7,"enemies":"Gremlin Leader","floor":27,"turns":3},{"damage":0,"enemies":"Cultist and Chosen","floor":28,"turns":2},{"damage":11,"enemies":"Slavers","floor":29,"turns":2},{"damage":10,"enemies":"Snake Plant","floor":30,"turns":2},{"damage":0,"enemies":"Shelled Parasite and Fungi","floor":31,"turns":1},{"damage":7,"enemies":"Collector","floor":33,"turns":5},{"damage":0,"enemies":"Orb Walker","floor":35,"turns":1},{"damage":5,"enemies":"3 Darklings","floor":36,"turns":3},{"damage":6,"enemies":"Spire Growth","floor":37,"turns":2},{"damage":15,"enemies":"Nemesis","floor":40,"turns":3},{"damage":18,"enemies":"Jaw Worm Horde","floor":41,"turns":3},{"damage":6,"enemies":"Giant Head","floor":42,"turns":3},{"damage":2,"enemies":"Reptomancer","floor":44,"turns":2},{"damage":15,"enemies":"4 Shapes","floor":45,"turns":2},{"damage":6,"enemies":"Maw","floor":47,"turns":1},{"damage":8,"enemies":"3 Darklings","floor":48,"turns":2},{"damage":86,"enemies":"Awakened One","floor":50,"turns":8},{"damage":31,"enemies":"Time Eater","floor":51,"turns":3},{"damage":6,"enemies":"Shield and Spear","floor":55,"turns":2},{"damage":138,"enemies":"The Heart","floor":56,"turns":6}],"seed_played":"-1850667171632503414","potions_obtained":[{"floor":10,"key":"Strength Potion"},{"floor":12,"key":"EssenceOfSteel"},{"floor":24,"key":"Fruit Juice"},{"floor":27,"key":"Block Potion"}],"is_trial":false,"path_per_floor":["M","?","$","M","?","E","R","T","T","M","R","E","M","M","R","B",null,"M","?","?","M","?","R","E","M","T","E","M","E","M","M","R","B",null,"M","M","M","?","T","E","M","E","T","E","M","R","M","M","R","B","B",null,"R","$","E","B"],"character_chosen":"IRONCLAD","items_purchased":["Perfected Strike","Medical Kit","ClockworkSouvenir","Battle Trance","StrikeDummy","Twin Strike","hubris:CrystalStatue","DollysMirror","Molten Egg 2","Perfected Strike+1","hubris:Reverence","infinitespire:Magic Flask","Apotheosis","Twin Strike+1","Twin Strike+1","Bag of Marbles","Toolbox","SmokeBomb","AttackPotion"],"campfire_rested":3,"item_purchase_floors":[0,0,0,0,0,0,0,0,0,0,0,0,0,0,3,54,54,54,54],"current_hp_per_floor":[74,74,74,75,75,75,75,75,82,82,82,82,82,82,82,80,82,82,62,62,58,58,58,59,65,65,64,70,65,61,67,87,86,87,87,87,87,77,87,78,66,66,66,70,61,90,90,88,88,17,17,77,97,97,97,0,0],"gold":60,"neow_bonus":"","is_daily":false,"chose_seed":false,"campfire_upgraded":4,"win_rate":0.0,"timestamp":1607856163,"path_taken":["M","?","$","?","?","E","R","?","T","M","R","E","M","M","R","BOSS","M","?","?","M","?","R","E","M","T","E","?","E","M","M","R","BOSS","M","?","M","?","?","E","M","E","T","E","M","R","M","M","R","BOSS","BOSS","R","$","E","BOSS"],"items_purchased_type":["Card","Relic","Relic","Card","Relic","Card","Relic","Relic","Relic","Card","Relic","Relic","Card","Card","Card","Relic","Relic","Potion","Potion"],"build_version":"2020-11-30","purchased_purges":4,"victory":false,"max_hp_per_floor":[75,75,75,75,75,75,75,75,82,82,82,82,82,82,82,82,82,82,82,82,82,82,82,87,87,87,87,87,87,87,87,87,87,87,87,87,87,87,97,97,97,97,97,97,97,97,97,97,97,97,97,97,97,97,97,97,97],"relic_stats":{"Nunchaku":[8],"Shovel":3,"counters":[203,707],"Pantograph":34,"Kunai":[3],"Medical Kit":[71],"Smiling Mask":100,"obtain_stats":[{"infinitespire:BottledMercury":0,"Ginger":47,"Whetstone":48,"Bottled Tornado":0,"hubris:MysteriousPyramids":7,"Sling":54,"Blood Vial":27,"Sundial":54,"MealTicket":30,"Kunai":55,"MerchantsRug":53,"Pear":39,"hubris:SphereOfDissonance":9,"Velvet Choker":17,"Eternal Feather":28,"Pen Nib":9,"infinitespire:Magic Flask":0,"Akabeko":47,"Runic Dome":17,"SlaversCollar":17,"CultistMask":10,"Mark of Pain":34,"StrikeDummy":27,"Unceasing Top":8,"infinitespire:PuzzleCube":40,"infinitespire:Cupcake":33,"hubris:Reverence":0,"hubris:Metronome":12,"Regal Pillow":25,"Singing Bowl":26,"Torii":40,"Magic Flower":43,"StoneCalendar":0,"Bag of Preparation":0,"Smiling Mask":9,"Burning Blood":0,"hubris:Backtick":17,"Shovel":12,"infinitespire:Bottled Soul":17,"Toolbox":54,"Chemical X":0,"hubris:ChampionShield":41,"hubris:GlazedTorus":0,"NeowsBlessing":0,"Golden Idol":5,"Thread and Needle":26,"PreservedInsect":20,"Omamori":30,"infinitespire:Lucky Rock":23,"hubris:Towel":4,"Frozen Egg 2":7,"MawBank":13,"hubris:Spice":0,"Turnip":54,"Art of War":54,"Champion Belt":0,"Bottled Lightning":43,"hubris:CrackedHourglass":17,"hubris:CrystalStatue":9,"Calipers":0,"Vajra":0,"Centennial Puzzle":7,"Lizard Tail":39,"HornCleat":43,"DollysMirror":0,"Strawberry":37,"Prayer Wheel":10,"Toxic Egg 2":0,"hubris:Teleporter":0,"Astrolabe":17,"Oddly Smooth Stone":45,"Charon\u0027s Ashes":0,"hubris:HollowSoul":34,"Letter Opener":17,"War Paint":46,"Question Card":23,"hubris:Zylophone":11,"Bronze Scales":9,"Molten Egg 2":0,"hubris:PeanutButter":48,"Nloth\u0027s Gift":19,"Black Star":17,"infinitespire:EmpoweringShard":25,"hubris:ToyBattleship":26,"Enchiridion":19,"Black Blood":34,"hubris:SlimyHat":0,"Incense Burner":29,"ClockworkSouvenir":28,"Nunchaku":40,"Mummified Hand":14,"Pantograph":6,"hubris:IronBody":41,"Red Mask":20,"Red Skull":7,"infinitespire:CursedDice":40,"infinitespire:FocusingShard":9,"Orichalcum":35,"Medical Kit":14,"White Beast Statue":44,"Mercury Hourglass":53,"Peace Pipe":25,"Strange Spoon":14,"Anchor":47,"infinitespire:Satchel":0,"Bag of Marbles":54,"Membership Card":0,"hubris:Potato":26,"FossilizedHelix":0},{"infinitespire:BottledMercury":87,"Ginger":59,"Whetstone":111,"Bottled Tornado":20,"hubris:MysteriousPyramids":40,"Sling":62,"Blood Vial":33,"Sundial":62,"MealTicket":102,"Kunai":202,"MerchantsRug":85,"Pear":192,"hubris:SphereOfDissonance":118,"Velvet Choker":178,"Eternal Feather":50,"Pen Nib":40,"infinitespire:Magic Flask":64,"Akabeko":83,"Runic Dome":44,"SlaversCollar":151,"CultistMask":6,"Mark of Pain":160,"StrikeDummy":99,"Unceasing Top":6,"infinitespire:PuzzleCube":163,"infinitespire:Cupcake":77,"hubris:Reverence":170,"hubris:Metronome":26,"Regal Pillow":126,"Singing Bowl":74,"Torii":80,"Magic Flower":81,"StoneCalendar":64,"Bag of Preparation":36,"Smiling Mask":17,"Burning Blood":0,"hubris:Backtick":27,"Shovel":175,"infinitespire:Bottled Soul":95,"Toolbox":201,"Chemical X":87,"hubris:ChampionShield":109,"hubris:GlazedTorus":64,"NeowsBlessing":0,"Golden Idol":67,"Thread and Needle":74,"PreservedInsect":96,"Omamori":158,"infinitespire:Lucky Rock":156,"hubris:Towel":67,"Frozen Egg 2":91,"MawBank":18,"hubris:Spice":64,"Turnip":86,"Art of War":168,"Champion Belt":64,"Bottled Lightning":164,"hubris:CrackedHourglass":9,"hubris:CrystalStatue":6,"Calipers":64,"Vajra":87,"Centennial Puzzle":16,"Lizard Tail":55,"HornCleat":109,"DollysMirror":36,"Strawberry":106,"Prayer Wheel":25,"Toxic Egg 2":141,"hubris:Teleporter":64,"Astrolabe":121,"Oddly Smooth Stone":58,"Charon\u0027s Ashes":12,"hubris:HollowSoul":53,"Letter Opener":27,"War Paint":110,"Question Card":31,"hubris:Zylophone":41,"Bronze Scales":24,"Molten Egg 2":36,"hubris:PeanutButter":166,"Nloth\u0027s Gift":10,"Black Star":72,"infinitespire:EmpoweringShard":74,"hubris:ToyBattleship":98,"Enchiridion":73,"Black Blood":130,"hubris:SlimyHat":141,"Incense Burner":186,"ClockworkSouvenir":33,"Nunchaku":193,"Mummified Hand":26,"Pantograph":173,"hubris:IronBody":135,"Red Mask":180,"Red Skull":146,"infinitespire:CursedDice":80,"infinitespire:FocusingShard":68,"Orichalcum":78,"Medical Kit":8,"White Beast Statue":196,"Mercury Hourglass":201,"Peace Pipe":48,"Strange Spoon":26,"Anchor":136,"infinitespire:Satchel":112,"Bag of Marbles":201,"Membership Card":20,"hubris:Potato":32,"FossilizedHelix":64},{"infinitespire:BottledMercury":335,"Ginger":184,"Whetstone":432,"Bottled Tornado":76,"hubris:MysteriousPyramids":151,"Sling":188,"Blood Vial":132,"Sundial":188,"MealTicket":395,"Kunai":701,"MerchantsRug":321,"Pear":672,"hubris:SphereOfDissonance":461,"Velvet Choker":641,"Eternal Feather":174,"Pen Nib":151,"infinitespire:Magic Flask":194,"Akabeko":307,"Runic Dome":167,"SlaversCollar":551,"CultistMask":18,"Mark of Pain":585,"StrikeDummy":380,"Unceasing Top":18,"infinitespire:PuzzleCube":597,"infinitespire:Cupcake":271,"hubris:Reverence":628,"hubris:Metronome":99,"Regal Pillow":480,"Singing Bowl":248,"Torii":287,"Magic Flower":294,"StoneCalendar":194,"Bag of Preparation":141,"Smiling Mask":57,"Burning Blood":0,"hubris:Backtick":105,"Shovel":635,"infinitespire:Bottled Soul":368,"Toolbox":699,"Chemical X":335,"hubris:ChampionShield":423,"hubris:GlazedTorus":194,"NeowsBlessing":0,"Golden Idol":203,"Thread and Needle":248,"PreservedInsect":373,"Omamori":578,"infinitespire:Lucky Rock":572,"hubris:Towel":203,"Frozen Egg 2":347,"MawBank":63,"hubris:Spice":194,"Turnip":328,"Art of War":619,"Champion Belt":194,"Bottled Lightning":602,"hubris:CrackedHourglass":26,"hubris:CrystalStatue":18,"Calipers":194,"Vajra":335,"Centennial Puzzle":54,"Lizard Tail":180,"HornCleat":423,"DollysMirror":141,"Strawberry":411,"Prayer Wheel":93,"Toxic Egg 2":522,"hubris:Teleporter":194,"Astrolabe":470,"Oddly Smooth Stone":183,"Charon\u0027s Ashes":39,"hubris:HollowSoul":177,"Letter Opener":105,"War Paint":427,"Question Card":120,"hubris:Zylophone":156,"Bronze Scales":89,"Molten Egg 2":141,"hubris:PeanutButter":610,"Nloth\u0027s Gift":30,"Black Star":238,"infinitespire:EmpoweringShard":248,"hubris:ToyBattleship":378,"Enchiridion":242,"Black Blood":488,"hubris:SlimyHat":522,"Incense Burner":658,"ClockworkSouvenir":132,"Nunchaku":675,"Mummified Hand":99,"Pantograph":633,"hubris:IronBody":501,"Red Mask":644,"Red Skull":537,"infinitespire:CursedDice":287,"infinitespire:FocusingShard":208,"Orichalcum":273,"Medical Kit":23,"White Beast Statue":683,"Mercury Hourglass":699,"Peace Pipe":172,"Strange Spoon":99,"Anchor":504,"infinitespire:Satchel":445,"Bag of Marbles":699,"Membership Card":76,"hubris:Potato":123,"FossilizedHelix":194}],"Burning Blood":922,"Mercury Hourglass":[24]},"card_choices":[{"not_picked":["Feel No Pain","Entrench","Infernal Blade"],"picked":"SKIP","floor":1},{"not_picked":["Second Wind","Cleave+1","Inflame"],"picked":"SKIP","floor":4},{"not_picked":["Combust","Brutality"],"picked":"Seeing Red","floor":6},{"not_picked":["Clothesline+1","Shrug It Off","Cleave+1"],"picked":"SKIP","floor":10},{"not_picked":["Flex","Pommel Strike+1"],"picked":"Perfected Strike+1","floor":12},{"not_picked":["Wild Strike+1","Warcry","Rampage+1"],"picked":"SKIP","floor":13},{"not_picked":["Flex","Sentinel","Armaments"],"picked":"SKIP","floor":14},{"not_picked":["Limit Break","Demon Form"],"picked":"Offering","floor":16},{"not_picked":["True Grit","Warcry","Rampage+1"],"picked":"SKIP","floor":18},{"not_picked":["infinitespire:UltimateForm","hubris:InfiniteBlow+18"],"picked":"hubris:Rewind","floor":19},{"not_picked":["Clash+1","Iron Wave+1"],"picked":"Pommel Strike+1","floor":20},{"not_picked":["Bloodletting","Body Slam+1","Power Through"],"picked":"SKIP","floor":21},{"not_picked":["Clash+1","Iron Wave+1"],"picked":"Disarm","floor":24},{"not_picked":["Combust","Entrench"],"picked":"Double Tap","floor":25},{"not_picked":["Ghostly Armor","Thunderclap+1","Warcry"],"picked":"SKIP","floor":27},{"not_picked":["Sword Boomerang+1","Heavy Blade+1","Wild Strike+1"],"picked":"SKIP","floor":28},{"not_picked":["Warcry","Uppercut+1","Pommel Strike+1"],"picked":"SKIP","floor":29},{"not_picked":["Iron Wave+1","Rampage+1","Cleave+1"],"picked":"SKIP","floor":30},{"not_picked":["Anger+1","Thunderclap+1"],"picked":"Perfected Strike+1","floor":31},{"not_picked":["Headbutt+1","Rage+1","Warcry+1"],"picked":"SKIP","floor":35},{"not_picked":["Flame Barrier+1","Sword Boomerang+1"],"picked":"Perfected Strike+1","floor":36},{"not_picked":["Armaments+1","Searing Blow+1","True Grit+1"],"picked":"SKIP","floor":37},{"not_picked":["Discovery+1","Madness+1"],"picked":"Blind+1","floor":38},{"not_picked":["Dramatic Entrance+1","Flash of Steel+1"],"picked":"Secret Technique+1","floor":38},{"not_picked":["Blind+1","Chrysalis+1"],"picked":"Panacea+1","floor":38},{"not_picked":["Pommel Strike+1","Blood for Blood+1"],"picked":"Battle Trance+1","floor":40},{"not_picked":["Cleave+1","Intimidate+1","True Grit+1"],"picked":"SKIP","floor":41},{"not_picked":["Flex+1","Armaments+1","Brutality"],"picked":"SKIP","floor":42},{"not_picked":["Shrug It Off+1","Wild Strike+1","Spot Weakness+1"],"picked":"SKIP","floor":44},{"not_picked":["Second Wind+1","Body Slam+1","Feel No Pain"],"picked":"SKIP","floor":45},{"not_picked":["Sever Soul+1","Anger+1","Shockwave+1"],"picked":"SKIP","floor":47},{"not_picked":["Pommel Strike+1","Body Slam+1","Warcry+1"],"picked":"SKIP","floor":48},{"not_picked":["Ghostly Armor+1","Pommel Strike+1","Brutality"],"picked":"SKIP","floor":55}],"player_experience":897927,"relics_obtained":[{"floor":6,"key":"Pantograph"},{"floor":9,"key":"Strawberry"},{"floor":12,"key":"Shovel"},{"floor":20,"key":"Red Mask"},{"floor":23,"key":"HornCleat"},{"floor":24,"key":"Smiling Mask"},{"floor":26,"key":"infinitespire:FocusingShard"},{"floor":27,"key":"Bottled Lightning"},{"floor":29,"key":"Incense Burner"},{"floor":32,"key":"Toxic Egg 2"},{"floor":39,"key":"Pear"},{"floor":40,"key":"Nunchaku"},{"floor":42,"key":"hubris:IronBody"},{"floor":43,"key":"hubris:SphereOfDissonance"},{"floor":44,"key":"White Beast Statue"},{"floor":53,"key":"Mercury Hourglass"},{"floor":55,"key":"Kunai"}],"event_choices":[{"damage_healed":0,"gold_gain":0,"player_choice":"0 cards matched","damage_taken":0,"max_hp_gain":0,"max_hp_loss":0,"event_name":"Match and Keep!","floor":2,"gold_loss":0,"cards_obtained":[]},{"damage_healed":0,"gold_gain":0,"player_choice":"Fought Bandits","damage_taken":0,"max_hp_gain":0,"max_hp_loss":0,"event_name":"Masked Bandits","floor":20,"gold_loss":0},{"damage_healed":0,"gold_gain":0,"player_choice":"Memory 3","damage_taken":10,"max_hp_gain":0,"max_hp_loss":0,"event_name":"SensoryStone","floor":38,"gold_loss":0}],"is_beta":false,"boss_relics":[{"not_picked":["hubris:Backtick","Mark of Pain"],"picked":"Velvet Choker"},{"not_picked":["hubris:BlackHole","Fusion Hammer"],"picked":"hubris:CrackedHourglass"}],"items_purged_floors":[0,0,0,54],"is_endless":false,"potions_floor_spawned":[10,12,14,21,24,27,29,35,37,40,41,45,47,48,55],"killed_by":"The Heart","ascension_level":20}}