{"host":"7nivcca86uhzq8pw","time":1607889607,"event":{"mods":["BaseMod","Better Altar","Better Skull","Downfall","Hermit","Minty Spire (QoL Compilation)","RRrroohrrRGHHhhh!!","StSLib"],"gold_per_floor":[110,129,129,154,0,0,21,21,21,39,78,99,99,134,134,259,259,284,26,42,42,81,115,115,115,115,115,115,138,177,195,195,322,322,341,341,354,47,47,54,54,54,54,117,147,198,198,219,219,226,226,226,25,25,25],"floor_reached":54,"playtime":3137,"items_purged":[],"score":818,"play_id":"ce074230-3610-41ff-a4df-cb0ddb0648bc","local_time":"20201213170007","is_ascension_mode":false,"campfire_choices":[{"data":"hermit:RoundhouseKick","floor":6,"key":"SMITH"},{"data":"hermit:Showdown","floor":15,"key":"SMITH"},{"floor":24,"key":"REST"},{"data":"hermit:Vantage","floor":28,"key":"SMITH"},{"data":"hermit:FromBeyond","floor":32,"key":"SMITH"},{"floor":42,"key":"REST"},{"floor":49,"key":"RECALL"},{"data":"Apotheosis","floor":52,"key":"SMITH"}],"circlet_count":0,"master_deck":["hermit:Defend_Hermit","hermit:Defend_Hermit","hermit:Defend_Hermit","hermit:Snapshot","hermit:Covet","hermit:CursedWeapon","hermit:Determination","rorgmod:Ache","hermit:Glare","hermit:RoundhouseKick+1","hermit:Showdown+1","hermit:Maintenance","hermit:TakeCover","hermit:EyeOfTheStorm","hermit:NoHoldsBarred","hermit:Dissolve","hermit:Vantage+1","hermit:FullyLoaded","Venomology","hermit:SprayPray","hermit:HighCaliber","hermit:Showdown+1","hermit:HoleUp+1","Writhe","Bite","Bite","Bite","Bite","Bite","hermit:Scavenge+1","hermit:FromBeyond+1","hermit:Malice","hermit:BlackWind","CurseOfTheBell","hermit:Desperado+1","hermit:LowProfile","Dramatic Entrance","Apotheosis+1","Pain","hermit:Dive","hermit:Deadeye","hermit:OverwhelmingPower+1","hermit:FromBeyond+1","hermit:Combo+1","hermit:Dive"],"relics":["hermit:DentedPlate","Golden Idol","hermit:Spyglass","Dream Catcher","FossilizedHelix","Vajra","SlaversCollar","Red Mask","Oddly Smooth Stone","Eternal Feather","Pear","Toy Ornithopter","Calling Bell","Juzu Bracelet","InkBottle","Torii","Letter Opener","WarpedTongs","StoneCalendar","Frozen Egg 2","OrangePellets"],"acts_visited":["Exordium","TheCity","TheBeyond","TheEnding"],"potions_floor_usage":[11,16,20,22,23,29,29,31,33,33,35,37,40,40,45,48,48,48,50,50],"damage_taken":[{"damage":0,"enemies":"2 Louse","floor":1,"turns":3},{"damage":2,"enemies":"Small Slimes","floor":2,"turns":4},{"damage":3,"enemies":"Cultist","floor":4,"turns":3},{"damage":2,"enemies":"2 Fungi Beasts","floor":7,"turns":2},{"damage":0,"enemies":"3 Louse","floor":10,"turns":1},{"damage":6,"enemies":"3 Sentries","floor":11,"turns":4},{"damage":2,"enemies":"Looter","floor":12,"turns":3},{"damage":2,"enemies":"Gremlin Nob","floor":14,"turns":3},{"damage":39,"enemies":"Hexaghost","floor":16,"turns":10},{"damage":17,"enemies":"Spheric Guardian","floor":18,"turns":4},{"damage":8,"enemies":"Shell Parasite","floor":20,"turns":5},{"damage":11,"enemies":"Masked Bandits","floor":22,"turns":3},{"damage":25,"enemies":"Book of Stabbing","floor":23,"turns":5},{"damage":30,"enemies":"Shelled Parasite and Fungi","floor":29,"turns":5},{"damage":12,"enemies":"Slavers","floor":30,"turns":8},{"damage":32,"enemies":"Chosen and Byrds","floor":31,"turns":8},{"damage":66,"enemies":"Automaton","floor":33,"turns":9},{"damage":0,"enemies":"Orb Walker","floor":35,"turns":3},{"damage":2,"enemies":"3 Darklings","floor":37,"turns":5},{"damage":41,"enemies":"Giant Head","floor":40,"turns":8},{"damage":5,"enemies":"Mind Bloom Boss Battle","floor":44,"turns":7},{"damage":14,"enemies":"Sphere and 2 Shapes","floor":45,"turns":5},{"damage":2,"enemies":"Nemesis","floor":46,"turns":5},{"damage":39,"enemies":"Maw","floor":48,"turns":7},{"damage":46,"enemies":"Donu and Deca","floor":50,"turns":8},{"damage":69,"enemies":"Shield and Spear","floor":54,"turns":4}],"seed_played":"-8839998275909382292","potions_obtained":[{"floor":1,"key":"Fire Potion"},{"floor":11,"key":"SmokeBomb"},{"floor":14,"key":"Regen Potion"},{"floor":16,"key":"champ:CounterPotion"},{"floor":18,"key":"Block Potion"},{"floor":31,"key":"ColorlessPotion"},{"floor":35,"key":"ColorlessPotion"},{"floor":46,"key":"Fire Potion"}],"is_trial":false,"path_per_floor":["M","M","?","M","$","R","M","?","T","M","E","M","?","E","R","B",null,"M","$","M","?","?","E","R","?","T","?","R","M","E","M","R","B",null,"M","?","M","$","?","E","?","R","T","?","M","E","?","M","R","B",null,"R","$","E"],"character_chosen":"HERMIT","items_purchased":["hermit:RoundhouseKick","hermit:FullyLoaded","Venomology","Letter Opener","hermit:LowProfile","OrangePellets","hermit:Dive"],"campfire_rested":2,"item_purchase_floors":[5,19,19,38,38,53,53],"current_hp_per_floor":[107,105,105,102,102,102,100,97,97,97,91,89,89,87,87,63,63,46,46,38,73,62,37,69,69,79,79,81,61,57,42,60,16,16,29,29,40,40,35,16,16,61,61,71,70,77,77,62,81,46,46,70,70,6,6],"gold":25,"neow_bonus":"BOSS_RELIC","is_daily":false,"chose_seed":false,"campfire_upgraded":5,"win_rate":0.0,"timestamp":1607889607,"path_taken":["M","M","?","M","$","R","M","?","T","M","E","M","?","E","R","BOSS","M","$","M","?","?","E","R","?","T","?","R","M","E","M","R","BOSS","M","?","M","$","?","E","?","R","T","?","M","E","?","M","R","BOSS","R","$","E"],"items_purchased_type":["Card","Card","Card","Relic","Card","Relic","Card"],"build_version":"2020-11-30","purchased_purges":0,"victory":false,"max_hp_per_floor":[107,107,107,107,107,107,107,107,107,107,107,107,107,107,107,107,107,107,107,107,107,107,107,107,107,117,81,81,81,81,81,81,81,81,81,81,81,81,81,81,81,81,81,81,81,81,81,81,81,81,81,81,81,81,81],"card_choices":[{"not_picked":["hermit:GoldenBullet","hermit:Headshot"],"picked":"hermit:CursedWeapon","floor":1},{"not_picked":["hermit:Desperado","hermit:Glare"],"picked":"hermit:Determination","floor":2},{"not_picked":["hermit:CalledShot","hermit:TakeAim"],"picked":"hermit:Glare","floor":4},{"not_picked":["hermit:Grudge","hermit:SprayPray"],"picked":"hermit:Showdown","floor":7},{"not_picked":["hermit:CalledShot","hermit:Roulette"],"picked":"hermit:Maintenance","floor":10},{"not_picked":["hermit:Enervate","hermit:BigShot"],"picked":"hermit:TakeCover","floor":11},{"not_picked":["hermit:BodyArmor","hermit:Ricochet"],"picked":"hermit:EyeOfTheStorm","floor":12},{"not_picked":["hermit:TrackingShot","hermit:WideOpen"],"picked":"hermit:Dissolve","floor":14},{"not_picked":["hermit:OverwhelmingPower","hermit:RoundhouseKick"],"picked":"hermit:HighNoon","floor":16},{"not_picked":["hermit:Grudge+1","hermit:Brawl"],"picked":"hermit:Vantage","floor":18},{"not_picked":["hermit:Headshot","hermit:Ricochet+1"],"picked":"hermit:SprayPray","floor":20},{"not_picked":["hermit:ItchyTrigger","hermit:Cheat+1"],"picked":"hermit:HighCaliber","floor":22},{"not_picked":["hermit:TrackingShot","hermit:Feint+1"],"picked":"hermit:Showdown+1","floor":23},{"not_picked":["hermit:GoldenBullet","hermit:ItchyTrigger"],"picked":"hermit:HoleUp+1","floor":24},{"not_picked":["hermit:CalledShot","hermit:Roulette"],"picked":"hermit:Scavenge+1","floor":29},{"not_picked":["hermit:EyeOfTheStorm","hermit:HighCaliber"],"picked":"hermit:FromBeyond","floor":30},{"not_picked":["hermit:LowProfile","hermit:Manifest"],"picked":"hermit:Malice","floor":31},{"not_picked":["hermit:Roughhouse","hermit:Gambit"],"picked":"hermit:BlackWind","floor":33},{"not_picked":["hermit:CalledShot","hermit:TrackingShot"],"picked":"hermit:Desperado+1","floor":35},{"not_picked":["hermit:Malice+1","hermit:NoHoldsBarred","hermit:HighNoon"],"picked":"SKIP","floor":37},{"not_picked":["Swift Strike","expansioncontent:SlimeTackle"],"picked":"Dramatic Entrance","floor":39},{"not_picked":["expansioncontent:FaceSlap","expansioncontent:Collect"],"picked":"Apotheosis","floor":39},{"not_picked":["hermit:Maintenance+1","hermit:BodyArmor+1"],"picked":"hermit:Dive","floor":42},{"not_picked":["hermit:Enervate+1","hermit:WideOpen+1"],"picked":"hermit:Deadeye","floor":44},{"not_picked":["hermit:FullyLoaded+1","hermit:EyeOfTheStorm","hermit:ItchyTrigger"],"picked":"SKIP","floor":45},{"not_picked":["hermit:CursedWeapon+1","hermit:Grudge+1"],"picked":"hermit:OverwhelmingPower+1","floor":46},{"not_picked":["hermit:TakeAim+1","hermit:Dive"],"picked":"hermit:Combo+1","floor":48}],"player_experience":213102,"relics_obtained":[{"floor":9,"key":"Dream Catcher"},{"floor":11,"key":"FossilizedHelix"},{"floor":14,"key":"Vajra"},{"floor":22,"key":"Red Mask"},{"floor":23,"key":"Oddly Smooth Stone"},{"floor":26,"key":"Pear"},{"floor":30,"key":"Toy Ornithopter"},{"floor":34,"key":"Juzu Bracelet"},{"floor":34,"key":"InkBottle"},{"floor":34,"key":"Torii"},{"floor":44,"key":"StoneCalendar"},{"floor":46,"key":"Frozen Egg 2"}],"event_choices":[{"damage_healed":0,"gold_gain":0,"player_choice":"Take Wound","damage_taken":0,"relics_obtained":["Golden Idol"],"max_hp_gain":0,"max_hp_loss":0,"event_name":"Golden Idol","floor":3,"gold_loss":0,"cards_obtained":["rorgmod:Ache"]},{"damage_healed":0,"gold_gain":0,"player_choice":"Success","damage_taken":3,"relics_obtained":["hermit:Spyglass"],"max_hp_gain":0,"max_hp_loss":0,"event_name":"Scrap Ooze","floor":8,"gold_loss":0},{"damage_healed":0,"gold_gain":0,"cards_transformed":["hermit:Defend_Hermit"],"player_choice":"Transformed","damage_taken":0,"max_hp_gain":0,"max_hp_loss":0,"event_name":"Transmorgrifier","floor":13,"gold_loss":0,"cards_obtained":["hermit:NoHoldsBarred"]},{"damage_healed":35,"gold_gain":0,"player_choice":"Heal","damage_taken":0,"max_hp_gain":0,"max_hp_loss":0,"event_name":"The Library","floor":21,"gold_loss":0},{"damage_healed":0,"gold_gain":0,"player_choice":"Fought Bandits","damage_taken":0,"max_hp_gain":0,"max_hp_loss":0,"event_name":"Masked Bandits","floor":22,"gold_loss":0},{"damage_healed":0,"gold_gain":0,"player_choice":"Opened","damage_taken":0,"relics_obtained":["Eternal Feather"],"max_hp_gain":0,"max_hp_loss":0,"event_name":"The Mausoleum","floor":25,"gold_loss":0,"cards_obtained":["Writhe"]},{"damage_healed":0,"gold_gain":0,"player_choice":"Became a vampire","damage_taken":0,"max_hp_gain":0,"max_hp_loss":36,"event_name":"Vampires","floor":27,"gold_loss":0,"cards_obtained":["Bite","Bite","Bite","Bite","Bite"]},{"cards_removed":["hermit:HighNoon"],"damage_healed":0,"gold_gain":0,"player_choice":"Removed Power","damage_taken":0,"max_hp_gain":0,"max_hp_loss":0,"event_name":"Falling","floor":36,"gold_loss":0},{"damage_healed":0,"gold_gain":0,"player_choice":"Memory 2","damage_taken":5,"max_hp_gain":0,"max_hp_loss":0,"event_name":"SensoryStone","floor":39,"gold_loss":0},{"damage_healed":0,"gold_gain":0,"player_choice":"Rummage","damage_taken":0,"relics_obtained":["WarpedTongs"],"max_hp_gain":0,"max_hp_loss":0,"event_name":"Accursed Blacksmith","floor":41,"gold_loss":0,"cards_obtained":["Pain"]},{"damage_healed":0,"gold_gain":0,"player_choice":"Fight","damage_taken":0,"max_hp_gain":0,"max_hp_loss":0,"event_name":"MindBloom","floor":44,"gold_loss":0},{"damage_healed":0,"gold_gain":0,"player_choice":"Copied","damage_taken":0,"max_hp_gain":0,"max_hp_loss":0,"event_name":"Duplicator","floor":47,"gold_loss":0,"cards_obtained":["hermit:FromBeyond"]}],"is_beta":false,"boss_relics":[{"not_picked":["rorgmod:Empty Cage","hermit:BartenderGlass"],"picked":"SlaversCollar"},{"not_picked":["Cursed Key","Black Star"],"picked":"Calling Bell"}],"items_purged_floors":[],"is_endless":false,"potions_floor_spawned":[1,11,14,16,18,31,35,40,46],"killed_by":"Shield and Spear","ascension_level":0}}