{"host":"60i3hvr2c92v7509","time":1607900763,"event":{"mods":["BaseMod","Minty Spire (QoL Compilation)"],"gold_per_floor":[113,113,113,19,29,29,39,39,39,70,70,70,70,79,79,186,186,206,227,255,101,371,371],"floor_reached":22,"playtime":743,"items_purged":[],"score":191,"play_id":"7b841b11-d1a7-402e-9562-3bcded76d019","local_time":"20201213180603","is_ascension_mode":true,"campfire_choices":[{"data":"Forethought","floor":6,"key":"SMITH"},{"data":"Perfected Strike","floor":8,"key":"SMITH"},{"data":"Twin Strike","floor":12,"key":"SMITH"},{"data":"Ghostly Armor","floor":15,"key":"SMITH"}],"circlet_count":0,"master_deck":["Strike_R","Strike_R","Strike_R","Strike_R","Strike_R","Defend_R","Defend_R","Defend_R","Demon Form+1","Perfected Strike+1","Forethought+1","Clash","Twin Strike+1","Ghostly Armor+1","Double Tap","Perfected Strike","Infernal Blade+1","Seeing Red"],"relics":["Burning Blood","Blue Candle","HornCleat","CeramicFish","SlaversCollar","ClockworkSouvenir"],"acts_visited":["Exordium","TheCity"],"potions_floor_usage":[16],"damage_taken":[{"damage":2,"enemies":"2 Louse","floor":1,"turns":3},{"damage":11,"enemies":"Small Slimes","floor":5,"turns":3},{"damage":1,"enemies":"Cultist","floor":7,"turns":3},{"damage":6,"enemies":"Gremlin Nob","floor":10,"turns":3},{"damage":30,"enemies":"Slime Boss","floor":16,"turns":6},{"damage":15,"enemies":"Chosen","floor":18,"turns":4},{"damage":10,"enemies":"Shell Parasite","floor":19,"turns":2},{"damage":40,"enemies":"Shelled Parasite and Fungi","floor":20,"turns":5}],"seed_played":"-3020963872614329716","potions_obtained":[{"floor":5,"key":"Dexterity Potion"},{"floor":7,"key":"SteroidPotion"}],"is_trial":false,"path_per_floor":["M","?","?","$","M","R","M","R","T","E","$","R","?","?","R","B",null,"M","M","M","$","?"],"character_chosen":"IRONCLAD","items_purchased":["Forethought","ClockworkSouvenir"],"campfire_rested":0,"item_purchase_floors":[4,21],"current_hp_per_floor":[72,72,72,72,67,67,72,72,72,72,72,72,65,65,65,41,72,63,59,25,25,0,0],"gold":371,"neow_bonus":"THREE_RARE_CARDS","is_daily":false,"chose_seed":false,"campfire_upgraded":4,"win_rate":0.0,"timestamp":1607900763,"path_taken":["M","?","?","$","M","R","?","R","T","E","?","R","?","?","R","BOSS","M","M","?","$","?"],"items_purchased_type":["Card","Relic"],"build_version":"2020-11-30","purchased_purges":0,"victory":false,"max_hp_per_floor":[72,72,72,72,72,72,72,72,72,72,72,72,72,72,72,72,72,72,72,72,72,72,72],"card_choices":[{"not_picked":["Brutality","Impervious"],"picked":"Demon Form","floor":0},{"not_picked":["Headbutt","Armaments"],"picked":"Perfected Strike","floor":1},{"not_picked":["Wild Strike","Thunderclap"],"picked":"Clash","floor":5},{"not_picked":["Uppercut","Clothesline"],"picked":"Twin Strike","floor":7},{"not_picked":["Clothesline","Dark Embrace","Second Wind"],"picked":"SKIP","floor":10},{"not_picked":["Reaper","Impervious"],"picked":"Double Tap","floor":16},{"not_picked":["Armaments","Sever Soul+1"],"picked":"Perfected Strike","floor":18},{"not_picked":["Wild Strike","Battle Trance+1"],"picked":"Infernal Blade+1","floor":19},{"not_picked":["Shrug It Off","Searing Blow"],"picked":"Seeing Red","floor":20}],"player_experience":392841,"relics_obtained":[{"floor":9,"key":"Blue Candle"},{"floor":10,"key":"HornCleat"}],"event_choices":[{"damage_healed":0,"gold_gain":0,"player_choice":"Grow","damage_taken":0,"max_hp_gain":0,"max_hp_loss":0,"event_name":"Living Wall","floor":2,"gold_loss":0,"cards_upgraded":["Demon Form"]},{"cards_removed":["Defend_R"],"damage_healed":0,"gold_gain":0,"player_choice":"Purged","damage_taken":0,"max_hp_gain":0,"max_hp_loss":0,"event_name":"Purifier","floor":3,"gold_loss":0},{"damage_healed":0,"gold_gain":0,"player_choice":"Success","damage_taken":7,"relics_obtained":["CeramicFish"],"max_hp_gain":0,"max_hp_loss":0,"event_name":"Scrap Ooze","floor":13,"gold_loss":0},{"damage_healed":0,"gold_gain":0,"cards_transformed":["Bash"],"player_choice":"Transformed","damage_taken":0,"max_hp_gain":0,"max_hp_loss":0,"event_name":"Transmorgrifier","floor":14,"gold_loss":0,"cards_obtained":["Ghostly Armor"]}],"is_beta":false,"boss_relics":[{"not_picked":["SacredBark","Ectoplasm"],"picked":"SlaversCollar"}],"items_purged_floors":[],"is_endless":false,"potions_floor_spawned":[5,7],"ascension_level":1}}