{"host":"53b2tllmh7tcn5n0","time":1607880462,"event":{"mods":["BaseMod","Colored Map","Minty Spire (QoL Compilation)","Relic Stats","StSLib"],"gold_per_floor":[117,132,150,225,225,225,241,269,269,269,281,281,43,73,73,175,175,189,189,201,213,229,255,255,287,287,335,347,367,398,412,412,412,412],"floor_reached":33,"playtime":2298,"items_purged":[],"score":335,"play_id":"29ee53c6-4182-4ed9-8af1-91aa271912cf","local_time":"20201214002742","is_ascension_mode":true,"campfire_choices":[{"data":"Neutralize","floor":6.0,"key":"SMITH"},{"data":"Skewer","floor":10.0,"key":"SMITH"},{"data":"Footwork","floor":12.0,"key":"SMITH"},{"data":"Footwork","floor":15.0,"key":"SMITH"},{"floor":24,"key":"REST"},{"data":"Adrenaline","floor":32,"key":"SMITH"}],"circlet_count":0,"master_deck":["Strike_G","Strike_G","Strike_G","Strike_G","Defend_G","Defend_G","Defend_G","Defend_G","Defend_G","Survivor","Neutralize+1","Poisoned Stab","Footwork+1","Unload","Footwork+1","Skewer+1","Endless Agony+1","Dagger Spray+1","Adrenaline+1","Backflip+1","Catalyst+1","Blade Dance+1","Finisher+1","Blur","Footwork+1"],"relics":["Ring of the Snake","Omamori","Frozen Egg 2","Molten Egg 2","Meat on the Bone","Kunai","Sozu","Blue Candle","Bottled Lightning","PreservedInsect","Pen Nib"],"acts_visited":["Exordium","TheCity"],"potions_floor_usage":[18],"damage_taken":[{"damage":0.0,"enemies":"2 Louse","floor":1.0,"turns":5.0},{"damage":0.0,"enemies":"Cultist","floor":2.0,"turns":3.0},{"damage":0.0,"enemies":"Jaw Worm","floor":3.0,"turns":5.0},{"damage":0.0,"enemies":"Exordium Wildlife","floor":7.0,"turns":3.0},{"damage":19.0,"enemies":"Gremlin Nob","floor":8.0,"turns":5.0},{"damage":3.0,"enemies":"Lots of Slimes","floor":11.0,"turns":2.0},{"damage":10.0,"enemies":"3 Sentries","floor":14.0,"turns":6.0},{"damage":27.0,"enemies":"The Guardian","floor":16.0,"turns":13.0},{"damage":3,"enemies":"2 Thieves","floor":18,"turns":4},{"damage":0,"enemies":"Chosen","floor":20,"turns":3},{"damage":12,"enemies":"Snecko","floor":21,"turns":5},{"damage":13,"enemies":"Snake Plant","floor":22,"turns":7},{"damage":21,"enemies":"Slavers","floor":23,"turns":5},{"damage":27,"enemies":"Book of Stabbing","floor":25,"turns":6},{"damage":0,"enemies":"Shelled Parasite and Fungi","floor":28,"turns":7},{"damage":0,"enemies":"Snecko","floor":29,"turns":6},{"damage":12,"enemies":"Slavers","floor":30,"turns":5},{"damage":0,"enemies":"3 Cultists","floor":31,"turns":5},{"damage":56,"enemies":"Collector","floor":33,"turns":9}],"seed_played":"-8473711486134140740","potions_obtained":[{"floor":2.0,"key":"SpeedPotion"},{"floor":3.0,"key":"DuplicationPotion"},{"floor":8.0,"key":"CunningPotion"}],"is_trial":false,"path_per_floor":["M","M","M","?","?","R","M","E","T","R","M","R","$","E","R","B",null,"M","?","M","M","M","E","R","E","T","T","M","M","E","M","R","B"],"character_chosen":"THE_SILENT","items_purchased":["Meat on the Bone"],"campfire_rested":1,"item_purchase_floors":[13],"current_hp_per_floor":[70,70,70,59,59,59,59,40,40,40,37,37,37,39,39,24,70,67,54,54,42,41,32,54,39,39,39,39,39,39,39,39,0,0],"gold":412,"neow_bonus":"RANDOM_COMMON_RELIC","is_daily":false,"chose_seed":false,"campfire_upgraded":5,"win_rate":0.0,"timestamp":1607880462,"path_taken":["M","M","M","?","?","R","?","E","T","R","M","R","$","E","R","BOSS","M","?","M","M","M","E","R","E","T","?","?","M","E","M","R","BOSS"],"items_purchased_type":["Relic"],"build_version":"2020-11-30","purchased_purges":0,"victory":false,"max_hp_per_floor":[70,70,70,70,70,70,70,70,70,70,70,70,70,70,70,70,70,70,75,75,75,75,75,75,75,75,75,75,75,75,75,75,75,75],"relic_stats":{"Sozu":6,"counters":[19,104],"Blue Candle":[0],"PreservedInsect":39,"Pen Nib":[5],"Kunai":[50],"obtain_stats":[{"Sozu":17,"Blue Candle":23,"Molten Egg 2":9,"PreservedInsect":27,"Pen Nib":30,"Omamori":0,"Kunai":14,"Bottled Lightning":25,"Frozen Egg 2":8,"Ring of the Snake":0,"Meat on the Bone":13},{"Sozu":8,"Blue Candle":13,"Molten Egg 2":5,"PreservedInsect":14,"Pen Nib":17,"Omamori":0,"Kunai":7,"Bottled Lightning":14,"Frozen Egg 2":5,"Ring of the Snake":0,"Meat on the Bone":6},{"Sozu":42,"Blue Candle":66,"Molten Egg 2":21,"PreservedInsect":72,"Pen Nib":90,"Omamori":0,"Kunai":29,"Bottled Lightning":72,"Frozen Egg 2":21,"Ring of the Snake":0,"Meat on the Bone":23}],"Ring of the Snake":[40],"Meat on the Bone":72},"card_choices":[{"not_picked":["Dodge and Roll","Flechettes"],"picked":"Poisoned Stab","floor":1.0},{"not_picked":["Bouncing Flask","Blade Dance"],"picked":"Footwork","floor":2.0},{"not_picked":["Flechettes","Sucker Punch","Expertise"],"picked":"SKIP","floor":3.0},{"not_picked":["Accuracy","Underhanded Strike"],"picked":"Footwork","floor":7.0},{"not_picked":["Envenom+1","Deadly Poison"],"picked":"Skewer","floor":8.0},{"not_picked":["Masterful Stab+1","Expertise"],"picked":"Endless Agony+1","floor":11.0},{"not_picked":["Masterful Stab+1","Night Terror"],"picked":"Dagger Spray+1","floor":14.0},{"not_picked":["Doppelganger","Wraith Form v2+1"],"picked":"Adrenaline","floor":16.0},{"not_picked":["Bane+1","Acrobatics"],"picked":"Backflip+1","floor":18},{"not_picked":["Cloak And Dagger","Bane+1"],"picked":"Catalyst+1","floor":20},{"not_picked":["Backflip","Outmaneuver+1"],"picked":"Blade Dance+1","floor":21},{"not_picked":["Eviscerate+1","Sucker Punch+1"],"picked":"Finisher+1","floor":22},{"not_picked":["Venomology","Concentrate+1","Dagger Spray+1"],"picked":"SKIP","floor":23},{"not_picked":["Eviscerate+1","Terror"],"picked":"Blur","floor":25},{"not_picked":["Eviscerate+1","Riddle With Holes+1","Dagger Spray+1"],"picked":"SKIP","floor":28},{"not_picked":["Dagger Spray+1","Masterful Stab+1","Outmaneuver"],"picked":"SKIP","floor":29},{"not_picked":["Underhanded Strike+1","Deadly Poison","Backflip+1"],"picked":"SKIP","floor":30},{"not_picked":["Prepared","Dagger Throw+1"],"picked":"Footwork+1","floor":31}],"player_experience":210840,"relics_obtained":[{"floor":8.0,"key":"Frozen Egg 2"},{"floor":9.0,"key":"Molten Egg 2"},{"floor":14.0,"key":"Kunai"},{"floor":23,"key":"Blue Candle"},{"floor":25,"key":"Bottled Lightning"},{"floor":27,"key":"PreservedInsect"},{"floor":30,"key":"Pen Nib"}],"event_choices":[{"damage_healed":0.0,"max_hp_gain":0.0,"max_hp_loss":0.0,"gold_gain":75.0,"event_name":"World of Goop","player_choice":"Gather Gold","floor":4.0,"gold_loss":0.0,"damage_taken":11.0},{"damage_healed":0.0,"max_hp_gain":0.0,"max_hp_loss":0.0,"gold_gain":0.0,"cards_transformed":["Strike_G"],"event_name":"Transmorgrifier","player_choice":"Transformed","floor":5.0,"gold_loss":0.0,"damage_taken":0.0,"cards_obtained":["Unload"]},{"damage_healed":0,"gold_gain":0,"player_choice":"Shed Blood","damage_taken":18,"max_hp_gain":5,"max_hp_loss":0,"event_name":"Forgotten Altar","floor":19,"gold_loss":0}],"is_beta":false,"boss_relics":[{"not_picked":["Tiny House","Runic Dome"],"picked":"Sozu"}],"items_purged_floors":[],"is_endless":false,"potions_floor_spawned":[2,3,8,18,21,23,25,29,31],"killed_by":"Collector","ascension_level":1}}