{"host":"udzsrhbqdxqtlypj","time":1607895440,"event":{"mods":["BaseMod","Minty Spire (QoL Compilation)","Relic Stats"],"gold_per_floor":[115,127,77,87,87,87,118,118,144,161,236,297,297,297],"floor_reached":13,"playtime":651,"items_purged":[],"score":162,"play_id":"dcc49b46-7fde-47ce-a371-b764c9b16f69","local_time":"20201213153720","is_ascension_mode":true,"campfire_choices":[{"data":"Hyperbeam","floor":6,"key":"SMITH"},{"data":"FTL","floor":8,"key":"SMITH"}],"circlet_count":0,"master_deck":["AscendersBane","Strike_B","Strike_B","Defend_B","Defend_B","Defend_B+1","Zap","Dualcast+1","Double Energy","Barrage","Rip and Tear","FTL+1","Cold Snap","Hyperbeam+1","Loop","Conserve Battery","Chill"],"relics":["Cracked Core","Potion Belt","War Paint","Dream Catcher"],"acts_visited":["Exordium"],"potions_floor_usage":[13,13,13,13],"damage_taken":[{"damage":2,"enemies":"2 Louse","floor":1,"turns":2},{"damage":0,"enemies":"Cultist","floor":2,"turns":2},{"damage":0,"enemies":"Small Slimes","floor":4,"turns":3},{"damage":0,"enemies":"3 Sentries","floor":7,"turns":2},{"damage":0,"enemies":"3 Louse","floor":10,"turns":1},{"damage":30,"enemies":"Lagavulin Event","floor":12,"turns":4},{"damage":16,"enemies":"Lagavulin","floor":13,"turns":2}],"seed_played":"8014688206797649837","potions_obtained":[{"floor":2,"key":"Explosive Potion"},{"floor":4,"key":"Fire Potion"},{"floor":7,"key":"Fire Potion"},{"floor":10,"key":"FocusPotion"}],"is_trial":false,"path_per_floor":["M","M","?","M","?","R","E","R","T","M","?","?","E"],"character_chosen":"DEFECT","items_purchased":[],"campfire_rested":0,"item_purchase_floors":[],"current_hp_per_floor":[48,48,48,48,48,48,48,48,48,48,37,7,0,0],"gold":297,"neow_bonus":"TRANSFORM_TWO_CARDS","is_daily":false,"chose_seed":false,"campfire_upgraded":2,"win_rate":0.0,"timestamp":1607895440,"path_taken":["M","M","?","M","?","R","E","R","T","?","?","?","E"],"items_purchased_type":[],"build_version":"2020-11-30","purchased_purges":0,"victory":false,"max_hp_per_floor":[75,75,75,75,75,75,75,75,75,75,75,75,75,75],"relic_stats":{"Dream Catcher":0,"counters":[7,16],"War Paint":["Defend_B","Dualcast"],"obtain_stats":[{"Potion Belt":7,"Dream Catcher":12,"War Paint":9,"Cracked Core":0},{"Potion Belt":4,"Dream Catcher":6,"War Paint":4,"Cracked Core":0},{"Potion Belt":9,"Dream Catcher":14,"War Paint":9,"Cracked Core":0}]},"card_choices":[{"not_picked":["Compile Driver","Capacitor"],"picked":"Rip and Tear","floor":1},{"not_picked":["Hologram","Redo"],"picked":"FTL","floor":2},{"not_picked":["Leap","Storm"],"picked":"Cold Snap","floor":4},{"not_picked":["Leap","Rainbow"],"picked":"Loop","floor":7},{"not_picked":["Lockon","Gash"],"picked":"Conserve Battery","floor":10},{"not_picked":["Double Energy","Rip and Tear"],"picked":"Chill","floor":12}],"player_experience":2614946,"relics_obtained":[{"floor":7,"key":"Potion Belt"},{"floor":9,"key":"War Paint"},{"floor":12,"key":"Dream Catcher"}],"event_choices":[{"cards_removed":["Strike_B"],"damage_healed":0,"gold_gain":0,"player_choice":"Card Removal","damage_taken":0,"max_hp_gain":0,"max_hp_loss":0,"event_name":"The Cleric","floor":3,"gold_loss":50},{"damage_healed":0,"gold_gain":0,"player_choice":"1 cards matched","damage_taken":0,"max_hp_gain":0,"max_hp_loss":0,"event_name":"Match and Keep!","floor":5,"gold_loss":0,"cards_obtained":["Hyperbeam"]},{"damage_healed":0,"gold_gain":75,"player_choice":"Gather Gold","damage_taken":11,"max_hp_gain":0,"max_hp_loss":0,"event_name":"World of Goop","floor":11,"gold_loss":0},{"damage_healed":0,"gold_gain":30,"player_choice":"Searched \u00272\u0027 times","damage_taken":0,"max_hp_gain":0,"max_hp_loss":0,"event_name":"Dead Adventurer","floor":12,"gold_loss":0}],"is_beta":false,"boss_relics":[],"items_purged_floors":[],"is_endless":false,"potions_floor_spawned":[2,4,7,10],"killed_by":"Lagavulin","ascension_level":10}}