{"host":"8fup84v061vi31le","time":1607824335,"event":{"mods":["BaseMod","Better Match","Better Third Choice","Minty Spire (QoL Compilation)","Replay The Spire","Shop Mod","StSLib"],"gold_per_floor":[119,194,204,56,69,99,99,109,109,109,123,153,153,153,153,258,258,277,287,316,316,316,316,350,362,362,362,382,382,382,382,382],"floor_reached":31,"playtime":1118,"items_purged":[],"score":318,"play_id":"c66900b2-e6dc-49bd-b926-17af65a6b8bd","local_time":"20201213095215","is_ascension_mode":true,"campfire_choices":[{"floor":7.0,"key":"REST"},{"floor":15.0,"key":"REST"},{"floor":23.0,"key":"REST"},{"floor":27.0,"key":"REST"},{"floor":30.0,"key":"REST"}],"circlet_count":0,"master_deck":["Strike_R","Strike_R","Strike_R+1","Strike_R","Strike_R+1","Defend_R","Defend_R","Defend_R","Defend_R","Bash+1","Sword Boomerang+1","Spot Weakness","Heavy Blade","Blur","ReplayTheSpireMod:LeadingStrike","Limit Break+1","Sword Boomerang","Ghostly Armor","ReplayTheSpireMod:Faulty Equipment","ReplayTheSpireMod:Muscle Training","ReplayTheSpireMod:Muscle Training"],"relics":["Black Blood","NeowsBlessing","Regal Pillow","Whetstone","Bag of Preparation","Simple Rune","Shuriken","Red Mask","WingedGreaves","Toy Ornithopter","Eternal Feather"],"acts_visited":["Exordium","TheCity"],"potions_floor_usage":[],"damage_taken":[{"damage":0.0,"enemies":"Cultist","floor":1.0,"turns":1.0},{"damage":0.0,"enemies":"2 Louse","floor":3.0,"turns":1.0},{"damage":0.0,"enemies":"Jaw Worm","floor":5.0,"turns":1.0},{"damage":46.0,"enemies":"Lagavulin","floor":6.0,"turns":6.0},{"damage":0.0,"enemies":"2 Fungi Beasts","floor":8.0,"turns":2.0},{"damage":2.0,"enemies":"3 Louse","floor":11.0,"turns":3.0},{"damage":27.0,"enemies":"Gremlin Nob","floor":12.0,"turns":4.0},{"damage":25.0,"enemies":"Gremlin Gang","floor":14.0,"turns":5.0},{"damage":36.0,"enemies":"The Guardian","floor":16.0,"turns":5.0},{"damage":12.0,"enemies":"3 Byrds","floor":18.0,"turns":5.0},{"damage":6.0,"enemies":"Spheric Guardian","floor":19.0,"turns":3.0},{"damage":54.0,"enemies":"Masked Bandits","floor":20.0,"turns":4.0},{"damage":48.0,"enemies":"Gremlin Leader","floor":24.0,"turns":7.0},{"damage":38.0,"enemies":"Snake Plant","floor":25.0,"turns":4.0},{"damage":50.0,"enemies":"Shelled Parasite and Fungi","floor":28.0,"turns":4.0},{"damage":80,"enemies":"Replay:Snechameleon","floor":31,"turns":8}],"seed_played":"5266758045340282284","potions_obtained":[{"floor":1.0,"key":"Swift Potion"},{"floor":8.0,"key":"Regen Potion"},{"floor":12.0,"key":"Strength Potion"},{"floor":16.0,"key":"EssenceOfSteel"},{"floor":19.0,"key":"Strength Potion"},{"floor":28.0,"key":"Languid Potion"},{"floor":29.0,"key":"BloodPotion"}],"is_trial":false,"path_per_floor":["M","?","M","$","M","E","R","M","T","?","M","E","?","M","R","B",null,"M","M","?","?","?","R","E","M","T","R","M","?","R","E"],"character_chosen":"IRONCLAD","items_purchased":["Regal Pillow"],"campfire_rested":5,"item_purchase_floors":[4],"current_hp_per_floor":[80,72,78,78,80,40,79,80,80,72,76,55,55,36,75,45,80,80,80,38,38,38,77,41,15,15,66,28,28,79,0,0],"gold":382,"neow_bonus":"THREE_ENEMY_KILL","is_daily":false,"chose_seed":false,"campfire_upgraded":0,"win_rate":0.0,"timestamp":1607824335,"path_taken":["M","?","M","$","M","E","R","?","T","?","M","E","?","M","R","BOSS","M","M","?","?","?","R","E","?","T","R","M","?","R","E"],"items_purchased_type":["Relic"],"build_version":"2020-11-30","purchased_purges":0,"victory":false,"max_hp_per_floor":[80,80,80,80,80,80,80,80,80,80,80,80,80,80,80,80,80,80,80,80,80,80,80,80,80,80,80,80,80,80,80,80],"card_choices":[{"not_picked":["Rage","Replay:Undeath\u0027s Touch"],"picked":"Sword Boomerang","floor":1.0},{"not_picked":["Rage","Replay:Undeath\u0027s Touch"],"picked":"Spot Weakness","floor":3.0},{"not_picked":["Wild Strike","Headbutt"],"picked":"Heavy Blade","floor":5.0},{"not_picked":["Burning Pact","Shockwave","Iron Wave"],"picked":"SKIP","floor":6.0},{"not_picked":["Cleave","Feed","Massacre"],"picked":"SKIP","floor":8.0},{"not_picked":["Havoc","Anger"],"picked":"ReplayTheSpireMod:LeadingStrike","floor":11.0},{"not_picked":["Twin Strike","Life Link","Feel No Pain"],"picked":"SKIP","floor":12.0},{"not_picked":["Power Through","Abandon","ReplayReversal"],"picked":"SKIP","floor":14.0},{"not_picked":["Impervious","Barricade"],"picked":"Limit Break","floor":16.0},{"not_picked":["True Grit","Clash+1"],"picked":"Sword Boomerang","floor":18.0},{"not_picked":["Entrench","Body Slam+1","Burning Pact"],"picked":"SKIP","floor":19.0},{"not_picked":["ReplayTheSpireMod:Strike From Hell+1","Anger"],"picked":"Ghostly Armor","floor":20.0},{"not_picked":["Second Wind+1","Run Through+1"],"picked":"ReplayTheSpireMod:Muscle Training","floor":24.0},{"not_picked":["Clothesline+1","Blood for Blood"],"picked":"ReplayTheSpireMod:Muscle Training","floor":25.0},{"not_picked":["Replay:Undeath\u0027s Touch","Burning Pact","Twin Strike"],"picked":"SKIP","floor":28.0}],"player_experience":69399,"relics_obtained":[{"floor":6.0,"key":"Whetstone"},{"floor":9.0,"key":"Bag of Preparation"},{"floor":12.0,"key":"Shuriken"},{"floor":20.0,"key":"Red Mask"},{"floor":24.0,"key":"Toy Ornithopter"},{"floor":26.0,"key":"Eternal Feather"}],"event_choices":[{"damage_healed":0.0,"max_hp_gain":0.0,"max_hp_loss":0.0,"gold_gain":75.0,"event_name":"FaceTrader","player_choice":"Touch","floor":2.0,"gold_loss":0.0,"damage_taken":8.0},{"damage_healed":0.0,"max_hp_gain":0.0,"max_hp_loss":0.0,"gold_gain":0.0,"event_name":"Masked Bandits","player_choice":"Fought Bandits","floor":20.0,"gold_loss":0.0,"damage_taken":0.0},{"damage_healed":0.0,"max_hp_gain":0.0,"max_hp_loss":0.0,"gold_gain":0.0,"event_name":"Accursed Blacksmith","player_choice":"Forge","floor":22.0,"gold_loss":0.0,"damage_taken":0.0,"cards_upgraded":["Limit Break"]},{"damage_healed":0.0,"max_hp_gain":0.0,"max_hp_loss":0.0,"gold_gain":0.0,"event_name":"Lab","player_choice":"Got Potions","floor":29.0,"gold_loss":0.0,"damage_taken":0.0}],"is_beta":false,"boss_relics":[{"not_picked":["Runic Dome","Replay:Wanted Poster"],"picked":"Black Blood"}],"items_purged_floors":[],"is_endless":false,"potions_floor_spawned":[1,8,12,16,18,19,20,28],"killed_by":"Replay:Snechameleon","ascension_level":4}}