{"host":"cjhtzh7tp54jdfyv","time":1607899972,"event":{"mods":["BaseMod","Minty Spire (QoL Compilation)"],"gold_per_floor":[113,113,130,147,72,106,106,106,106,139,15,15,26,51,51,126,126,144,144,194,19,19,54,54,54,100,100,21,21,21,49,49,49,49],"floor_reached":33,"playtime":1587,"items_purged":["Strike_B"],"score":615,"play_id":"676e835b-fcf5-4ec3-8531-677e143c1ccc","local_time":"20201213175252","is_ascension_mode":true,"campfire_choices":[{"floor":7.0,"key":"REST"},{"floor":12.0,"key":"REST"},{"data":"Capacitor","floor":15.0,"key":"SMITH"},{"data":"Loop","floor":24.0,"key":"SMITH"},{"data":"Biased Cognition","floor":27.0,"key":"SMITH"},{"data":"Loop","floor":32.0,"key":"SMITH"}],"circlet_count":0,"master_deck":["AscendersBane","Defend_B","Defend_B","Defend_B","Dualcast","Sweeping Beam","Ball Lightning","Cold Snap","Echo Form","Reboot","Capacitor+1","BootSequence","Sweeping Beam","Biased Cognition+1","Echo Form","Coolheaded+1","Loop+1","Capacitor","Compile Driver","Machine Learning","Sweeping Beam","Coolheaded","Loop+1"],"relics":["Cracked Core","NeowsBlessing","Mango","Matryoshka","TungstenRod","Omamori","Coffee Dripper","Dream Catcher","Strawberry","Anchor","Blood Vial","Pear"],"acts_visited":["Exordium","TheCity"],"potions_floor_usage":[],"damage_taken":[{"damage":0.0,"enemies":"Small Slimes","floor":1.0,"turns":1.0},{"damage":0.0,"enemies":"Cultist","floor":3.0,"turns":1.0},{"damage":0.0,"enemies":"2 Louse","floor":4.0,"turns":1.0},{"damage":40.0,"enemies":"Gremlin Nob","floor":6.0,"turns":4.0},{"damage":30.0,"enemies":"3 Sentries","floor":10.0,"turns":5.0},{"damage":1.0,"enemies":"2 Fungi Beasts","floor":13.0,"turns":2.0},{"damage":33.0,"enemies":"Gremlin Nob","floor":14.0,"turns":4.0},{"damage":17.0,"enemies":"The Guardian","floor":16.0,"turns":11.0},{"damage":0.0,"enemies":"Chosen","floor":18.0,"turns":3.0},{"damage":40.0,"enemies":"Gremlin Leader","floor":23.0,"turns":6.0},{"damage":41.0,"enemies":"Book of Stabbing","floor":31.0,"turns":7.0},{"damage":29,"enemies":"Automaton","floor":33,"turns":4}],"seed_played":"153614480770920644","potions_obtained":[{"floor":10.0,"key":"Regen Potion"},{"floor":14.0,"key":"SteroidPotion"},{"floor":31.0,"key":"Weak Potion"}],"is_trial":false,"path_per_floor":["M","?","M","M","?","E","R","?","T","E","$","R","M","E","R","B",null,"M","?","?","$","?","E","R","$","T","R","$","?","$","E","R","B"],"character_chosen":"DEFECT","items_purchased":["Capacitor","BootSequence","Capacitor","Compile Driver","Regen Potion"],"campfire_rested":2,"item_purchase_floors":[11,11,21,21,28],"current_hp_per_floor":[64,64,64,64,64,38,63,56,56,26,26,51,50,17,17,15,68,68,68,68,68,68,28,28,28,35,35,35,35,35,21,21,0,0],"gold":49,"neow_bonus":"THREE_ENEMY_KILL","is_daily":false,"chose_seed":false,"campfire_upgraded":4,"win_rate":0.0,"timestamp":1607899972,"path_taken":["M","?","M","?","?","E","R","?","T","E","?","R","?","E","R","BOSS","M","?","?","$","?","E","R","?","T","R","?","?","$","E","R","BOSS"],"items_purchased_type":["Card","Card","Card","Card","Potion"],"build_version":"2020-11-30","purchased_purges":1,"victory":false,"max_hp_per_floor":[71,71,71,71,71,85,85,85,85,85,85,85,85,85,85,85,85,85,85,85,85,85,85,85,85,92,92,92,92,92,102,102,102,102],"card_choices":[{"not_picked":["Steam","Conserve Battery"],"picked":"Sweeping Beam","floor":1.0},{"not_picked":["Recycle","Stack"],"picked":"Ball Lightning","floor":3.0},{"not_picked":["Redo","Rebound"],"picked":"Cold Snap","floor":4.0},{"not_picked":["Recycle","Force Field"],"picked":"Echo Form","floor":6.0},{"not_picked":["Fusion","Storm"],"picked":"Reboot","floor":10.0},{"not_picked":["Chill","Conserve Battery"],"picked":"Sweeping Beam","floor":13.0},{"not_picked":["Compile Driver","Rip and Tear"],"picked":"Biased Cognition","floor":14.0},{"not_picked":["Rainbow","Creative AI"],"picked":"Echo Form","floor":16.0},{"not_picked":["Sweeping Beam","Go for the Eyes"],"picked":"Coolheaded+1","floor":18.0},{"not_picked":["Undo","Turbo"],"picked":"Coolheaded","floor":23.0},{"not_picked":["Stack","Compile Driver"],"picked":"Loop","floor":31.0}],"player_experience":4258909,"relics_obtained":[{"floor":6.0,"key":"Mango"},{"floor":9.0,"key":"Matryoshka"},{"floor":10.0,"key":"TungstenRod"},{"floor":14.0,"key":"Omamori"},{"floor":23.0,"key":"Dream Catcher"},{"floor":26.0,"key":"Strawberry"},{"floor":26.0,"key":"Anchor"},{"floor":31.0,"key":"Pear"}],"event_choices":[{"cards_removed":["Strike_B"],"damage_healed":0.0,"max_hp_gain":0.0,"max_hp_loss":0.0,"gold_gain":0.0,"event_name":"Purifier","player_choice":"Purged","floor":2.0,"gold_loss":0.0,"damage_taken":0.0},{"cards_removed":["Strike_B"],"damage_healed":0.0,"max_hp_gain":0.0,"max_hp_loss":0.0,"gold_gain":0.0,"event_name":"The Cleric","player_choice":"Card Removal","floor":5.0,"gold_loss":75.0,"damage_taken":0.0},{"cards_removed":["Strike_B"],"damage_healed":0.0,"max_hp_gain":0.0,"max_hp_loss":0.0,"gold_gain":0.0,"event_name":"Golden Wing","player_choice":"Card Removal","floor":8.0,"gold_loss":0.0,"damage_taken":7.0},{"damage_healed":0.0,"max_hp_gain":0.0,"max_hp_loss":0.0,"gold_gain":0.0,"event_name":"The Library","player_choice":"Read","floor":19.0,"gold_loss":0.0,"damage_taken":0.0,"cards_obtained":["Loop"]},{"damage_healed":0.0,"max_hp_gain":0.0,"max_hp_loss":0.0,"gold_gain":50.0,"event_name":"Nest","player_choice":"Stole From Cult","floor":20.0,"gold_loss":0.0,"damage_taken":0.0},{"damage_healed":0.0,"max_hp_gain":0.0,"max_hp_loss":0.0,"gold_gain":0.0,"cards_transformed":["Zap","Defend_B"],"event_name":"Drug Dealer","player_choice":"Became Test Subject","floor":22.0,"gold_loss":0.0,"damage_taken":0.0,"cards_obtained":["Machine Learning","Sweeping Beam"]},{"damage_healed":0.0,"max_hp_gain":0.0,"max_hp_loss":0.0,"gold_gain":0.0,"event_name":"Addict","player_choice":"Stole Relic","floor":29.0,"gold_loss":0.0,"damage_taken":0.0,"relics_obtained":["Blood Vial"],"cards_obtained":["Shame"]}],"is_beta":false,"boss_relics":[{"not_picked":["SlaversCollar","Tiny House"],"picked":"Coffee Dripper"}],"items_purged_floors":[21],"is_endless":false,"potions_floor_spawned":[10,14,31],"killed_by":"Automaton","ascension_level":20}}