{"host":"mszes4kzl3qk0fcx","time":1607829317,"event":{"mods":["BaseMod","Minty Spire (QoL Compilation)","StSLib","The Administrix","The Animator"],"gold_per_floor":[130,147,147,179,119,131,125,149,185,197,239,251,279,308,320,428,440,465,497,509,521,599,611,636,648,648],"floor_reached":25,"playtime":2948,"items_purged":[],"score":232,"play_id":"af95b2af-c329-4228-89d3-5561a781c848","local_time":"20201212221517","is_ascension_mode":true,"campfire_choices":[{"data":"animator:Shalltear","floor":6,"key":"SMITH"},{"data":"animator:Demiurge","floor":12,"key":"SMITH"},{"data":"animator:LeleiLaLalena","floor":15,"key":"SMITH"},{"data":"animator:Demiurge","floor":23,"key":"SMITH"}],"circlet_count":0,"master_deck":["animator:Strike_Overlord","animator:Defend_Overlord","animator:Strike","animator:Defend","animator:Defend","animator:Cocytus","animator:Demiurge+1","animator:Shalltear+1","animator:Entoma+6","animator:PandorasActor","animator:LeleiLaLalena+1","animator:DwarfShaman","animator:Sebas","animator:Elesis","animator:Shalltear","animator:NarberalGamma","animator:Demiurge+1","animator:PandorasActor","animator:NarberalGamma+1"],"relics":["animator:LivingPicture","animator:TheMissingPiece","MawBank","Sundial","Toy Ornithopter","animator:RacePiece","SsserpentHead"],"acts_visited":["Exordium","TheCity"],"potions_floor_usage":[7,11,16,16,25],"damage_taken":[{"damage":1,"enemies":"2 Louse","floor":1,"turns":3},{"damage":0,"enemies":"Small Slimes","floor":2,"turns":4},{"damage":0,"enemies":"Cultist","floor":4,"turns":4},{"damage":0,"enemies":"Looter","floor":7,"turns":4},{"damage":0,"enemies":"3 Louse","floor":8,"turns":4},{"damage":0,"enemies":"Lots of Slimes","floor":11,"turns":3},{"damage":0,"enemies":"Exordium Wildlife","floor":13,"turns":5},{"damage":6,"enemies":"2 Fungi Beasts","floor":14,"turns":4},{"damage":48,"enemies":"Slime Boss","floor":16,"turns":16},{"damage":11,"enemies":"Shell Parasite","floor":18,"turns":8},{"damage":2,"enemies":"Chosen","floor":19,"turns":8},{"damage":27,"enemies":"3 Cultists","floor":22,"turns":5},{"damage":23,"enemies":"Chosen and Byrds","floor":24,"turns":7},{"damage":27,"enemies":"Snecko","floor":25,"turns":5}],"seed_played":"-7514789730090021850","potions_obtained":[{"floor":2,"key":"Ancient Potion"},{"floor":4,"key":"PowerPotion"},{"floor":8,"key":"Fire Potion"},{"floor":14,"key":"DuplicationPotion"},{"floor":19,"key":"Strength Potion"}],"is_trial":false,"path_per_floor":["M","M","?","M","?","R","M","M","T","?","M","R","M","M","R","B",null,"M","M","?","$","M","R","M","M"],"character_chosen":"THE_ANIMATOR","items_purchased":[],"campfire_rested":0,"item_purchase_floors":[],"current_hp_per_floor":[71,72,65,65,65,65,65,67,67,67,74,74,76,73,73,35,82,73,71,71,71,44,44,21,0,0],"gold":648,"neow_bonus":"TEN_PERCENT_HP_BONUS","is_daily":false,"chose_seed":false,"campfire_upgraded":4,"win_rate":0.0,"timestamp":1607829317,"path_taken":["M","M","?","M","?","R","M","?","T","?","M","R","M","M","R","BOSS","M","M","?","$","?","R","M","M"],"items_purchased_type":[],"build_version":"2020-11-30","purchased_purges":0,"victory":false,"max_hp_per_floor":[72,73,73,73,73,73,73,75,75,75,77,77,79,82,82,82,82,84,84,84,84,84,84,84,84,84],"card_choices":[{"not_picked":["animator:SilverFang","animator:Gillette"],"picked":"animator:Shalltear","floor":1},{"not_picked":["animator:Aisha","animator:Raven"],"picked":"animator:Entoma","floor":2},{"not_picked":["animator:Priestess","animator:ChaikaBohdan","animator:Rena"],"picked":"SKIP","floor":4},{"not_picked":["animator:Demiurge","animator:Entoma"],"picked":"animator:PandorasActor","floor":7},{"not_picked":["animator:LizardPriest","animator:Layla","animator:Aisha"],"picked":"SKIP","floor":8},{"not_picked":["animator:Scar","animator:SilverFang"],"picked":"animator:LeleiLaLalena","floor":11},{"not_picked":["animator:Tatsumaki","animator:Chung"],"picked":"animator:DwarfShaman","floor":13},{"not_picked":["animator:Entoma","animator:Shalltear"],"picked":"animator:Sebas","floor":14},{"not_picked":["animator:Father","animator:SwordMaiden"],"picked":"animator:Elesis","floor":16},{"not_picked":["animator:Aisha","animator:Layla"],"picked":"animator:PandorasActor","floor":18},{"not_picked":["animator:Gluttony+1","animator:Arpeggio"],"picked":"animator:NarberalGamma+1","floor":19},{"not_picked":["animator:Geryuganshoop+1","animator:ElricEdward","animator:HighElfArcher"],"picked":"SKIP","floor":22},{"not_picked":["animator:NarberalGamma","animator:Shalltear"],"picked":"animator:Entoma","floor":24}],"player_experience":495589,"relics_obtained":[{"floor":9,"key":"Toy Ornithopter"}],"event_choices":[{"damage_healed":0,"gold_gain":0,"player_choice":"Success","damage_taken":7,"relics_obtained":["MawBank"],"max_hp_gain":0,"max_hp_loss":0,"event_name":"Scrap Ooze","floor":3,"gold_loss":0},{"damage_healed":0,"gold_gain":0,"player_choice":"Paid Gold","damage_taken":0,"relics_obtained":["Sundial"],"max_hp_gain":0,"max_hp_loss":0,"event_name":"WeMeetAgain","floor":5,"gold_loss":72},{"damage_healed":0,"gold_gain":0,"player_choice":"Ignored","damage_taken":0,"max_hp_gain":0,"max_hp_loss":0,"event_name":"Golden Wing","floor":10,"gold_loss":0},{"damage_healed":0,"gold_gain":0,"player_choice":"Trade","damage_taken":0,"relics_obtained":["SsserpentHead"],"max_hp_gain":0,"max_hp_loss":0,"event_name":"FaceTrader","floor":20,"gold_loss":0}],"is_beta":false,"boss_relics":[{"not_picked":["Black Star","Sozu"],"picked":"animator:RacePiece"}],"items_purged_floors":[],"is_endless":false,"potions_floor_spawned":[2,4,8,14,19],"killed_by":"Snecko","ascension_level":1}}