{"host":"7nivcca86uhzq8pw","time":1607831846,"event":{"mods":["BaseMod","Better Altar","Better Skull","Downfall","Hermit","Minty Spire (QoL Compilation)","RRrroohrrRGHHhhh!!","StSLib"],"gold_per_floor":[118,134,134,134,157,188,203,223,223,241,316,336,359,379,379,510,510,533,533,141,162,22,53,67,67,67,80,119,138,138,186,186,327,327,345,369,384,409,409,409],"floor_reached":39,"playtime":2653,"items_purged":["hermit:Strike_Hermit","hermit:Strike_Hermit"],"score":474,"play_id":"30828445-d99e-40e4-9397-9b5849bccbc2","local_time":"20201213005726","is_ascension_mode":false,"campfire_choices":[{"floor":15,"key":"REST"},{"floor":30,"key":"REST"},{"floor":32,"key":"REST"}],"circlet_count":0,"master_deck":["hermit:Snapshot","hermit:Covet","hermit:CursedWeapon","hermit:Enervate","hermit:Coalescence","rorgmod:Ache","hermit:LoneWolf","hermit:TrackingShot","hermit:Vantage","hermit:Desperado","hermit:GoldenBullet","hermit:CalledShot","hermit:Adapt","hermit:FatalDesire","hermit:Quickdraw+1","hermit:Glare","hermit:Cheat","hermit:Grudge","hermit:Virtue","hermit:LowProfile","hermit:Feint+1","hermit:DeadOrAlive","hermit:Scavenge","hermit:DeadMansHand","hermit:EyeOfTheStorm","hermit:HighNoon","hermit:Adapt","hermit:WideOpen","hermit:FinalCanter","hermit:Feint","hermit:TakeAim+1","hermit:Misfire+1","hermit:WideOpen+1","hermit:BigShot","hermit:Ricochet+1","hermit:Manifest+1","hermit:Purgatory","hermit:Glare+1"],"relics":["hermit:ClaspedLocket","Golden Idol","Akabeko","Letter Opener","Omamori","Blood Vial","Strange Spoon","Toy Ornithopter","Bottled Lightning","Prayer Wheel","Whetstone","Pandora\u0027s Box"],"acts_visited":["Exordium","TheCity","TheBeyond"],"potions_floor_usage":[6,12,23,28,31,31,33,33,37,39],"damage_taken":[{"damage":6,"enemies":"Jaw Worm","floor":1,"turns":3},{"damage":2,"enemies":"2 Louse","floor":2,"turns":2},{"damage":4,"enemies":"Small Slimes","floor":5,"turns":2},{"damage":17,"enemies":"Gremlin Nob","floor":6,"turns":4},{"damage":4,"enemies":"Looter","floor":7,"turns":2},{"damage":8,"enemies":"Exordium Wildlife","floor":8,"turns":4},{"damage":7,"enemies":"Blue Slaver","floor":10,"turns":2},{"damage":0,"enemies":"Exordium Thugs","floor":12,"turns":1},{"damage":2,"enemies":"Looter","floor":14,"turns":2},{"damage":7,"enemies":"Slime Boss","floor":16,"turns":6},{"damage":2,"enemies":"Chosen","floor":18,"turns":3},{"damage":19,"enemies":"Shell Parasite","floor":21,"turns":4},{"damage":29,"enemies":"Book of Stabbing","floor":23,"turns":5},{"damage":7,"enemies":"Cultist and Chosen","floor":24,"turns":4},{"damage":12,"enemies":"3 Cultists","floor":27,"turns":4},{"damage":23,"enemies":"Slavers","floor":28,"turns":4},{"damage":17,"enemies":"Shelled Parasite and Fungi","floor":29,"turns":4},{"damage":11,"enemies":"Book of Stabbing","floor":31,"turns":5},{"damage":64,"enemies":"Collector","floor":33,"turns":20},{"damage":6,"enemies":"3 Shapes","floor":35,"turns":4},{"damage":13,"enemies":"3 Darklings","floor":36,"turns":5},{"damage":28,"enemies":"Sphere and 2 Shapes","floor":37,"turns":4},{"damage":24,"enemies":"Maw","floor":38,"turns":7},{"damage":0,"enemies":"2 Orb Walkers","floor":39,"turns":1}],"seed_played":"5860371838527279685","potions_obtained":[{"floor":2,"key":"Slimebound:ThreeZeroPotion"},{"floor":5,"key":"hermit:Tonic"},{"floor":8,"key":"SneckoOil"},{"floor":16,"key":"hermit:Tonic"},{"floor":24,"key":"Guardian:BlockOnCardUsePotion"},{"floor":27,"key":"Weak Potion"},{"floor":28,"key":"champ:CounterPotion"},{"floor":31,"key":"LiquidBronze"},{"floor":35,"key":"Swift Potion"},{"floor":36,"key":"hermit:Eclipse"}],"is_trial":false,"path_per_floor":["M","M","?","?","M","E","M","M","T","M","?","M","T","M","R","B",null,"M","?","$","M","$","E","M","?","T","M","E","M","R","E","R","B",null,"M","M","M","M","?"],"character_chosen":"HERMIT","items_purchased":["Blood Vial","Strange Spoon","hermit:Glare","hermit:Grudge"],"campfire_rested":3,"item_purchase_floors":[20,20,20,22],"current_hp_per_floor":[69,67,67,67,63,46,42,34,34,27,16,16,16,14,36,29,75,73,73,73,56,56,29,24,49,49,39,23,8,30,31,53,1,75,69,58,37,15,22,22],"gold":409,"neow_bonus":"REMOVE_CARD","is_daily":false,"chose_seed":false,"campfire_upgraded":0,"win_rate":0.0,"timestamp":1607831846,"path_taken":["M","M","?","?","M","E","M","M","T","M","?","M","?","?","R","BOSS","M","?","?","M","$","E","M","?","T","?","E","M","R","E","R","BOSS","M","M","M","M","?"],"items_purchased_type":["Relic","Relic","Card","Card"],"build_version":"2020-11-30","purchased_purges":2,"victory":false,"max_hp_per_floor":[75,75,75,75,75,75,75,75,75,75,75,75,75,75,75,75,75,75,75,75,75,75,75,75,75,75,75,75,75,75,75,75,75,75,75,75,75,75,75,75],"card_choices":[{"not_picked":["hermit:Headshot","hermit:CalledShot"],"picked":"hermit:CursedWeapon","floor":1},{"not_picked":["hermit:Coalescence","hermit:Cheat"],"picked":"hermit:Enervate","floor":2},{"not_picked":["hermit:Roulette","hermit:Snipe"],"picked":"hermit:LoneWolf","floor":5},{"not_picked":["hermit:ItchyTrigger","hermit:Roulette"],"picked":"hermit:TrackingShot","floor":6},{"not_picked":["hermit:Dive","hermit:Glare"],"picked":"hermit:Vantage","floor":7},{"not_picked":["hermit:SprayPray","hermit:Vantage"],"picked":"hermit:Desperado","floor":8},{"not_picked":["hermit:FromBeyond","hermit:Vantage"],"picked":"hermit:GoldenBullet","floor":10},{"not_picked":["hermit:HoleUp","hermit:BodyArmor"],"picked":"hermit:CalledShot","floor":12},{"not_picked":["hermit:Glare","hermit:Misfire"],"picked":"hermit:Adapt","floor":14},{"not_picked":["hermit:OverwhelmingPower","hermit:DeadOrAlive"],"picked":"hermit:FatalDesire","floor":16},{"not_picked":["hermit:GoldenBullet","hermit:ItchyTrigger+1"],"picked":"hermit:Quickdraw","floor":18},{"not_picked":["hermit:Roulette","hermit:Coalescence"],"picked":"hermit:Cheat","floor":21},{"not_picked":["hermit:Desperado+1","hermit:TrackingShot+1"],"picked":"hermit:Virtue","floor":23},{"not_picked":["hermit:TrackingShot","hermit:Cheat"],"picked":"hermit:LowProfile","floor":24},{"not_picked":["hermit:ItchyTrigger","hermit:Manifest"],"picked":"hermit:Feint+1","floor":27},{"not_picked":["hermit:TakeAim","hermit:Horror"],"picked":"hermit:DeadOrAlive","floor":28},{"not_picked":["hermit:Headshot","hermit:BodyArmor+1"],"picked":"hermit:Scavenge","floor":29},{"not_picked":["hermit:Virtue","hermit:Manifest"],"picked":"hermit:DeadMansHand","floor":29},{"not_picked":["hermit:CalledShot","hermit:HoleUp"],"picked":"hermit:EyeOfTheStorm","floor":31},{"not_picked":["hermit:Gambit","hermit:Magnum"],"picked":"hermit:HighNoon","floor":33},{"not_picked":["hermit:ItchyTrigger","hermit:Quickdraw"],"picked":"hermit:TakeAim+1","floor":35},{"not_picked":["hermit:LoneWolf+1","hermit:Coalescence+1"],"picked":"hermit:Misfire+1","floor":35},{"not_picked":["hermit:Cheat","hermit:Horror"],"picked":"hermit:WideOpen+1","floor":36},{"not_picked":["hermit:LowProfile+1","hermit:ItchyTrigger"],"picked":"hermit:BigShot","floor":36},{"not_picked":["hermit:Gestalt","hermit:TrackingShot+1"],"picked":"hermit:Ricochet+1","floor":37},{"not_picked":["hermit:Snipe","hermit:Grudge"],"picked":"hermit:Manifest+1","floor":37},{"not_picked":["hermit:ItchyTrigger+1","hermit:Coalescence"],"picked":"hermit:Purgatory","floor":38},{"not_picked":["hermit:Enervate+1","hermit:Midnight"],"picked":"hermit:Glare+1","floor":38}],"player_experience":210449,"relics_obtained":[{"floor":6,"key":"Akabeko"},{"floor":9,"key":"Letter Opener"},{"floor":13,"key":"Omamori"},{"floor":23,"key":"Toy Ornithopter"},{"floor":26,"key":"Bottled Lightning"},{"floor":28,"key":"Prayer Wheel"},{"floor":31,"key":"Whetstone"}],"event_choices":[{"damage_healed":0,"gold_gain":0,"cards_transformed":["hermit:Strike_Hermit"],"player_choice":"Change","damage_taken":0,"max_hp_gain":0,"max_hp_loss":0,"event_name":"Living Wall","floor":3,"gold_loss":0,"cards_obtained":["hermit:Coalescence"]},{"damage_healed":0,"gold_gain":0,"player_choice":"Take Wound","damage_taken":0,"relics_obtained":["Golden Idol"],"max_hp_gain":0,"max_hp_loss":0,"event_name":"Golden Idol","floor":4,"gold_loss":0,"cards_obtained":["rorgmod:Ache"]},{"damage_healed":0,"gold_gain":75,"player_choice":"Gather Gold","damage_taken":11,"max_hp_gain":0,"max_hp_loss":0,"event_name":"World of Goop","floor":11,"gold_loss":0},{"damage_healed":0,"gold_gain":0,"player_choice":"Ignored","damage_taken":0,"max_hp_gain":0,"max_hp_loss":0,"event_name":"NoteForYourself","floor":19,"gold_loss":0},{"damage_healed":25,"gold_gain":0,"player_choice":"Heal","damage_taken":0,"max_hp_gain":0,"max_hp_loss":0,"event_name":"The Library","floor":25,"gold_loss":0},{"damage_healed":0,"gold_gain":0,"player_choice":"Fight","damage_taken":0,"max_hp_gain":0,"max_hp_loss":0,"event_name":"Mysterious Sphere","floor":39,"gold_loss":0}],"is_beta":false,"boss_relics":[{"not_picked":["Coffee Dripper","SacredBark"],"picked":"hermit:ClaspedLocket"},{"not_picked":["Sozu","Velvet Choker"],"picked":"Pandora\u0027s Box"}],"items_purged_floors":[20,22],"is_endless":false,"potions_floor_spawned":[2,5,8,16,24,27,28,29,31,35,36],"killed_by":"2 Orb Walkers","ascension_level":0}}