{"host":"8fup84v061vi31le","time":1607828044,"event":{"mods":["BaseMod","Better Match","Better Third Choice","Minty Spire (QoL Compilation)","Replay The Spire","Shop Mod","StSLib"],"gold_per_floor":[112,130,143,68,82,82,0,27,103,103,28,42,42,42,42,42,42],"floor_reached":16,"playtime":1276,"items_purged":["Heavy Blade"],"score":120,"play_id":"27c02182-558d-4655-b6d7-2792434c96a8","local_time":"20201213105404","is_ascension_mode":true,"campfire_choices":[{"data":"Perfected Strike","floor":6.0,"key":"SMITH"},{"data":"ReplayTheSpireMod:Strike From Hell","floor":13,"key":"SMITH"},{"floor":15,"key":"REST"}],"circlet_count":0,"master_deck":["Strike_R+1","Strike_R","Strike_R","Strike_R","Strike_R","Defend_R","Defend_R+1","Defend_R","Defend_R","Bash","Perfected Strike","Perfected Strike","Perfected Strike+1","Enlightenment","ReplayTheSpireMod:Strike From Hell+1","Eclipse+1","Hemogenesis+2","Double Tap+1"],"relics":["Burning Blood","NeowsBlessing","Bird Faced Urn","Kunai"],"acts_visited":["Exordium"],"potions_floor_usage":[],"damage_taken":[{"damage":0.0,"enemies":"Cultist","floor":1.0,"turns":1.0},{"damage":0.0,"enemies":"Small Slimes","floor":2.0,"turns":1.0},{"damage":0.0,"enemies":"2 Louse","floor":3.0,"turns":1.0},{"damage":6.0,"enemies":"Looter","floor":5.0,"turns":2.0},{"damage":29.0,"enemies":"Gremlin Nob","floor":8.0,"turns":4.0},{"damage":13,"enemies":"Exordium Thugs","floor":12,"turns":4},{"damage":62,"enemies":"Fading Forest","floor":16,"turns":10}],"seed_played":"7085267806336496692","potions_obtained":[{"floor":1.0,"key":"SteroidPotion"},{"floor":8.0,"key":"ColorlessPotion"}],"is_trial":false,"path_per_floor":["M","M","M","$","M","R","?","E","T","?","?","M","R","$","R","B"],"character_chosen":"IRONCLAD","items_purchased":[],"campfire_rested":1,"item_purchase_floors":[],"current_hp_per_floor":[80,80,80,80,80,80,86,63,63,46,46,39,39,39,64,12,12],"gold":42,"neow_bonus":"THREE_ENEMY_KILL","is_daily":false,"chose_seed":false,"campfire_upgraded":2,"win_rate":0.0,"timestamp":1607828044,"path_taken":["M","?","M","?","M","R","?","E","T","?","?","M","R","$","R","BOSS"],"items_purchased_type":[],"build_version":"2020-11-30","purchased_purges":1,"victory":false,"max_hp_per_floor":[80,80,80,80,80,80,86,86,86,86,86,86,86,86,86,86,86],"card_choices":[{"not_picked":["Intimidate","Armaments"],"picked":"Heavy Blade","floor":1.0},{"not_picked":["Shrug It Off","Hemokinesis"],"picked":"Perfected Strike","floor":2.0},{"not_picked":["Wild Strike","Rage"],"picked":"Perfected Strike","floor":3.0},{"not_picked":["Flex","Body Slam"],"picked":"Perfected Strike","floor":5.0},{"not_picked":["Heavy Blade","Cleave"],"picked":"ReplayTheSpireMod:Strike From Hell","floor":8.0},{"not_picked":["Demon Form+1","Limit Break+1"],"picked":"Eclipse+1","floor":11.0},{"not_picked":["Fiend Fire+1","Reaper+1"],"picked":"Hemogenesis+1","floor":11.0},{"not_picked":["Immolate+1","Impervious+1"],"picked":"Double Tap+1","floor":11.0},{"not_picked":["Warcry","Fire Breathing","Twin Strike"],"picked":"SKIP","floor":12}],"player_experience":72648,"relics_obtained":[{"floor":8.0,"key":"Bird Faced Urn"},{"floor":9.0,"key":"Kunai"}],"event_choices":[{"damage_healed":0.0,"max_hp_gain":0.0,"max_hp_loss":0.0,"gold_gain":0.0,"event_name":"betterThird:BetterSerpent","player_choice":"RENOUNCE","floor":7.0,"gold_loss":82.0,"damage_taken":82.0,"cards_obtained":["Enlightenment"]},{"damage_healed":63.0,"max_hp_gain":0.0,"max_hp_loss":86.0,"gold_gain":0.0,"event_name":"betterThird:BetterShining","player_choice":"Upgrade","floor":10.0,"gold_loss":0.0,"damage_taken":17.0,"cards_upgraded":["Defend_R","Strike_R"]},{"damage_healed":0.0,"max_hp_gain":0.0,"max_hp_loss":0.0,"gold_gain":0.0,"event_name":"betterMatch:BetterMatch","player_choice":"3","floor":11.0,"gold_loss":0.0,"damage_taken":0.0,"cards_obtained":["betterMatch:RareCard"]}],"is_beta":false,"boss_relics":[],"items_purged_floors":[4],"is_endless":false,"potions_floor_spawned":[1,8],"killed_by":"Fading Forest","ascension_level":4}}