{"host":"v4nyfngrgywi7zc6","time":1607836894,"event":{"mods":["2.2 Compatiblity","BaseMod","Custom Start","Downfall","Minty Spire (QoL Compilation)","Shop Mod","StSLib"],"gold_per_floor":[99,127,139,239,239,268,314,325,358,283,299,209,225,225,238,339,339,264,264,294,308,308,333,333,350,275,308,325,325,337,353,363,465,465,465,465,465,478,494,494,494,526,546,546,546,564,207,221,235,235],"floor_reached":51,"playtime":4028,"items_purged":["Regret","hexamod:Defend"],"score":759,"play_id":"fb613567-6f3a-4804-9412-e68fff09a199","local_time":"20201212232134","is_ascension_mode":false,"campfire_choices":[{"data":"hexamod:TimeOfNeed","floor":1,"key":"SMITH"},{"floor":10,"key":"RECALL"},{"data":"hexamod:HexaLevel","floor":18,"key":"SMITH"},{"data":"hexamod:ThermalTransfer","floor":22,"key":"SMITH"},{"floor":26,"key":"REST"},{"data":"hexamod:WildfireWeapon","floor":35,"key":"SMITH"},{"data":"hexamod:SoulSteal","floor":37,"key":"SMITH"},{"floor":40,"key":"REST"},{"floor":44,"key":"REST"}],"circlet_count":0,"master_deck":["hexamod:Strike+1","hexamod:Strike+1","hexamod:Strike+1","hexamod:Strike+1","hexamod:Defend+1","hexamod:Defend+1","hexamod:Defend+1","hexamod:Sear+1","hexamod:Float+1","hexamod:TimeOfNeed+1","hexamod:SoulSteal+1","hexamod:CatchUp+1","hexamod:SixthSeal","hexamod:NecessarySacrifice+1","hexamod:SpectersWail+1","hexamod:SoulSteal+1","hexamod:HexaLevel+1","hexamod:HeatCrush+1","hexamod:ThermalTransfer+1","hexamod:FirstSeal","hexamod:TimeOfNeed+1","hexamod:WildfireWeapon+1","hexamod:EmpoweredFlame+1"],"relics":["hexamod:SpiritBrand","Toy Ornithopter","Blood Vial","Art of War","hexamod:MatchstickCase","Centennial Puzzle","downfall:HeartBlessingGreen","Black Star","downfall:HeartBlessingRed","Bag of Preparation","Anchor","Pear","downfall:HeartBlessingBlue","Thread and Needle","Ice Cream","Nloth\u0027s Gift","SlaversCollar","Sundial","Bottled Flame","Vajra","Strawberry"],"acts_visited":["Exordium","TheCity","TheBeyond"],"potions_floor_usage":[9,20,21,33,43,50,50,50],"damage_taken":[{"damage":8,"enemies":"Lagavulin","floor":2,"turns":8},{"damage":0,"enemies":"2 Louse","floor":3,"turns":3},{"damage":10,"enemies":"3 Sentries","floor":6,"turns":6},{"damage":2,"enemies":"Small Slimes","floor":8,"turns":4},{"damage":8,"enemies":"Lagavulin","floor":9,"turns":5},{"damage":3,"enemies":"Cultist","floor":11,"turns":3},{"damage":2,"enemies":"downfall:FleeingMerchant","floor":12,"turns":4},{"damage":0,"enemies":"Lots of Slimes","floor":13,"turns":4},{"damage":0,"enemies":"2 Fungi Beasts","floor":15,"turns":3},{"damage":22,"enemies":"downfall:Watcher","floor":16,"turns":6},{"damage":0,"enemies":"Chosen","floor":19,"turns":1},{"damage":27,"enemies":"Slavers","floor":20,"turns":4},{"damage":3,"enemies":"Snecko","floor":21,"turns":4},{"damage":19,"enemies":"Book of Stabbing","floor":23,"turns":5},{"damage":12,"enemies":"3 Cultists","floor":25,"turns":4},{"damage":10,"enemies":"Gremlin Leader","floor":27,"turns":5},{"damage":2,"enemies":"Shelled Parasite and Fungi","floor":28,"turns":4},{"damage":0,"enemies":"Chosen and Byrds","floor":30,"turns":5},{"damage":0,"enemies":"Cultist and Chosen","floor":31,"turns":6},{"damage":0,"enemies":"Sentry and Sphere","floor":32,"turns":5},{"damage":38,"enemies":"downfall:Ironclad","floor":33,"turns":7},{"damage":0,"enemies":"Orb Walker","floor":38,"turns":3},{"damage":20,"enemies":"3 Darklings","floor":39,"turns":5},{"damage":57,"enemies":"Reptomancer","floor":42,"turns":7},{"damage":16,"enemies":"Transient","floor":43,"turns":5},{"damage":13,"enemies":"Writhing Mass","floor":46,"turns":5},{"damage":5,"enemies":"downfall:FleeingMerchant","floor":47,"turns":4},{"damage":3,"enemies":"Sphere and 2 Shapes","floor":48,"turns":5},{"damage":11,"enemies":"Transient","floor":49,"turns":5},{"damage":40,"enemies":"downfall:Silent","floor":50,"turns":8}],"seed_played":"7940278312777594324","potions_obtained":[{"floor":2,"key":"Strength Potion"},{"floor":3,"key":"Energy Potion"},{"floor":8,"key":"ColorlessPotion"},{"floor":11,"key":"Fire Potion"},{"floor":23,"key":"SpeedPotion"},{"floor":25,"key":"FearPotion"},{"floor":32,"key":"PowerPotion"},{"floor":46,"key":"Fire Potion"},{"floor":49,"key":"PowerPotion"}],"is_trial":false,"path_per_floor":["R","E","M","?","?","E","T","M","E","R","M","$","M","?","M","B",null,"R","M","E","M","R","E","T","M","R","E","M","?","M","M","M","B",null,"R","?","R","M","M","R","T","E","M","R","?","M","$","M","M","B",null],"character_chosen":"THE_SPIRIT","items_purchased":["hexamod:EmpoweredFlame","Strawberry","Block Potion"],"campfire_rested":3,"item_purchase_floors":[47,47,47],"current_hp_per_floor":[70,62,62,62,62,54,54,54,53,53,52,52,54,54,56,36,70,70,70,48,52,52,45,45,42,79,78,78,78,80,89,90,59,90,90,90,90,90,77,90,90,40,38,65,55,51,62,68,66,50],"gold":235,"neow_bonus":"ONE_RANDOM_RARE_CARD","is_daily":false,"chose_seed":false,"campfire_upgraded":5,"win_rate":0.0,"timestamp":1607836894,"path_taken":["R","E","M","?","?","E","T","M","E","R","M","$","M","?","M","BOSS","R","M","E","M","R","E","T","M","R","E","M","?","?","?","M","BOSS","R","?","R","?","?","R","T","E","M","R","?","M","?","M","M","BOSS"],"items_purchased_type":["Card","Relic","Potion"],"build_version":"2020-11-30","purchased_purges":2,"victory":true,"max_hp_per_floor":[70,70,70,70,70,70,70,70,70,70,70,70,70,70,70,70,70,70,70,70,70,70,80,80,80,90,90,90,90,90,90,90,90,90,90,90,90,90,90,90,90,90,90,90,90,90,97,97,97,97],"card_choices":[{"not_picked":["hexamod:Hexaguard","hexamod:DynamicBlow"],"picked":"hexamod:SoulSteal","floor":2},{"not_picked":["hexamod:BacktrackSmack","hexamod:NightmareGuise"],"picked":"hexamod:CatchUp","floor":3},{"not_picked":["hexamod:InspiringFlames","hexamod:ChargedBarrage"],"picked":"hexamod:SixthSeal","floor":6},{"not_picked":["hexamod:HauntingEcho","hexamod:FastForward"],"picked":"hexamod:NecessarySacrifice","floor":8},{"not_picked":["hexamod:Hexaguard","hexamod:Firestarter"],"picked":"hexamod:SpectersWail","floor":9},{"not_picked":["hexamod:BacktrackSmack","hexamod:AdvancingGuard","hexamod:InspiringFlames"],"picked":"SKIP","floor":11},{"not_picked":["hexamod:NightmareGuise","hexamod:RainOfEmbers","hexamod:GhostShield"],"picked":"SKIP","floor":12},{"not_picked":["hexamod:Rewind","hexamod:ThermalTransfer","hexamod:DynamicBlow"],"picked":"SKIP","floor":13},{"not_picked":["hexamod:RainOfEmbers","hexamod:HauntingEcho"],"picked":"hexamod:SoulSteal","floor":15},{"not_picked":["hexamod:CrushingStance","hexamod:UnleashSpirits"],"picked":"hexamod:HexaLevel","floor":16},{"not_picked":["hexamod:Firestarter","hexamod:BacktrackSmack"],"picked":"hexamod:HeatCrush","floor":19},{"not_picked":["hexamod:UnleashSpirits","hexamod:HauntingEcho"],"picked":"hexamod:ThermalTransfer","floor":20},{"not_picked":["hexamod:SpectralAdrenaline","hexamod:RecurringNightmare","hexamod:GhostOfSpireFuture"],"picked":"SKIP","floor":21},{"not_picked":["hexamod:BacktrackSmack","hexamod:InspiringFlames"],"picked":"hexamod:FirstSeal","floor":23},{"not_picked":["hexamod:NightmareGuise","hexamod:ShieldOfDarkness+1","hexamod:RainOfEmbers"],"picked":"SKIP","floor":25},{"not_picked":["hexamod:Hexaguard","hexamod:SwordOfDarkness","hexamod:FastForward+1"],"picked":"SKIP","floor":27},{"not_picked":["hexamod:HeatMetal","hexamod:SwordOfDarkness+1"],"picked":"hexamod:TimeOfNeed","floor":28},{"not_picked":["hexamod:SearingWound","hexamod:SwordOfDarkness"],"picked":"hexamod:WildfireWeapon","floor":30},{"not_picked":["hexamod:GhostLash","hexamod:GhostOfSpirePresent","hexamod:AdvancingGuard+1"],"picked":"SKIP","floor":31},{"not_picked":["hexamod:BacktrackSmack","hexamod:Again","hexamod:FastForward"],"picked":"SKIP","floor":32},{"not_picked":["hexamod:NecessarySacrifice+1","hexamod:NightmareStrike+1","hexamod:BurningTouch"],"picked":"SKIP","floor":38},{"not_picked":["hexamod:HauntingEcho+1","hexamod:ThermalTransfer+1","hexamod:InspiringFlames+1"],"picked":"SKIP","floor":39},{"not_picked":["hexamod:SearingWound","hexamod:GhostShield","hexamod:Firestarter+1"],"picked":"SKIP","floor":42},{"not_picked":["hexamod:BacktrackSmack","hexamod:HauntingEcho+1","hexamod:CatchUp+1"],"picked":"SKIP","floor":43},{"not_picked":["hexamod:SixthSeal","hexamod:ShieldOfDarkness+1","hexamod:Again+1"],"picked":"SKIP","floor":46},{"not_picked":["hexamod:HeatShield","hexamod:NightmareGuise","hexamod:HauntingEcho"],"picked":"SKIP","floor":47},{"not_picked":["hexamod:StepThrough","hexamod:RainOfEmbers+1","hexamod:HeatCrush+1"],"picked":"SKIP","floor":48},{"not_picked":["hexamod:Haunt","hexamod:NightmareGuise","hexamod:FifthSeal"],"picked":"SKIP","floor":49}],"player_experience":234768,"relics_obtained":[{"floor":2,"key":"Toy Ornithopter"},{"floor":6,"key":"Art of War"},{"floor":7,"key":"hexamod:MatchstickCase"},{"floor":9,"key":"Centennial Puzzle"},{"floor":20,"key":"Bag of Preparation"},{"floor":20,"key":"Orichalcum"},{"floor":23,"key":"Anchor"},{"floor":23,"key":"Pear"},{"floor":27,"key":"Thread and Needle"},{"floor":27,"key":"Ice Cream"},{"floor":41,"key":"Sundial"},{"floor":42,"key":"Bottled Flame"},{"floor":42,"key":"Vajra"}],"event_choices":[{"damage_healed":0,"gold_gain":0,"player_choice":"Box","damage_taken":0,"relics_obtained":["Blood Vial"],"max_hp_gain":0,"max_hp_loss":0,"event_name":"Big Fish","floor":5,"gold_loss":0,"cards_obtained":["Regret"]}],"is_beta":false,"boss_relics":[{"not_picked":["Ectoplasm","Pandora\u0027s Box"],"picked":"Black Star"},{"not_picked":["Cursed Key","Runic Pyramid"],"picked":"SlaversCollar"}],"items_purged_floors":[12,47],"is_endless":false,"potions_floor_spawned":[2,3,8,11,16,23,25,31,32,46,49],"ascension_level":0}}