{"host":"dntw6kil9p09eemm","time":1607901403,"event":{"mods":["BaseMod","Colored Powertips","Downfall","Hermit","Minty Spire (QoL Compilation)","Shop Mod","StSLib","The Alterego","The Runesmith"],"gold_per_floor":[100,100,111,36,65,65,89,14,14,49,155,155,59,74,91,193,193,193,293,307,319,319,329,629,133,133,133,147,147,166,185,204,308,308,308,327,346,346,346,356,356,171,171,196,145,145,164,177,190,190],"floor_reached":51,"playtime":3228,"items_purged":[],"score":810,"play_id":"787813cd-222d-4ccf-8795-6d68677308be","local_time":"20201214081643","is_ascension_mode":false,"campfire_choices":[{"floor":1.0,"key":"RECALL"},{"data":"alterego_mod:Skirt","floor":4.0,"key":"SMITH"},{"floor":6.0,"key":"REST"},{"data":"alterego_mod:Lingerie","floor":8.0,"key":"SMITH"},{"data":"1","floor":18.0,"key":"LIFT"},{"data":"2","floor":22.0,"key":"LIFT"},{"floor":27.0,"key":"REST"},{"data":"3","floor":35.0,"key":"LIFT"},{"data":"alterego_mod:BrynhildrRomantia","floor":43.0,"key":"SMITH"}],"circlet_count":0,"master_deck":["alterego_mod:Strike+1","alterego_mod:Strike+1","alterego_mod:Strike+1","alterego_mod:Defend+1","alterego_mod:Defend+1","alterego_mod:Defend+1","alterego_mod:Defend+1","alterego_mod:Impale","alterego_mod:BigMeatyClaws","alterego_mod:BrynhildrsRune","alterego_mod:Skirt+1","alterego_mod:Lingerie+1","alterego_mod:DiscoLights","alterego_mod:Swimsuit","alterego_mod:RidiculouslyBig","alterego_mod:MaintainEyeContact","alterego_mod:GoddessCore","alterego_mod:Collar","alterego_mod:BrynhildrRomantia+1","alterego_mod:Smother","alterego_mod:1TonWallop","alterego_mod:Bunnysuit","alterego_mod:Rip","alterego_mod:Exercise","alterego_mod:Rake","alterego_mod:Cooking+1","alterego_mod:Bounce","alterego_mod:Birthday","alterego_mod:PerceptionDisorder","alterego_mod:Smother","alterego_mod:BreastValley","alterego_mod:Maid","alterego_mod:Vow","alterego_mod:Collar+1","alterego_mod:BiFurious","alterego_mod:Bloomers+1","alterego_mod:Cooking+1","alterego_mod:Weigh","alterego_mod:DiscoLights","alterego_mod:MagicResistance+1","alterego_mod:Exercise","expansioncontent:DecasProtection+1","expansioncontent:Torchfire","alterego_mod:MagicResistance+1","alterego_mod:Rip","alterego_mod:GoddessCore"],"relics":["alterego_mod:MasochisticConstitution","downfall:HeartBlessingRed","Blood Vial","downfall:HeartBlessingBlue","Eternal Feather","MerchantsRug","Lee\u0027s Waffle","downfall:ShatteredFragment","Girya","Busted Crown","Old Coin","Strawberry","Shuriken","Black Star","Toxic Egg 2","Pantograph","Turnip","Meat on the Bone"],"acts_visited":["Exordium","TheCity","TheBeyond"],"potions_floor_usage":[50],"damage_taken":[{"damage":6.0,"enemies":"Small Slimes","floor":3.0,"turns":8.0},{"damage":41.0,"enemies":"3 Sentries","floor":5.0,"turns":8.0},{"damage":28.0,"enemies":"Gremlin Nob","floor":10.0,"turns":5.0},{"damage":0.0,"enemies":"downfall:FleeingMerchant","floor":11.0,"turns":4.0},{"damage":0.0,"enemies":"downfall:FleeingMerchant","floor":13.0,"turns":4.0},{"damage":3.0,"enemies":"Jaw Worm","floor":14.0,"turns":6.0},{"damage":6.0,"enemies":"2 Louse","floor":15.0,"turns":8.0},{"damage":87.0,"enemies":"downfall:Defect","floor":16.0,"turns":6.0},{"damage":16.0,"enemies":"3 Byrds","floor":20.0,"turns":5.0},{"damage":10.0,"enemies":"Shell Parasite","floor":21.0,"turns":2.0},{"damage":16.0,"enemies":"Sentry and Sphere","floor":23.0,"turns":4.0},{"damage":56.0,"enemies":"downfall:FleeingMerchant","floor":25.0,"turns":4.0},{"damage":19.0,"enemies":"Cultist and Chosen","floor":28.0,"turns":6.0},{"damage":21.0,"enemies":"Snake Plant","floor":30.0,"turns":2.0},{"damage":18.0,"enemies":"Snecko","floor":31.0,"turns":4.0},{"damage":27.0,"enemies":"Shelled Parasite and Fungi","floor":32.0,"turns":3.0},{"damage":44.0,"enemies":"downfall:Ironclad","floor":33.0,"turns":7.0},{"damage":0.0,"enemies":"3 Shapes","floor":36.0,"turns":4.0},{"damage":4.0,"enemies":"downfall:FleeingMerchant","floor":37.0,"turns":2.0},{"damage":15.0,"enemies":"Orb Walker","floor":40.0,"turns":4.0},{"damage":10.0,"enemies":"Nemesis","floor":44.0,"turns":9.0},{"damage":30.0,"enemies":"4 Shapes","floor":47.0,"turns":4.0},{"damage":50,"enemies":"Maw","floor":48,"turns":9},{"damage":8,"enemies":"Transient","floor":49,"turns":5},{"damage":115,"enemies":"downfall:Silent","floor":50,"turns":6}],"seed_played":"-7347485291567007669","potions_obtained":[{"floor":5.0,"key":"SteroidPotion"},{"floor":14.0,"key":"BlessingOfTheForge"},{"floor":15.0,"key":"DistilledChaos"},{"floor":20.0,"key":"Guardian:BlockOnCardUsePotion"},{"floor":21.0,"key":"Dexterity Potion"},{"floor":31.0,"key":"Dexterity Potion"},{"floor":33.0,"key":"Fruit Juice"},{"floor":48,"key":"PowerPotion"},{"floor":49,"key":"BlessingOfTheForge"}],"is_trial":false,"path_per_floor":["R","?","M","R","E","R","T","R","?","E","$","?","$","M","M","B",null,"R","?","M","M","R","M","T","$","?","R","M","?","M","M","M","B",null,"R","M","$","?","?","M","T","$","R","E","$","?","M","M","M","B",null],"character_chosen":"The_Alterego","items_purchased":["alterego_mod:BrynhildrRomantia","MerchantsRug","alterego_mod:Smother","alterego_mod:1TonWallop","Lee\u0027s Waffle","Girya","Strawberry","alterego_mod:Bounce","alterego_mod:Birthday","Shuriken","Toxic Egg 2","alterego_mod:Bloomers+1","alterego_mod:Weigh","alterego_mod:DiscoLights","alterego_mod:Exercise"],"campfire_rested":2,"item_purchase_floors":[11,11,11,11,11,13,25,25,25,25,37,37,42,42,45],"current_hp_per_floor":[77,77,78,78,52,75,75,85,85,60,97,82,84,94,108,32,112,112,112,107,111,121,109,109,67,39,95,100,100,93,91,77,47,153,153,152,149,149,149,149,149,149,154,155,155,150,127,97,102,37],"gold":190,"neow_bonus":"TEN_PERCENT_HP_BONUS","is_daily":false,"chose_seed":false,"campfire_upgraded":3,"win_rate":0.0,"timestamp":1607901403,"path_taken":["R","?","M","R","E","R","T","R","?","E","?","?","$","?","M","BOSS","R","?","M","M","R","M","T","$","?","R","M","?","?","M","M","BOSS","R","M","$","?","?","M","T","$","R","E","$","?","M","M","M","BOSS"],"items_purchased_type":["Card","Relic","Card","Card","Relic","Relic","Relic","Card","Card","Relic","Relic","Card","Card","Card","Card"],"build_version":"2020-11-30","purchased_purges":0,"victory":true,"max_hp_per_floor":[77,77,78,78,79,79,79,89,89,90,97,97,97,101,108,112,112,112,112,116,121,121,125,125,133,138,138,142,142,142,143,147,153,153,153,152,153,153,153,154,154,154,154,155,155,155,156,157,158,159],"card_choices":[{"not_picked":["alterego_mod:PurpleHair","alterego_mod:Clones"],"picked":"alterego_mod:Skirt","floor":3.0},{"not_picked":["alterego_mod:BiFurious","alterego_mod:GachaTicket"],"picked":"alterego_mod:Lingerie","floor":5.0},{"not_picked":["alterego_mod:DestructionOfProperty","alterego_mod:Lingerie"],"picked":"alterego_mod:GoddessCore","floor":10.0},{"not_picked":["alterego_mod:GoddessCore","alterego_mod:MaintainEyeContact"],"picked":"alterego_mod:Collar","floor":11.0},{"not_picked":["alterego_mod:RidiculouslyBig","alterego_mod:Clones"],"picked":"alterego_mod:Bunnysuit","floor":13.0},{"not_picked":["alterego_mod:Santa","alterego_mod:Cooking"],"picked":"alterego_mod:Rip","floor":14.0},{"not_picked":["alterego_mod:Cushion","alterego_mod:Cooking"],"picked":"alterego_mod:Exercise","floor":15.0},{"not_picked":["alterego_mod:RingBreak","alterego_mod:AlterEgo"],"picked":"alterego_mod:Rake","floor":16.0},{"not_picked":["alterego_mod:BeGentle"],"picked":"SKIP","floor":20.0},{"not_picked":["alterego_mod:SakuraLabyrinth"],"picked":"SKIP","floor":21.0},{"not_picked":[],"picked":"alterego_mod:Cooking+1","floor":23.0},{"not_picked":["alterego_mod:HighServant"],"picked":"SKIP","floor":25.0},{"not_picked":[],"picked":"alterego_mod:PerceptionDisorder","floor":28.0},{"not_picked":[],"picked":"alterego_mod:Smother","floor":30.0},{"not_picked":[],"picked":"alterego_mod:BreastValley","floor":31.0},{"not_picked":[],"picked":"alterego_mod:Maid","floor":32.0},{"not_picked":[],"picked":"alterego_mod:Vow","floor":33.0},{"not_picked":[],"picked":"alterego_mod:Collar+1","floor":36.0},{"not_picked":[],"picked":"alterego_mod:BiFurious","floor":37.0},{"not_picked":[],"picked":"alterego_mod:Cooking+1","floor":40.0},{"not_picked":[],"picked":"alterego_mod:MagicResistance+1","floor":44.0},{"not_picked":[],"picked":"expansioncontent:DecasProtection+1","floor":46.0},{"not_picked":[],"picked":"expansioncontent:Torchfire","floor":46.0},{"not_picked":[],"picked":"alterego_mod:MagicResistance+1","floor":47.0},{"not_picked":[],"picked":"alterego_mod:Rip","floor":48},{"not_picked":[],"picked":"alterego_mod:GoddessCore","floor":49}],"player_experience":360943,"relics_obtained":[{"floor":5.0,"key":"Blood Vial"},{"floor":10.0,"key":"Eternal Feather"},{"floor":24.0,"key":"Old Coin"},{"floor":41.0,"key":"Pantograph"},{"floor":44.0,"key":"Turnip"},{"floor":44.0,"key":"Meat on the Bone"}],"event_choices":[{"damage_healed":0.0,"max_hp_gain":0.0,"max_hp_loss":0.0,"gold_gain":0.0,"event_name":"Back to Basics","player_choice":"Simplicity","floor":29.0,"gold_loss":0.0,"damage_taken":0.0,"cards_upgraded":["alterego_mod:Strike","alterego_mod:Strike","alterego_mod:Strike","alterego_mod:Defend","alterego_mod:Defend","alterego_mod:Defend","alterego_mod:Defend"]},{"cards_removed":["alterego_mod:PerceptionDisorder"],"damage_healed":0.0,"max_hp_gain":0.0,"max_hp_loss":0.0,"gold_gain":0.0,"event_name":"Falling","player_choice":"Removed Power","floor":38.0,"gold_loss":0.0,"damage_taken":0.0}],"is_beta":false,"boss_relics":[{"not_picked":["Philosopher\u0027s Stone","Cursed Key"],"picked":"Busted Crown"},{"not_picked":["SlaversCollar","Sozu"],"picked":"Black Star"}],"items_purged_floors":[],"is_endless":false,"potions_floor_spawned":[5,14,15,20,21,31,33,48,49],"ascension_level":0}}