{"host":"utqe55yv0jihe4d6","time":1607832778,"event":{"mods":["2.2 Compatiblity","AchievementEnabler","BaseMod","Block Reminder","Colored Map","Colored Powertips","Minty Spire (QoL Compilation)","Quick Restart","Rare Cards Sparkle","Relic Stats","SuperFastMode"],"gold_per_floor":[116,116,130,55,55,80,80,112,112,123,123,133,6,24,24,101,101,113,129,147,72,85,85,118,118,187,222,234,234,265,279,279,356,356,367,416,1415,756,756,756,787,787,812,847,863,863,77,112,112,112,112,112,112,5,32,32,32],"floor_reached":56,"playtime":2358,"items_purged":["Strike_G","Pain","Normality","Normality","Strike_G"],"score":2227,"play_id":"b3fef492-ab2f-44ba-af2a-b4baa5f42f32","local_time":"20201212231258","is_ascension_mode":true,"campfire_choices":[{"data":"Neutralize","floor":7.0,"key":"SMITH"},{"data":"Leg Sweep","floor":11.0,"key":"SMITH"},{"floor":15.0,"key":"REST"},{"floor":23.0,"key":"REST"},{"data":"Adrenaline","floor":25.0,"key":"SMITH"},{"data":"Catalyst","floor":29.0,"key":"SMITH"},{"data":"Footwork","floor":32.0,"key":"SMITH"},{"floor":40.0,"key":"REST"},{"floor":46.0,"key":"RECALL"},{"floor":49.0,"key":"REST"},{"floor":53.0,"key":"REST"}],"circlet_count":0,"master_deck":["AscendersBane","Strike_G+1","Defend_G","Defend_G","Defend_G","Defend_G","Defend_G","Survivor","Neutralize+1","Dagger Spray+1","Heel Hook","Poisoned Stab","Predator","Leg Sweep+1","Footwork+1","Crippling Poison","Adrenaline+1","Backflip","Heel Hook","Deadly Poison","Corpse Explosion","Predator","Catalyst+1","Adrenaline","Dagger Throw+1","Tools of the Trade","Escape Plan+1","Adrenaline+1","Backflip+1","Corpse Explosion+1","Backstab+1","Master of Strategy+1","Night Terror+1"],"relics":["Ring of the Snake","NeowsBlessing","WarpedTongs","Paper Crane","Smiling Mask","Whetstone","Philosopher\u0027s Stone","Bottled Lightning","HornCleat","Bottled Tornado","MealTicket","Fusion Hammer","Torii","Toxic Egg 2","Toolbox","PreservedInsect","Pen Nib","Bronze Scales","Shuriken","Anchor","Orichalcum"],"acts_visited":["Exordium","TheCity","TheBeyond","TheEnding"],"potions_floor_usage":[],"damage_taken":[{"damage":0.0,"enemies":"Jaw Worm","floor":1.0,"turns":1.0},{"damage":0.0,"enemies":"2 Louse","floor":3.0,"turns":1.0},{"damage":1.0,"enemies":"Gremlin Nob","floor":6.0,"turns":1.0},{"damage":33.0,"enemies":"Lagavulin","floor":8.0,"turns":7.0},{"damage":3.0,"enemies":"Cultist","floor":10.0,"turns":3.0},{"damage":9.0,"enemies":"Large Slime","floor":12.0,"turns":10.0},{"damage":0.0,"enemies":"Exordium Wildlife","floor":14.0,"turns":4.0},{"damage":29.0,"enemies":"Slime Boss","floor":16.0,"turns":12.0},{"damage":0.0,"enemies":"3 Byrds","floor":18.0,"turns":4.0},{"damage":6.0,"enemies":"2 Thieves","floor":19.0,"turns":5.0},{"damage":25.0,"enemies":"Chosen and Byrds","floor":20.0,"turns":8.0},{"damage":0.0,"enemies":"Centurion and Healer","floor":22.0,"turns":6.0},{"damage":20.0,"enemies":"Gremlin Leader","floor":24.0,"turns":7.0},{"damage":1.0,"enemies":"Book of Stabbing","floor":27.0,"turns":6.0},{"damage":0.0,"enemies":"Shelled Parasite and Fungi","floor":28.0,"turns":4.0},{"damage":0.0,"enemies":"Slavers","floor":30.0,"turns":3.0},{"damage":0.0,"enemies":"3 Cultists","floor":31.0,"turns":2.0},{"damage":47.0,"enemies":"Automaton","floor":33.0,"turns":12.0},{"damage":0.0,"enemies":"3 Darklings","floor":35.0,"turns":2.0},{"damage":30.0,"enemies":"2 Orb Walkers","floor":36.0,"turns":4.0},{"damage":0.0,"enemies":"Reptomancer","floor":41.0,"turns":5.0},{"damage":3.0,"enemies":"Nemesis","floor":44.0,"turns":5.0},{"damage":0.0,"enemies":"Orb Walker","floor":45.0,"turns":3.0},{"damage":0.0,"enemies":"Reptomancer","floor":48.0,"turns":4.0},{"damage":22.0,"enemies":"Time Eater","floor":50.0,"turns":6.0},{"damage":32.0,"enemies":"Awakened One","floor":51.0,"turns":10.0},{"damage":36.0,"enemies":"Shield and Spear","floor":55.0,"turns":3.0},{"damage":77,"enemies":"The Heart","floor":56,"turns":8}],"seed_played":"3832455105808530377","potions_obtained":[{"floor":3.0,"key":"BlessingOfTheForge"},{"floor":6.0,"key":"FairyPotion"},{"floor":8.0,"key":"DuplicationPotion"},{"floor":16.0,"key":"DistilledChaos"},{"floor":24.0,"key":"Energy Potion"},{"floor":27.0,"key":"SkillPotion"},{"floor":28.0,"key":"Regen Potion"},{"floor":31.0,"key":"Regen Potion"},{"floor":33.0,"key":"DistilledChaos"},{"floor":35.0,"key":"FairyPotion"},{"floor":44.0,"key":"EntropicBrew"},{"floor":45.0,"key":"Fruit Juice"},{"floor":48.0,"key":"DuplicationPotion"}],"is_trial":false,"path_per_floor":["M","?","M","$","?","E","R","E","T","M","R","M","$","M","R","B",null,"M","M","M","?","M","R","E","R","T","E","M","R","E","M","R","B",null,"M","?","?","$","?","R","E","?","T","E","M","R","$","E","R","B","B",null,"R","$","E","B"],"character_chosen":"THE_SILENT","items_purchased":["Crippling Poison","Toxic Egg 2","Adrenaline+1","Backflip+1","Toolbox","Bronze Scales","Shuriken","FairyPotion","Master of Strategy+1","SteroidPotion"],"campfire_rested":5,"item_purchase_floors":[13,38,38,38,38,47,47,47,47,54],"current_hp_per_floor":[59,52,52,52,52,51,51,18,18,15,15,6,6,6,25,19,54,54,48,23,23,23,42,22,22,22,21,21,21,21,21,21,23,55,55,25,25,40,40,58,58,58,58,55,60,60,68,68,68,46,14,55,68,68,32,0,0],"gold":32,"neow_bonus":"THREE_ENEMY_KILL","is_daily":false,"chose_seed":false,"campfire_upgraded":5,"win_rate":0.0,"timestamp":1607832778,"path_taken":["M","?","M","$","?","E","R","E","T","M","R","M","$","M","R","BOSS","M","?","M","?","M","R","E","R","T","E","M","R","E","M","R","BOSS","M","?","?","$","?","R","E","?","T","E","?","R","$","E","R","BOSS","BOSS","R","$","E","BOSS"],"items_purchased_type":["Card","Relic","Card","Card","Relic","Relic","Relic","Potion","Card","Potion"],"build_version":"2020-11-30","purchased_purges":5,"victory":false,"max_hp_per_floor":[66,66,66,66,66,66,66,66,66,66,66,66,66,66,66,66,66,66,66,66,66,66,66,66,66,66,66,66,66,66,66,66,66,66,66,66,66,66,63,63,63,63,63,63,68,68,68,68,68,68,68,68,68,68,68,68,68],"relic_stats":{"Torii":44,"counters":[28,146],"PreservedInsect":188,"Pen Nib":[6],"Whetstone":["Strike_G","Dagger Spray"],"Orichalcum":[0],"Smiling Mask":350,"WarpedTongs":[134],"Shuriken":[8],"Bronze Scales":[180],"MealTicket":23,"obtain_stats":[{"NeowsBlessing":0,"Torii":36,"PreservedInsect":41,"Pen Nib":44,"Whetstone":9,"Paper Crane":6,"Bottled Tornado":27,"Orichalcum":55,"Smiling Mask":8,"WarpedTongs":5,"Anchor":48,"HornCleat":26,"Shuriken":47,"Bronze Scales":47,"Toolbox":38,"Philosopher\u0027s Stone":17,"MealTicket":30,"Fusion Hammer":34,"Bottled Lightning":24,"Toxic Egg 2":38,"Ring of the Snake":0},{"NeowsBlessing":0,"Torii":20,"PreservedInsect":21,"Pen Nib":22,"Whetstone":4,"Paper Crane":3,"Bottled Tornado":14,"Orichalcum":27,"Smiling Mask":4,"WarpedTongs":2,"Anchor":24,"HornCleat":13,"Shuriken":23,"Bronze Scales":23,"Toolbox":20,"Philosopher\u0027s Stone":8,"MealTicket":16,"Fusion Hammer":18,"Bottled Lightning":13,"Toxic Egg 2":20,"Ring of the Snake":0},{"NeowsBlessing":0,"Torii":102,"PreservedInsect":107,"Pen Nib":112,"Whetstone":10,"Paper Crane":3,"Bottled Tornado":75,"Orichalcum":138,"Smiling Mask":10,"WarpedTongs":2,"Anchor":119,"HornCleat":69,"Shuriken":115,"Bronze Scales":115,"Toolbox":102,"Philosopher\u0027s Stone":39,"MealTicket":82,"Fusion Hammer":96,"Bottled Lightning":69,"Toxic Egg 2":102,"Ring of the Snake":0}],"Ring of the Snake":[56]},"card_choices":[{"not_picked":["Dodge and Roll","Backstab"],"picked":"Dagger Spray","floor":1.0},{"not_picked":["Backflip","Reflex"],"picked":"Heel Hook","floor":3.0},{"not_picked":["Acrobatics","Blade Dance"],"picked":"Poisoned Stab","floor":6.0},{"not_picked":["Tools of the Trade","Dodge and Roll"],"picked":"Predator","floor":8.0},{"not_picked":["Acrobatics","Heel Hook"],"picked":"Leg Sweep","floor":10.0},{"not_picked":["Prepared","Concentrate"],"picked":"Footwork","floor":12.0},{"not_picked":["Underhanded Strike","Outmaneuver","Acrobatics"],"picked":"SKIP","floor":14.0},{"not_picked":["Phantasmal Killer","Storm of Steel"],"picked":"Adrenaline","floor":16.0},{"not_picked":["Outmaneuver","Setup"],"picked":"Backflip","floor":18.0},{"not_picked":["All Out Attack","Outmaneuver","Deflect"],"picked":"SKIP","floor":19.0},{"not_picked":["Quick Slash","Outmaneuver"],"picked":"Heel Hook","floor":20.0},{"not_picked":["Poisoned Stab","PiercingWail"],"picked":"Deadly Poison","floor":22.0},{"not_picked":["Calculated Gamble","Dodge and Roll"],"picked":"Corpse Explosion","floor":24.0},{"not_picked":["Masterful Stab","Dagger Spray"],"picked":"Predator","floor":27.0},{"not_picked":["Dodge and Roll","Riddle With Holes"],"picked":"Catalyst","floor":28.0},{"not_picked":["Bane+1","Noxious Fumes"],"picked":"Adrenaline","floor":30.0},{"not_picked":["Blade Dance","Sucker Punch"],"picked":"Dagger Throw+1","floor":31.0},{"not_picked":["Phantasmal Killer","Doppelganger"],"picked":"Tools of the Trade","floor":33.0},{"not_picked":["Predator","Bane","Flying Knee"],"picked":"SKIP","floor":35.0},{"not_picked":["Predator","Sucker Punch+1"],"picked":"Escape Plan+1","floor":36.0},{"not_picked":["Quick Slash","Blade Dance+1"],"picked":"Corpse Explosion+1","floor":41.0},{"not_picked":["Choke+1","Deadly Poison+1","Deflect+1"],"picked":"SKIP","floor":44.0},{"not_picked":["Dagger Throw","Eviscerate"],"picked":"Backstab+1","floor":45.0},{"not_picked":["Dagger Spray","Prepared+1"],"picked":"Night Terror+1","floor":48.0},{"not_picked":["Concentrate+1","Backstab","Deadly Poison+1"],"picked":"SKIP","floor":55.0}],"player_experience":2742944,"relics_obtained":[{"floor":6.0,"key":"Paper Crane"},{"floor":8.0,"key":"Smiling Mask"},{"floor":9.0,"key":"Whetstone"},{"floor":24.0,"key":"Bottled Lightning"},{"floor":26.0,"key":"HornCleat"},{"floor":27.0,"key":"Bottled Tornado"},{"floor":30.0,"key":"MealTicket"},{"floor":36.0,"key":"Torii"},{"floor":41.0,"key":"PreservedInsect"},{"floor":44.0,"key":"Pen Nib"},{"floor":48.0,"key":"Anchor"},{"floor":55.0,"key":"Orichalcum"}],"event_choices":[{"cards_removed":["Strike_G"],"damage_healed":0.0,"max_hp_gain":0.0,"max_hp_loss":0.0,"gold_gain":0.0,"event_name":"Golden Wing","player_choice":"Card Removal","floor":2.0,"gold_loss":0.0,"damage_taken":7.0},{"damage_healed":0.0,"max_hp_gain":0.0,"max_hp_loss":0.0,"gold_gain":0.0,"event_name":"Accursed Blacksmith","player_choice":"Rummage","floor":5.0,"gold_loss":0.0,"damage_taken":0.0,"relics_obtained":["WarpedTongs"],"cards_obtained":["Pain"]},{"cards_removed":["Strike_G"],"damage_healed":0.0,"max_hp_gain":0.0,"max_hp_loss":0.0,"gold_gain":0.0,"event_name":"Beggar","player_choice":"Gave Gold","floor":21.0,"gold_loss":75.0,"damage_taken":0.0},{"damage_healed":0.0,"max_hp_gain":0.0,"max_hp_loss":0.0,"gold_gain":0.0,"event_name":"Mysterious Sphere","player_choice":"Fight","floor":36.0,"gold_loss":0.0,"damage_taken":0.0},{"damage_healed":0.0,"max_hp_gain":0.0,"max_hp_loss":0.0,"gold_gain":999.0,"event_name":"MindBloom","player_choice":"Gold","floor":37.0,"gold_loss":0.0,"damage_taken":0.0,"cards_obtained":["Normality","Normality"]},{"damage_healed":0.0,"max_hp_gain":0.0,"max_hp_loss":3.0,"gold_gain":0.0,"event_name":"Winding Halls","player_choice":"Max HP","floor":39.0,"gold_loss":0.0,"damage_taken":0.0},{"damage_healed":0.0,"max_hp_gain":0.0,"max_hp_loss":0.0,"gold_gain":0.0,"event_name":"Tomb of Lord Red Mask","player_choice":"Ignored","floor":42.0,"gold_loss":0.0,"damage_taken":0.0}],"is_beta":false,"boss_relics":[{"not_picked":["WristBlade","Calling Bell"],"picked":"Philosopher\u0027s Stone"},{"not_picked":["Runic Pyramid","HoveringKite"],"picked":"Fusion Hammer"}],"items_purged_floors":[4,13,38,47,54],"is_endless":false,"potions_floor_spawned":[3,6,8,16,24,27,28,30,31,33,35,44,45,48],"killed_by":"The Heart","ascension_level":20}}