{"host":"guyab0tlx1bjcpcr","time":1607895519,"event":{"mods":["Aspiration","BaseMod","Beaked The Cultist","Better Third Choice","Conspire","GifTheSpireLib","Halation","Hubris","Minty Spire (QoL Compilation)","Replay The Spire","Robot Space Explorer","Spikes Relics","StSLib","Stuff the Spire","SuperFastMode","The Servant 0.9.4","Wandering Minibosses","vexMod"],"gold_per_floor":[118,130,130,150,150,186,186,217,217,217,242,86,86,104,104,228,228,247,268,141,141,141,141],"floor_reached":22,"playtime":769,"items_purged":["beaked:BloodRitual+1"],"score":223,"play_id":"b3a2a5d5-8465-4019-bedf-240fff3803a8","local_time":"20201213153839","is_ascension_mode":true,"campfire_choices":[{"floor":7,"key":"REST"},{"floor":13,"key":"REST"},{"data":"beaked:DesperateSwing","floor":15,"key":"SMITH"}],"circlet_count":0,"master_deck":["beaked:Strike_Y","beaked:Strike_Y","beaked:Strike_Y","beaked:Strike_Y","beaked:Defend_Y","beaked:Defend_Y","beaked:Ceremony","beaked:Ceremony","beaked:Ceremony","beaked:Foresight","beaked:DesperateSwing+1","beaked:StickSmack","beaked:Caw","beaked:VigorBurst","beaked:SacrificialScars","beaked:HuntressSpirit+1","beaked:DigDeep+1","beaked:DesperateSwing+1","ReplayTheSpireMod:Splinters","beaked:RitualOfBody+1"],"relics":["beaked:MendingPlumage","hubris:AstralHammer","Golden Idol","vexMod:BarristanHead","SnailShell","Molten Egg 2","Oddly Smooth Stone","Astrolabe","vexMod:MemoryStick"],"acts_visited":["Exordium","TheCity"],"potions_floor_usage":[6,6,19,22,22],"damage_taken":[{"damage":13,"enemies":"Jaw Worm","floor":1,"turns":4},{"damage":10,"enemies":"Cultist","floor":2,"turns":5},{"damage":10,"enemies":"Small Slimes","floor":4,"turns":4},{"damage":23,"enemies":"Gremlin Nob","floor":6,"turns":5},{"damage":25,"enemies":"Lagavulin","floor":8,"turns":6},{"damage":0,"enemies":"2 Fungi Beasts","floor":11,"turns":3},{"damage":6,"enemies":"Looter","floor":14,"turns":4},{"damage":18,"enemies":"Slime Boss","floor":16,"turns":8},{"damage":48,"enemies":"Chosen","floor":18,"turns":7},{"damage":40,"enemies":"Shell Parasite","floor":19,"turns":7},{"damage":33,"enemies":"3 Cultists","floor":22,"turns":3}],"seed_played":"8739506976435542326","potions_obtained":[{"floor":1,"key":"Block Potion"},{"floor":2,"key":"LifebloodPotion"},{"floor":8,"key":"Weak Potion"},{"floor":19,"key":"BlessingOfTheForge"}],"is_trial":false,"path_per_floor":["M","M","?","M","?","E","R","E","T","?","M","$","R","M","R","B",null,"M","M","$","?","M"],"character_chosen":"BEAKED_THE_CULTIST","items_purchased":["Oddly Smooth Stone","PowerPotion"],"campfire_rested":2,"item_purchase_floors":[12,20],"current_hp_per_floor":[33,36,36,34,34,23,38,29,29,22,29,29,44,53,53,55,55,21,26,26,26,0,0],"gold":141,"neow_bonus":"ONE_RARE_RELIC","is_daily":false,"chose_seed":false,"campfire_upgraded":1,"win_rate":0.0,"timestamp":1607895519,"path_taken":["M","M","?","?","?","E","R","E","T","?","M","$","R","M","R","BOSS","M","M","$","?","M"],"items_purchased_type":["Relic","Potion"],"build_version":"2020-11-30","purchased_purges":1,"victory":false,"max_hp_per_floor":[50,50,50,50,50,50,50,50,50,50,50,50,50,55,55,55,55,57,59,59,59,61,61],"card_choices":[{"not_picked":["beaked:RuinSticks","beaked:DigDeep"],"picked":"beaked:Foresight","floor":1},{"not_picked":["beaked:Recite","beaked:Resilience"],"picked":"beaked:DesperateSwing","floor":2},{"not_picked":["beaked:SacrificialAttack","beaked:Tradeoff"],"picked":"beaked:StickSmack","floor":4},{"not_picked":["ReplayTheSpireMod:RavenHex","beaked:Brace","beaked:Windmill"],"picked":"SKIP","floor":6},{"not_picked":["beaked:SurvivalInstinct","beaked:Cower"],"picked":"beaked:Caw","floor":8},{"not_picked":["beaked:Daydream","ReplayTheSpireMod:RavenHex","beaked:SacrificialAttack+1"],"picked":"SKIP","floor":11},{"not_picked":["beaked:DigDeep","beaked:WarriorEssence+1"],"picked":"beaked:VigorBurst","floor":14},{"not_picked":["beaked:FullHouse","ReplayTheSpireMod:Owlgaze"],"picked":"beaked:SacrificialScars","floor":16},{"not_picked":["beaked:WarriorEssence+1","beaked:SurvivalInstinct","beaked:Daydream+1"],"picked":"SKIP","floor":18},{"not_picked":["beaked:Hexing","beaked:Flinch"],"picked":"beaked:DesperateSwing+1","floor":19},{"not_picked":["beaked:Brace","beaked:Insight"],"picked":"beaked:RitualOfBody+1","floor":21}],"player_experience":1836932,"relics_obtained":[{"floor":6,"key":"vexMod:BarristanHead"},{"floor":8,"key":"SnailShell"},{"floor":9,"key":"Molten Egg 2"},{"floor":21,"key":"vexMod:MemoryStick"}],"event_choices":[{"cards_removed":["beaked:Defend_Y"],"damage_healed":0,"gold_gain":0,"player_choice":"Purged","damage_taken":0,"max_hp_gain":0,"max_hp_loss":0,"event_name":"Purifier","floor":3,"gold_loss":0},{"damage_healed":0,"gold_gain":0,"player_choice":"Take Wound","damage_taken":0,"relics_obtained":["Golden Idol"],"max_hp_gain":0,"max_hp_loss":0,"event_name":"Golden Idol","floor":5,"gold_loss":0,"cards_obtained":["Injury"]},{"cards_removed":["Injury"],"damage_healed":0,"gold_gain":0,"player_choice":"Card Removal","damage_taken":7,"max_hp_gain":0,"max_hp_loss":0,"event_name":"Golden Wing","floor":10,"gold_loss":0}],"is_beta":false,"boss_relics":[{"not_picked":["Sandwich","hubris:Stopwatch"],"picked":"Astrolabe"}],"items_purged_floors":[20],"is_endless":false,"potions_floor_spawned":[1,2,8,19],"killed_by":"3 Cultists","ascension_level":3}}