{"host":"wkcoec525dnrk4jw","time":1607837351,"event":{"mods":["BaseMod","Minty Spire (QoL Compilation)","Quick Restart","Replay The Spire","Shop Mod","StSLib","[IsaacMod]ÒÔÈö¼âËþ"],"gold_per_floor":[117,137,156,156,156,191,191,222,222,222,222],"floor_reached":10,"playtime":546,"items_purged":[],"score":99,"play_id":"7b836c73-628e-4e9b-9ff9-50ee5a1e01f8","local_time":"20201213132911","is_ascension_mode":true,"campfire_choices":[{"floor":7,"key":"REST"}],"circlet_count":0,"master_deck":["Strike_R","Strike_R","Strike_R","Strike_R","Defend_R","Defend_R","Defend_R","Defend_R","DoctorFetus","Cleave","Heavy Blade","Twin Strike","Heavy Blade+1","Flame Barrier","Rampage"],"relics":["Burning Blood","HushsDoor","DeadEye","Replay:Ringing Soul","Gremlin Food","Paper Frog"],"acts_visited":["Exordium"],"potions_floor_usage":[],"damage_taken":[{"damage":10,"enemies":"2 Louse","floor":1,"turns":4},{"damage":14,"enemies":"Jaw Worm","floor":2,"turns":3},{"damage":10,"enemies":"Small Slimes","floor":3,"turns":3},{"damage":41,"enemies":"Lagavulin","floor":6,"turns":8},{"damage":32,"enemies":"Gremlin Nob","floor":8,"turns":4},{"damage":0,"enemies":"Lagavulin","floor":10,"turns":4}],"seed_played":"1238006739296827807","potions_obtained":[],"is_trial":false,"path_per_floor":["M","M","M","?","?","E","R","E","T","E"],"character_chosen":"IRONCLAD","items_purchased":[],"campfire_rested":1,"item_purchase_floors":[],"current_hp_per_floor":[76,68,64,57,57,25,52,29,29,29,29],"gold":222,"neow_bonus":"TEN_PERCENT_HP_BONUS","is_daily":false,"chose_seed":false,"campfire_upgraded":0,"win_rate":0.0,"timestamp":1607837351,"path_taken":["M","M","M","?","?","E","R","E","T","E"],"items_purchased_type":[],"build_version":"2020-11-30","purchased_purges":0,"victory":false,"max_hp_per_floor":[88,88,88,88,88,91,91,94,94,94,94],"card_choices":[{"not_picked":[],"picked":"DoctorFetus","floor":0},{"not_picked":["Dual Wield","ReplayTheSpireMod:LeadingStrike"],"picked":"Cleave","floor":1},{"not_picked":["Headbutt","Sword Boomerang"],"picked":"Heavy Blade","floor":2},{"not_picked":["Iron Wave","Cleave"],"picked":"Twin Strike","floor":3},{"not_picked":["Intimidate","Bludgeon"],"picked":"Flame Barrier","floor":6},{"not_picked":["Feel No Pain","Bomb"],"picked":"Rampage","floor":8}],"player_experience":103714,"relics_obtained":[{"floor":6,"key":"Replay:Ringing Soul"},{"floor":8,"key":"Gremlin Food"},{"floor":9,"key":"Paper Frog"}],"event_choices":[{"cards_removed":["Strike_R"],"damage_healed":0,"gold_gain":0,"player_choice":"Card Removal","damage_taken":7,"max_hp_gain":0,"max_hp_loss":0,"event_name":"Golden Wing","floor":4,"gold_loss":0}],"is_beta":false,"boss_relics":[],"items_purged_floors":[],"is_endless":false,"potions_floor_spawned":[],"killed_by":"Lagavulin","ascension_level":6}}