{"host":"vcmmzzj6okc5j399","time":1607836772,"event":{"mods":["BaseMod","Downfall","Minty Spire (QoL Compilation)","StSLib"],"gold_per_floor":[99,119,144,144,154,154,225,225,225,225],"floor_reached":9,"playtime":938,"items_purged":[],"score":59,"play_id":"87d74ed5-d3c2-4d4a-9d8f-ef21ef99f4af","local_time":"20201213141932","is_ascension_mode":false,"campfire_choices":[{"data":"champ:Taunt","floor":1,"key":"SMITH"},{"floor":4,"key":"RECALL"}],"circlet_count":0,"master_deck":["champ:Strike","champ:Strike","champ:Strike","champ:Strike","champ:Defend","champ:Defend","champ:Defend","champ:Defend","champ:Execute","champ:Taunt+1","champ:FocusedBerserking","champ:DefensiveStyle+1","champ:Riposte"],"relics":["champ:ChampionCrown","Blood Vial","Mummified Hand"],"acts_visited":["Exordium"],"potions_floor_usage":[],"damage_taken":[{"damage":0,"enemies":"2 Louse","floor":2,"turns":2},{"damage":80,"enemies":"Lagavulin","floor":3,"turns":10},{"damage":8,"enemies":"Small Slimes","floor":5,"turns":6},{"damage":21,"enemies":"3 Sentries","floor":9,"turns":6}],"seed_played":"6396693244681774596","potions_obtained":[{"floor":3,"key":"Swift Potion"}],"is_trial":false,"path_per_floor":["R","M","E","R","M","?","T","?","E"],"character_chosen":"THE_CHAMP","items_purchased":[],"campfire_rested":0,"item_purchase_floors":[],"current_hp_per_floor":[99,99,44,44,48,48,48,48,29,29],"gold":225,"neow_bonus":"TEN_PERCENT_HP_BONUS","is_daily":false,"chose_seed":false,"campfire_upgraded":1,"win_rate":0.0,"timestamp":1607836772,"path_taken":["R","M","E","R","M","?","T","?","E"],"items_purchased_type":[],"build_version":"2020-11-30","purchased_purges":0,"victory":false,"max_hp_per_floor":[99,99,99,99,99,99,99,99,99,99],"card_choices":[{"not_picked":["champ:DefensiveShout","champ:BladeFlurry"],"picked":"champ:FocusedBerserking","floor":2},{"not_picked":["champ:FlashCut","champ:CrookedStrike"],"picked":"champ:DefensiveStyle","floor":3},{"not_picked":["champ:CrookedStrike","champ:BringItOn"],"picked":"champ:Riposte","floor":5}],"player_experience":223192,"relics_obtained":[{"floor":3,"key":"Blood Vial"},{"floor":7,"key":"Mummified Hand"}],"event_choices":[{"damage_healed":0,"gold_gain":0,"player_choice":"Grow","damage_taken":0,"max_hp_gain":0,"max_hp_loss":0,"event_name":"Living Wall","floor":6,"gold_loss":0,"cards_upgraded":["champ:DefensiveStyle"]}],"is_beta":false,"boss_relics":[],"items_purged_floors":[],"is_endless":false,"potions_floor_spawned":[3],"killed_by":"3 Sentries","ascension_level":0}}