{"host":"reretk0dz0kj8f1n","time":1607866634,"event":{"mods":["BaseMod","Lobotomy","Minty Spire (QoL Compilation)","StSLib"],"gold_per_floor":[116,135,145,157,175,206,206,540,540,540,91,91,91],"floor_reached":12,"playtime":597,"items_purged":["Strike_G"],"score":121,"play_id":"f8068c16-fe73-4ffe-a419-3a1af44534ee","local_time":"20201213223714","is_ascension_mode":true,"campfire_choices":[{"floor":7,"key":"REST"},{"data":"A Thousand Cuts","floor":10,"key":"SMITH"}],"circlet_count":0,"master_deck":["Strike_G","Strike_G","Strike_G","Strike_G","Defend_G","Defend_G","Defend_G","Defend_G","Defend_G","Survivor","Neutralize","MHz","Acrobatics","Catalyst","Burst","CherryBlossoms","Venomology","A Thousand Cuts+1","Reflex"],"relics":["Ring of the Snake","CogitoBucket","RabbitCall","HornCleat","Old Coin","Gambling Chip","Calipers"],"acts_visited":["Exordium"],"potions_floor_usage":[2,4,8,8,8,8,8,12,12,12],"damage_taken":[{"damage":1,"enemies":"Cultist","floor":1,"turns":6},{"damage":0,"enemies":"2 Louse","floor":2,"turns":3},{"damage":0,"enemies":"Small Slimes","floor":3,"turns":4},{"damage":32,"enemies":"Exordium Thugs","floor":4,"turns":8},{"damage":33,"enemies":"Exordium Wildlife","floor":5,"turns":11},{"damage":0,"enemies":"3 Sentries","floor":6,"turns":5},{"damage":23,"enemies":"Lagavulin","floor":8,"turns":6},{"damage":30,"enemies":"Gremlin Nob","floor":12,"turns":4}],"seed_played":"-3419254618988672655","potions_obtained":[{"floor":1,"key":"Poison Potion"},{"floor":2,"key":"Fruit Juice"}],"is_trial":false,"path_per_floor":["M","M","M","M","M","E","R","E","T","R","$","E"],"character_chosen":"THE_SILENT","items_purchased":["Calipers","Reflex"],"campfire_rested":1,"item_purchase_floors":[11,11],"current_hp_per_floor":[69,74,74,42,9,9,31,23,23,23,23,0,0],"gold":91,"neow_bonus":"","is_daily":false,"chose_seed":false,"campfire_upgraded":1,"win_rate":0.0,"timestamp":1607866634,"path_taken":["M","M","M","M","M","E","R","E","T","R","?","E"],"items_purchased_type":["Relic","Card"],"build_version":"2020-11-30","purchased_purges":1,"victory":false,"max_hp_per_floor":[70,75,75,75,75,75,75,75,75,75,75,75,75],"card_choices":[{"not_picked":["CrumblingArmor","UniverseFragment"],"picked":"MHz","floor":1},{"not_picked":["Backstab","Predator"],"picked":"Acrobatics","floor":1},{"not_picked":["Wellcheers","CrumblingArmor","BigBadWolf"],"picked":"Singing Bowl","floor":2},{"not_picked":["Endless Agony","Caltrops"],"picked":"Catalyst","floor":2},{"not_picked":["Scorched","MeatLantern","VoidDream"],"picked":"Singing Bowl","floor":3},{"not_picked":["Choke","Outmaneuver","Accuracy"],"picked":"SKIP","floor":3},{"not_picked":["Scorched","SingingMachine","WallGazer"],"picked":"Singing Bowl","floor":4},{"not_picked":["Dodge and Roll","Poisoned Stab"],"picked":"Burst","floor":4},{"not_picked":["WallGazer","Bloodbath"],"picked":"CherryBlossoms","floor":5},{"not_picked":["Accuracy","Sucker Punch"],"picked":"Venomology","floor":5},{"not_picked":["FairyFestival","Bloodbath","SingingMachine"],"picked":"Singing Bowl","floor":6},{"not_picked":["Dodge and Roll","Dagger Throw"],"picked":"A Thousand Cuts","floor":6},{"not_picked":["PunishingBird","Bloodbath","MeatLantern"],"picked":"Singing Bowl","floor":8},{"not_picked":["Blade Dance","Heel Hook","Deflect"],"picked":"SKIP","floor":8}],"player_experience":208849,"relics_obtained":[{"floor":6,"key":"HornCleat"},{"floor":8,"key":"Old Coin"},{"floor":9,"key":"Gambling Chip"}],"event_choices":[],"is_beta":false,"boss_relics":[],"items_purged_floors":[11],"is_endless":false,"potions_floor_spawned":[1,2,6],"killed_by":"Gremlin Nob","ascension_level":1}}