{"host":"m1ntkrf87179kmo6","time":1607890856,"event":{"mods":["BaseMod","Better Third Choice","Minty Spire (QoL Compilation)","Shade Mod","StSLib"],"gold_per_floor":[109,109,126,88,88,103,103,53,78,78,78,106,53,73,73,172,172,187,202,117,25,38,38,69,69,69,89,99,109,119,44,44,141,141,156,156,88,88,88,120,138,138,138,138,138],"floor_reached":44,"playtime":3775,"items_purged":["Shade:Consume+1"],"score":456,"play_id":"4d950067-1a2c-4b6c-83e3-3a59cb2d275b","local_time":"20201213152056","is_ascension_mode":false,"campfire_choices":[{"floor":7,"key":"RECALL"},{"floor":11,"key":"REST"},{"floor":15,"key":"REST"},{"floor":23,"key":"REST"},{"floor":25,"key":"REST"},{"floor":32,"key":"REST"},{"floor":42,"key":"REST"}],"circlet_count":0,"master_deck":["Shade:Strike_Shade","Shade:Defend_Shade","Shade:Defend_Shade","Shade:Defend_Shade","Shade:Defend_Shade","Shade:AnimateDead","Shade:CarefulCut","Shade:ClawBack","Shade:AnimateDead","Shade:ExtraLimbs","Shade:Bite_Shade","Shade:ExtraLimbs","Shade:Doomsay+1","Shade:ExtraLimbs+1","Shade:GreyBargain+1","Shade:FuneraryJewels","Shade:TouchOfTheGrave","Shade:OminousRitual","Shade:FuneraryArmor+1","Shade:ScuttlingHand"],"relics":["Shade:YorickSkull","NeowsBlessing","betterThird:SlimedRelic","Bronze Scales","Omamori","Astrolabe","Dream Catcher","Shuriken","Vajra","HornCleat","SlaversCollar","Darkstone Periapt"],"acts_visited":["Exordium","TheCity","TheBeyond"],"potions_floor_usage":[16,16,24,24,33,33,35],"damage_taken":[{"damage":0,"enemies":"Cultist","floor":1,"turns":1},{"damage":0,"enemies":"Jaw Worm","floor":3,"turns":1},{"damage":0,"enemies":"Small Slimes","floor":6,"turns":1},{"damage":19,"enemies":"3 Sentries","floor":12,"turns":5},{"damage":18,"enemies":"Exordium Thugs","floor":14,"turns":4},{"damage":21,"enemies":"Slime Boss","floor":16,"turns":10},{"damage":12,"enemies":"2 Thieves","floor":18,"turns":3},{"damage":0,"enemies":"3 Byrds","floor":19,"turns":3},{"damage":13,"enemies":"Cultist and Chosen","floor":22,"turns":5},{"damage":68,"enemies":"Gremlin Leader","floor":24,"turns":6},{"damage":2,"enemies":"Centurion and Healer","floor":27,"turns":7},{"damage":0,"enemies":"3 Cultists","floor":28,"turns":4},{"damage":8,"enemies":"Snecko","floor":29,"turns":4},{"damage":1,"enemies":"Centurion and Healer","floor":30,"turns":4},{"damage":51,"enemies":"Champ","floor":33,"turns":9},{"damage":18,"enemies":"3 Darklings","floor":35,"turns":5},{"damage":47,"enemies":"Reptomancer","floor":40,"turns":6},{"damage":8,"enemies":"Orb Walker","floor":41,"turns":4},{"damage":42,"enemies":"Spire Growth","floor":44,"turns":4}],"seed_played":"-2931711949167265033","potions_obtained":[{"floor":3,"key":"Dexterity Potion"},{"floor":6,"key":"Regen Potion"},{"floor":14,"key":"Explosive Potion"},{"floor":22,"key":"AttackPotion"},{"floor":24,"key":"Strength Potion"},{"floor":30,"key":"SpeedPotion"},{"floor":33,"key":"AttackPotion"}],"is_trial":false,"path_per_floor":["M","?","M","?","?","M","R","?","T","$","R","E","$","M","R","B",null,"M","M","?","?","M","R","E","R","T","M","M","M","M","$","R","B",null,"M","?","$","?","$","E","M","R","T","M"],"character_chosen":"SHADE","items_purchased":["Shade:ExtraLimbs","Shade:TouchOfTheGrave"],"campfire_rested":6,"item_purchase_floors":[13,37],"current_hp_per_floor":[65,65,65,54,54,54,54,54,54,54,65,46,46,30,49,34,65,55,57,57,57,48,65,11,30,30,32,34,26,27,27,46,3,65,47,63,63,63,63,22,16,35,35,0,0],"gold":138,"neow_bonus":"THREE_ENEMY_KILL","is_daily":false,"chose_seed":false,"campfire_upgraded":0,"win_rate":0.0,"timestamp":1607890856,"path_taken":["M","?","?","?","?","?","R","?","T","$","R","E","?","M","R","BOSS","M","M","?","?","?","R","E","R","T","M","M","M","M","$","R","BOSS","M","?","$","?","$","E","M","R","T","?"],"items_purchased_type":["Card","Card"],"build_version":"2020-11-30","purchased_purges":1,"victory":false,"max_hp_per_floor":[65,65,65,65,65,65,65,65,65,65,65,65,65,65,65,65,65,65,65,65,65,65,65,65,65,65,65,65,65,65,65,65,65,65,65,65,65,65,65,65,65,65,65,65,65],"card_choices":[{"not_picked":["Shade:CommandSoldier","Shade:SpontaneousRitual"],"picked":"Shade:ClawBack","floor":1},{"not_picked":["Shade:FeralStrike","Shade:SkeletonArmy","Shade:Premonition"],"picked":"SKIP","floor":3},{"not_picked":["Shade:GraveStillness","Shade:FreshBones"],"picked":"Shade:ExtraLimbs","floor":6},{"not_picked":["Shade:PoundOfFlesh","Shade:FuneraryArmor"],"picked":"Shade:Bite_Shade","floor":12},{"not_picked":["Shade:CloudOfShrapnel","Shade:AncientSpear","Shade:BoneShards"],"picked":"SKIP","floor":14},{"not_picked":["Shade:PoundOfFlesh","Shade:ExtraLimbs"],"picked":"Shade:GreyBargain+1","floor":18},{"not_picked":["Shade:Brains","Shade:Carnophage+1","Shade:Frenzy"],"picked":"SKIP","floor":19},{"not_picked":["Shade:SoulToxin","Shade:Bonestorm","Shade:CommandSoldier"],"picked":"SKIP","floor":22},{"not_picked":["Shade:FeralStrike","Shade:WallOfFlesh","Shade:FingerOfDeath"],"picked":"SKIP","floor":24},{"not_picked":["Shade:Premonition","Shade:FleshToFlesh","Shade:OpenGraves"],"picked":"SKIP","floor":27},{"not_picked":["Shade:Haruspicy+1","Shade:FreshBones","Shade:PoundOfFlesh"],"picked":"SKIP","floor":28},{"not_picked":["Shade:FleshToFlesh","Shade:GreyBargain"],"picked":"Shade:FuneraryJewels","floor":29},{"not_picked":["Shade:CallWraith+1","Shade:FingerOfDeath","Shade:CoffinDance"],"picked":"SKIP","floor":30},{"not_picked":["Shade:Bonestorm","Shade:FeralStrike+1","Shade:RavenousHorde"],"picked":"SKIP","floor":35},{"not_picked":["Shade:Asphyxiate+1","Shade:FingerOfDeath+1","Shade:OminousRitual"],"picked":"SKIP","floor":40},{"not_picked":["Shade:Doomsay","Shade:GreyBargain"],"picked":"Shade:FuneraryArmor+1","floor":41},{"not_picked":["Shade:SkeletonArmy","Shade:SoulToxin"],"picked":"Shade:ScuttlingHand","floor":42}],"player_experience":1006558,"relics_obtained":[{"floor":9,"key":"Bronze Scales"},{"floor":12,"key":"Omamori"},{"floor":24,"key":"Vajra"},{"floor":26,"key":"HornCleat"},{"floor":40,"key":"Darkstone Periapt"}],"event_choices":[{"damage_healed":0,"gold_gain":0,"player_choice":"2 cards matched","damage_taken":0,"max_hp_gain":0,"max_hp_loss":0,"event_name":"Match and Keep!","floor":2,"gold_loss":0,"cards_obtained":["Blind","Shade:AnimateDead"]},{"damage_healed":0,"gold_gain":0,"player_choice":"Slimed","damage_taken":11,"max_hp_gain":0,"max_hp_loss":0,"event_name":"betterThird:BetterGoop","floor":4,"gold_loss":38},{"damage_healed":0,"gold_gain":0,"cards_transformed":["Blind"],"player_choice":"Transformed","damage_taken":0,"max_hp_gain":0,"max_hp_loss":0,"event_name":"Transmorgrifier","floor":5,"gold_loss":0,"cards_obtained":["Mayhem"]},{"cards_removed":["Mayhem"],"damage_healed":0,"gold_gain":0,"player_choice":"Card Removal","damage_taken":0,"max_hp_gain":0,"max_hp_loss":0,"event_name":"The Cleric","floor":8,"gold_loss":50},{"damage_healed":0,"gold_gain":0,"player_choice":"Obtained Relic","damage_taken":0,"relics_obtained":["Dream Catcher"],"max_hp_gain":0,"max_hp_loss":0,"event_name":"Addict","floor":20,"gold_loss":85},{"damage_healed":0,"gold_gain":0,"player_choice":"Paid Gold","damage_taken":0,"relics_obtained":["Shuriken"],"max_hp_gain":0,"max_hp_loss":0,"event_name":"WeMeetAgain","floor":21,"gold_loss":92},{"damage_healed":16,"gold_gain":0,"player_choice":"Writhe","damage_taken":0,"max_hp_gain":0,"max_hp_loss":0,"event_name":"Winding Halls","floor":36,"gold_loss":0,"cards_obtained":["Writhe"]},{"damage_healed":0,"gold_gain":0,"player_choice":"1 cards matched","damage_taken":0,"max_hp_gain":0,"max_hp_loss":0,"event_name":"Match and Keep!","floor":38,"gold_loss":0,"cards_obtained":["Shade:OminousRitual"]}],"is_beta":false,"boss_relics":[{"not_picked":["Philosopher\u0027s Stone","Runic Dome"],"picked":"Astrolabe"},{"not_picked":["Shade:YorickPolishedSkull","Velvet Choker"],"picked":"SlaversCollar"}],"items_purged_floors":[31],"is_endless":false,"potions_floor_spawned":[3,6,14,22,24,30,33],"killed_by":"Spire Growth","ascension_level":0}}