{"host":"fhujvjnj99vjue08","time":1607876241,"event":{"mods":["2.2 Compatiblity","AchievementEnabler","Aspiration","Astrologer","BaseMod","Beaked The Cultist","BetterRewards","CatGirl Mod","Colored Map","Colored Powertips","Conjunction","Conspire","Custom Start","Friendly Minions","GifTheSpireLib","Googly Eyes","Halation","Highlight Path","Hubris","Hyrulean Relics","Infinite Spire","Magitek Elite","Mimic Mod","Minty Spire (QoL Compilation)","Replay The Spire","Reworked Bosses","Shop Mod","StSLib","Strawberry Spire","Stuff the Spire","The Bug Knight","The Factory","The Gatherer","The Jungle","The Servant 0.9.4","TheBandit","TheFirefly","egg","thorton","vexMod"],"gold_per_floor":[112,132,142,142,162,162,162,162],"floor_reached":7,"playtime":312,"items_purged":[],"score":49,"play_id":"dea829dd-8ade-4f36-81ee-57d18f8b374a","local_time":"20201213161721","is_ascension_mode":true,"campfire_choices":[{"data":"Neutralize","floor":6,"key":"SMITH"}],"circlet_count":0,"master_deck":["Strike_G","Strike_G","Strike_G","Strike_G","Strike_G","Defend_G+1","Defend_G+1","Defend_G","Defend_G","Defend_G","Survivor","Neutralize+1","Accuracy","Underhanded Strike","ReplayTheSpireMod:The Works"],"relics":["Ring of the Snake"],"acts_visited":["Exordium"],"potions_floor_usage":[1,3,3,3],"damage_taken":[{"damage":0,"enemies":"Jaw Worm","floor":1,"turns":4},{"damage":0,"enemies":"Cultist","floor":2,"turns":4},{"damage":0,"enemies":"2 Louse","floor":3,"turns":2},{"damage":34,"enemies":"Large Slime","floor":5,"turns":7},{"damage":20,"enemies":"Gremlin Nob","floor":7,"turns":4}],"seed_played":"3733325065360740950","potions_obtained":[{"floor":0,"key":"Toxic Potion"},{"floor":0,"key":"DuplicationPotion"},{"floor":0,"key":"SkillPotion"},{"floor":1,"key":"Poison Potion"}],"is_trial":false,"path_per_floor":["M","M","M","?","M","R","E"],"character_chosen":"THE_SILENT","items_purchased":[],"campfire_rested":0,"item_purchase_floors":[],"current_hp_per_floor":[70,70,70,56,22,22,2,2],"gold":162,"neow_bonus":"THREE_SMALL_POTIONS","is_daily":false,"chose_seed":false,"campfire_upgraded":1,"win_rate":0.0,"timestamp":1607876241,"path_taken":["M","M","M","?","M","R","E"],"items_purchased_type":[],"build_version":"2020-11-30","purchased_purges":0,"victory":false,"max_hp_per_floor":[70,70,70,70,70,70,70,70],"card_choices":[{"not_picked":["hubris:TrickCloak","hubris:SlightOfHand","strawberrySpire:Pant"],"picked":"SKIP","floor":1},{"not_picked":["Sneak Up","strawberrySpire:Fastroyer"],"picked":"Accuracy","floor":2},{"not_picked":["PiercingWail","Bouncing Flask"],"picked":"Underhanded Strike","floor":3},{"not_picked":["Toxin Wave","PiercingWail"],"picked":"ReplayTheSpireMod:The Works","floor":5}],"player_experience":294181,"relics_obtained":[],"event_choices":[{"damage_healed":0,"gold_gain":0,"player_choice":"Entered Light","damage_taken":14,"max_hp_gain":0,"max_hp_loss":0,"event_name":"Shining Light","floor":4,"gold_loss":0,"cards_upgraded":["Defend_G","Defend_G"]}],"is_beta":false,"boss_relics":[],"items_purged_floors":[],"is_endless":false,"potions_floor_spawned":[1,2],"killed_by":"Gremlin Nob","ascension_level":3}}