{"host":"msmkw03x1o7nq45i","time":1607858845,"event":{"mods":["AchievementEnabler","BaseMod","Bestiary","Colored Powertips","GifTheSpireLib","Highlight Path","Minty Spire (QoL Compilation)","Random Character Button","StSLib","everything is the same but u backflip on backflip"],"gold_per_floor":[365,88,88,12,45,45,45,74,74,74,119,135,135,177,177,306,306,322,29,29,39,50,50,50,50],"floor_reached":24,"playtime":1624,"items_purged":["Strike_G"],"score":265,"play_id":"e92d2b7e-d0ae-4a07-8c1d-eaaaa7016f99","local_time":"20201213132725","is_ascension_mode":true,"campfire_choices":[{"data":"HandOfGreed","floor":6,"key":"SMITH"},{"data":"Well Laid Plans","floor":10,"key":"SMITH"},{"floor":13,"key":"REST"},{"data":"Catalyst","floor":15,"key":"SMITH"},{"data":"Tools of the Trade","floor":23,"key":"SMITH"}],"circlet_count":0,"master_deck":["Strike_G","Strike_G","Strike_G","Strike_G","Defend_G","Defend_G","Defend_G","Defend_G","Defend_G","Survivor","Neutralize","Poisoned Stab","HandOfGreed+1","Catalyst+1","Well Laid Plans+1","All Out Attack","Dagger Spray","Reflex","Bouncing Flask","Escape Plan","Calculated Gamble","Tools of the Trade+1","Poisoned Stab+1","Venomology","Venomology","Deadly Poison+1"],"relics":["Ring of the Snake","Juzu Bracelet","Bottled Tornado","SacredBark","DollysMirror"],"acts_visited":["Exordium","TheCity"],"potions_floor_usage":[14,21,22,22,22,22,22,24,24,24],"damage_taken":[{"damage":1,"enemies":"Cultist","floor":1,"turns":5},{"damage":0,"enemies":"Small Slimes","floor":5,"turns":3},{"damage":27,"enemies":"Lagavulin","floor":8,"turns":7},{"damage":5,"enemies":"Jaw Worm","floor":11,"turns":5},{"damage":11,"enemies":"Blue Slaver","floor":12,"turns":4},{"damage":2,"enemies":"Exordium Wildlife","floor":14,"turns":5},{"damage":19,"enemies":"The Guardian","floor":16,"turns":9},{"damage":22,"enemies":"Spheric Guardian","floor":18,"turns":4},{"damage":6,"enemies":"Chosen","floor":21,"turns":4},{"damage":0,"enemies":"Snake Plant","floor":22,"turns":2},{"damage":58,"enemies":"Slavers","floor":24,"turns":4}],"seed_played":"2976493230460299660","potions_obtained":[{"floor":5,"key":"SneckoOil"},{"floor":12,"key":"Strength Potion"},{"floor":14,"key":"GamblersBrew"},{"floor":22,"key":"SpeedPotion"}],"is_trial":false,"path_per_floor":["M","$","?","$","M","R","?","E","T","R","M","M","R","M","R","B",null,"M","$","?","M","M","R","E"],"character_chosen":"THE_SILENT","items_purchased":["HandOfGreed","Catalyst","Well Laid Plans","All Out Attack","Venomology","DollysMirror"],"campfire_rested":1,"item_purchase_floors":[2,2,2,4,19,19],"current_hp_per_floor":[44,44,49,49,49,49,49,22,22,22,17,6,28,26,26,7,58,36,36,61,55,55,55,0,0],"gold":50,"neow_bonus":"TWO_FIFTY_GOLD","is_daily":false,"chose_seed":false,"campfire_upgraded":4,"win_rate":0.0,"timestamp":1607858845,"path_taken":["M","$","?","$","M","R","?","E","T","R","M","M","R","M","R","BOSS","M","$","?","M","M","R","E"],"items_purchased_type":["Card","Card","Card","Card","Card","Relic"],"build_version":"2020-11-30","purchased_purges":1,"victory":false,"max_hp_per_floor":[70,70,75,75,75,75,75,75,75,75,75,75,75,75,75,75,75,75,75,75,75,75,75,75,75],"card_choices":[{"not_picked":["Deadly Poison","Underhanded Strike"],"picked":"Poisoned Stab","floor":1},{"not_picked":["Outmaneuver","Well Laid Plans"],"picked":"Dagger Spray","floor":5},{"not_picked":["Acrobatics","Backstab"],"picked":"Reflex","floor":8},{"not_picked":["Quick Slash","Flying Knee"],"picked":"Bouncing Flask","floor":11},{"not_picked":["Prepared","Backflip"],"picked":"Escape Plan","floor":12},{"not_picked":["Blur","Dodge and Roll"],"picked":"Calculated Gamble","floor":14},{"not_picked":["Venomology","A Thousand Cuts"],"picked":"Tools of the Trade","floor":16},{"not_picked":["Quick Slash","Prepared+1"],"picked":"Poisoned Stab+1","floor":18},{"not_picked":["Expertise+1","Blade Dance"],"picked":"Deadly Poison+1","floor":21},{"not_picked":["Well Laid Plans+1","Cloak And Dagger","Expertise"],"picked":"SKIP","floor":22}],"player_experience":283642,"relics_obtained":[{"floor":8,"key":"Juzu Bracelet"},{"floor":9,"key":"Bottled Tornado"}],"event_choices":[{"damage_healed":0,"gold_gain":0,"player_choice":"Donut","damage_taken":0,"max_hp_gain":5,"max_hp_loss":0,"event_name":"Big Fish","floor":3,"gold_loss":0},{"damage_healed":0,"gold_gain":0,"player_choice":"Ignored","damage_taken":0,"max_hp_gain":0,"max_hp_loss":0,"event_name":"Liars Game","floor":7,"gold_loss":0},{"damage_healed":25,"gold_gain":0,"player_choice":"Heal","damage_taken":0,"max_hp_gain":0,"max_hp_loss":0,"event_name":"The Library","floor":20,"gold_loss":0}],"is_beta":false,"boss_relics":[{"not_picked":["WristBlade","Ectoplasm"],"picked":"SacredBark"}],"items_purged_floors":[19],"is_endless":false,"potions_floor_spawned":[5,12,14,22],"killed_by":"Slavers","ascension_level":7}}