{"host":"07ljfmttuzqopd7f","time":1607836430,"event":{"mods":["2.2 Compatiblity","BaseMod","Bestiary","Block Reminder","Colored Map","Colored Powertips","Curses Come First","Hermit","Minty Spire (QoL Compilation)","Quick Restart","Random Character Button","Rare Cards Sparkle","Relic Stats","StSLib","The Cursed","UnlockEverythingMod"],"gold_per_floor":[109,109,16,29,44,44,62,122,146,146,146],"floor_reached":10,"playtime":512,"items_purged":[],"score":85,"play_id":"e4c8bc52-d2c3-45b3-b489-996b203769ef","local_time":"20201213001350","is_ascension_mode":true,"campfire_choices":[{"data":"hermit:Dive","floor":6,"key":"SMITH"}],"circlet_count":0,"master_deck":["hermit:Strike_Hermit","hermit:Strike_Hermit","hermit:Strike_Hermit","hermit:Strike_Hermit","hermit:Defend_Hermit","hermit:Defend_Hermit","hermit:Defend_Hermit","hermit:Defend_Hermit","hermit:Snapshot","hermit:Covet","hermit:Coalescence","Regret","hermit:ShadowCloak","hermit:Dive+1","hermit:HoleUp","hermit:TakeAim","hermit:Ricochet","hermit:SprayPray"],"relics":["hermit:Momento","NeowsBlessing","Ancient Tea Set","Centennial Puzzle","Toy Ornithopter"],"acts_visited":["Exordium"],"potions_floor_usage":[8],"damage_taken":[{"damage":0,"enemies":"Cultist","floor":1,"turns":1},{"damage":0,"enemies":"2 Louse","floor":4,"turns":2},{"damage":0,"enemies":"Small Slimes","floor":5,"turns":1},{"damage":8,"enemies":"Blue Slaver","floor":7,"turns":6},{"damage":30,"enemies":"3 Sentries","floor":8,"turns":13},{"damage":37,"enemies":"Lagavulin","floor":10,"turns":9}],"seed_played":"8595446330484346455","potions_obtained":[{"floor":4,"key":"AttackPotion"}],"is_trial":false,"path_per_floor":["M","?","$","M","M","R","M","E","T","E"],"character_chosen":"HERMIT","items_purchased":["hermit:ShadowCloak","hermit:Dive"],"campfire_rested":0,"item_purchase_floors":[3,3],"current_hp_per_floor":[75,75,75,75,75,75,67,37,37,0,0],"gold":146,"neow_bonus":"THREE_ENEMY_KILL","is_daily":false,"chose_seed":false,"campfire_upgraded":1,"win_rate":0.0,"timestamp":1607836430,"path_taken":["M","?","$","M","M","R","M","E","T","E"],"items_purchased_type":["Card","Card"],"build_version":"2020-11-30","purchased_purges":0,"victory":false,"max_hp_per_floor":[75,75,75,75,75,75,75,75,75,75,75],"relic_stats":{"Centennial Puzzle":[3],"counters":[6,32],"obtain_stats":[{"Centennial Puzzle":8,"NeowsBlessing":0,"Ancient Tea Set":2,"hermit:Momento":0,"Toy Ornithopter":9},{"Centennial Puzzle":5,"NeowsBlessing":0,"Ancient Tea Set":1,"hermit:Momento":0,"Toy Ornithopter":5},{"Centennial Puzzle":23,"NeowsBlessing":0,"Ancient Tea Set":1,"hermit:Momento":0,"Toy Ornithopter":23}],"Toy Ornithopter":0},"card_choices":[{"not_picked":["hermit:Headshot","hermit:FullyLoaded"],"picked":"hermit:Coalescence","floor":1},{"not_picked":["hermit:GoldenBullet","hermit:Showdown"],"picked":"hermit:HoleUp","floor":4},{"not_picked":["hermit:Feint","hermit:WideOpen"],"picked":"hermit:TakeAim","floor":5},{"not_picked":["hermit:HighCaliber","hermit:TakeAim"],"picked":"hermit:Ricochet","floor":7},{"not_picked":["hermit:BigShot","hermit:TakeAim"],"picked":"hermit:SprayPray","floor":8}],"player_experience":407819,"relics_obtained":[{"floor":8,"key":"Centennial Puzzle"},{"floor":9,"key":"Toy Ornithopter"}],"event_choices":[{"damage_healed":0,"gold_gain":0,"player_choice":"Box","damage_taken":0,"relics_obtained":["Ancient Tea Set"],"max_hp_gain":0,"max_hp_loss":0,"event_name":"Big Fish","floor":2,"gold_loss":0,"cards_obtained":["Regret"]}],"is_beta":false,"boss_relics":[],"items_purged_floors":[],"is_endless":false,"potions_floor_spawned":[4],"killed_by":"Lagavulin","ascension_level":5}}