{"host":"jombfwol0e5gnkg1","time":1607834884,"event":{"mods":["Act Like it!","Ascension Unlocker","BaseMod","Bestiary","Better Altar","Better Match","Better Note","Better Sensory Stone","Better Skull","Better Vampires","BetterRewards","Downfall","Elementarium","Energized Spire","Hermit","Hero for Fun","Hubris","Infinite Spire","Luminous","Minty Spire (QoL Compilation)","MostiFishMod","Relic Stats","Replay The Spire","Spicy Shops","StSLib","The Bladedancer","The Cursed","The Disciple","The Runesmith","The Servant 0.9.4","The Wild Card","UnlockEverythingMod"],"gold_per_floor":[17,17,36,54,54,54,87,111,135,160,195,195,195,195,208,112,112,235,235,253,267,267,282,297,337,337,337,337,337,370,0,0,16,16,137,137,157,178,178,199,16,16,39,60,60,76,76,76,76,76,76,76,76,76,451,491,491],"floor_reached":58,"playtime":1526,"items_purged":[],"score":1684,"play_id":"c272d01a-a32d-47ff-bc51-32cc8fb2fc93","local_time":"20201212204804","is_ascension_mode":false,"campfire_choices":[{"floor":6,"key":"RECALL"},{"data":"Evaluate","floor":14,"key":"SMITH"},{"data":"hubris:DuctTapeCard","floor":26,"key":"SMITH"},{"data":"Spin","floor":29,"key":"SMITH"},{"floor":34,"key":"DIG"},{"data":"Luminous:Light_Ray_of_Redemption","floor":42,"key":"SMITH"},{"data":"hexamod:TimeWarp","floor":51,"key":"SMITH"},{"data":"hermit:HighCaliber","floor":54,"key":"SMITH"}],"circlet_count":0,"master_deck":["Strike_Y","Strike_Y","Strike_Y","Strike_Y","Strike_Y","Defend_Y","Defend_Y","Defend_Y","Defend_Y","Defend_Y","expansioncontent:StudyTheSpire+1","expansioncontent:DonusPower","Ignore+1","hermit:PistolWhip","Evaluate+1","Endless Agony","Luminous:Light_Ray_of_Redemption+1","hermit:HighCaliber+1","TheCursedMod:CircleOfAbyss","MostiFishMod:FrostNova","MostiFishMod:WinterMarkForm+1","Acrobatics","Luminous:Light_Gather","hubris:DuctTapeCard+2","Spin+1","AlternateTimeline","Runesmith:HammerThrow","Yawn","Consecutive_Normal_Punch","Slap","Looming Evil","Ignore","hexamod:TimeWarp+1","hermit:Desperado+1","Double Energy","Hip_Strike","SlimeSpray","Wear_Disguise+1","Normal_Punch","Side_Hop","hermit:BodyArmor","Twin Strike+1","hermit:Headshot+1","ReplayTheSpireMod:Black Plague","MostiFishMod:PerfectForm","Replay:SS_forest_2","Hip_Strike+1","Slap","Yawn","Do_Nothing","Terrifying_Presence","expansioncontent:ManipulateTime","Thinking Ahead","Clash"],"relics":["Cape","DaveBox","Lizard Tail","Question Card","PrismaticShard","Golden Idol","ReplayFunnel","Anchor","Strawberry","FrostBlade","hubris:DuctTape","Pear","Pet Ghost","Ice Cream","Guide Book","ReplayTheSpireMod:Ring of Addiction","ReplayTheSpireMod:Ring of Exchange","SacredBark","Potion Belt","hubris:SlimyHat","Toolbox","Simple Rune","WingedGreaves","hubris:Icosahedron","hubris:NiceRug","Oddly Smooth Stone","hubris:TinFlute","energizedSpire:DeadBattery","infinitespire:PuzzleCube","Blood Vial","Philosopher\u0027s Stone","Bag of Preparation"],"acts_visited":["Exordium","TheCity","TheBeyond","TheEnding"],"potions_floor_usage":[],"damage_taken":[{"damage":0,"enemies":"Cultist","floor":1,"turns":1},{"damage":0,"enemies":"Small Slimes","floor":3,"turns":1},{"damage":0,"enemies":"2 Louse","floor":4,"turns":1},{"damage":0,"enemies":"Gremlin Nob","floor":7,"turns":1},{"damage":0,"enemies":"Exordium Wildlife","floor":8,"turns":1},{"damage":0,"enemies":"Exordium Thugs","floor":10,"turns":1},{"damage":0,"enemies":"3 Sentries","floor":11,"turns":2},{"damage":0,"enemies":"2 Fungi Beasts","floor":15,"turns":1},{"damage":0,"enemies":"Slime Boss","floor":18,"turns":1},{"damage":0,"enemies":"2 Thieves","floor":20,"turns":2},{"damage":0,"enemies":"Chosen","floor":21,"turns":1},{"damage":0,"enemies":"Snake Plant","floor":23,"turns":1},{"damage":0,"enemies":"Centurion and Healer","floor":24,"turns":1},{"damage":0,"enemies":"Book of Stabbing","floor":25,"turns":1},{"damage":0,"enemies":"Gremlin Leader","floor":30,"turns":1},{"damage":0,"enemies":"Cultist and Chosen","floor":33,"turns":1},{"damage":0,"enemies":"hubris:MusketHawk","floor":35,"turns":1},{"damage":0,"enemies":"3 Shapes","floor":37,"turns":1},{"damage":0,"enemies":"Orb Walker","floor":38,"turns":1},{"damage":0,"enemies":"Maw","floor":40,"turns":1},{"damage":0,"enemies":"Writhing Mass","floor":43,"turns":1},{"damage":0,"enemies":"Transient","floor":44,"turns":1},{"damage":0,"enemies":"Sphere and 2 Shapes","floor":46,"turns":1},{"damage":0,"enemies":"infinitespire:MassOfShapes","floor":52,"turns":1},{"damage":0,"enemies":"hubris:Merchant","floor":55,"turns":2},{"damage":0,"enemies":"Shield and Spear","floor":56,"turns":1},{"damage":0,"enemies":"The Heart","floor":57,"turns":3}],"seed_played":"-9107904628766903458","potions_obtained":[{"floor":8,"key":"Milkshake"},{"floor":10,"key":"Energy Potion"},{"floor":15,"key":"SmokeBomb"},{"floor":32,"key":"ColorlessPotion"},{"floor":32,"key":"Guardian:BlockOnCardUsePotion"},{"floor":32,"key":"SkillPotion"},{"floor":35,"key":"Elixir"},{"floor":43,"key":"Death Potion"},{"floor":55,"key":"ColorlessPotion"},{"floor":55,"key":"Reflective Coating"}],"is_trial":false,"path_per_floor":["M","$","M","M","?","R","E","M","T","M","E","PTL","PTL","R","M","?","R","B",null,"M","M","AVR","M","M","E","R","?","T","R","E","$","?","M","R","B",null,"M","M","?","M","$","R","M","M","T","M","?","AVR","?","?","R","B",null,"R","$","E","B",null],"character_chosen":"OPM","items_purchased":["Consecutive_Normal_Punch","expansioncontent:StudyTheSpire","expansioncontent:DonusPower","Guide Book","Yawn","Consecutive_Normal_Punch","Slap","Wear_Disguise+1","Normal_Punch","Side_Hop"],"campfire_rested":0,"item_purchase_floors":[0,0,0,31,31,31,31,41,41,41],"current_hp_per_floor":[999,999,999,999,999,999,999,999,999,999,999,999,999,999,999,1006,1006,1006,1006,1006,1006,1006,1006,1006,1016,1016,1016,1016,1016,1016,1016,1016,1016,1016,1016,1014,1014,1014,1012,1012,1012,1010,1010,1010,1008,1008,1008,1006,1006,1006,1004,1004,1004,1002,1002,1002,1000],"gold":491,"neow_bonus":"","is_daily":false,"chose_seed":false,"campfire_upgraded":6,"win_rate":0.0,"timestamp":1607834884,"path_taken":["M","?","M","?","?","R","E","M","T","M","E","PTL","PTL","R","M","?","R","BOSS","M","?","AVR","M","M","E","R","?","T","R","E","?","?","M","R","BOSS","M","M","?","?","?","R","M","M","T","?","?","AVR","?","?","R","BOSS","R","$","E","BOSS"],"items_purchased_type":["Card","Card","Card","Relic","Card","Card","Card","Card","Card","Card"],"build_version":"2020-11-30","purchased_purges":0,"victory":true,"max_hp_per_floor":[999,999,999,999,999,999,999,999,999,999,999,999,999,999,999,1006,1006,1006,1006,1006,1006,1006,1006,1006,1016,1016,1016,1016,1016,1016,1016,1016,1016,1016,1016,1014,1014,1014,1012,1012,1012,1010,1010,1010,1008,1008,1008,1006,1006,1006,1004,1004,1004,1002,1002,1002,1000],"relic_stats":{"Blood Vial":0,"Lizard Tail":0,"counters":[37,57],"Golden Idol":262,"Bag of Preparation":[2],"Question Card":40,"obtain_stats":[{"ReplayFunnel":7,"Ice Cream":30,"ReplayTheSpireMod:Ring of Exchange":32,"DaveBox":0,"SacredBark":32,"Luminous:MirrorRelic":0,"hubris:SlimyHat":34,"Bag of Preparation":56,"PrismaticShard":1,"Pet Ghost":28,"Blood Vial":55,"Dream Catcher":6,"Lizard Tail":0,"hubris:Icosahedron":50,"Strawberry":16,"Toolbox":36,"Philosopher\u0027s Stone":55,"WingedGreaves":48,"hubris:TinFlute":55,"Replay:Bottled Steam":7,"Potion Belt":32,"Pear":25,"hubris:DuctTape":22,"Golden Idol":5,"Guide Book":31,"ReplayTheSpireMod:Ring of Addiction":32,"Oddly Smooth Stone":55,"downfall:HeartsMalice":0,"Question Card":1,"energizedSpire:DeadBattery":55,"FrostBlade":19,"Anchor":11,"Simple Rune":45,"Toy Ornithopter":3,"infinitespire:PuzzleCube":55,"hubris:NiceRug":55},{"ReplayFunnel":14,"Ice Cream":25,"ReplayTheSpireMod:Ring of Exchange":25,"DaveBox":0,"SacredBark":25,"Luminous:MirrorRelic":0,"hubris:SlimyHat":26,"Bag of Preparation":36,"PrismaticShard":11,"Pet Ghost":24,"Blood Vial":35,"Dream Catcher":3,"Lizard Tail":10,"hubris:Icosahedron":33,"Strawberry":18,"Toolbox":27,"Philosopher\u0027s Stone":35,"WingedGreaves":33,"hubris:TinFlute":35,"Replay:Bottled Steam":3,"Potion Belt":25,"Pear":24,"hubris:DuctTape":21,"Golden Idol":13,"Guide Book":25,"ReplayTheSpireMod:Ring of Addiction":25,"Oddly Smooth Stone":35,"downfall:HeartsMalice":0,"Question Card":11,"energizedSpire:DeadBattery":35,"FrostBlade":19,"Anchor":17,"Simple Rune":32,"Toy Ornithopter":2,"infinitespire:PuzzleCube":35,"hubris:NiceRug":35},{"ReplayFunnel":29,"Ice Cream":42,"ReplayTheSpireMod:Ring of Exchange":42,"DaveBox":0,"SacredBark":42,"Luminous:MirrorRelic":0,"hubris:SlimyHat":43,"Bag of Preparation":54,"PrismaticShard":26,"Pet Ghost":41,"Blood Vial":53,"Dream Catcher":3,"Lizard Tail":25,"hubris:Icosahedron":50,"Strawberry":34,"Toolbox":44,"Philosopher\u0027s Stone":53,"WingedGreaves":50,"hubris:TinFlute":53,"Replay:Bottled Steam":3,"Potion Belt":42,"Pear":41,"hubris:DuctTape":38,"Golden Idol":28,"Guide Book":42,"ReplayTheSpireMod:Ring of Addiction":42,"Oddly Smooth Stone":53,"downfall:HeartsMalice":0,"Question Card":26,"energizedSpire:DeadBattery":53,"FrostBlade":35,"Anchor":33,"Simple Rune":49,"Toy Ornithopter":2,"infinitespire:PuzzleCube":53,"hubris:NiceRug":53}]},"card_choices":[{"not_picked":["Hop","Slap"],"picked":"Ignore","floor":1},{"not_picked":["hexamod:BacktrackSmack","sneckomod:SoulRoll","Body Slam","theWildCard:EnergizedStroke"],"picked":"SKIP","floor":3},{"not_picked":["hexamod:FastForward","LockedAnchor","blademaster:ThunderSlash"],"picked":"hermit:PistolWhip","floor":4},{"not_picked":["FastForward","Masterful Stab","Replay:SS_forest_6"],"picked":"Evaluate","floor":7},{"not_picked":["Blind","Slimebound:Dissolve","champ:BringItOn","TheCursedMod:BloodBarrier"],"picked":"SKIP","floor":8},{"not_picked":["Slimebound:ViciousTackle","hermit:Dive","Replay:Cycle"],"picked":"Endless Agony","floor":10},{"not_picked":["PiercingWail","Eclipse","theWildCard:Sakuya"],"picked":"Luminous:Light_Ray_of_Redemption","floor":11},{"not_picked":["sneckomod:QuickBite","hermit:Roulette","Analog"],"picked":"hermit:HighCaliber","floor":15},{"not_picked":["hexamod:CrushingStance","After Image","Slimebound:WasteNot"],"picked":"TheCursedMod:CircleOfAbyss","floor":18},{"not_picked":["champ:StanceDance+1","hexamod:GhostOfSpireFuture","theWildCard:Metatron"],"picked":"Acrobatics","floor":20},{"not_picked":["champ:FlashCut","champ:Encircle","hermit:TakeAim"],"picked":"Luminous:Light_Gather","floor":21},{"not_picked":["champ:FalseCounter+1","champ:LastStand","Backlash"],"picked":"Spin","floor":23},{"not_picked":["TheCursedMod:CursedAmulet","blademaster:IcyWind+1","Prepared"],"picked":"AlternateTimeline","floor":24},{"not_picked":["blademaster:Safeguard+1","TheCursedMod:PrepareRite","PrimeTime"],"picked":"Runesmith:HammerThrow","floor":25},{"not_picked":["blademaster:ThunderSlash","Luminous:Blinding_Pillar_Luminous","Luminous:Light_Wash_Luminous+1"],"picked":"Static Discharge","floor":30},{"not_picked":["Guardian:RollAttack","LockedBlood","Evaluate"],"picked":"Ignore","floor":33},{"not_picked":["ReplayUltimateDefense","TheCursedMod:Neurasthenia","Guardian:FastForward"],"picked":"hexamod:TimeWarp","floor":35},{"not_picked":["Guardian:ShieldCharger","Dropkick+1","Runesmith:Overpower"],"picked":"hermit:Desperado+1","floor":37},{"not_picked":["MostiFishMod:TheEndOfMoonlight","Hologram+1","champ:GutPunch+1"],"picked":"Double Energy","floor":38},{"not_picked":["TheCursedMod:VitalStrike+1","Echoward","Runesmith:HeatedChisel"],"picked":"SlimeSpray","floor":40},{"not_picked":["Calculated Gamble+1","Replay:Undeath\u0027s Touch+1","Runesmith:Attraction"],"picked":"hermit:BodyArmor","floor":43},{"not_picked":["Steam+1","EmptyFist","Luminous:Light_Gather+1"],"picked":"Twin Strike+1","floor":44},{"not_picked":["MentalFortress","hexamod:RecurringNightmare+1","Slimebound:Grow+1"],"picked":"hermit:Headshot+1","floor":46},{"not_picked":["infinitespire:UltimateForm","ReplayTheSpireMod:Book of Names"],"picked":"ReplayTheSpireMod:Black Plague","floor":47},{"not_picked":["expansioncontent:SlimeTackle","expansioncontent:Hexaburn","MostiFishMod:MusicBox"],"picked":"MostiFishMod:PerfectForm","floor":49},{"not_picked":["expansioncontent:ManipulateTime","Panacea","expansioncontent:Chronoboost"],"picked":"Replay:SS_forest_2","floor":49},{"not_picked":[],"picked":"Hip_Strike+1","floor":55},{"not_picked":[],"picked":"Slap","floor":55},{"not_picked":[],"picked":"Yawn","floor":55},{"not_picked":[],"picked":"Do_Nothing","floor":55},{"not_picked":[],"picked":"Terrifying_Presence","floor":55},{"not_picked":[],"picked":"expansioncontent:ManipulateTime","floor":55},{"not_picked":[],"picked":"Thinking Ahead","floor":55},{"not_picked":["HandsUpB+1","Conserve Battery+1","Slimebound:PrepareCrush"],"picked":"Clash","floor":56}],"player_experience":76088,"relics_obtained":[{"floor":1,"key":"Question Card"},{"floor":1,"key":"PrismaticShard"},{"floor":7,"key":"ReplayFunnel"},{"floor":11,"key":"Anchor"},{"floor":25,"key":"Pear"},{"floor":28,"key":"Pet Ghost"},{"floor":30,"key":"Ice Cream"},{"floor":32,"key":"ReplayTheSpireMod:Ring of Addiction"},{"floor":32,"key":"ReplayTheSpireMod:Ring of Exchange"},{"floor":32,"key":"SacredBark"},{"floor":32,"key":"Potion Belt"},{"floor":34,"key":"hubris:SlimyHat"},{"floor":45,"key":"Simple Rune"},{"floor":55,"key":"Oddly Smooth Stone"},{"floor":55,"key":"hubris:TinFlute"},{"floor":55,"key":"energizedSpire:DeadBattery"},{"floor":55,"key":"infinitespire:PuzzleCube"},{"floor":55,"key":"Blood Vial"},{"floor":55,"key":"Philosopher\u0027s Stone"},{"floor":56,"key":"Bag of Preparation"}],"event_choices":[{"damage_healed":0,"gold_gain":0,"player_choice":"Take Damage","damage_taken":249,"relics_obtained":["Golden Idol"],"max_hp_gain":0,"max_hp_loss":0,"event_name":"Golden Idol","floor":5,"gold_loss":0},{"damage_healed":0,"gold_gain":0,"player_choice":"Paid Gold","damage_taken":0,"relics_obtained":["Strawberry"],"max_hp_gain":0,"max_hp_loss":0,"event_name":"WeMeetAgain","floor":16,"gold_loss":96},{"damage_healed":0,"gold_gain":0,"player_choice":"Ignored","damage_taken":0,"max_hp_gain":0,"max_hp_loss":0,"event_name":"betterNote:BetterNote","floor":27,"gold_loss":0,"cards_obtained":["hermit:FromBeyond"]},{"damage_healed":0,"gold_gain":0,"cards_transformed":["Static Discharge"],"player_choice":"Transformed","damage_taken":0,"max_hp_gain":0,"max_hp_loss":0,"event_name":"Transmorgrifier","floor":39,"gold_loss":0,"cards_obtained":["Hip_Strike"]},{"damage_healed":0,"gold_gain":3,"player_choice":"1","damage_taken":0,"max_hp_gain":0,"max_hp_loss":0,"event_name":"betterStone:BetterStone","floor":49,"gold_loss":0}],"is_beta":false,"boss_relics":[{"not_picked":["ExusiaiGun","NightmareShop"],"picked":"FrostBlade"},{"not_picked":["ReplayTheSpireMod:DimensionalGlitch","Painkiller Herb"],"picked":"Toolbox"}],"items_purged_floors":[],"is_endless":false,"potions_floor_spawned":[8,10,15,18,20,21,35,43,44,46],"ascension_level":0}}