{"host":"5pvsezzv96u4cz40","time":1607880056,"event":{"mods":["Act Like it!","BaseMod","BetterRewards","CapriCore","Colored Map","Colored Powertips","GifTheSpireLib","Hermit","Hubris","Menagerie","Minty Spire (QoL Compilation)","Remilia??????","Replay The Spire","Shop Mod","StSLib","The Blue Laboratory","The Necromancer","The Vixen","??????REMEMod"],"gold_per_floor":[110,55,62,67,77,77,77],"floor_reached":6,"playtime":1158,"items_purged":[],"score":38,"play_id":"bf203114-97a3-499a-8581-d06a24aed5be","local_time":"20201213182056","is_ascension_mode":false,"campfire_choices":[],"circlet_count":0,"master_deck":["hermit:Strike_Hermit","hermit:Strike_Hermit","hermit:Strike_Hermit","hermit:Strike_Hermit","hermit:Defend_Hermit","hermit:Defend_Hermit","hermit:Defend_Hermit","hermit:Defend_Hermit","hermit:Snapshot","hermit:Covet","hermit:HighCaliber","ReplayTheSpireMod:Brewmster","hermit:HighCaliber","hermit:Headshot","hermit:Enervate","hermit:Maintenance"],"relics":["hermit:Momento","REME_ComplimentaryCards","Menagerie:Aurumvore"],"acts_visited":["Menagerie:Menagerie"],"potions_floor_usage":[6,6],"damage_taken":[{"damage":0,"enemies":"Menagerie:2_RABBITS","floor":1,"turns":4},{"damage":0,"enemies":"Menagerie:StygianBoar","floor":3,"turns":3},{"damage":4,"enemies":"Menagerie:WhisperingWraith","floor":4,"turns":3},{"damage":6,"enemies":"Menagerie:STYGIAN_BOAR_AND_RABBIT","floor":5,"turns":4},{"damage":74,"enemies":"Menagerie:VoidReaper","floor":6,"turns":8}],"seed_played":"-6869045118580804410","potions_obtained":[{"floor":1,"key":"blueLaboratory:Moonshine"},{"floor":4,"key":"blueLaboratory:AbyssPotion"}],"is_trial":false,"path_per_floor":["M","?","M","M","M","E"],"character_chosen":"HERMIT","items_purchased":[],"campfire_rested":0,"item_purchase_floors":[],"current_hp_per_floor":[75,75,75,71,65,0,0],"gold":77,"neow_bonus":"THREE_CARDS","is_daily":false,"chose_seed":false,"campfire_upgraded":0,"win_rate":0.0,"timestamp":1607880056,"path_taken":["M","?","M","M","M","E"],"items_purchased_type":[],"build_version":"2020-11-30","purchased_purges":0,"victory":false,"max_hp_per_floor":[75,75,75,75,75,75,75],"card_choices":[{"not_picked":["hermit:Roulette","hermit:Dive"],"picked":"hermit:HighCaliber","floor":0},{"not_picked":["hermit:CursedWeapon","hermit:Cheat"],"picked":"hermit:HighCaliber","floor":1},{"not_picked":["hermit:Gestalt","hermit:EyeOfTheStorm"],"picked":"hermit:Headshot","floor":3},{"not_picked":["hermit:ItchyTrigger","hermit:WideOpen"],"picked":"hermit:Enervate","floor":4},{"not_picked":["hermit:Gestalt","hermit:PistolWhip"],"picked":"hermit:Maintenance","floor":5}],"player_experience":92611,"relics_obtained":[],"event_choices":[{"damage_healed":0,"gold_gain":0,"player_choice":"Pacify","damage_taken":0,"relics_obtained":["Menagerie:Aurumvore"],"max_hp_gain":0,"max_hp_loss":0,"event_name":"Menagerie:ScentOfGold","floor":2,"gold_loss":0}],"is_beta":false,"boss_relics":[],"items_purged_floors":[],"is_endless":false,"potions_floor_spawned":[1,4],"killed_by":"Menagerie:VoidReaper","ascension_level":0}}