{"host":"m6aaltr68g9tvoay","time":1607831470,"event":{"mods":["AchievementEnabler","BaseMod","Colored Map","Downfall","Minty Spire (QoL Compilation)","StSLib"],"gold_per_floor":[99,99,15,0,0,33,33,33,63,75,111,139,54,54,66,166,166,166,177,177,177,207,207,230,65,100,100,100,100,117,137,137,137],"floor_reached":32,"playtime":2062,"items_purged":[],"score":294,"play_id":"b8b24590-6e7a-4c8a-abc6-e5363c0b2bd2","local_time":"20201212195110","is_ascension_mode":true,"campfire_choices":[{"data":"champ:Execute","floor":1,"key":"SMITH"},{"data":"champ:Lariat","floor":8,"key":"SMITH"},{"floor":10,"key":"REST"},{"data":"champ:Improvising","floor":18,"key":"SMITH"},{"data":"champ:DeathBlow","floor":21,"key":"SMITH"},{"floor":27,"key":"REST"}],"circlet_count":0,"master_deck":["champ:Strike+1","champ:Strike+1","champ:Strike+1","champ:Defend+1","champ:Defend+1","champ:Defend+1","champ:Defend+1","champ:Execute+1","champ:Taunt","champ:Circumvent","champ:Lariat+1","champ:DefensiveStyle+1","champ:CrookedStrike","champ:Encircle+1","champ:Haymaker","champ:StanceDance","champ:DeathBlow+1","champ:SkillfulDodge","champ:BerserkersShout","champ:Improvising+1","champ:FanOfKnives+1","champ:IgnorePain","champ:CalledShot","champ:ShieldWall","champ:GladiatorsShout"],"relics":["champ:ChampionCrown","Centennial Puzzle","Potion Belt","HornCleat","MawBank","Smiling Mask","Kunai","Blue Candle","Dream Catcher","Whetstone","Bottled Lightning"],"acts_visited":["Exordium","TheCity"],"potions_floor_usage":[],"damage_taken":[{"damage":10,"enemies":"downfall:FleeingMerchant","floor":3,"turns":4},{"damage":10,"enemies":"downfall:FleeingMerchant","floor":4,"turns":4},{"damage":23,"enemies":"3 Sentries","floor":6,"turns":9},{"damage":28,"enemies":"Gremlin Nob","floor":9,"turns":4},{"damage":0,"enemies":"Jaw Worm","floor":12,"turns":3},{"damage":2,"enemies":"downfall:FleeingMerchant","floor":13,"turns":4},{"damage":0,"enemies":"Cultist","floor":15,"turns":3},{"damage":76,"enemies":"downfall:Watcher","floor":16,"turns":9},{"damage":23,"enemies":"Chosen","floor":19,"turns":4},{"damage":26,"enemies":"Book of Stabbing","floor":22,"turns":6},{"damage":37,"enemies":"downfall:FleeingMerchant","floor":25,"turns":4},{"damage":107,"enemies":"Gremlin Leader","floor":26,"turns":6},{"damage":41,"enemies":"Shell Parasite","floor":30,"turns":3},{"damage":14,"enemies":"Snake Plant","floor":31,"turns":4},{"damage":47,"enemies":"Shelled Parasite and Fungi","floor":32,"turns":5}],"seed_played":"-1210930298036413075","potions_obtained":[{"floor":9,"key":"champ:CounterPotion"},{"floor":12,"key":"champ:CounterPotion"},{"floor":26,"key":"PowerPotion"},{"floor":30,"key":"Weak Potion"}],"is_trial":false,"path_per_floor":["R","?","$","$","?","E","T","R","E","R","T","M","$","?","M","B",null,"R","M","?","R","E","T","T","$","E","R","?","?","M","M","M"],"character_chosen":"THE_CHAMP","items_purchased":["champ:DefensiveStyle","champ:SkillfulDodge","Whetstone"],"campfire_rested":2,"item_purchase_floors":[3,13,25],"current_hp_per_floor":[90,90,90,90,90,77,77,77,61,88,88,88,88,93,93,60,95,95,94,94,94,81,81,81,78,33,61,61,52,52,45,0,0],"gold":137,"neow_bonus":"RANDOM_COMMON_RELIC","is_daily":false,"chose_seed":false,"campfire_upgraded":4,"win_rate":0.0,"timestamp":1607831470,"path_taken":["R","?","?","$","?","E","T","R","E","R","?","M","$","?","M","BOSS","R","M","?","R","E","?","T","$","E","R","?","?","M","?","M"],"items_purchased_type":["Card","Card","Relic"],"build_version":"2020-11-30","purchased_purges":0,"victory":false,"max_hp_per_floor":[90,90,90,90,90,90,90,90,90,90,90,90,90,95,95,95,95,95,95,95,95,95,95,95,95,95,95,95,95,95,95,95,95],"card_choices":[{"not_picked":["champ:FanOfKnives","champ:SwordSigil"],"picked":"champ:Lariat","floor":3},{"not_picked":["champ:Duel","champ:GladiatorStyle"],"picked":"champ:CrookedStrike","floor":4},{"not_picked":["champ:Circumvent","champ:FocusedBerserking"],"picked":"champ:Encircle","floor":6},{"not_picked":["champ:FightOn","champ:CrookedStrike"],"picked":"champ:Haymaker","floor":9},{"not_picked":["champ:Circumvent","champ:HeartStrike"],"picked":"champ:StanceDance","floor":12},{"not_picked":["champ:CrookedStrike","champ:Shatter"],"picked":"champ:DeathBlow","floor":13},{"not_picked":["champ:RecklessLeap","champ:BladeFlurry"],"picked":"champ:BerserkersShout","floor":15},{"not_picked":["champ:CheapShot","champ:ShieldSlam"],"picked":"champ:Improvising","floor":16},{"not_picked":["champ:Circumvent","champ:FocusedDefense","champ:SwordSigil"],"picked":"SKIP","floor":19},{"not_picked":["champ:Haymaker","champ:SwordSigil+1"],"picked":"champ:FanOfKnives","floor":22},{"not_picked":["champ:CrookedStrike+1","champ:GladiatorsShout+1"],"picked":"champ:IgnorePain","floor":25},{"not_picked":["champ:Backstep+1","champ:Shatter"],"picked":"champ:CalledShot","floor":26},{"not_picked":["champ:HeavySlash","champ:PerfectedStrike"],"picked":"champ:ShieldWall","floor":30},{"not_picked":["champ:FanOfKnives","champ:DefensiveStyle"],"picked":"champ:GladiatorsShout","floor":31}],"player_experience":1594435,"relics_obtained":[{"floor":6,"key":"Potion Belt"},{"floor":7,"key":"HornCleat"},{"floor":9,"key":"MawBank"},{"floor":11,"key":"Smiling Mask"},{"floor":22,"key":"Kunai"},{"floor":23,"key":"Blue Candle"},{"floor":24,"key":"Dream Catcher"},{"floor":26,"key":"Bottled Lightning"}],"event_choices":[{"damage_healed":0,"gold_gain":0,"cards_transformed":["champ:Strike"],"player_choice":"Transformed","damage_taken":0,"max_hp_gain":0,"max_hp_loss":0,"event_name":"Transmorgrifier","floor":2,"gold_loss":0,"cards_obtained":["champ:Circumvent"]},{"damage_healed":0,"gold_gain":0,"player_choice":"Grow","damage_taken":0,"max_hp_gain":0,"max_hp_loss":0,"event_name":"Living Wall","floor":5,"gold_loss":0,"cards_upgraded":["champ:DefensiveStyle"]},{"damage_healed":0,"gold_gain":0,"player_choice":"Donut","damage_taken":0,"max_hp_gain":5,"max_hp_loss":0,"event_name":"Big Fish","floor":14,"gold_loss":0},{"damage_healed":0,"gold_gain":0,"player_choice":"Simplicity","damage_taken":0,"max_hp_gain":0,"max_hp_loss":0,"event_name":"Back to Basics","floor":20,"gold_loss":0,"cards_upgraded":["champ:Strike","champ:Strike","champ:Strike","champ:Defend","champ:Defend","champ:Defend","champ:Defend"]},{"damage_healed":0,"gold_gain":0,"player_choice":"Ignored","damage_taken":0,"max_hp_gain":0,"max_hp_loss":0,"event_name":"Vampires","floor":28,"gold_loss":0},{"damage_healed":0,"gold_gain":0,"player_choice":"Damaged","damage_taken":9,"max_hp_gain":0,"max_hp_loss":0,"event_name":"Wheel of Change","floor":29,"gold_loss":0}],"is_beta":false,"boss_relics":[{"not_picked":["Snecko Eye","Coffee Dripper","Empty Cage"]}],"items_purged_floors":[],"is_endless":false,"potions_floor_spawned":[9,12,26,30],"killed_by":"Shelled Parasite and Fungi","ascension_level":1}}