{"host":"yb1yv0i4ygq2c9jc","time":1607871195,"event":{"mods":["AchievementEnabler","Act Like it!","Aspiration","Bard","BaseMod","Bestiary","Better Altar","Better Match","Better Note","Better Sensory Stone","Better Skull","Better Third Choice","CCEM","CapriCore","ChefMod","Colored Powertips","Displayed Cursed Tome","Elementarium","Hermit","Luminous","Marked Mod","Mimic Mod","Minty Spire (QoL Compilation)","Pale of the Ancients","Rare Cards Sparkle","Relic Stats","Remilia??????","Replay The Spire","Robot Space Explorer","SOS???????","StSLib","The Clintock","The Edgeheg","The Immortal","The Necromancer","The Problem Sleuth","The Runesmith","The Senshi","The Servant 0.9.4","TheFirefly","TheVacant","Thieving Mod"],"gold_per_floor":[115,115,133,227,239,239,270,283,316,335,335,410,436,446,446,446,446],"floor_reached":16,"playtime":1445,"items_purged":[],"score":123,"play_id":"c6537b69-d92c-4277-8d8d-665c36e15c57","local_time":"20201213065315","is_ascension_mode":true,"campfire_choices":[{"data":"RobotSpaceExplorer:IronShell","floor":6,"key":"SMITH"},{"data":"RobotSpaceExplorer:FreezingShield","floor":15,"key":"SMITH"}],"circlet_count":0,"master_deck":["RobotSpaceExplorer:Strike","RobotSpaceExplorer:Strike","RobotSpaceExplorer:Strike","RobotSpaceExplorer:Defend","RobotSpaceExplorer:Defend","RobotSpaceExplorer:Defend","RobotSpaceExplorer:Defend","RobotSpaceExplorer:Scan","RobotSpaceExplorer:MiniLasers","RobotSpaceExplorer:Probe","RobotSpaceExplorer:FrostMissile","RobotSpaceExplorer:RigExplosive","RobotSpaceExplorer:ScrapShield","RobotSpaceExplorer:IronShell+1","RobotSpaceExplorer:BigMissile","RobotSpaceExplorer:MiniDrones","RobotSpaceExplorer:Jetpack+1","RobotSpaceExplorer:FreezingShield+1","RobotSpaceExplorer:GearShield"],"relics":["RobotSpaceExplorer:RoboCore","Anchor","theSenshi:SailorFukuRelic","Vajra","Matryoshka"],"acts_visited":["Exordium"],"potions_floor_usage":[7,7,7,8,9,13,16,16],"damage_taken":[{"damage":3,"enemies":"Cultist","floor":1,"turns":5},{"damage":0,"enemies":"2 Louse","floor":3,"turns":2},{"damage":1,"enemies":"Small Slimes","floor":5,"turns":3},{"damage":15,"enemies":"Gremlin Nob","floor":7,"turns":6},{"damage":10,"enemies":"Exordium Thugs","floor":8,"turns":7},{"damage":2,"enemies":"2 Fungi Beasts","floor":9,"turns":9},{"damage":0,"enemies":"2 Fungi Beasts","floor":10,"turns":2},{"damage":15,"enemies":"Lagavulin","floor":13,"turns":9},{"damage":0,"enemies":"Exordium Wildlife","floor":14,"turns":3},{"damage":10,"enemies":"Hexaghost","floor":16,"turns":14}],"seed_played":"5173869977003148249","potions_obtained":[{"floor":1,"key":"DuplicationPotion"},{"floor":3,"key":"DistilledChaos"},{"floor":7,"key":"Ancient Potion"}],"is_trial":false,"path_per_floor":["M","?","M","?","M","R","E","M","MIM","M","?","?","E","M","R","B"],"character_chosen":"RobotSpaceExplorer","items_purchased":[],"campfire_rested":0,"item_purchase_floors":[],"current_hp_per_floor":[72,72,72,72,71,71,56,46,44,44,44,33,18,18,18,8,8],"gold":446,"neow_bonus":"REMOVE_CARD","is_daily":false,"chose_seed":false,"campfire_upgraded":2,"win_rate":0.0,"timestamp":1607871195,"path_taken":["M","?","M","?","M","R","E","M","MIM","?","?","?","E","?","R","BOSS"],"items_purchased_type":[],"build_version":"2020-11-30","purchased_purges":0,"victory":false,"max_hp_per_floor":[75,75,75,75,75,75,75,75,75,75,75,75,75,75,75,75,75],"relic_stats":{"counters":[10,60],"obtain_stats":[{"Anchor":4,"Matryoshka":13,"Vajra":9,"RobotSpaceExplorer:RoboCore":0,"theSenshi:SailorFukuRelic":7},{"Anchor":2,"Matryoshka":8,"Vajra":6,"RobotSpaceExplorer:RoboCore":0,"theSenshi:SailorFukuRelic":4},{"Anchor":7,"Matryoshka":43,"Vajra":32,"RobotSpaceExplorer:RoboCore":0,"theSenshi:SailorFukuRelic":16}]},"card_choices":[{"not_picked":["RobotSpaceExplorer:DualCore","RobotSpaceExplorer:ShockKick"],"picked":"RobotSpaceExplorer:Probe","floor":1},{"not_picked":["RobotSpaceExplorer:SurgingStrike","RobotSpaceExplorer:MetalStrike"],"picked":"RobotSpaceExplorer:FrostMissile","floor":3},{"not_picked":["RobotSpaceExplorer:SlimeMissile","RobotSpaceExplorer:Electropulse"],"picked":"RobotSpaceExplorer:RigExplosive","floor":4},{"not_picked":["RobotSpaceExplorer:RigExplosive","RobotSpaceExplorer:SelfCleaning"],"picked":"RobotSpaceExplorer:ScrapShield","floor":4},{"not_picked":["RobotSpaceExplorer:ScrapShield","RobotSpaceExplorer:SlimeMissile"],"picked":"RobotSpaceExplorer:IronShell","floor":5},{"not_picked":["RobotSpaceExplorer:FreezeRay","RobotSpaceExplorer:Exploration"],"picked":"RobotSpaceExplorer:BigMissile","floor":7},{"not_picked":["RobotSpaceExplorer:MetalStrike","RobotSpaceExplorer:FranticSearch"],"picked":"RobotSpaceExplorer:MiniDrones","floor":8},{"not_picked":["RobotSpaceExplorer:Electroshield","RobotSpaceExplorer:ScrapToss"],"picked":"RobotSpaceExplorer:Jetpack","floor":9},{"not_picked":["RobotSpaceExplorer:SwiftStep","RobotSpaceExplorer:ImprovisedAttack"],"picked":"RobotSpaceExplorer:FreezingShield","floor":10},{"not_picked":["RobotSpaceExplorer:FranticSearch","RobotSpaceExplorer:Counterblock"],"picked":"RobotSpaceExplorer:GearShield","floor":13},{"not_picked":["RobotSpaceExplorer:MiniDrones","RobotSpaceExplorer:Pulsar","RobotSpaceExplorer:ShockKick"],"picked":"SKIP","floor":14}],"player_experience":398211,"relics_obtained":[{"floor":4,"key":"Anchor"},{"floor":7,"key":"theSenshi:SailorFukuRelic"},{"floor":9,"key":"Vajra"},{"floor":13,"key":"Matryoshka"}],"event_choices":[{"damage_healed":0,"gold_gain":1,"player_choice":"1","damage_taken":0,"max_hp_gain":0,"max_hp_loss":0,"event_name":"betterStone:BetterStone","floor":2,"gold_loss":0},{"damage_healed":0,"gold_gain":0,"player_choice":"Grow","damage_taken":0,"max_hp_gain":0,"max_hp_loss":0,"event_name":"Living Wall","floor":11,"gold_loss":0,"cards_upgraded":["RobotSpaceExplorer:Jetpack"]},{"damage_healed":0,"gold_gain":75,"player_choice":"Gold","damage_taken":11,"max_hp_gain":0,"max_hp_loss":0,"event_name":"betterThird:BetterGoop","floor":12,"gold_loss":0}],"is_beta":false,"boss_relics":[],"items_purged_floors":[],"is_endless":false,"potions_floor_spawned":[1,3,7],"killed_by":"Hexaghost","ascension_level":2}}