{"host":"vh33hu3wddwn6yt6","time":1607882519,"event":{"mods":["AchievementEnabler","Act Like it!","Aspiration","BaseMod","Better Altar","Better Match","Better Note","Better Sensory Stone","Better Skull","Better Third Choice","BetterRewards","Downfall","Hubris","Minty Spire (QoL Compilation)","Permanent Neow","Replay The Spire","Shade Mod","Shop Mod","Spicy Shops","StSLib","SuperFastMode","The Blackbeard","The Necromancer","The Poker Player","The Servant 0.9.4","Wandering Minibosses"],"gold_per_floor":[99,99,125,125,151,301,301,318,168,201,259,31,44,54,67,171,171,171,188,221,71,98,125,152,190,115,133,161,161,178,178,205,307,307,307,323,349,349,349],"floor_reached":38,"playtime":1313,"items_purged":[],"score":591,"play_id":"c81c0a39-e463-4cd5-94f6-dcb0bf4f3017","local_time":"20201213190159","is_ascension_mode":true,"campfire_choices":[{"floor":1,"key":"RECALL"},{"data":"Shade:Bonestorm","floor":9,"key":"SMITH"},{"data":"Shade:AnimateDead","floor":18,"key":"SMITH"},{"floor":26,"key":"REST"},{"data":"Shade:Carnophage","floor":35,"key":"SMITH"}],"circlet_count":0,"master_deck":["Shade:Strike_Shade","Shade:Strike_Shade","Shade:Strike_Shade","Shade:Strike_Shade","Shade:Defend_Shade","Shade:Defend_Shade","Shade:Defend_Shade","Shade:Defend_Shade","Shade:AnimateDead+1","Shade:CarefulCut","Shade:Carnophage","Pot Of Greed","Shade:Bonestorm+1","Pot Of Greed","Slimebound:Icky","Shade:Brains","Shade:Putrefaction","Shade:SkeletonHug","Shade:Coordination","Shade:Putrefaction","Writhe","Doubt","Spreading Infection","Shade:FuneraryJewels","Shade:Bite_Shade","Shade:Carnophage+1","Pot Of Greed","Shade:Bite_Shade","Shade:FuneraryJewels"],"relics":["Shade:YorickSkull","downfall:HeartsMalice","ReplayTheSpireMod:Ninjato","Grinning Jar","downfall:HeartBlessingRed","downfall:HeartBlessingBlue","hubris:ToyBattleship","Akabeko","Lee\u0027s Waffle","Replay:Ancient Bell","Replay:Baseball","hubris:SphereOfDissonance","hubris:Zylophone","Eternal Feather","CeramicFish","aspiration:VileToxins","downfall:HeartBlessingGreen","Matryoshka"],"acts_visited":["Exordium","TheCity","TheBeyond"],"potions_floor_usage":[10,10,11,12,16,33,33,37,37],"damage_taken":[{"damage":0,"enemies":"Replay:BlueRogue","floor":3,"turns":1},{"damage":0,"enemies":"2 Louse","floor":4,"turns":1},{"damage":0,"enemies":"Lagavulin","floor":5,"turns":1},{"damage":0,"enemies":"Small Slimes","floor":8,"turns":3},{"damage":7,"enemies":"3 Sentries","floor":10,"turns":5},{"damage":2,"enemies":"3 Sentries","floor":11,"turns":8},{"damage":2,"enemies":"downfall:FleeingMerchant","floor":12,"turns":4},{"damage":2,"enemies":"Jaw Worm","floor":13,"turns":3},{"damage":0,"enemies":"Exordium Wildlife","floor":14,"turns":2},{"damage":0,"enemies":"Large Slime","floor":15,"turns":3},{"damage":25,"enemies":"downfall:Watcher","floor":16,"turns":10},{"damage":0,"enemies":"Shell Parasite","floor":19,"turns":6},{"damage":0,"enemies":"Gremlin Leader","floor":20,"turns":7},{"damage":40,"enemies":"Slavers","floor":22,"turns":5},{"damage":20,"enemies":"Spheric Guardian","floor":23,"turns":6},{"damage":21,"enemies":"Snake Plant","floor":25,"turns":4},{"damage":0,"enemies":"Chosen and Byrds","floor":27,"turns":5},{"damage":3,"enemies":"Snecko","floor":28,"turns":4},{"damage":20,"enemies":"Centurion and Healer","floor":30,"turns":8},{"damage":0,"enemies":"Chosen and Byrds","floor":32,"turns":6},{"damage":25,"enemies":"downfall:Ironclad","floor":33,"turns":8},{"damage":4,"enemies":"3 Shapes","floor":36,"turns":5},{"damage":94,"enemies":"Reptomancer","floor":37,"turns":8},{"damage":20,"enemies":"3 Darklings","floor":38,"turns":2}],"seed_played":"-3195512132629878234","potions_obtained":[{"floor":3,"key":"Weak Potion"},{"floor":5,"key":"sneckomod:MuddlingPotion"},{"floor":8,"key":"Weak Potion"},{"floor":11,"key":"Fire Potion"},{"floor":14,"key":"champ:CounterPotion"},{"floor":22,"key":"Strength Potion"},{"floor":28,"key":"DuplicationPotion"},{"floor":30,"key":"Milkshake"},{"floor":33,"key":"Regen Potion"}],"is_trial":false,"path_per_floor":["R","?","E","M","E","?","T","M","R","E","?","$","M","M","M","B",null,"R","M","E","?","E","M","T","M","R","M","M","?","M","$","M","B",null,"R","M","E","M"],"character_chosen":"SHADE","items_purchased":["Shade:Putrefaction","Lee\u0027s Waffle"],"campfire_rested":1,"item_purchase_floors":[12,12],"current_hp_per_floor":[65,65,65,65,65,65,65,65,75,68,66,82,80,80,80,55,82,82,82,82,92,52,32,32,13,55,57,56,56,42,42,46,29,92,92,90,15,0,0],"gold":349,"neow_bonus":"THREE_ENEMY_KILL","is_daily":false,"chose_seed":false,"campfire_upgraded":3,"win_rate":0.0,"timestamp":1607882519,"path_taken":["R","?","E","M","E","?","T","M","R","E","?","?","M","?","M","BOSS","R","M","E","?","E","M","T","M","R","M","?","?","M","?","M","BOSS","R","M","E","M"],"items_purchased_type":["Card","Relic"],"build_version":"2020-11-30","purchased_purges":0,"victory":false,"max_hp_per_floor":[65,65,65,65,65,65,65,65,75,75,75,82,82,82,82,82,82,82,82,82,92,92,92,92,92,92,92,92,92,92,92,92,92,92,92,92,92,92,92],"card_choices":[{"not_picked":["Shade:Brains","Shade:Premonition","Shade:SoulToxin"],"picked":"SKIP","floor":3},{"not_picked":["Shade:Frenzy","Shade:ExtraLimbs"],"picked":"Shade:Carnophage","floor":4},{"not_picked":["Shade:FleshToFlesh","Shade:PotionOfRestlessness"],"picked":"Shade:Bonestorm","floor":5},{"not_picked":["Shade:LyeBath","Shade:GoDigging"],"picked":"Shade:Brains","floor":8},{"not_picked":["Shade:ClawBack","Shade:AblativeArmor","Shade:ExtraLimbs"],"picked":"SKIP","floor":10},{"not_picked":["Shade:AncientSpear","Shade:DangerousRitual","Shade:PotionOfRestlessness"],"picked":"SKIP","floor":12},{"not_picked":["Shade:Trample","Shade:GraveStillness"],"picked":"Shade:SkeletonHug","floor":13},{"not_picked":["Shade:Trample","Shade:FeralStrike","Shade:ScuttlingHand"],"picked":"SKIP","floor":14},{"not_picked":["Shade:CoffinDance","Shade:CommandSoldier"],"picked":"Shade:Coordination","floor":15},{"not_picked":["Shade:UnbarTheGrave","Shade:LichForm"],"picked":"Shade:Putrefaction","floor":16},{"not_picked":["Looming Evil","Parasite"],"picked":"Writhe","floor":17},{"not_picked":["Pain","Spreading Infection"],"picked":"Doubt","floor":17},{"not_picked":["hubris:Despair","sneckomod:Bewildered"],"picked":"Spreading Infection","floor":17},{"not_picked":["Shade:AncientSpear+1","Shade:SpontaneousRitual"],"picked":"Shade:FuneraryJewels","floor":19},{"not_picked":["Shade:DarkOfNight","Shade:SpontaneousRitual+1","Shade:SkeletonHug"],"picked":"SKIP","floor":20},{"not_picked":["Shade:LyeBath","Shade:Putrefaction","Shade:FreshBones+1"],"picked":"SKIP","floor":22},{"not_picked":["Shade:CloudOfShrapnel","Shade:FeralStrike"],"picked":"Shade:Bite_Shade","floor":23},{"not_picked":["Shade:TouchOfTheGrave","Shade:GraveStillness"],"picked":"Shade:Carnophage","floor":25},{"not_picked":["Shade:Frenzy","Shade:FingerOfDeath+1","Shade:DangerousRitual+1"],"picked":"SKIP","floor":27},{"not_picked":["Shade:ClawBack","Shade:ExtraLimbs"],"picked":"Shade:Bite_Shade","floor":28},{"not_picked":["Shade:AncientSpear","Shade:FeralStrike","Shade:ExtraLimbs"],"picked":"SKIP","floor":30},{"not_picked":["Shade:GreyBargain","Shade:ScuttlingHand+1"],"picked":"Shade:FuneraryJewels","floor":32},{"not_picked":["Shade:CoffinDance+1","Shade:FreshBones","Shade:FingerOfDeath"],"picked":"SKIP","floor":36},{"not_picked":["Shade:RavenousHorde","Shade:WallOfFlesh","Shade:CloudOfShrapnel+1"],"picked":"SKIP","floor":37}],"player_experience":510730,"relics_obtained":[{"floor":3,"key":"ReplayTheSpireMod:Ninjato"},{"floor":5,"key":"Grinning Jar"},{"floor":10,"key":"hubris:ToyBattleship"},{"floor":11,"key":"Akabeko"},{"floor":20,"key":"Eternal Feather"},{"floor":22,"key":"CeramicFish"},{"floor":24,"key":"aspiration:VileToxins"},{"floor":37,"key":"Matryoshka"}],"event_choices":[{"damage_healed":0,"gold_gain":1,"player_choice":"1","damage_taken":0,"max_hp_gain":0,"max_hp_loss":0,"event_name":"betterStone:BetterStone","floor":2,"gold_loss":0},{"damage_healed":0,"gold_gain":0,"player_choice":"Ignored","damage_taken":0,"max_hp_gain":0,"max_hp_loss":0,"event_name":"betterNote:BetterNote","floor":29,"gold_loss":0,"cards_obtained":["Strike_S"]}],"is_beta":false,"boss_relics":[{"not_picked":["Coffee Dripper","aspiration:DefectSkillbook"],"picked":"Replay:Ancient Bell"},{"not_picked":["Regal Pillow","Happy Flower"],"picked":"Replay:Baseball"},{"not_picked":["White Beast Statue","Sundial"],"picked":"hubris:SphereOfDissonance"},{"not_picked":["Mango","Replay:Kaleidoscope"],"picked":"hubris:Zylophone"},{"not_picked":["Snecko Eye","aspiration:FutureDiary","hubris:RunicObelisk"]}],"items_purged_floors":[],"is_endless":false,"potions_floor_spawned":[3,5,8,11,14,22,28,30,32,33],"killed_by":"3 Darklings","ascension_level":1}}