{"host":"7yyoe0ei0fseceei","time":1607869909,"event":{"mods":["BaseMod","Colored Map","Highlight Path","Minty Spire (QoL Compilation)","Quick Restart"],"gold_per_floor":[118,193,193,208,225,225,225,225,252,272,291,318,318,338,338,412,412,412,424,424,433,31,31,31],"floor_reached":23,"playtime":463,"items_purged":["Writhe"],"score":382,"play_id":"0e05c3e3-b418-49d0-b10f-093ef4a04c6a","local_time":"20201213153149","is_ascension_mode":true,"campfire_choices":[{"data":"Anger","floor":6.0,"key":"SMITH"},{"data":"Spot Weakness","floor":13.0,"key":"SMITH"},{"data":"Inflame","floor":15.0,"key":"SMITH"}],"circlet_count":0,"master_deck":["AscendersBane","Strike_R","Strike_R","Strike_R","Strike_R","Strike_R","Defend_R","Defend_R","Defend_R","Defend_R","Bash+1","Anger+1","Clash","Anger+1","Spot Weakness+1","Inflame+1","Flex","Clash","Immolate","Armaments","Spot Weakness","Evolve"],"relics":["Burning Blood","Orichalcum","Meat on the Bone","Smiling Mask","PreservedInsect","Runic Pyramid","CeramicFish","Lantern"],"acts_visited":["Exordium","TheCity"],"potions_floor_usage":[18],"damage_taken":[{"damage":7.0,"enemies":"Cultist","floor":1.0,"turns":4.0},{"damage":10.0,"enemies":"Small Slimes","floor":4.0,"turns":3.0},{"damage":7.0,"enemies":"Jaw Worm","floor":5.0,"turns":2.0},{"damage":19.0,"enemies":"Gremlin Gang","floor":10.0,"turns":5.0},{"damage":6.0,"enemies":"Exordium Wildlife","floor":11.0,"turns":4.0},{"damage":14.0,"enemies":"3 Sentries","floor":12.0,"turns":4.0},{"damage":2.0,"enemies":"Blue Slaver","floor":14.0,"turns":2.0},{"damage":38.0,"enemies":"Slime Boss","floor":16.0,"turns":9.0},{"damage":0,"enemies":"2 Thieves","floor":18,"turns":1},{"damage":12,"enemies":"Chosen","floor":19,"turns":5},{"damage":51,"enemies":"Book of Stabbing","floor":23,"turns":3}],"seed_played":"-64178204482881295","potions_obtained":[{"floor":4.0,"key":"Strength Potion"},{"floor":5.0,"key":"SkillPotion"},{"floor":16.0,"key":"SmokeBomb"}],"is_trial":false,"path_per_floor":["M","?","?","M","M","R","?","T","T","M","M","E","R","M","R","B",null,"M","M","?","?","$","E"],"character_chosen":"IRONCLAD","items_purchased":["Lantern","Spot Weakness","Evolve","Explosive Potion"],"campfire_rested":0,"item_purchase_floors":[22,22,22,22],"current_hp_per_floor":[67,56,56,52,51,51,25,25,25,24,36,40,40,44,44,24,62,68,62,41,41,41,0,0],"gold":31,"neow_bonus":"UPGRADE_CARD","is_daily":false,"chose_seed":false,"campfire_upgraded":3,"win_rate":0.0,"timestamp":1607869909,"path_taken":["M","?","?","?","?","R","?","?","T","M","M","E","R","M","R","BOSS","M","M","?","?","$","E"],"items_purchased_type":["Relic","Card","Card","Potion"],"build_version":"2020-11-30","purchased_purges":1,"victory":false,"max_hp_per_floor":[75,75,75,75,75,75,75,75,75,75,75,75,75,75,75,75,75,75,75,80,80,80,80,80],"card_choices":[{"not_picked":["Armaments","Combust"],"picked":"Anger","floor":1.0},{"not_picked":["Flex","Wild Strike"],"picked":"Clash","floor":4.0},{"not_picked":["Disarm","Feel No Pain"],"picked":"Anger","floor":5.0},{"not_picked":["Dark Embrace","Pommel Strike"],"picked":"Spot Weakness","floor":10.0},{"not_picked":["Combust","Armaments"],"picked":"Inflame","floor":11.0},{"not_picked":["Iron Wave","Perfected Strike"],"picked":"Flex","floor":12.0},{"not_picked":["Flame Barrier","Sever Soul"],"picked":"Clash","floor":14.0},{"not_picked":["Berserk","Barricade"],"picked":"Immolate","floor":16.0},{"not_picked":["Sword Boomerang","Havoc"],"picked":"Armaments","floor":19}],"player_experience":833667,"relics_obtained":[{"floor":8.0,"key":"Meat on the Bone"},{"floor":9.0,"key":"Smiling Mask"},{"floor":12.0,"key":"PreservedInsect"}],"event_choices":[{"damage_healed":0.0,"max_hp_gain":0.0,"max_hp_loss":0.0,"gold_gain":75.0,"event_name":"World of Goop","player_choice":"Gather Gold","floor":2.0,"gold_loss":0.0,"damage_taken":11.0},{"damage_healed":0.0,"max_hp_gain":0.0,"max_hp_loss":0.0,"gold_gain":0.0,"event_name":"Living Wall","player_choice":"Grow","floor":3.0,"gold_loss":0.0,"damage_taken":0.0,"cards_upgraded":["Anger"]},{"damage_healed":0.0,"max_hp_gain":0.0,"max_hp_loss":0.0,"gold_gain":0.0,"event_name":"Scrap Ooze","player_choice":"Success","floor":7.0,"gold_loss":0.0,"damage_taken":26.0,"relics_obtained":["Orichalcum"]},{"damage_healed":0,"gold_gain":0,"player_choice":"Shed Blood","damage_taken":26,"max_hp_gain":5,"max_hp_loss":0,"event_name":"Forgotten Altar","floor":20,"gold_loss":0},{"damage_healed":0,"gold_gain":0,"player_choice":"Opened","damage_taken":0,"relics_obtained":["CeramicFish"],"max_hp_gain":0,"max_hp_loss":0,"event_name":"The Mausoleum","floor":21,"gold_loss":0,"cards_obtained":["Writhe"]}],"is_beta":false,"boss_relics":[{"not_picked":["Cursed Key","Busted Crown"],"picked":"Runic Pyramid"}],"items_purged_floors":[22],"is_endless":false,"potions_floor_spawned":[4,5,10,16,18],"killed_by":"Book of Stabbing","ascension_level":20}}