{"host":"ow9msrs9p2ctkx99","time":1607896829,"event":{"mods":["AchievementEnabler","BaseMod","Colored Map","Colored Powertips","Minty Spire (QoL Compilation)","Permanent Neow","Quick Restart","SuperFastMode"],"gold_per_floor":[114,130,58,58,8,8,26,51,51,68,88,88,105,117,117,217,217,229,144,158,257,257,291,291,301,301,320,320,320],"floor_reached":28,"playtime":628,"items_purged":[],"score":375,"play_id":"6a0cead5-3e42-42eb-9f0b-088f62d28833","local_time":"20201213230029","is_ascension_mode":true,"campfire_choices":[{"data":"Defragment","floor":6,"key":"SMITH"},{"data":"Defragment","floor":15,"key":"SMITH"},{"floor":24,"key":"REST"}],"circlet_count":0,"master_deck":["AscendersBane","Strike_B+1","Defend_B","Defend_B","Defend_B","Zap","Dualcast","BootSequence","Cold Snap+1","Sweeping Beam","Defragment+1","Compile Driver","Redo","Self Repair","Skim","Defragment+1","Buffer","Biased Cognition","CurseOfTheBell","Tempest","Coolheaded","Seek","Echo Form","Barrage+1","Turbo+1"],"relics":["Cracked Core","Blue Candle","Pen Nib","Whetstone","Calling Bell","Bag of Preparation","Ornamental Fan","CaptainsWheel","Strawberry","Smiling Mask","Meat on the Bone"],"acts_visited":["Exordium","TheCity"],"potions_floor_usage":[8,23,25],"damage_taken":[{"damage":1,"enemies":"Cultist","floor":1,"turns":3},{"damage":0,"enemies":"Jaw Worm","floor":2,"turns":2},{"damage":0,"enemies":"2 Louse","floor":7,"turns":2},{"damage":17,"enemies":"3 Sentries","floor":8,"turns":7},{"damage":0,"enemies":"Large Slime","floor":10,"turns":4},{"damage":0,"enemies":"Exordium Wildlife","floor":11,"turns":3},{"damage":0,"enemies":"3 Louse","floor":13,"turns":3},{"damage":11,"enemies":"2 Fungi Beasts","floor":14,"turns":3},{"damage":29,"enemies":"Hexaghost","floor":16,"turns":12},{"damage":0,"enemies":"Spheric Guardian","floor":18,"turns":4},{"damage":14,"enemies":"3 Byrds","floor":20,"turns":4},{"damage":43,"enemies":"Book of Stabbing","floor":23,"turns":6},{"damage":22,"enemies":"Snecko","floor":25,"turns":6},{"damage":26,"enemies":"Snake Plant","floor":27,"turns":4},{"damage":18,"enemies":"3 Cultists","floor":28,"turns":4}],"seed_played":"-899914925340547706","potions_obtained":[{"floor":2,"key":"BlessingOfTheForge"},{"floor":8,"key":"SteroidPotion"},{"floor":13,"key":"BlessingOfTheForge"},{"floor":16,"key":"Fire Potion"},{"floor":20,"key":"SkillPotion"}],"is_trial":false,"path_per_floor":["M","M","$","?","?","R","M","E","T","M","M","?","M","M","R","B",null,"M","?","M","?","?","E","R","M","T","M","M"],"character_chosen":"DEFECT","items_purchased":["Defragment"],"campfire_rested":1,"item_purchase_floors":[3],"current_hp_per_floor":[67,67,67,34,34,34,34,17,17,17,24,49,56,52,52,30,64,64,71,57,57,57,28,52,30,30,16,0,0],"gold":320,"neow_bonus":"TRANSFORM_CARD","is_daily":false,"chose_seed":false,"campfire_upgraded":2,"win_rate":0.0,"timestamp":1607896829,"path_taken":["M","?","$","?","?","R","M","E","T","M","M","?","?","M","R","BOSS","M","?","M","?","?","E","R","M","T","M","?"],"items_purchased_type":["Card"],"build_version":"2020-11-30","purchased_purges":0,"victory":false,"max_hp_per_floor":[75,75,75,75,75,75,75,75,75,75,75,75,75,75,75,75,75,75,82,82,82,82,82,82,82,82,82,82,82],"card_choices":[{"not_picked":["Conserve Battery","Reprogram"],"picked":"Cold Snap","floor":1},{"not_picked":["Turbo","Auto Shields"],"picked":"Sweeping Beam","floor":2},{"not_picked":["Cold Snap","Coolheaded"],"picked":"Compile Driver","floor":7},{"not_picked":["Stack","Turbo"],"picked":"Redo","floor":8},{"not_picked":["Cold Snap","Fusion"],"picked":"Self Repair","floor":10},{"not_picked":["Recycle","Force Field"],"picked":"Skim","floor":11},{"not_picked":["Barrage","Rebound"],"picked":"Defragment","floor":13},{"not_picked":["Beam Cell","Rebound"],"picked":"Buffer","floor":14},{"not_picked":["Meteor Strike","Creative AI"],"picked":"Biased Cognition","floor":16},{"not_picked":["Coolheaded","Stack"],"picked":"Tempest","floor":18},{"not_picked":["Redo","Coolheaded","Compile Driver"],"picked":"SKIP","floor":20},{"not_picked":["Redo","Compile Driver"],"picked":"Coolheaded","floor":20},{"not_picked":["Heatsinks+1","Go for the Eyes","Gash"],"picked":"SKIP","floor":23},{"not_picked":["Meteor Strike","Reprogram+1"],"picked":"Barrage+1","floor":25},{"not_picked":["Reinforced Body+1","Coolheaded+1"],"picked":"Turbo+1","floor":27}],"player_experience":1045205,"relics_obtained":[{"floor":8,"key":"Pen Nib"},{"floor":9,"key":"Whetstone"},{"floor":17,"key":"Bag of Preparation"},{"floor":17,"key":"Ornamental Fan"},{"floor":17,"key":"CaptainsWheel"},{"floor":23,"key":"Smiling Mask"},{"floor":26,"key":"Meat on the Bone"}],"event_choices":[{"damage_healed":0,"gold_gain":0,"player_choice":"Success","damage_taken":33,"relics_obtained":["Blue Candle"],"max_hp_gain":0,"max_hp_loss":0,"event_name":"Scrap Ooze","floor":4,"gold_loss":0},{"cards_removed":["Strike_B"],"damage_healed":0,"gold_gain":0,"player_choice":"Card Removal","damage_taken":0,"max_hp_gain":0,"max_hp_loss":0,"event_name":"The Cleric","floor":5,"gold_loss":50},{"damage_healed":25,"gold_gain":0,"player_choice":"Banana","damage_taken":0,"max_hp_gain":0,"max_hp_loss":0,"event_name":"Big Fish","floor":12,"gold_loss":0},{"damage_healed":0,"gold_gain":0,"player_choice":"Obtained Relic","damage_taken":0,"relics_obtained":["Strawberry"],"max_hp_gain":0,"max_hp_loss":0,"event_name":"Addict","floor":19,"gold_loss":85},{"damage_healed":0,"gold_gain":99,"player_choice":"Stole From Cult","damage_taken":0,"max_hp_gain":0,"max_hp_loss":0,"event_name":"Nest","floor":21,"gold_loss":0},{"damage_healed":0,"gold_gain":0,"cards_transformed":["Strike_B","Defend_B"],"player_choice":"Became Test Subject","damage_taken":0,"max_hp_gain":0,"max_hp_loss":0,"event_name":"Drug Dealer","floor":22,"gold_loss":0,"cards_obtained":["Seek","Echo Form"]}],"is_beta":false,"boss_relics":[{"not_picked":["Fusion Hammer","Snecko Eye"],"picked":"Calling Bell"}],"items_purged_floors":[],"is_endless":false,"potions_floor_spawned":[2,8,13,16,20],"killed_by":"3 Cultists","ascension_level":11}}