{"host":"x0ovlu53kkkog8rv","time":1607859060,"event":{"mods":["BaseMod","Colored Map","Minty Spire (QoL Compilation)","Quick Restart","SuperFastMode"],"gold_per_floor":[114,114,114,128,143,143,154,79,79,89,89,89,89,112,112,237,237,252,252,266,266,266,266],"floor_reached":22,"playtime":592,"items_purged":["Strike_P"],"score":194,"play_id":"17835caf-0538-4567-b873-ea64140ffae8","local_time":"20201213203100","is_ascension_mode":true,"campfire_choices":[{"data":"Eruption","floor":6,"key":"SMITH"},{"floor":12,"key":"REST"},{"floor":15,"key":"REST"}],"circlet_count":0,"master_deck":["Strike_P","Strike_P","Strike_P","Defend_P","Defend_P","Defend_P","Eruption+1","Vigilance","FearNoEvil+1","Tantrum","Vault+1"],"relics":["PureWater","Dream Catcher","Golden Idol","SacredBark","Enchiridion"],"acts_visited":["Exordium","TheCity"],"potions_floor_usage":[16,16,18,22],"damage_taken":[{"damage":0,"enemies":"Small Slimes","floor":1,"turns":3},{"damage":0,"enemies":"Cultist","floor":4,"turns":3},{"damage":7,"enemies":"Jaw Worm","floor":5,"turns":3},{"damage":10,"enemies":"2 Fungi Beasts","floor":7,"turns":3},{"damage":0,"enemies":"Exordium Wildlife","floor":10,"turns":2},{"damage":13,"enemies":"3 Louse","floor":14,"turns":2},{"damage":74,"enemies":"Hexaghost","floor":16,"turns":6},{"damage":11,"enemies":"Chosen","floor":18,"turns":4},{"damage":5,"enemies":"Shell Parasite","floor":20,"turns":4},{"damage":56,"enemies":"Snake Plant","floor":22,"turns":4}],"seed_played":"7367020273459088352","potions_obtained":[{"floor":1,"key":"CultistPotion"},{"floor":5,"key":"BottledMiracle"},{"floor":14,"key":"AttackPotion"},{"floor":16,"key":"SteroidPotion"},{"floor":18,"key":"SkillPotion"}],"is_trial":false,"path_per_floor":["M","?","?","M","M","R","M","$","T","M","?","R","?","M","R","B",null,"M","?","M","?","M"],"character_chosen":"WATCHER","items_purchased":[],"campfire_rested":2,"item_purchase_floors":[],"current_hp_per_floor":[79,84,84,84,77,77,67,67,67,67,60,84,78,65,78,4,78,67,51,46,46,0,0],"gold":266,"neow_bonus":"TEN_PERCENT_HP_BONUS","is_daily":false,"chose_seed":false,"campfire_upgraded":1,"win_rate":0.0,"timestamp":1607859060,"path_taken":["M","?","?","M","M","R","M","$","T","M","?","R","?","M","R","BOSS","M","?","M","?","?"],"items_purchased_type":[],"build_version":"2020-11-30","purchased_purges":1,"victory":false,"max_hp_per_floor":[79,84,84,84,84,84,84,84,84,84,84,84,78,78,78,78,78,78,78,78,78,78,78],"card_choices":[{"not_picked":["Consecrate","SashWhip"],"picked":"FearNoEvil","floor":1},{"not_picked":["ThirdEye","ClearTheMind","FearNoEvil"],"picked":"SKIP","floor":4},{"not_picked":["Evaluate","Perseverance"],"picked":"Tantrum","floor":5},{"not_picked":["EmptyFist","Halt","CrushJoints"],"picked":"SKIP","floor":7},{"not_picked":["BowlingBash","Prostrate","Study"],"picked":"SKIP","floor":10},{"not_picked":["BowlingBash","ThirdEye","Halt"],"picked":"SKIP","floor":14},{"not_picked":["Establishment","Ragnarok"],"picked":"Vault","floor":16},{"not_picked":["PathToVictory+1","ThirdEye","Weave"],"picked":"SKIP","floor":18},{"not_picked":["Prostrate","Nirvana","EmptyBody"],"picked":"SKIP","floor":20}],"player_experience":208546,"relics_obtained":[{"floor":9,"key":"Dream Catcher"},{"floor":19,"key":"Enchiridion"}],"event_choices":[{"damage_healed":0,"gold_gain":0,"player_choice":"Donut","damage_taken":0,"max_hp_gain":5,"max_hp_loss":0,"event_name":"Big Fish","floor":2,"gold_loss":0},{"damage_healed":0,"gold_gain":0,"player_choice":"Grow","damage_taken":0,"max_hp_gain":0,"max_hp_loss":0,"event_name":"Living Wall","floor":3,"gold_loss":0,"cards_upgraded":["FearNoEvil"]},{"cards_removed":["Defend_P"],"damage_healed":0,"gold_gain":0,"player_choice":"Card Removal","damage_taken":7,"max_hp_gain":0,"max_hp_loss":0,"event_name":"Golden Wing","floor":11,"gold_loss":0},{"damage_healed":0,"gold_gain":0,"player_choice":"Lose Max HP","damage_taken":0,"relics_obtained":["Golden Idol"],"max_hp_gain":0,"max_hp_loss":6,"event_name":"Golden Idol","floor":13,"gold_loss":0},{"damage_healed":0,"gold_gain":0,"player_choice":"Obtained Book","damage_taken":16,"max_hp_gain":0,"max_hp_loss":0,"event_name":"Cursed Tome","floor":19,"gold_loss":0},{"damage_healed":0,"gold_gain":0,"player_choice":"Forge","damage_taken":0,"max_hp_gain":0,"max_hp_loss":0,"event_name":"Accursed Blacksmith","floor":21,"gold_loss":0,"cards_upgraded":["Vault"]}],"is_beta":false,"boss_relics":[{"not_picked":["Fusion Hammer","Black Star"],"picked":"SacredBark"}],"items_purged_floors":[8],"is_endless":false,"potions_floor_spawned":[1,5,14,16,18],"killed_by":"Snake Plant","ascension_level":2}}