{"host":"qt939hhvrbc28rjp","time":1607844646,"event":{"mods":["BaseMod","Minty Spire (QoL Compilation)","Quick Restart","StSLib","SuperFastMode"],"gold_per_floor":[109,109,123,123,45,45,145,145,216,259,280,320,336,79,79,177,177,195,195,26,55,55,55,55,72,72,93,93,93,114,150,150,150,150],"floor_reached":33,"playtime":1015,"items_purged":["Defend_B"],"score":604,"play_id":"0b73749d-99b3-4a77-bb30-94b102dcafbb","local_time":"20201213163046","is_ascension_mode":true,"campfire_choices":[{"data":"Reinforced Body","floor":6.0,"key":"SMITH"},{"data":"Lockon","floor":8.0,"key":"SMITH"},{"floor":15.0,"key":"REST"},{"floor":23.0,"key":"REST"},{"data":"Apotheosis","floor":28.0,"key":"SMITH"},{"data":"Fission","floor":32.0,"key":"SMITH"}],"circlet_count":0,"master_deck":["AscendersBane","Strike_B","Strike_B","Strike_B","Strike_B","Defend_B","Defend_B","Zap+1","Dualcast","Reinforced Body+1","Lockon+1","Capacitor","BootSequence","Apotheosis+1","Core Surge","Conserve Battery","Rebound","Rip and Tear","Fission+1"],"relics":["Cracked Core","Bloody Idol","Bottled Flame","StrikeDummy","CeramicFish","Velvet Choker","Nloth\u0027s Gift","Omamori","Pear","Thread and Needle"],"acts_visited":["Exordium","TheCity"],"potions_floor_usage":[33],"damage_taken":[{"damage":0.0,"enemies":"Jaw Worm","floor":1.0,"turns":1.0},{"damage":0.0,"enemies":"Cultist","floor":3.0,"turns":1.0},{"damage":0.0,"enemies":"Lagavulin","floor":10.0,"turns":1.0},{"damage":0.0,"enemies":"2 Louse","floor":11.0,"turns":2.0},{"damage":20.0,"enemies":"3 Sentries","floor":12.0,"turns":7.0},{"damage":0.0,"enemies":"Blue Slaver","floor":13.0,"turns":3.0},{"damage":14.0,"enemies":"Hexaghost","floor":16.0,"turns":11.0},{"damage":14.0,"enemies":"3 Byrds","floor":18.0,"turns":4.0},{"damage":24.0,"enemies":"Chosen","floor":21.0,"turns":4.0},{"damage":19.0,"enemies":"Snake Plant","floor":25.0,"turns":4.0},{"damage":0.0,"enemies":"3 Cultists","floor":27.0,"turns":6.0},{"damage":0.0,"enemies":"Book of Stabbing","floor":29.0,"turns":1.0},{"damage":0.0,"enemies":"Centurion and Healer","floor":30.0,"turns":5.0},{"damage":46.0,"enemies":"Gremlin Leader","floor":31.0,"turns":7.0},{"damage":28,"enemies":"Champ","floor":33,"turns":10}],"seed_played":"592137652061747633","potions_obtained":[{"floor":1.0,"key":"Fruit Juice"},{"floor":11.0,"key":"GamblersBrew"},{"floor":16.0,"key":"SmokeBomb"},{"floor":21.0,"key":"EntropicBrew"},{"floor":25.0,"key":"Ancient Potion"},{"floor":30.0,"key":"SneckoOil"},{"floor":31.0,"key":"BlessingOfTheForge"}],"is_trial":false,"path_per_floor":["M","?","M","?","$","R","?","R","T","E","M","E","M","$","R","B",null,"M","?","$","M","?","R","?","M","T","M","R","E","M","E","R","B"],"character_chosen":"DEFECT","items_purchased":["Capacitor","Apotheosis","Omamori"],"campfire_rested":2,"item_purchase_floors":[5,14,20],"current_hp_per_floor":[64,64,64,40,40,40,45,45,45,45,45,25,25,25,47,33,65,51,51,51,27,27,49,49,35,45,55,55,55,65,29,29,1,1],"gold":150,"neow_bonus":"THREE_ENEMY_KILL","is_daily":false,"chose_seed":false,"campfire_upgraded":4,"win_rate":0.0,"timestamp":1607844646,"path_taken":["M","?","?","?","$","R","?","R","T","E","M","E","M","?","R","BOSS","M","?","$","?","?","R","?","M","T","M","R","E","?","E","R","BOSS"],"items_purchased_type":["Card","Card","Relic"],"build_version":"2020-11-30","purchased_purges":1,"victory":false,"max_hp_per_floor":[71,71,71,71,71,71,76,76,76,76,76,76,76,76,76,76,76,76,76,76,76,76,76,76,76,86,86,86,86,86,86,86,86,86],"card_choices":[{"not_picked":["Hologram","Turbo"],"picked":"Reinforced Body","floor":1.0},{"not_picked":["Double Energy","Sweeping Beam"],"picked":"Lockon","floor":3.0},{"not_picked":["Streamline","Gash"],"picked":"BootSequence","floor":10.0},{"not_picked":["Leap","Aggregate","Hologram"],"picked":"SKIP","floor":11.0},{"not_picked":["Scrape","Lockon","Fusion"],"picked":"SKIP","floor":12.0},{"not_picked":["Skim","Stack","Hologram"],"picked":"SKIP","floor":13.0},{"not_picked":["Seek","Meteor Strike"],"picked":"Core Surge","floor":16.0},{"not_picked":["Capacitor","Compile Driver","Gash"],"picked":"SKIP","floor":18.0},{"not_picked":["Sweeping Beam","Steam"],"picked":"Conserve Battery","floor":21.0},{"not_picked":["Go for the Eyes","Barrage","Streamline"],"picked":"SKIP","floor":25.0},{"not_picked":["Coolheaded+1","Hologram"],"picked":"Rebound","floor":27.0},{"not_picked":["Go for the Eyes","Coolheaded"],"picked":"Rip and Tear","floor":30.0},{"not_picked":["Scrape","Compile Driver"],"picked":"Fission","floor":31.0}],"player_experience":1371917,"relics_obtained":[{"floor":9.0,"key":"Bottled Flame"},{"floor":10.0,"key":"StrikeDummy"},{"floor":12.0,"key":"CeramicFish"},{"floor":26.0,"key":"Pear"},{"floor":31.0,"key":"Thread and Needle"}],"event_choices":[{"damage_healed":0.0,"max_hp_gain":0.0,"max_hp_loss":0.0,"gold_gain":0.0,"event_name":"Upgrade Shrine","player_choice":"Upgraded","floor":2.0,"gold_loss":0.0,"damage_taken":0.0,"cards_upgraded":["Zap"]},{"damage_healed":0.0,"max_hp_gain":0.0,"max_hp_loss":0.0,"gold_gain":0.0,"event_name":"Golden Idol","player_choice":"Take Damage","floor":4.0,"gold_loss":0.0,"damage_taken":24.0,"relics_obtained":["Golden Idol"]},{"damage_healed":0.0,"max_hp_gain":0.0,"max_hp_loss":0.0,"gold_gain":100.0,"event_name":"Wheel of Change","player_choice":"Gold","floor":7.0,"gold_loss":0.0,"damage_taken":0.0},{"damage_healed":0.0,"max_hp_gain":0.0,"max_hp_loss":0.0,"gold_gain":0.0,"event_name":"N\u0027loth","player_choice":"Traded Relic","floor":19.0,"relics_lost":["NeowsBlessing"],"gold_loss":0.0,"damage_taken":0.0,"relics_obtained":["Nloth\u0027s Gift"]},{"damage_healed":0.0,"max_hp_gain":0.0,"max_hp_loss":0.0,"gold_gain":0.0,"event_name":"Forgotten Altar","player_choice":"Gave Idol","floor":22.0,"relics_lost":["Golden Idol"],"gold_loss":0.0,"damage_taken":0.0,"relics_obtained":["Bloody Idol"]},{"cards_removed":["Defend_B"],"damage_healed":0.0,"max_hp_gain":0.0,"max_hp_loss":0.0,"gold_gain":0.0,"event_name":"Purifier","player_choice":"Purged","floor":24.0,"gold_loss":0.0,"damage_taken":0.0}],"is_beta":false,"boss_relics":[{"not_picked":["Calling Bell","FrozenCore"],"picked":"Velvet Choker"}],"items_purged_floors":[14],"is_endless":false,"potions_floor_spawned":[1,11,16,21,25,30,31],"killed_by":"Champ","ascension_level":18}}