{"host":"ow9msrs9p2ctkx99","time":1607896193,"event":{"mods":["AchievementEnabler","BaseMod","Colored Map","Colored Powertips","Minty Spire (QoL Compilation)","Permanent Neow","Quick Restart","SuperFastMode"],"gold_per_floor":[363,381,398,398,398,398,434,434,434,467,486,486,517,531,531,655,655,655,655,279,295,210,222,234,234],"floor_reached":24,"playtime":433,"items_purged":["Strike_B"],"score":316,"play_id":"3ec9a186-8ab3-4abd-9631-f0318106d98a","local_time":"20201213224953","is_ascension_mode":true,"campfire_choices":[{"data":"Sunder","floor":6.0,"key":"SMITH"},{"data":"Dualcast","floor":8.0,"key":"SMITH"},{"floor":12,"key":"REST"},{"data":"Coolheaded","floor":15,"key":"SMITH"},{"data":"Electrodynamics","floor":23,"key":"SMITH"}],"circlet_count":0,"master_deck":["AscendersBane","Strike_B","Strike_B","Defend_B","Defend_B","Defend_B","Defend_B","Zap","Dualcast+1","Conserve Battery","Coolheaded+1","Sunder+1","Electrodynamics+1","Steam","Skim","Steam","All For One","Multi-Cast","Self Repair","Hologram+1"],"relics":["Cracked Core","Golden Idol","Odd Mushroom","The Courier","TungstenRod","Pear","Nuclear Battery","ClockworkSouvenir","Molten Egg 2","MawBank"],"acts_visited":["Exordium","TheCity"],"potions_floor_usage":[10,13,16,18],"damage_taken":[{"damage":6.0,"enemies":"Cultist","floor":1.0,"turns":4.0},{"damage":11.0,"enemies":"Jaw Worm","floor":2.0,"turns":4.0},{"damage":0.0,"enemies":"2 Louse","floor":3.0,"turns":2.0},{"damage":16.0,"enemies":"The Mushroom Lair","floor":7.0,"turns":4.0},{"damage":6,"enemies":"Gremlin Nob","floor":10,"turns":3},{"damage":0,"enemies":"Large Slime","floor":11,"turns":4},{"damage":13,"enemies":"Lagavulin","floor":13,"turns":7},{"damage":0,"enemies":"Looter","floor":14,"turns":2},{"damage":13,"enemies":"Slime Boss","floor":16,"turns":7},{"damage":0,"enemies":"Spheric Guardian","floor":18,"turns":3},{"damage":5,"enemies":"Chosen","floor":21,"turns":3},{"damage":70,"enemies":"Book of Stabbing","floor":24,"turns":7}],"seed_played":"2937854491129416027","potions_obtained":[{"floor":7.0,"key":"FocusPotion"},{"floor":10,"key":"PowerPotion"},{"floor":13,"key":"CultistPotion"},{"floor":14,"key":"SmokeBomb"},{"floor":21,"key":"Explosive Potion"}],"is_trial":false,"path_per_floor":["M","M","M","?","?","R","?","R","T","E","M","R","E","M","R","B",null,"M","?","$","M","?","R","E"],"character_chosen":"DEFECT","items_purchased":["ClockworkSouvenir","Molten Egg 2"],"campfire_rested":1,"item_purchase_floors":[20,20],"current_hp_per_floor":[62,51,51,51,51,51,35,35,35,29,29,49,46,46,46,33,68,68,68,68,70,70,70,0,0],"gold":234,"neow_bonus":"TWO_FIFTY_GOLD","is_daily":false,"chose_seed":false,"campfire_upgraded":4,"win_rate":0.0,"timestamp":1607896193,"path_taken":["M","?","?","?","?","R","?","R","T","E","M","R","E","M","R","BOSS","M","?","$","?","?","R","E"],"items_purchased_type":["Relic","Relic"],"build_version":"2020-11-30","purchased_purges":1,"victory":false,"max_hp_per_floor":[75,75,75,75,69,69,69,69,69,69,69,69,79,79,79,79,79,79,79,79,79,79,79,79,79],"card_choices":[{"not_picked":["Beam Cell","Leap"],"picked":"Conserve Battery","floor":1.0},{"not_picked":["Blizzard","Go for the Eyes"],"picked":"Coolheaded","floor":2.0},{"not_picked":["Steam","Gash"],"picked":"Sunder","floor":3.0},{"not_picked":["Redo","Leap"],"picked":"Electrodynamics","floor":7.0},{"not_picked":["Chaos","Turbo"],"picked":"Steam","floor":10},{"not_picked":["Chaos","Conserve Battery"],"picked":"Skim","floor":11},{"not_picked":["Consume","Conserve Battery"],"picked":"Steam","floor":13},{"not_picked":["Cold Snap","Recycle"],"picked":"All For One","floor":14},{"not_picked":["Amplify","Electrodynamics"],"picked":"Multi-Cast","floor":16},{"not_picked":["Gash+1","Steam"],"picked":"Hologram+1","floor":21}],"player_experience":1045205,"relics_obtained":[{"floor":7.0,"key":"Odd Mushroom"},{"floor":9.0,"key":"The Courier"},{"floor":10,"key":"TungstenRod"},{"floor":13,"key":"Pear"}],"event_choices":[{"cards_removed":["Normality"],"damage_healed":0.0,"max_hp_gain":0.0,"max_hp_loss":0.0,"gold_gain":0.0,"event_name":"Living Wall","player_choice":"Forget","floor":4.0,"gold_loss":0.0,"damage_taken":0.0},{"damage_healed":0.0,"max_hp_gain":0.0,"max_hp_loss":6.0,"gold_gain":0.0,"event_name":"Golden Idol","player_choice":"Lose Max HP","floor":5.0,"gold_loss":0.0,"damage_taken":0.0,"relics_obtained":["Golden Idol"]},{"damage_healed":0.0,"max_hp_gain":0.0,"max_hp_loss":0.0,"gold_gain":0.0,"event_name":"Mushrooms","player_choice":"Fought Mushrooms","floor":7.0,"gold_loss":0.0,"damage_taken":0.0},{"damage_healed":0,"gold_gain":0,"cards_transformed":["Strike_B"],"player_choice":"Transformed","damage_taken":0,"max_hp_gain":0,"max_hp_loss":0,"event_name":"Transmorgrifier","floor":19,"gold_loss":0,"cards_obtained":["Self Repair"]},{"damage_healed":0,"gold_gain":0,"player_choice":"Obtained Relic","damage_taken":0,"relics_obtained":["MawBank"],"max_hp_gain":0,"max_hp_loss":0,"event_name":"Addict","floor":22,"gold_loss":85}],"is_beta":false,"boss_relics":[{"not_picked":["SlaversCollar","Snecko Eye"],"picked":"Nuclear Battery"}],"items_purged_floors":[20],"is_endless":false,"potions_floor_spawned":[7,10,13,14,21],"killed_by":"Book of Stabbing","ascension_level":11}}