{"host":"krw8blyxua7at9ak","time":1607831164,"event":{"mods":["BaseMod","Highlight Path","Minty Spire (QoL Compilation)","ojb\u0027s Info Mod"],"gold_per_floor":[111,111,122,138,151,185,185,224,224,224,199,199,42,78,78,174,174,198,198,219,238,263,263,299,299,299,313,313,313,313,313,313,409,409,425,441,441,456,229,229,245,289,312,312,220,220,220,220,220,220,220],"floor_reached":50,"playtime":2099,"items_purged":["Injury","Doubt"],"score":1037,"play_id":"949639d2-2544-4e0e-b5f5-d69620ecff5b","local_time":"20201213044604","is_ascension_mode":true,"campfire_choices":[{"data":"Riddle With Holes","floor":12,"key":"SMITH"},{"data":"Blade Dance","floor":15,"key":"SMITH"},{"data":"Terror","floor":23,"key":"SMITH"},{"data":"Tools of the Trade","floor":28,"key":"SMITH"},{"data":"Unload","floor":32,"key":"SMITH"},{"data":"Dagger Spray","floor":44,"key":"SMITH"},{"floor":49,"key":"RECALL"}],"circlet_count":0,"master_deck":["AscendersBane","Strike_G","Strike_G","Strike_G","Strike_G","Defend_G","Defend_G","Defend_G","Defend_G","Defend_G","Survivor","Neutralize","Leg Sweep","Escape Plan","Flying Knee","Dagger Spray+1","Unload+1","Poisoned Stab","Riddle With Holes+1","Slice","Blade Dance+1","Corpse Explosion","Ghostly","Ghostly","Ghostly","Sucker Punch+1","Terror+1","Slice+1","Tools of the Trade+1","Clumsy","Glass Knife","All Out Attack+1","HandOfGreed","Acrobatics+1","Dash","Predator","Dash","Parasite","Riddle With Holes+1"],"relics":["Ring of the Snake","Vajra","Juzu Bracelet","Golden Idol","Eternal Feather","HornCleat","Mercury Hourglass","ClockworkSouvenir","Mango","Cursed Key","Akabeko","Enchiridion","StrikeDummy","Ancient Tea Set","MutagenicStrength","Snecko Eye","Membership Card","Smiling Mask","InkBottle","Toy Ornithopter"],"acts_visited":["Exordium","TheCity","TheBeyond"],"potions_floor_usage":[5,6,16,33,50],"damage_taken":[{"damage":0,"enemies":"Jaw Worm","floor":1,"turns":5},{"damage":1,"enemies":"Cultist","floor":3,"turns":4},{"damage":0,"enemies":"2 Louse","floor":4,"turns":3},{"damage":0,"enemies":"Gremlin Gang","floor":5,"turns":1},{"damage":19,"enemies":"Lagavulin","floor":6,"turns":9},{"damage":33,"enemies":"Gremlin Nob","floor":8,"turns":4},{"damage":7,"enemies":"Lagavulin","floor":14,"turns":5},{"damage":34,"enemies":"The Guardian","floor":16,"turns":13},{"damage":0,"enemies":"Chosen","floor":18,"turns":3},{"damage":15,"enemies":"Shell Parasite","floor":20,"turns":3},{"damage":2,"enemies":"Centurion and Healer","floor":21,"turns":4},{"damage":5,"enemies":"Cultist and Chosen","floor":22,"turns":6},{"damage":4,"enemies":"Slavers","floor":24,"turns":5},{"damage":0,"enemies":"3 Cultists","floor":27,"turns":4},{"damage":8,"enemies":"Collector","floor":33,"turns":5},{"damage":4,"enemies":"3 Shapes","floor":35,"turns":2},{"damage":5,"enemies":"Orb Walker","floor":36,"turns":2},{"damage":0,"enemies":"3 Darklings","floor":38,"turns":3},{"damage":0,"enemies":"Sphere and 2 Shapes","floor":41,"turns":2},{"damage":2,"enemies":"Reptomancer","floor":42,"turns":5},{"damage":49,"enemies":"Awakened One","floor":50,"turns":6}],"seed_played":"-5674101464554232756","potions_obtained":[{"floor":1,"key":"LiquidMemories"},{"floor":4,"key":"Energy Potion"},{"floor":8,"key":"DistilledChaos"},{"floor":14,"key":"LiquidMemories"},{"floor":20,"key":"DistilledChaos"},{"floor":33,"key":"SkillPotion"},{"floor":35,"key":"FearPotion"}],"is_trial":false,"path_per_floor":["M","?","M","M","M","E","?","E","T","?","$","R","$","E","R","B",null,"M","?","M","M","M","R","E","?","T","M","R","T","?","?","R","B",null,"M","M","?","M","$","?","M","E","T","R","$","T","?","?","R","B"],"character_chosen":"THE_SILENT","items_purchased":["Slice","ClockworkSouvenir","Membership Card","Dash","Dash"],"campfire_rested":0,"item_purchase_floors":[11,13,39,39,45],"current_hp_per_floor":[59,59,58,58,58,39,39,6,6,6,6,18,18,25,37,3,56,56,37,22,20,15,30,26,5,5,5,23,23,23,23,37,29,35,31,26,16,16,16,16,16,14,14,35,35,35,35,35,35,0,0],"gold":220,"neow_bonus":"RANDOM_COMMON_RELIC","is_daily":false,"chose_seed":false,"campfire_upgraded":6,"win_rate":0.0,"timestamp":1607831164,"path_taken":["M","?","M","M","M","E","?","E","T","?","$","R","$","E","R","BOSS","M","?","M","M","M","R","E","?","T","M","R","?","?","?","R","BOSS","M","M","?","M","$","?","M","E","T","R","$","?","?","?","R","BOSS"],"items_purchased_type":["Card","Relic","Relic","Card","Card"],"build_version":"2020-11-30","purchased_purges":2,"victory":false,"max_hp_per_floor":[66,66,66,66,66,66,60,60,60,60,60,60,60,74,74,74,74,74,37,37,37,37,37,37,37,37,37,37,37,37,37,37,37,37,37,37,37,37,37,35,35,35,35,35,35,35,35,35,35,35,35],"card_choices":[{"not_picked":["PiercingWail","Poisoned Stab"],"picked":"Leg Sweep","floor":1},{"not_picked":["Blur","Backflip"],"picked":"Flying Knee","floor":3},{"not_picked":["Flying Knee","Finisher"],"picked":"Dagger Spray","floor":4},{"not_picked":["Flying Knee","Endless Agony"],"picked":"Unload","floor":5},{"not_picked":["Flechettes","Prepared"],"picked":"Poisoned Stab","floor":6},{"not_picked":["Masterful Stab","Underhanded Strike"],"picked":"Riddle With Holes","floor":8},{"not_picked":["Dash","Flying Knee"],"picked":"Blade Dance","floor":14},{"not_picked":["After Image","Night Terror"],"picked":"Corpse Explosion","floor":16},{"not_picked":["Bane","Flying Knee","Outmaneuver"],"picked":"SKIP","floor":18},{"not_picked":["Deadly Poison","Prepared"],"picked":"Sucker Punch+1","floor":20},{"not_picked":["Prepared","Slice"],"picked":"Terror","floor":21},{"not_picked":["Choke","Blur"],"picked":"Slice+1","floor":22},{"not_picked":["Masterful Stab","Deflect"],"picked":"Tools of the Trade","floor":24},{"not_picked":["Dagger Spray","Slice","Catalyst"],"picked":"SKIP","floor":27},{"not_picked":["Storm of Steel","Malaise"],"picked":"Glass Knife","floor":33},{"not_picked":["Slice","Flying Knee+1","Concentrate+1"],"picked":"SKIP","floor":35},{"not_picked":["Cloak And Dagger","Outmaneuver"],"picked":"All Out Attack+1","floor":36},{"not_picked":["Forethought","Mind Blast"],"picked":"HandOfGreed","floor":37},{"not_picked":["Prepared+1","Heel Hook+1"],"picked":"Acrobatics+1","floor":38},{"not_picked":["Endless Agony+1","Flying Knee","Cloak And Dagger"],"picked":"SKIP","floor":41},{"not_picked":["Flechettes+1","Sucker Punch"],"picked":"Predator","floor":42}],"player_experience":333766,"relics_obtained":[{"floor":6,"key":"Juzu Bracelet"},{"floor":8,"key":"Eternal Feather"},{"floor":9,"key":"HornCleat"},{"floor":14,"key":"Mango"},{"floor":24,"key":"Akabeko"},{"floor":25,"key":"Enchiridion"},{"floor":26,"key":"StrikeDummy"},{"floor":29,"key":"Ancient Tea Set"},{"floor":42,"key":"Smiling Mask"},{"floor":46,"key":"InkBottle"},{"floor":47,"key":"Toy Ornithopter"}],"event_choices":[{"damage_healed":0,"gold_gain":0,"cards_transformed":["Strike_G"],"player_choice":"Transformed","damage_taken":0,"max_hp_gain":0,"max_hp_loss":0,"event_name":"Transmorgrifier","floor":2,"gold_loss":0,"cards_obtained":["Escape Plan"]},{"damage_healed":0,"gold_gain":0,"player_choice":"Lose Max HP","damage_taken":0,"relics_obtained":["Golden Idol"],"max_hp_gain":0,"max_hp_loss":6,"event_name":"Golden Idol","floor":7,"gold_loss":0},{"damage_healed":0,"gold_gain":0,"player_choice":"Gave Potion","damage_taken":0,"relics_obtained":["Mercury Hourglass"],"max_hp_gain":0,"max_hp_loss":0,"event_name":"WeMeetAgain","floor":10,"gold_loss":0},{"damage_healed":0,"gold_gain":0,"player_choice":"Became a Ghost","damage_taken":0,"max_hp_gain":0,"max_hp_loss":37,"event_name":"Ghosts","floor":19,"gold_loss":0,"cards_obtained":["Ghostly","Ghostly","Ghostly"]},{"damage_healed":0,"gold_gain":0,"player_choice":"Obtained Book","damage_taken":21,"max_hp_gain":0,"max_hp_loss":0,"event_name":"Cursed Tome","floor":25,"gold_loss":0},{"damage_healed":0,"gold_gain":0,"player_choice":"Inject Mutagens","damage_taken":0,"relics_obtained":["MutagenicStrength"],"max_hp_gain":0,"max_hp_loss":0,"event_name":"Drug Dealer","floor":30,"gold_loss":0},{"damage_healed":0,"gold_gain":0,"player_choice":"Ignored","damage_taken":0,"max_hp_gain":0,"max_hp_loss":0,"event_name":"The Mausoleum","floor":31,"gold_loss":0},{"damage_healed":0,"gold_gain":0,"player_choice":"Memory 3","damage_taken":10,"max_hp_gain":0,"max_hp_loss":0,"event_name":"SensoryStone","floor":37,"gold_loss":0},{"damage_healed":0,"gold_gain":0,"player_choice":"Max HP","damage_taken":0,"max_hp_gain":0,"max_hp_loss":2,"event_name":"Winding Halls","floor":40,"gold_loss":0},{"damage_healed":0,"gold_gain":0,"player_choice":"Relic","damage_taken":0,"max_hp_gain":0,"max_hp_loss":0,"event_name":"Wheel of Change","floor":47,"gold_loss":0},{"damage_healed":0,"gold_gain":0,"player_choice":"Copied","damage_taken":0,"max_hp_gain":0,"max_hp_loss":0,"event_name":"Duplicator","floor":48,"gold_loss":0,"cards_obtained":["Riddle With Holes"]}],"is_beta":false,"boss_relics":[{"not_picked":["HoveringKite","Tiny House"],"picked":"Cursed Key"},{"not_picked":["Black Star","SacredBark"],"picked":"Snecko Eye"}],"items_purged_floors":[39,45],"is_endless":false,"potions_floor_spawned":[1,4,8,14,20,33,35,38],"killed_by":"Awakened One","ascension_level":20}}