{"host":"ow9msrs9p2ctkx99","time":1607835123,"event":{"mods":["AchievementEnabler","BaseMod","Colored Map","Colored Powertips","Minty Spire (QoL Compilation)","Permanent Neow","Quick Restart","SuperFastMode"],"gold_per_floor":[117,117,192,207,219,219,169,182,182,216,236,236,267,287,287,389,389,400,499,514,532,213,241,241,273,320,320,345,345,374,374,374,374,374],"floor_reached":33,"playtime":901,"items_purged":["Strike_B"],"score":500,"play_id":"d4336b11-1df7-4ca9-b253-41f9253682f4","local_time":"20201213055203","is_ascension_mode":true,"campfire_choices":[{"floor":6,"key":"REST"},{"floor":12,"key":"REST"},{"floor":15,"key":"REST"},{"floor":24,"key":"REST"},{"floor":27,"key":"REST"},{"floor":29,"key":"REST"},{"floor":32,"key":"REST"}],"circlet_count":0,"master_deck":["AscendersBane","Defend_B+1","Defend_B","Defend_B","Defend_B","Dualcast","Cold Snap+1","Rebound","Compile Driver","Go for the Eyes","BootSequence","Steam","Conserve Battery","Streamline","Rip and Tear","Beam Cell","Multi-Cast","Stack+1","Beam Cell+1","Sweeping Beam+1","Ball Lightning+1","Auto Shields","Skim","Seek","Sunder+1","Undo","Hologram","Gash+1"],"relics":["Cracked Core","DataDisk","Peace Pipe","Prayer Wheel","Shuriken","Astrolabe","Bottled Lightning","Darkstone Periapt","Bag of Marbles","Akabeko","Cables","MutagenicStrength"],"acts_visited":["Exordium","TheCity"],"potions_floor_usage":[10,13,13,21,23,25,30],"damage_taken":[{"damage":1,"enemies":"Cultist","floor":1,"turns":3},{"damage":7,"enemies":"Small Slimes","floor":4,"turns":3},{"damage":7,"enemies":"Jaw Worm","floor":5,"turns":3},{"damage":13,"enemies":"3 Louse","floor":8,"turns":3},{"damage":16,"enemies":"Lagavulin","floor":10,"turns":6},{"damage":5,"enemies":"Large Slime","floor":11,"turns":4},{"damage":5,"enemies":"Gremlin Nob","floor":13,"turns":3},{"damage":5,"enemies":"Blue Slaver","floor":14,"turns":3},{"damage":21,"enemies":"Slime Boss","floor":16,"turns":8},{"damage":12,"enemies":"Shell Parasite","floor":18,"turns":4},{"damage":0,"enemies":"Chosen","floor":20,"turns":3},{"damage":8,"enemies":"3 Cultists","floor":21,"turns":4},{"damage":41,"enemies":"Slavers","floor":23,"turns":6},{"damage":23,"enemies":"Book of Stabbing","floor":25,"turns":5},{"damage":19,"enemies":"Gremlin Leader","floor":28,"turns":7},{"damage":17,"enemies":"Slavers","floor":30,"turns":7},{"damage":44,"enemies":"Collector","floor":33,"turns":3}],"seed_played":"1588494132321829562","potions_obtained":[{"floor":8,"key":"FearPotion"},{"floor":10,"key":"AttackPotion"},{"floor":11,"key":"DistilledChaos"},{"floor":16,"key":"LiquidMemories"},{"floor":20,"key":"DistilledChaos"},{"floor":23,"key":"FocusPotion"},{"floor":28,"key":"Dexterity Potion"}],"is_trial":false,"path_per_floor":["M","?","?","M","M","R","?","M","T","E","M","R","E","M","R","B",null,"M","?","M","M","$","E","R","E","T","R","E","R","E","?","R","B"],"character_chosen":"DEFECT","items_purchased":["Bottled Lightning"],"campfire_rested":7,"item_purchase_floors":[22],"current_hp_per_floor":[67,52,41,34,27,49,49,36,36,20,15,37,32,27,49,28,63,51,51,51,43,43,2,24,1,1,23,4,26,9,9,31,0,0],"gold":374,"neow_bonus":"RANDOM_COMMON_RELIC","is_daily":false,"chose_seed":false,"campfire_upgraded":0,"win_rate":0.0,"timestamp":1607835123,"path_taken":["M","?","?","M","M","R","?","M","T","E","M","R","E","M","R","BOSS","M","?","M","M","$","E","R","E","T","R","E","R","E","?","R","BOSS"],"items_purchased_type":["Relic"],"build_version":"2020-11-30","purchased_purges":1,"victory":false,"max_hp_per_floor":[75,75,75,75,75,75,75,75,75,75,75,75,75,75,75,75,75,75,75,75,75,75,75,75,75,75,75,75,75,75,75,75,75,75],"card_choices":[{"not_picked":["Gash","Barrage"],"picked":"Cold Snap","floor":1},{"not_picked":["Steam","Compile Driver"],"picked":"Rebound","floor":4},{"not_picked":["Hello World","Turbo"],"picked":"Compile Driver","floor":5},{"not_picked":["Scrape","Beam Cell"],"picked":"Go for the Eyes","floor":8},{"not_picked":["Darkness","Capacitor"],"picked":"BootSequence","floor":10},{"not_picked":["Ball Lightning","Coolheaded"],"picked":"Steam","floor":11},{"not_picked":["Chaos","Static Discharge"],"picked":"Conserve Battery","floor":11},{"not_picked":["Defragment","Lockon"],"picked":"Streamline","floor":13},{"not_picked":["Compile Driver","Defragment"],"picked":"Rip and Tear","floor":14},{"not_picked":["Compile Driver","Barrage"],"picked":"Beam Cell","floor":14},{"not_picked":["Electrodynamics","Rainbow"],"picked":"Multi-Cast","floor":16},{"not_picked":["Cold Snap","Go for the Eyes"],"picked":"Ball Lightning+1","floor":18},{"not_picked":["Rebound","Conserve Battery","Stack+1"],"picked":"SKIP","floor":18},{"not_picked":["Hologram","Lockon+1"],"picked":"Auto Shields","floor":20},{"not_picked":["Static Discharge+1","Compile Driver+1","Beam Cell"],"picked":"SKIP","floor":20},{"not_picked":["Leap","Hologram+1"],"picked":"Skim","floor":21},{"not_picked":["Genetic Algorithm","Cold Snap"],"picked":"Seek","floor":21},{"not_picked":["Streamline","Go for the Eyes+1"],"picked":"Sunder+1","floor":23},{"not_picked":["Barrage","Stack"],"picked":"Undo","floor":25},{"not_picked":["Fusion","Stack"],"picked":"Hologram","floor":28},{"not_picked":["Lockon+1","Compile Driver+1"],"picked":"Gash+1","floor":30}],"player_experience":987687,"relics_obtained":[{"floor":9,"key":"Peace Pipe"},{"floor":10,"key":"Prayer Wheel"},{"floor":13,"key":"Shuriken"},{"floor":23,"key":"Darkstone Periapt"},{"floor":25,"key":"Bag of Marbles"},{"floor":28,"key":"Akabeko"},{"floor":30,"key":"Cables"}],"event_choices":[{"damage_healed":0,"gold_gain":0,"player_choice":"Entered Light","damage_taken":15,"max_hp_gain":0,"max_hp_loss":0,"event_name":"Shining Light","floor":2,"gold_loss":0,"cards_upgraded":["Cold Snap","Defend_B"]},{"damage_healed":0,"gold_gain":75,"player_choice":"Gather Gold","damage_taken":11,"max_hp_gain":0,"max_hp_loss":0,"event_name":"World of Goop","floor":3,"gold_loss":0},{"cards_removed":["Strike_B"],"damage_healed":0,"gold_gain":0,"player_choice":"Card Removal","damage_taken":0,"max_hp_gain":0,"max_hp_loss":0,"event_name":"The Cleric","floor":7,"gold_loss":50},{"damage_healed":0,"gold_gain":99,"player_choice":"Stole From Cult","damage_taken":0,"max_hp_gain":0,"max_hp_loss":0,"event_name":"Nest","floor":19,"gold_loss":0},{"damage_healed":0,"gold_gain":0,"player_choice":"Inject Mutagens","damage_taken":0,"relics_obtained":["MutagenicStrength"],"max_hp_gain":0,"max_hp_loss":0,"event_name":"Drug Dealer","floor":31,"gold_loss":0}],"is_beta":false,"boss_relics":[{"not_picked":["Velvet Choker","SacredBark"],"picked":"Astrolabe"}],"items_purged_floors":[22],"is_endless":false,"potions_floor_spawned":[8,10,11,16,20,23,28],"killed_by":"Collector","ascension_level":10}}