{"host":"p7j7o00jacnw7qzt","time":1607894404,"event":{"mods":["BaseMod","Colored Map","Colored Powertips","DeckTracker","Highlight Path","Minty Spire (QoL Compilation)","Relic Stats"],"gold_per_floor":[109,122,122,47,47,80,80,109,109,144,144,66,66,85,85,158,158,169,69,69,69,69,111,111,149,149,183,183,193,211,261,261,342,342,352,370,245,260,273,307,307,350,428,428,469,143,156,199,199,199,199,199,199,49,79,79],"floor_reached":57,"playtime":3081,"items_purged":["Strike_R","Strike_R","Immolate+1","Fiend Fire+1"],"score":3105,"play_id":"5c47b263-f879-4c35-92cb-bbe77c26cdf9","local_time":"20201213162004","is_ascension_mode":true,"campfire_choices":[{"data":"Sever Soul","floor":7.0,"key":"SMITH"},{"data":"Evolve","floor":13.0,"key":"SMITH"},{"data":"Power Through","floor":15.0,"key":"SMITH"},{"data":"Feel No Pain","floor":24.0,"key":"SMITH"},{"data":"Shockwave","floor":28.0,"key":"SMITH"},{"floor":32.0,"key":"RECALL"},{"floor":41.0,"key":"REST"},{"floor":49.0,"key":"REST"},{"floor":53.0,"key":"REST"}],"circlet_count":0,"master_deck":["AscendersBane","Defend_R","Defend_R","Defend_R","Defend_R","Power Through+1","Sever Soul+1","Bloodletting","Evolve+1","Pommel Strike+1","Shockwave+1","Feel No Pain+1","Shrug It Off","Body Slam+1","Exhume","Madness","Madness","Offering","Exhume+1","Rupture+1"],"relics":["Burning Blood","NeowsBlessing","Juzu Bracelet","Bag of Marbles","Molten Egg 2","Pear","Black Star","CeramicFish","StrikeDummy","Gremlin Horn","PreservedInsect","Meat on the Bone","Incense Burner","Fusion Hammer","Potion Belt","Shuriken","Centennial Puzzle","Boot","Toxic Egg 2","InkBottle","Lee\u0027s Waffle","Bag of Preparation","Ornamental Fan","Bronze Scales","StoneCalendar"],"acts_visited":["Exordium","TheCity","TheBeyond","TheEnding"],"potions_floor_usage":[],"damage_taken":[{"damage":0.0,"enemies":"2 Louse","floor":1.0,"turns":2.0},{"damage":0.0,"enemies":"Cultist","floor":2.0,"turns":1.0},{"damage":0.0,"enemies":"Gremlin Nob","floor":6.0,"turns":1.0},{"damage":10.0,"enemies":"Lagavulin","floor":8.0,"turns":7.0},{"damage":15.0,"enemies":"3 Sentries","floor":10.0,"turns":10.0},{"damage":5.0,"enemies":"Small Slimes","floor":14.0,"turns":4.0},{"damage":56.0,"enemies":"Hexaghost","floor":16.0,"turns":8.0},{"damage":22.0,"enemies":"Shell Parasite","floor":18.0,"turns":4.0},{"damage":15.0,"enemies":"Book of Stabbing","floor":23.0,"turns":4.0},{"damage":11.0,"enemies":"Slavers","floor":25.0,"turns":4.0},{"damage":17.0,"enemies":"Book of Stabbing","floor":27.0,"turns":3.0},{"damage":18.0,"enemies":"Spheric Guardian","floor":29.0,"turns":7.0},{"damage":18.0,"enemies":"Cultist and Chosen","floor":30.0,"turns":6.0},{"damage":12.0,"enemies":"Champ","floor":33.0,"turns":8.0},{"damage":0.0,"enemies":"3 Shapes","floor":35.0,"turns":2.0},{"damage":3.0,"enemies":"Orb Walker","floor":38.0,"turns":4.0},{"damage":36.0,"enemies":"Transient","floor":39.0,"turns":6.0},{"damage":19.0,"enemies":"Giant Head","floor":40.0,"turns":7.0},{"damage":3.0,"enemies":"Nemesis","floor":42.0,"turns":7.0},{"damage":23.0,"enemies":"Reptomancer","floor":45.0,"turns":3.0},{"damage":21.0,"enemies":"Jaw Worm Horde","floor":47.0,"turns":3.0},{"damage":18.0,"enemies":"Giant Head","floor":48.0,"turns":3.0},{"damage":24.0,"enemies":"Awakened One","floor":50.0,"turns":4.0},{"damage":45.0,"enemies":"Time Eater","floor":51.0,"turns":6.0},{"damage":12.0,"enemies":"Shield and Spear","floor":55.0,"turns":3.0},{"damage":72,"enemies":"The Heart","floor":56,"turns":8}],"seed_played":"-2764950178975108682","potions_obtained":[{"floor":1.0,"key":"LiquidMemories"},{"floor":8.0,"key":"Ancient Potion"},{"floor":16.0,"key":"SteroidPotion"},{"floor":20.0,"key":"BloodPotion"},{"floor":20.0,"key":"CultistPotion"},{"floor":23.0,"key":"Energy Potion"},{"floor":25.0,"key":"Swift Potion"},{"floor":33.0,"key":"SteroidPotion"},{"floor":45.0,"key":"Energy Potion"},{"floor":47.0,"key":"BloodPotion"}],"is_trial":false,"path_per_floor":["M","M","?","$","?","E","R","E","T","E","?","$","R","M","R","B",null,"M","$","?","?","?","E","R","E","T","E","R","M","M","?","R","B",null,"M","?","$","M","M","E","R","E","T","?","E","$","M","E","R","B","B",null,"R","$","E","B",null],"character_chosen":"IRONCLAD","items_purchased":["Evolve","Lee\u0027s Waffle","Bag of Preparation"],"campfire_rested":3,"item_purchase_floors":[12,46,46],"current_hp_per_floor":[74,75,75,75,75,75,75,71,71,72,72,72,72,73,73,23,70,54,54,54,54,54,62,62,57,57,58,58,58,58,58,58,52,77,83,68,68,71,53,52,77,80,80,70,53,92,77,65,92,74,47,81,92,92,86,32],"gold":79,"neow_bonus":"THREE_ENEMY_KILL","is_daily":false,"chose_seed":false,"campfire_upgraded":5,"win_rate":0.0,"timestamp":1607894404,"path_taken":["M","M","?","?","?","E","R","E","T","E","?","$","R","M","R","BOSS","M","$","?","?","?","E","R","E","T","E","R","M","M","?","R","BOSS","M","?","$","M","M","E","R","E","T","?","E","?","M","E","R","BOSS","BOSS","R","$","E","BOSS"],"items_purchased_type":["Card","Relic","Relic"],"build_version":"2020-11-30","purchased_purges":4,"victory":true,"max_hp_per_floor":[75,75,75,75,75,75,75,75,75,85,85,85,85,85,85,85,85,85,85,85,85,85,85,85,85,85,85,85,85,85,85,85,85,85,85,85,85,85,85,85,85,85,85,85,85,92,92,92,92,92,92,92,92,92,92,92],"relic_stats":{"Lee\u0027s Waffle":39,"Gremlin Horn":[11,11],"counters":[26,125],"CeramicFish":81,"StoneCalendar":[0],"PreservedInsect":493,"Juzu Bracelet":2,"Bag of Preparation":[12],"Boot":[2],"Burning Blood":145,"Centennial Puzzle":[21],"Shuriken":[24],"Ornamental Fan":[72],"Bronze Scales":[96],"Black Star":8,"obtain_stats":[{"Gremlin Horn":25,"CeramicFish":23,"StoneCalendar":55,"Juzu Bracelet":6,"Incense Burner":27,"Bag of Preparation":46,"Boot":42,"Burning Blood":0,"Centennial Puzzle":42,"Fusion Hammer":34,"Toxic Egg 2":45,"InkBottle":45,"Potion Belt":40,"Lee\u0027s Waffle":46,"Pear":10,"NeowsBlessing":0,"PreservedInsect":25,"Shuriken":40,"Ornamental Fan":48,"Bronze Scales":55,"Molten Egg 2":9,"Bag of Marbles":8,"Black Star":17,"StrikeDummy":23,"Meat on the Bone":26},{"Gremlin Horn":10,"CeramicFish":9,"StoneCalendar":25,"Juzu Bracelet":3,"Incense Burner":11,"Bag of Preparation":20,"Boot":19,"Burning Blood":0,"Centennial Puzzle":19,"Fusion Hammer":14,"Toxic Egg 2":20,"InkBottle":20,"Potion Belt":18,"Lee\u0027s Waffle":20,"Pear":5,"NeowsBlessing":0,"PreservedInsect":10,"Shuriken":18,"Ornamental Fan":22,"Bronze Scales":25,"Molten Egg 2":4,"Bag of Marbles":4,"Black Star":7,"StrikeDummy":9,"Meat on the Bone":10},{"Gremlin Horn":45,"CeramicFish":41,"StoneCalendar":117,"Juzu Bracelet":4,"Incense Burner":48,"Bag of Preparation":98,"Boot":95,"Burning Blood":0,"Centennial Puzzle":95,"Fusion Hammer":69,"Toxic Egg 2":98,"InkBottle":98,"Potion Belt":88,"Lee\u0027s Waffle":98,"Pear":21,"NeowsBlessing":0,"PreservedInsect":45,"Shuriken":88,"Ornamental Fan":104,"Bronze Scales":117,"Molten Egg 2":11,"Bag of Marbles":11,"Black Star":33,"StrikeDummy":41,"Meat on the Bone":45}],"InkBottle":[11],"Meat on the Bone":84},"card_choices":[{"not_picked":["Pummel","Heavy Blade","Thunderclap"],"picked":"SKIP","floor":1.0},{"not_picked":["Twin Strike","Clash"],"picked":"Power Through","floor":2.0},{"not_picked":["Entrench","Cleave"],"picked":"Sever Soul","floor":6.0},{"not_picked":["Combust","Double Tap","Armaments"],"picked":"SKIP","floor":8.0},{"not_picked":["Twin Strike+1","Berserk"],"picked":"Bloodletting","floor":10.0},{"not_picked":["Warcry","Flame Barrier","Bloodletting"],"picked":"SKIP","floor":14.0},{"not_picked":["Corruption","Berserk"],"picked":"Immolate+1","floor":16.0},{"not_picked":["Heavy Blade+1","Combust"],"picked":"Pommel Strike+1","floor":18.0},{"not_picked":["Power Through","Pummel+1"],"picked":"Feel No Pain","floor":23.0},{"not_picked":["Flex","Heavy Blade+1"],"picked":"Shrug It Off","floor":25.0},{"not_picked":["Thunderclap+1","Disarm+1"],"picked":"Body Slam+1","floor":27.0},{"not_picked":["Clothesline+1","Reckless Charge+1","Havoc+1"],"picked":"SKIP","floor":29.0},{"not_picked":["Twin Strike+1","Body Slam+1","Anger+1"],"picked":"SKIP","floor":30.0},{"not_picked":["Limit Break","Feed+1"],"picked":"Exhume","floor":33.0},{"not_picked":["Sword Boomerang+1","Heavy Blade+1","Wild Strike+1"],"picked":"SKIP","floor":35.0},{"not_picked":["Rampage+1","Cleave+1","Thunderclap+1"],"picked":"SKIP","floor":38.0},{"not_picked":["Uppercut+1","Entrench","Anger+1"],"picked":"SKIP","floor":39.0},{"not_picked":["Clash+1","Shockwave+1","Infernal Blade+1"],"picked":"SKIP","floor":40.0},{"not_picked":["Clothesline+1","Hemokinesis+1"],"picked":"Offering","floor":42.0},{"not_picked":["Sever Soul+1","Heavy Blade+1"],"picked":"Exhume+1","floor":45.0},{"not_picked":["Bloodletting+1","Sword Boomerang+1","Wild Strike+1"],"picked":"SKIP","floor":47.0},{"not_picked":["Twin Strike+1","Power Through+1"],"picked":"Rupture+1","floor":48.0},{"not_picked":["Dual Wield+1","Fire Breathing","Inflame+1"],"picked":"SKIP","floor":55.0}],"player_experience":833627,"relics_obtained":[{"floor":6.0,"key":"Juzu Bracelet"},{"floor":8.0,"key":"Bag of Marbles"},{"floor":9.0,"key":"Molten Egg 2"},{"floor":10.0,"key":"Pear"},{"floor":23.0,"key":"CeramicFish"},{"floor":23.0,"key":"StrikeDummy"},{"floor":25.0,"key":"Gremlin Horn"},{"floor":25.0,"key":"PreservedInsect"},{"floor":26.0,"key":"Meat on the Bone"},{"floor":27.0,"key":"Incense Burner"},{"floor":40.0,"key":"Potion Belt"},{"floor":40.0,"key":"Shuriken"},{"floor":42.0,"key":"Centennial Puzzle"},{"floor":42.0,"key":"Boot"},{"floor":45.0,"key":"Toxic Egg 2"},{"floor":45.0,"key":"InkBottle"},{"floor":48.0,"key":"Ornamental Fan"},{"floor":55.0,"key":"Bronze Scales"},{"floor":55.0,"key":"StoneCalendar"}],"event_choices":[{"cards_removed":["Strike_R"],"damage_healed":0.0,"max_hp_gain":0.0,"max_hp_loss":0.0,"gold_gain":0.0,"event_name":"Purifier","player_choice":"Purged","floor":3.0,"gold_loss":0.0,"damage_taken":0.0},{"cards_removed":["Strike_R"],"damage_healed":0.0,"max_hp_gain":0.0,"max_hp_loss":0.0,"gold_gain":0.0,"event_name":"Bonfire Elementals","player_choice":"Offered Basic","floor":5.0,"gold_loss":0.0,"damage_taken":0.0},{"damage_healed":0.0,"max_hp_gain":0.0,"max_hp_loss":0.0,"gold_gain":0.0,"event_name":"Shining Light","player_choice":"Ignored","floor":11.0,"gold_loss":0.0,"damage_taken":0.0},{"damage_healed":0.0,"max_hp_gain":0.0,"max_hp_loss":0.0,"gold_gain":0.0,"event_name":"Lab","player_choice":"Got Potions","floor":20.0,"gold_loss":0.0,"damage_taken":0.0},{"damage_healed":0.0,"max_hp_gain":0.0,"max_hp_loss":0.0,"gold_gain":0.0,"event_name":"The Mausoleum","player_choice":"Ignored","floor":21.0,"gold_loss":0.0,"damage_taken":0.0},{"damage_healed":0.0,"max_hp_gain":0.0,"max_hp_loss":0.0,"gold_gain":0.0,"cards_transformed":["Strike_R","Bash"],"event_name":"Drug Dealer","player_choice":"Became Test Subject","floor":22.0,"gold_loss":0.0,"damage_taken":0.0,"cards_obtained":["Shockwave","Fiend Fire"]},{"damage_healed":0.0,"max_hp_gain":0.0,"max_hp_loss":0.0,"gold_gain":50.0,"event_name":"Nest","player_choice":"Stole From Cult","floor":31.0,"gold_loss":0.0,"damage_taken":0.0},{"damage_healed":0.0,"max_hp_gain":0.0,"max_hp_loss":0.0,"gold_gain":0.0,"event_name":"Winding Halls","player_choice":"Embrace Madness","floor":36.0,"gold_loss":0.0,"damage_taken":15.0,"cards_obtained":["Madness","Madness"]},{"damage_healed":0.0,"max_hp_gain":0.0,"max_hp_loss":0.0,"gold_gain":0.0,"event_name":"SensoryStone","player_choice":"Memory 3","floor":44.0,"gold_loss":0.0,"damage_taken":10.0}],"is_beta":false,"boss_relics":[{"not_picked":["Black Blood","Runic Dome"],"picked":"Black Star"},{"not_picked":["Tiny House","Pandora\u0027s Box"],"picked":"Fusion Hammer"}],"items_purged_floors":[4,19,37,54],"is_endless":false,"potions_floor_spawned":[1,8,16,23,25,30,33,45,47],"ascension_level":20}}