{"host":"v4nyfngrgywi7zc6","time":1607897032,"event":{"mods":["2.2 Compatiblity","BaseMod","Custom Start","Hermit","Minty Spire (QoL Compilation)","Shop Mod","StSLib","The Jungle"],"gold_per_floor":[117,117,42,317,330,330,357,373,397,415,415,38,38,66,66,162,162,182,182,197,53,153,153,171,205,205,66,66,99,112,12,12,113,113,124,174,194,214,214,240,240,259,259,28,45,45,61,61,61,61,61,61,30,55,55,55],"floor_reached":55,"playtime":3439,"items_purged":["hermit:Defend_Hermit","Regret","hermit:NoHoldsBarred+1"],"score":793,"play_id":"f5ae6368-64e4-447a-b62a-9b9c35fc8a9f","local_time":"20201213160352","is_ascension_mode":false,"campfire_choices":[{"data":"hermit:Covet","floor":6.0,"key":"SMITH"},{"data":"hermit:NoHoldsBarred","floor":11.0,"key":"SMITH"},{"data":"hermit:Combo","floor":13.0,"key":"SMITH"},{"floor":15.0,"key":"RECALL"},{"floor":23.0,"key":"REST"},{"floor":28.0,"key":"REST"},{"floor":32.0,"key":"REST"},{"floor":46,"key":"REST"},{"floor":49,"key":"REST"},{"data":"1","floor":52,"key":"LIFT"}],"circlet_count":0,"master_deck":["hermit:Strike_Hermit","hermit:Strike_Hermit","hermit:Defend_Hermit","hermit:Defend_Hermit","hermit:Defend_Hermit","hermit:Snapshot","hermit:Covet+1","hermit:Enervate","hermit:Glare","hermit:Combo+1","hermit:TrackingShot","hermit:BlackWind","hermit:LoneWolf+1","hermit:ItchyTrigger","hermit:BigShot","hermit:Enervate","hermit:Enervate","CurseOfTheBell","hermit:DeadMansHand","hermit:Adapt","hermit:Gambit","Parasite","Writhe","hermit:Combo"],"relics":["hermit:Momento","NeowsBlessing","Lantern","PreservedInsect","Shuriken","Happy Flower","Fusion Hammer","Vajra","Akabeko","The Courier","Calling Bell","Anchor","Question Card","Girya","FossilizedHelix","MealTicket","Darkstone Periapt","Bronze Scales"],"acts_visited":["Exordium","Exordium","TheBeyond","TheEnding"],"potions_floor_usage":[40,42,50,50,50,50,50,50,55],"damage_taken":[{"damage":0.0,"enemies":"Jaw Worm","floor":1.0,"turns":1.0},{"damage":0.0,"enemies":"Small Slimes","floor":5.0,"turns":1.0},{"damage":0.0,"enemies":"3 Sentries","floor":7.0,"turns":2.0},{"damage":0.0,"enemies":"Cultist","floor":8.0,"turns":3.0},{"damage":0.0,"enemies":"3 Louse","floor":10.0,"turns":1.0},{"damage":0.0,"enemies":"Lagavulin","floor":14.0,"turns":3.0},{"damage":44.0,"enemies":"Hexaghost","floor":16.0,"turns":6.0},{"damage":6.0,"enemies":"theJungle:MUSHROOMGANG","floor":18.0,"turns":3.0},{"damage":23.0,"enemies":"theJungle:GiantWrat","floor":20.0,"turns":4.0},{"damage":1.0,"enemies":"theJungle:Snecko_Cultist_And_Trap","floor":24.0,"turns":3.0},{"damage":24.0,"enemies":"theJungle:Cassacara","floor":25.0,"turns":4.0},{"damage":3.0,"enemies":"theJungle:2_Phrogs","floor":29.0,"turns":3.0},{"damage":0.0,"enemies":"Snake Plant","floor":30.0,"turns":1.0},{"damage":21.0,"enemies":"theJungle:QueenSpyder","floor":33.0,"turns":6.0},{"damage":8.0,"enemies":"Orb Walker","floor":35.0,"turns":3.0},{"damage":29.0,"enemies":"Mind Bloom Boss Battle","floor":36.0,"turns":4.0},{"damage":5.0,"enemies":"3 Shapes","floor":37.0,"turns":2.0},{"damage":0,"enemies":"3 Darklings","floor":38,"turns":2},{"damage":0,"enemies":"Nemesis","floor":40,"turns":3},{"damage":10,"enemies":"Sphere and 2 Shapes","floor":42,"turns":3},{"damage":0,"enemies":"Writhing Mass","floor":45,"turns":4},{"damage":39,"enemies":"Spire Growth","floor":47,"turns":4},{"damage":46,"enemies":"Awakened One","floor":50,"turns":11},{"damage":80,"enemies":"Shield and Spear","floor":54,"turns":5},{"damage":60,"enemies":"The Heart","floor":55,"turns":2}],"seed_played":"-280612567775353886","potions_obtained":[{"floor":1.0,"key":"hermit:BlackBile"},{"floor":7.0,"key":"hermit:Tonic"},{"floor":14.0,"key":"ColorlessPotion"},{"floor":18.0,"key":"SteroidPotion"},{"floor":25.0,"key":"Energy Potion"},{"floor":30.0,"key":"Explosive Potion"},{"floor":35.0,"key":"ColorlessPotion"},{"floor":38,"key":"PowerPotion"},{"floor":54,"key":"PowerPotion"}],"is_trial":false,"path_per_floor":["M","?","$","?","M","R","E","M","T","M","R","$","R","E","R","B",null,"M","?","M","$","?","R","M","E","T","$","R","E","M","$","R","B",null,"M","?","M","M","?","E","?","M","T","$","M","R","M","?","R","B",null,"R","$","E","B"],"character_chosen":"HERMIT","items_purchased":["hermit:Combo","Shuriken","hermit:TrackingShot","Vajra","hermit:Enervate","hermit:Gambit","EntropicBrew","Strength Potion","hermit:Combo"],"campfire_rested":5,"item_purchase_floors":[12,12,12,21,27,44,44,44,53],"current_hp_per_floor":[75,75,75,75,75,75,75,75,75,75,75,75,75,75,75,31,75,69,69,46,46,46,68,67,43,43,43,65,62,62,62,75,54,75,67,38,33,33,33,33,33,23,23,38,44,68,29,55,81,35,87,87,87,7,0,0],"gold":55,"neow_bonus":"THREE_ENEMY_KILL","is_daily":false,"chose_seed":false,"campfire_upgraded":3,"win_rate":0.0,"timestamp":1607897032,"path_taken":["M","?","$","?","?","R","E","M","T","M","R","$","R","E","R","BOSS","M","?","?","$","?","R","M","E","T","$","R","E","M","?","R","BOSS","M","?","M","M","?","E","?","?","T","?","M","R","M","?","R","BOSS","R","$","E","BOSS"],"items_purchased_type":["Card","Relic","Card","Relic","Card","Card","Potion","Potion","Card"],"build_version":"2020-11-30","purchased_purges":3,"victory":false,"max_hp_per_floor":[75,75,75,75,75,75,75,75,75,75,75,75,75,75,75,75,75,75,75,75,75,75,75,75,75,75,75,75,75,75,75,75,75,75,75,75,75,75,75,75,75,75,75,75,81,81,81,87,87,87,87,87,87,87,87,87],"card_choices":[{"not_picked":["hermit:Dive","hermit:Deadeye"],"picked":"hermit:Enervate","floor":1.0},{"not_picked":["hermit:Gestalt","hermit:CalledShot","hermit:Manifest"],"picked":"SKIP","floor":5.0},{"not_picked":["hermit:Desperado","hermit:Manifest"],"picked":"hermit:Glare","floor":7.0},{"not_picked":["hermit:Showdown","hermit:GoldenBullet"],"picked":"hermit:NoHoldsBarred","floor":8.0},{"not_picked":["hermit:LuckOfTheDraw","hermit:Headshot","hermit:GoldenBullet"],"picked":"SKIP","floor":10.0},{"not_picked":["hermit:WideOpen","hermit:Quickdraw","hermit:Dive"],"picked":"SKIP","floor":14.0},{"not_picked":["hermit:Roughhouse","hermit:RoundhouseKick"],"picked":"hermit:BlackWind","floor":16.0},{"not_picked":["hermit:Desperado","hermit:GoldenBullet+1"],"picked":"hermit:LoneWolf","floor":18.0},{"not_picked":["hermit:LuckOfTheDraw","hermit:Determination+1"],"picked":"hermit:ItchyTrigger","floor":20.0},{"not_picked":["hermit:Virtue","hermit:Coalescence+1"],"picked":"hermit:BigShot","floor":24.0},{"not_picked":["hermit:LoneWolf+1","hermit:TrackingShot","hermit:Ricochet"],"picked":"SKIP","floor":25.0},{"not_picked":["hermit:Feint","hermit:Maintenance"],"picked":"hermit:Enervate","floor":29.0},{"not_picked":["hermit:Dive","hermit:Headshot+1","hermit:BodyArmor"],"picked":"SKIP","floor":30.0},{"not_picked":["hermit:Roulette","hermit:ShadowCloak","hermit:Dive+1","hermit:HighCaliber+1"],"picked":"SKIP","floor":35.0},{"not_picked":["hermit:Determination+1","hermit:FullyLoaded+1","hermit:Brawl+1"],"picked":"hermit:DeadMansHand","floor":36.0},{"not_picked":["hermit:GoldenBullet+1","hermit:Manifest","hermit:GhostlyPresence","hermit:HoleUp+1"],"picked":"SKIP","floor":37.0},{"not_picked":["hermit:Gestalt","hermit:CalledShot","hermit:NoHoldsBarred+1","hermit:GoldenBullet+1"],"picked":"SKIP","floor":38},{"not_picked":["hermit:Magnum","hermit:ShadowCloak","hermit:TrackingShot+1","hermit:LowProfile+1"],"picked":"SKIP","floor":40},{"not_picked":["hermit:Ricochet","hermit:TrackingShot+1","hermit:Snipe","hermit:Desperado+1"],"picked":"SKIP","floor":42},{"not_picked":["hermit:Quickdraw+1","hermit:Brawl","hermit:CalledShot","hermit:FlashPowder+1"],"picked":"SKIP","floor":45},{"not_picked":["hermit:Grudge","hermit:Adapt","hermit:ShadowCloak","hermit:WideOpen+1"],"picked":"SKIP","floor":47},{"not_picked":["hermit:Midnight+1","hermit:HoleUp","hermit:ItchyTrigger","hermit:Manifest"],"picked":"SKIP","floor":54}],"player_experience":209249,"relics_obtained":[{"floor":7.0,"key":"Lantern"},{"floor":9.0,"key":"PreservedInsect"},{"floor":14.0,"key":"Happy Flower"},{"floor":25.0,"key":"Akabeko"},{"floor":29.0,"key":"The Courier"},{"floor":34.0,"key":"Anchor"},{"floor":34.0,"key":"Question Card"},{"floor":34.0,"key":"Girya"},{"floor":36.0,"key":"FossilizedHelix"},{"floor":40,"key":"MealTicket"},{"floor":43,"key":"Darkstone Periapt"},{"floor":54,"key":"Bronze Scales"}],"event_choices":[{"cards_removed":["hermit:Strike_Hermit"],"damage_healed":0.0,"max_hp_gain":0.0,"max_hp_loss":0.0,"gold_gain":0.0,"event_name":"Living Wall","player_choice":"Forget","floor":2.0,"gold_loss":0.0,"damage_taken":0.0},{"damage_healed":0.0,"max_hp_gain":0.0,"max_hp_loss":0.0,"gold_gain":275.0,"event_name":"Golden Shrine","player_choice":"Desecrate","floor":4.0,"gold_loss":0.0,"damage_taken":0.0,"cards_obtained":["Regret"]},{"damage_healed":0.0,"max_hp_gain":0.0,"max_hp_loss":0.0,"gold_gain":0.0,"event_name":"Accursed Blacksmith","player_choice":"Forge","floor":19.0,"gold_loss":0.0,"damage_taken":0.0,"cards_upgraded":["hermit:LoneWolf"]},{"damage_healed":0.0,"max_hp_gain":0.0,"max_hp_loss":0.0,"gold_gain":100.0,"event_name":"Golden Shrine","player_choice":"Pray","floor":22.0,"gold_loss":0.0,"damage_taken":0.0},{"damage_healed":0.0,"max_hp_gain":0.0,"max_hp_loss":0.0,"gold_gain":0.0,"event_name":"MindBloom","player_choice":"Fight","floor":36.0,"gold_loss":0.0,"damage_taken":0.0},{"damage_healed":0,"gold_gain":0,"player_choice":"Ignored","damage_taken":0,"max_hp_gain":0,"max_hp_loss":0,"event_name":"Tomb of Lord Red Mask","floor":39,"gold_loss":0},{"damage_healed":0,"gold_gain":0,"cards_transformed":["hermit:Strike_Hermit"],"player_choice":"Transformed","damage_taken":0,"max_hp_gain":0,"max_hp_loss":0,"event_name":"Transmorgrifier","floor":41,"gold_loss":0,"cards_obtained":["hermit:Adapt"]},{"damage_healed":20,"gold_gain":0,"player_choice":"Writhe","damage_taken":0,"max_hp_gain":0,"max_hp_loss":0,"event_name":"Winding Halls","floor":48,"gold_loss":0,"cards_obtained":["Writhe"]}],"is_beta":false,"boss_relics":[{"not_picked":["Pandora\u0027s Box","Philosopher\u0027s Stone"],"picked":"Fusion Hammer"},{"not_picked":["Runic Dome","Black Star"],"picked":"Calling Bell"}],"items_purged_floors":[3,27,31],"is_endless":false,"potions_floor_spawned":[1,7,14,18,25,30,35,36,38,45,54],"killed_by":"The Heart","ascension_level":0}}