{"host":"i344ixtilokuekwt","time":1607829929,"event":{"mods":["BaseMod","Card Forge","Colored Powertips","Minty Spire (QoL Compilation)","Quick Restart","Relic Stats","StSLib"],"gold_per_floor":[110,129,144,159,29,29,57,57,81,116,131,47,47,84,84,186,186,223,223,261,304,304,304],"floor_reached":22,"playtime":857,"items_purged":["Strike_P"],"score":446,"play_id":"bf256539-1dc4-4239-a2a3-919c266881b7","local_time":"20201212222529","is_ascension_mode":true,"campfire_choices":[{"data":"Eruption","floor":6,"key":"SMITH"},{"data":"WheelKick","floor":8,"key":"SMITH"},{"data":"Wallop","floor":13,"key":"SMITH"},{"floor":15,"key":"REST"}],"circlet_count":0,"master_deck":["AscendersBane","Strike_P","Strike_P","Strike_P","Defend_P","Defend_P","Defend_P","Defend_P","Eruption+1","Vigilance","CarveReality","FearNoEvil","WheelKick+1","Wish","InnerPeace","DeceiveReality","Wallop+1","LikeWater","DevaForm","Wallop+1","Protect"],"relics":["Hammer of Thor","Seething Fire","Anvil of the Gods","Runic Dome","Orichalcum","Regal Pillow","Damaru","Snecko Eye","Art of War"],"acts_visited":["Exordium","TheCity"],"potions_floor_usage":[10,16],"damage_taken":[{"damage":0,"enemies":"Cultist","floor":1,"turns":3},{"damage":6,"enemies":"2 Louse","floor":2,"turns":4},{"damage":0,"enemies":"Small Slimes","floor":3,"turns":2},{"damage":0,"enemies":"Exordium Wildlife","floor":4,"turns":2},{"damage":0,"enemies":"Gremlin Nob","floor":7,"turns":2},{"damage":15,"enemies":"Lagavulin","floor":10,"turns":5},{"damage":21,"enemies":"Large Slime","floor":11,"turns":4},{"damage":7,"enemies":"3 Louse","floor":14,"turns":4},{"damage":60,"enemies":"The Guardian","floor":16,"turns":10},{"damage":33,"enemies":"2 Thieves","floor":18,"turns":3},{"damage":0,"enemies":"Chosen","floor":20,"turns":4},{"damage":0,"enemies":"Snecko","floor":21,"turns":4},{"damage":38,"enemies":"Snake Plant","floor":22,"turns":4}],"seed_played":"8302907414294111026","potions_obtained":[{"floor":7,"key":"DuplicationPotion"},{"floor":10,"key":"Dexterity Potion"},{"floor":11,"key":"FairyPotion"},{"floor":16,"key":"Ambrosia"}],"is_trial":false,"path_per_floor":["M","M","M","M","$","R","E","R","T","E","M","$","R","M","R","B",null,"M","?","M","M","M"],"character_chosen":"WATCHER","items_purchased":["Block Potion","Wallop"],"campfire_rested":1,"item_purchase_floors":[5,12],"current_hp_per_floor":[61,55,55,55,55,55,55,55,55,40,19,19,19,12,47,20,56,23,23,23,23,0,0],"gold":304,"neow_bonus":"BOSS_RELIC","is_daily":false,"chose_seed":false,"campfire_upgraded":3,"win_rate":0.0,"timestamp":1607829929,"path_taken":["M","?","M","M","?","R","E","R","T","E","M","$","R","?","R","BOSS","M","?","M","?","M"],"items_purchased_type":["Potion","Card"],"build_version":"2020-11-30","purchased_purges":1,"victory":false,"max_hp_per_floor":[68,68,68,68,68,68,68,68,68,68,68,68,68,68,68,68,68,68,68,68,68,68,68],"relic_stats":{"Regal Pillow":15,"counters":[13,51],"Snecko Eye":[27,28,29,32],"Art of War":[1],"Orichalcum":[36],"obtain_stats":[{"Runic Dome":0,"Regal Pillow":9,"Anvil of the Gods":0,"Damaru":10,"Snecko Eye":17,"Hammer of Thor":0,"Art of War":19,"Seething Fire":0,"PureWater":0,"Orichalcum":7},{"Runic Dome":0,"Regal Pillow":5,"Anvil of the Gods":0,"Damaru":6,"Snecko Eye":9,"Hammer of Thor":0,"Art of War":10,"Seething Fire":0,"PureWater":0,"Orichalcum":5},{"Runic Dome":0,"Regal Pillow":13,"Anvil of the Gods":0,"Damaru":18,"Snecko Eye":36,"Hammer of Thor":0,"Art of War":39,"Seething Fire":0,"PureWater":0,"Orichalcum":13}]},"card_choices":[{"not_picked":["ThirdEye","Evaluate"],"picked":"FollowUp","floor":1},{"not_picked":["ClearTheMind","WaveOfTheHand"],"picked":"CarveReality","floor":2},{"not_picked":["JustLucky","FlurryOfBlows"],"picked":"FearNoEvil","floor":3},{"not_picked":["Consecrate","FlyingSleeves"],"picked":"WheelKick","floor":4},{"not_picked":["Consecrate","ThirdEye"],"picked":"Wish","floor":7},{"not_picked":["JustLucky","Brilliance"],"picked":"InnerPeace","floor":10},{"not_picked":["Halt","CrushJoints"],"picked":"DeceiveReality","floor":11},{"not_picked":["Nirvana","Evaluate"],"picked":"LikeWater","floor":14},{"not_picked":["Judgement","Wish"],"picked":"DevaForm","floor":16},{"not_picked":["ReachHeaven","FlurryOfBlows"],"picked":"Wallop+1","floor":18},{"not_picked":["CrushJoints","BattleHymn"],"picked":"Protect","floor":20},{"not_picked":["EmptyBody","Fasting2+1","WheelKick"],"picked":"SKIP","floor":21}],"player_experience":649982,"relics_obtained":[{"floor":7,"key":"Orichalcum"},{"floor":9,"key":"Regal Pillow"},{"floor":10,"key":"Damaru"}],"event_choices":[{"cards_removed":["FollowUp"],"damage_healed":0,"gold_gain":0,"player_choice":"Gave Card","damage_taken":0,"relics_obtained":["Art of War"],"max_hp_gain":0,"max_hp_loss":0,"event_name":"WeMeetAgain","floor":19,"gold_loss":0}],"is_beta":false,"boss_relics":[{"not_picked":["Pandora\u0027s Box","Ectoplasm"],"picked":"Snecko Eye"}],"items_purged_floors":[5],"is_endless":false,"potions_floor_spawned":[7,10,11,16],"killed_by":"Snake Plant","ascension_level":20}}