{"host":"4k3z1vmw52e7hl04","time":1607900377,"event":{"mods":["BaseMod","Best Route Mod","Better Altar","Better Note","Better Third Choice","Colored Powertips","GifTheSpireLib","Hermit","HexUI Lib","Highlight Path","Hubris","Minty Spire (QoL Compilation)","Rare Cards Sparkle","Replay The Spire","Shop Mod","Spicy Shops","StSLib","SuperFastMode","Synergy Search","The Animator","everything is the same but u backflip on backflip"],"gold_per_floor":[367,54,54,73,84,84,84,96,120,133,168,168,182,182,182,285,285,304,264,18,38,55,55,55,55,102,115,115,115,132,150,150,150,150],"floor_reached":33,"playtime":1459,"items_purged":[],"score":249,"play_id":"a0115cf3-bd04-4a73-b442-bebd0077ebfe","local_time":"20201213145937","is_ascension_mode":false,"campfire_choices":[{"data":"Crystallizer","floor":6.0,"key":"SMITH"},{"data":"Coolheaded","floor":6.0,"key":"SMITH"},{"floor":12.0,"key":"REST"},{"data":"FIFO Queue","floor":15.0,"key":"SMITH"},{"data":"Go for the Eyes","floor":15.0,"key":"SMITH"},{"floor":23.0,"key":"REST"},{"data":"Storm","floor":25.0,"key":"SMITH"},{"data":"Barrage","floor":25.0,"key":"SMITH"}],"circlet_count":1,"master_deck":["Strike_B","Strike_B+1","Strike_B","Strike_B","Defend_B","Defend_B","Defend_B","Defend_B","Zap","Dualcast","animator:Strike_Elsword","Defend_R","Gash","Coolheaded+1","Crystallizer+1","Go for the Eyes+1","Coolheaded+1","Gash","FIFO Queue+1","Machine Learning","Redo","Storm+1","Barrage+1","ReplayTheSpireMod:Omega Cannon","Lockon+1","Panic Button","BasicCrystalCard+1","ReplayTheSpireMod:Fabricate Wheel"],"relics":["Replay:Arrowhead","Geode","Art of War","Circlet","hubris:ScarierMask","Blue Doll","Question Card","Lantern","Nloth\u0027s Gift","Tiny Chest"],"acts_visited":["Exordium","TheCity"],"potions_floor_usage":[33,33,33],"damage_taken":[{"damage":0.0,"enemies":"Small Slimes","floor":1.0,"turns":2.0},{"damage":6.0,"enemies":"Cultist","floor":4.0,"turns":3.0},{"damage":3.0,"enemies":"2 Louse","floor":5.0,"turns":2.0},{"damage":7.0,"enemies":"Exordium Wildlife","floor":8.0,"turns":4.0},{"damage":0.0,"enemies":"2 Fungi Beasts","floor":10.0,"turns":3.0},{"damage":47.0,"enemies":"Gremlin Nob","floor":11.0,"turns":7.0},{"damage":2.0,"enemies":"3 Louse","floor":13.0,"turns":2.0},{"damage":13.0,"enemies":"Hexaghost","floor":16.0,"turns":10.0},{"damage":8.0,"enemies":"Shell Parasite","floor":18.0,"turns":7.0},{"damage":8.0,"enemies":"Chosen","floor":21.0,"turns":5.0},{"damage":25.0,"enemies":"Snake Plant","floor":22.0,"turns":3.0},{"damage":12.0,"enemies":"Centurion and Healer","floor":27.0,"turns":3.0},{"damage":12.0,"enemies":"Shelled Parasite and Fungi","floor":30.0,"turns":4.0},{"damage":0.0,"enemies":"Snecko","floor":31.0,"turns":5.0},{"damage":73,"enemies":"Automaton","floor":33,"turns":6}],"seed_played":"-744981367875484698","potions_obtained":[{"floor":4.0,"key":"Fire Potion"},{"floor":8.0,"key":"Swift Potion"},{"floor":10.0,"key":"SteroidPotion"},{"floor":11.0,"key":"Swift Potion"},{"floor":21.0,"key":"Fire Potion"},{"floor":32.0,"key":"Flashbang"},{"floor":32.0,"key":"Cursed Concoction"}],"is_trial":false,"path_per_floor":["M","$","?","M","M","R","?","M","T","M","E","R","M","T","R","B",null,"M","?","$","M","M","R","T","R","T","M","?","?","M","M","R","B"],"character_chosen":"DEFECT","items_purchased":["Replay:Arrowhead","Storm","Blue Doll","Barrage"],"campfire_rested":2,"item_purchase_floors":[2,20,20,20],"current_hp_per_floor":[75,75,70,64,61,61,75,68,68,68,21,43,41,41,41,43,75,67,67,67,59,34,56,56,56,56,53,53,53,41,41,41,0,0],"gold":150,"neow_bonus":"TWO_FIFTY_GOLD","is_daily":false,"chose_seed":false,"campfire_upgraded":6,"win_rate":0.0,"timestamp":1607900377,"path_taken":["M","$","?","M","M","R","?","?","T","M","E","R","M","?","R","BOSS","M","?","$","M","M","R","?","R","T","M","?","?","?","M","R","BOSS"],"items_purchased_type":["Relic","Card","Relic","Card"],"build_version":"2020-11-30","purchased_purges":0,"victory":false,"max_hp_per_floor":[75,75,75,75,75,75,75,75,75,75,75,75,75,75,75,75,75,75,75,75,75,75,75,75,75,75,75,75,75,75,75,75,75,75],"card_choices":[{"not_picked":["Blizzard","BootSequence"],"picked":"Gash","floor":1.0},{"not_picked":["Turbo","Sweeping Beam"],"picked":"Coolheaded","floor":4.0},{"not_picked":["hubris:PowerSurge","Chill"],"picked":"Crystallizer","floor":5.0},{"not_picked":["Tempest","Blizzard"],"picked":"Go for the Eyes","floor":8.0},{"not_picked":["Panic Button","Lockon"],"picked":"Coolheaded","floor":10.0},{"not_picked":["Streamline","Steam"],"picked":"Gash","floor":11.0},{"not_picked":["ReplaySort","Streamline"],"picked":"FIFO Queue","floor":13.0},{"not_picked":["hubris:SpecializedCircuitry","Biased Cognition"],"picked":"Machine Learning","floor":16.0},{"not_picked":["Beam Cell+1","Steam"],"picked":"Redo","floor":18.0},{"not_picked":["Sweeping Beam","BasicCrystalCard"],"picked":"ReplayTheSpireMod:Omega Cannon","floor":21.0},{"not_picked":["Conserve Battery","Cold Snap"],"picked":"Lockon+1","floor":22.0},{"not_picked":["Tempest+1","Steam","FTL+1"],"picked":"Panic Button","floor":27.0},{"not_picked":["ReplayTheSpireMod:Repulse","Conserve Battery","Auto Shields"],"picked":"BasicCrystalCard+1","floor":30.0},{"not_picked":["Turbo+1","Redo","Scrape"],"picked":"ReplayTheSpireMod:Fabricate Wheel","floor":31.0}],"player_experience":246631,"relics_obtained":[{"floor":11.0,"key":"Dead Branch"},{"floor":14.0,"key":"Art of War"},{"floor":24.0,"key":"Question Card"},{"floor":26.0,"key":"Lantern"},{"floor":29.0,"key":"Tiny Chest"}],"event_choices":[{"cards_removed":["Finisher"],"damage_healed":14.0,"max_hp_gain":0.0,"max_hp_loss":0.0,"gold_gain":0.0,"event_name":"Bonfire Elementals","player_choice":"Offered Uncommon","floor":7.0,"gold_loss":0.0,"damage_taken":0.0},{"damage_healed":0.0,"max_hp_gain":0.0,"max_hp_loss":0.0,"gold_gain":0.0,"event_name":"Designer","player_choice":"Upgraded Two","floor":19.0,"gold_loss":40.0,"damage_taken":0.0,"cards_upgraded":["Strike_B","Coolheaded"]},{"damage_healed":0.0,"max_hp_gain":0.0,"max_hp_loss":0.0,"gold_gain":0.0,"event_name":"N\u0027loth","player_choice":"Traded Relic","floor":28.0,"relics_lost":["Cracked Core"],"gold_loss":0.0,"damage_taken":0.0,"relics_obtained":["Nloth\u0027s Gift"]},{"damage_healed":0.0,"max_hp_gain":0.0,"max_hp_loss":0.0,"gold_gain":0.0,"event_name":"Wheel of Change","player_choice":"Relic","floor":29.0,"gold_loss":0.0,"damage_taken":0.0}],"is_beta":false,"boss_relics":[{"not_picked":["hubris:RunicObelisk","Nuclear Battery"],"picked":"hubris:ScarierMask"}],"items_purged_floors":[],"is_endless":false,"potions_floor_spawned":[4,8,10,11,21],"killed_by":"Automaton","ascension_level":0}}