{"host":"fhujvjnj99vjue08","time":1607880822,"event":{"mods":["2.2 Compatiblity","AchievementEnabler","Aspiration","Astrologer","BaseMod","Beaked The Cultist","BetterRewards","CatGirl Mod","Colored Map","Colored Powertips","Conjunction","Conspire","Custom Start","Friendly Minions","GifTheSpireLib","Googly Eyes","Halation","Highlight Path","Hubris","Hyrulean Relics","Infinite Spire","Magitek Elite","Mimic Mod","Minty Spire (QoL Compilation)","Replay The Spire","Reworked Bosses","Shop Mod","StSLib","Strawberry Spire","Stuff the Spire","The Bug Knight","The Factory","The Gatherer","The Jungle","The Servant 0.9.4","TheBandit","TheFirefly","egg","thorton","vexMod"],"gold_per_floor":[110,126,54,65,65,65,65,90,121,135,135,161,176,176,176,277,277,292,292,309,234,244,244,244],"floor_reached":23,"playtime":981,"items_purged":["strawberrySpire:KnifeParty"],"score":231,"play_id":"fae5bdd0-968a-488d-a368-b44c034155fb","local_time":"20201213173342","is_ascension_mode":true,"campfire_choices":[{"data":"Accuracy","floor":6,"key":"SMITH"},{"data":"Replay:Bag of Tricks","floor":11,"key":"SMITH"},{"floor":15,"key":"REST"}],"circlet_count":0,"master_deck":["Strike_G","Strike_G","Strike_G","Strike_G","Strike_G","Defend_G","Defend_G","Defend_G","Defend_G","Defend_G","Survivor","Neutralize","PiercingWail","Blade Dance","Accuracy+1","Deflect","Replay:Bag of Tricks+1","StuffTheSpire:Incursion","Dash","Concentrate+1","conspire:DoublingDagger+1"],"relics":["Ring of the Snake","NeowsBlessing","StuffTheSpire:Tea","hubris:MedicalManual","Mythril_Glove","strawberrySpire:Flakhammer","Painkiller Herb"],"acts_visited":["Exordium","TheCity"],"potions_floor_usage":[13,16,16],"damage_taken":[{"damage":0,"enemies":"Small Slimes","floor":1,"turns":1},{"damage":0,"enemies":"Jaw Worm","floor":2,"turns":1},{"damage":0,"enemies":"Cultist","floor":4,"turns":1},{"damage":16,"enemies":"3 Sentries","floor":8,"turns":8},{"damage":0,"enemies":"Large Slime","floor":9,"turns":5},{"damage":0,"enemies":"Large Slime","floor":10,"turns":4},{"damage":42,"enemies":"Gremlin Nob","floor":12,"turns":4},{"damage":0,"enemies":"3 Louse","floor":13,"turns":4},{"damage":4,"enemies":"Hexaghost","floor":16,"turns":6},{"damage":0,"enemies":"Chosen","floor":18,"turns":4},{"damage":10,"enemies":"3 Byrds","floor":20,"turns":5},{"damage":26,"enemies":"Cultist and Chosen","floor":22,"turns":7},{"damage":40,"enemies":"Slavers","floor":23,"turns":4}],"seed_played":"2739664440338184027","potions_obtained":[{"floor":4,"key":"Energy Potion"},{"floor":12,"key":"AttackPotion"},{"floor":13,"key":"Venom Potion"},{"floor":20,"key":"Reflective Coating"},{"floor":22,"key":"DuplicationPotion"}],"is_trial":false,"path_per_floor":["M","M","$","M","?","R","?","E","MIM","M","R","E","M","?","R","B",null,"?","?","?","T","?","E"],"character_chosen":"THE_SILENT","items_purchased":["Accuracy"],"campfire_rested":1,"item_purchase_floors":[3],"current_hp_per_floor":[70,70,70,70,70,70,70,54,54,54,54,12,12,12,33,29,70,70,70,60,60,34,0,0],"gold":244,"neow_bonus":"THREE_ENEMY_KILL","is_daily":false,"chose_seed":false,"campfire_upgraded":2,"win_rate":0.0,"timestamp":1607880822,"path_taken":["M","M","$","M","?","R","?","E","MIM","?","R","E","M","?","R","BOSS","?","?","?","?","?","E"],"items_purchased_type":["Card"],"build_version":"2020-11-30","purchased_purges":1,"victory":false,"max_hp_per_floor":[70,70,70,70,70,70,70,70,70,70,70,70,70,70,70,70,70,70,70,70,70,70,70,70],"card_choices":[{"not_picked":["Hidden Blade","Eviscerate"],"picked":"PiercingWail","floor":1},{"not_picked":["Backflip","Dagger Throw"],"picked":"Blade Dance","floor":2},{"not_picked":["Underhanded Strike","hubris:SlightOfHand"],"picked":"Deflect","floor":4},{"not_picked":["strawberrySpire:Insectonator","strawberrySpire:HopSkipAndJump"],"picked":"Replay:Bag of Tricks","floor":8},{"not_picked":["Dagger Throw","strawberrySpire:Pant"],"picked":"StuffTheSpire:Incursion","floor":10},{"not_picked":["Night Terror","Backflip"],"picked":"Dash","floor":12},{"not_picked":["strawberrySpire:Trickbox","StuffTheSpire:Python"],"picked":"Concentrate","floor":13},{"not_picked":["Unload","Atom Bomb"],"picked":"strawberrySpire:KnifeParty","floor":16},{"not_picked":["PiercingWail","Backflip","Dodge and Roll"],"picked":"SKIP","floor":18},{"not_picked":["hubris:SlightOfHand+1","Outmaneuver+1","Quick Slash+1"],"picked":"SKIP","floor":20},{"not_picked":["hubris:SlightOfHand","Escape Plan"],"picked":"conspire:DoublingDagger+1","floor":22}],"player_experience":297738,"relics_obtained":[{"floor":5,"key":"StuffTheSpire:Tea"},{"floor":8,"key":"hubris:MedicalManual"},{"floor":9,"key":"Mythril_Glove"},{"floor":12,"key":"strawberrySpire:Flakhammer"}],"event_choices":[{"damage_healed":0,"gold_gain":0,"player_choice":"Leave","damage_taken":0,"max_hp_gain":0,"max_hp_loss":0,"event_name":"conspire:Investor","floor":7,"gold_loss":0},{"damage_healed":0,"gold_gain":0,"player_choice":"Full Heal","damage_taken":0,"max_hp_gain":0,"max_hp_loss":0,"event_name":"Wheel of Change","floor":19,"gold_loss":0}],"is_beta":false,"boss_relics":[{"not_picked":["vexMod:MegatonBomb","Abe\u0027s Treasure"],"picked":"Painkiller Herb"}],"items_purged_floors":[21],"is_endless":false,"potions_floor_spawned":[4,12,13,20,22],"killed_by":"Slavers","ascension_level":3}}