{"host":"bbjnqymry46jz0fa","time":1607857936,"event":{"mods":["BaseMod","DeckTracker","Minty Spire (QoL Compilation)","Quick Restart","StSLib","SuperFastMode"],"gold_per_floor":[11,11,35,54,204,204,219,219,219,59,59,78,96,121,121,217,217,241,241,241,254,272,272,287,287,287],"floor_reached":25,"playtime":546,"items_purged":[],"score":355,"play_id":"9e3fca84-dc5f-4ddf-869f-7a049326e937","local_time":"20201213201216","is_ascension_mode":true,"campfire_choices":[{"data":"Go for the Eyes","floor":6.0,"key":"SMITH"},{"data":"Zap","floor":8.0,"key":"SMITH"},{"data":"White Noise","floor":15.0,"key":"SMITH"},{"floor":23,"key":"REST"}],"circlet_count":0,"master_deck":["AscendersBane","Strike_B","Defend_B","Defend_B","Defend_B","Zap+1","Dualcast","Compile Driver","Beam Cell","Go for the Eyes+1","Cold Snap","White Noise+1","White Noise","Loop","Core Surge","Double Energy+1","Hologram","Genetic Algorithm"],"relics":["Cracked Core","Thread and Needle","Golden Idol","Gambling Chip","Runic Capacitor","Empty Cage"],"acts_visited":["Exordium","TheCity"],"potions_floor_usage":[16,16,24,25,25],"damage_taken":[{"damage":2.0,"enemies":"2 Louse","floor":1.0,"turns":3.0},{"damage":0.0,"enemies":"Jaw Worm","floor":3.0,"turns":3.0},{"damage":0.0,"enemies":"Cultist","floor":4.0,"turns":3.0},{"damage":0.0,"enemies":"3 Louse","floor":7.0,"turns":4.0},{"damage":5.0,"enemies":"Looter","floor":12.0,"turns":3.0},{"damage":9.0,"enemies":"Gremlin Gang","floor":13.0,"turns":4.0},{"damage":6.0,"enemies":"2 Fungi Beasts","floor":14.0,"turns":3.0},{"damage":6,"enemies":"Slime Boss","floor":16,"turns":6},{"damage":3,"enemies":"Shell Parasite","floor":18,"turns":5},{"damage":2,"enemies":"Chosen","floor":21,"turns":3},{"damage":41,"enemies":"Snake Plant","floor":22,"turns":5},{"damage":12,"enemies":"Chosen and Byrds","floor":24,"turns":5},{"damage":18,"enemies":"Sentry and Sphere","floor":25,"turns":3}],"seed_played":"2305152833259392856","potions_obtained":[{"floor":7.0,"key":"LiquidMemories"},{"floor":12.0,"key":"Fire Potion"},{"floor":21,"key":"AttackPotion"},{"floor":22,"key":"DistilledChaos"},{"floor":24,"key":"EssenceOfDarkness"}],"is_trial":false,"path_per_floor":["M","?","M","M","?","R","M","R","T","$","?","M","M","M","R","B",null,"M","?","?","M","M","R","M","M"],"character_chosen":"DEFECT","items_purchased":["Runic Capacitor"],"campfire_rested":1,"item_purchase_floors":[10],"current_hp_per_floor":[62,62,62,62,62,62,62,62,62,62,55,50,41,35,35,29,55,52,52,52,50,9,28,16,0,0],"gold":287,"neow_bonus":"ONE_RARE_RELIC","is_daily":false,"chose_seed":false,"campfire_upgraded":3,"win_rate":0.0,"timestamp":1607857936,"path_taken":["M","?","M","M","?","R","?","R","T","?","?","M","M","M","R","BOSS","M","?","?","M","?","R","M","M"],"items_purchased_type":["Relic"],"build_version":"2020-11-30","purchased_purges":0,"victory":false,"max_hp_per_floor":[71,64,64,64,64,64,64,64,64,64,64,64,64,64,64,64,64,64,64,64,64,64,64,64,64,64],"card_choices":[{"not_picked":["Streamline","Stack"],"picked":"Compile Driver","floor":1.0},{"not_picked":["Skim","Hologram"],"picked":"Beam Cell","floor":3.0},{"not_picked":["Static Discharge","Steam"],"picked":"Go for the Eyes","floor":4.0},{"not_picked":["Beam Cell","Hello World"],"picked":"Cold Snap","floor":7.0},{"not_picked":["Capacitor","Doom and Gloom"],"picked":"White Noise","floor":12.0},{"not_picked":["Darkness","Streamline"],"picked":"White Noise","floor":13.0},{"not_picked":["Redo","Multi-Cast"],"picked":"Loop","floor":14.0},{"not_picked":["All For One","Multi-Cast"],"picked":"Core Surge","floor":16},{"not_picked":["BootSequence","Sweeping Beam"],"picked":"Double Energy+1","floor":18},{"not_picked":["Barrage","Sunder"],"picked":"Hologram","floor":21},{"not_picked":["Tempest","Barrage+1"],"picked":"Genetic Algorithm","floor":22},{"not_picked":["Sweeping Beam","Stack","Barrage"],"picked":"SKIP","floor":24}],"player_experience":709878,"relics_obtained":[{"floor":9.0,"key":"Gambling Chip"}],"event_choices":[{"damage_healed":0.0,"max_hp_gain":0.0,"max_hp_loss":7.0,"gold_gain":0.0,"event_name":"Golden Idol","player_choice":"Lose Max HP","floor":2.0,"gold_loss":0.0,"damage_taken":0.0,"relics_obtained":["Golden Idol"]},{"damage_healed":0.0,"max_hp_gain":0.0,"max_hp_loss":0.0,"gold_gain":150.0,"event_name":"Liars Game","player_choice":"AGREE","floor":5.0,"gold_loss":0.0,"damage_taken":0.0,"cards_obtained":["Doubt"]},{"cards_removed":["Doubt"],"damage_healed":0.0,"max_hp_gain":0.0,"max_hp_loss":0.0,"gold_gain":0.0,"event_name":"Golden Wing","player_choice":"Card Removal","floor":11.0,"gold_loss":0.0,"damage_taken":7.0},{"cards_removed":["Strike_B"],"damage_healed":0,"gold_gain":0,"player_choice":"Elegance","damage_taken":0,"max_hp_gain":0,"max_hp_loss":0,"event_name":"Back to Basics","floor":19,"gold_loss":0},{"cards_removed":["Defend_B"],"damage_healed":0,"gold_gain":0,"player_choice":"Card Removal","damage_taken":0,"max_hp_gain":0,"max_hp_loss":0,"event_name":"Wheel of Change","floor":20,"gold_loss":0}],"is_beta":false,"boss_relics":[{"not_picked":["Fusion Hammer","Philosopher\u0027s Stone"],"picked":"Empty Cage"}],"items_purged_floors":[],"is_endless":false,"potions_floor_spawned":[7,12,14,21,22,24],"killed_by":"Sentry and Sphere","ascension_level":16}}