{"host":"cfnmff32z0ky6ioz","time":1607846210,"event":{"mods":["Act Like it!","BaseMod","Colored Powertips","Friendly Minions","Gensokyo","Highlight Path","KinomotoSakuraMod(¤ì¤§¥»?)","Minty Spire (QoL Compilation)","Pale of the Ancients","Quick Restart","Replay The Spire","StSLib","The Animator","The Hierophant","The IronCluck","The Jungle"],"gold_per_floor":[114,114,129,129,144,144,174,174,199,229,9,24,39,54,54,154,154,169,19,34,49,49,8,8,23,73,88,88,103,118,133,133,133,133],"floor_reached":33,"playtime":2645,"items_purged":[],"score":288,"play_id":"29d12aec-7027-4aa2-b826-1b75a630f443","local_time":"20201213155650","daily_mods":["Specialized","ControlledChaos","Binary"],"is_ascension_mode":false,"campfire_choices":[{"data":"ReplayTheSpireMod:Strike From Hell","floor":6,"key":"SMITH"},{"data":"Replay:Undeath\u0027s Touch","floor":8,"key":"SMITH"},{"data":"Pot Of Greed","floor":15,"key":"SMITH"},{"data":"Rupture","floor":24,"key":"SMITH"},{"data":"Reaper","floor":28,"key":"SMITH"},{"data":"Body Slam","floor":32,"key":"SMITH"}],"circlet_count":0,"master_deck":["Strike_R","Strike_R","Strike_R","Defend_R","Defend_R","Defend_R","Defend_R","Bash+1","Anger","Anger","Anger","Anger","Anger","Replay:Undeath\u0027s Touch+1","Shrug It Off","ReplayTheSpireMod:Strike From Hell+1","Pot Of Greed","Pot Of Greed+1","Warcry+1","Spot Weakness+1","ReplayReversal+1","Infernal Blade+1","True Grit+1","Reaper+1","Shrug It Off+1","Pot Of Greed+1","Havoc+1","Entrench+1","Rupture+1","Twin Strike+1","ReplayTheSpireMod:Stacked+1","ReplayTheSpireMod:Muscle Training+1","Sword Boomerang","Body Slam+1"],"relics":["Burning Blood","Frozen Eye","Replay:Baseball","Grinning Jar","Toxic Egg 2","Orichalcum","Runic Cube","Pet Ghost","Nunchaku"],"acts_visited":["Exordium","TheCity"],"potions_floor_usage":[7,21,27,29,29,30],"damage_taken":[{"damage":8,"enemies":"Small Slimes","floor":1,"turns":2},{"damage":6,"enemies":"Cultist","floor":3,"turns":3},{"damage":7,"enemies":"2 Louse","floor":5,"turns":2},{"damage":2,"enemies":"Gremlin Nob","floor":7,"turns":4},{"damage":21,"enemies":"Lagavulin","floor":10,"turns":5},{"damage":7,"enemies":"Exordium Thugs","floor":12,"turns":4},{"damage":2,"enemies":"Lots of Slimes","floor":13,"turns":2},{"damage":0,"enemies":"Looter","floor":14,"turns":2},{"damage":16,"enemies":"Fading Forest","floor":16,"turns":11},{"damage":10,"enemies":"Shell Parasite","floor":18,"turns":4},{"damage":0,"enemies":"3 Byrds","floor":20,"turns":4},{"damage":3,"enemies":"Snecko","floor":21,"turns":4},{"damage":18,"enemies":"Centurion and Healer","floor":25,"turns":5},{"damage":15,"enemies":"Snake Plant","floor":27,"turns":4},{"damage":10,"enemies":"Shelled Parasite and Fungi","floor":29,"turns":3},{"damage":2,"enemies":"Snecko","floor":30,"turns":4},{"damage":0,"enemies":"Chosen and Byrds","floor":31,"turns":5},{"damage":80,"enemies":"Automaton","floor":33,"turns":6}],"seed_played":"4834798368356638827","potions_obtained":[{"floor":1,"key":"Block Potion"},{"floor":10,"key":"PowerPotion"},{"floor":12,"key":"Flashbang"},{"floor":13,"key":"Weak Potion"},{"floor":18,"key":"Adrenaline Potion"},{"floor":27,"key":"AttackPotion"},{"floor":29,"key":"Ancient Potion"}],"is_trial":false,"path_per_floor":["M","?","M","?","M","R","E","R","T","E","$","M","M","M","R","B",null,"M","$","M","M","?","$","R","M","T","M","R","M","M","M","R","B"],"character_chosen":"IRONCLAD","items_purchased":["Orichalcum","Spot Weakness+1","Pet Ghost","Rupture"],"campfire_rested":0,"item_purchase_floors":[11,11,19,23],"current_hp_per_floor":[78,78,78,78,77,77,80,80,80,65,65,64,68,74,74,64,80,76,76,80,80,80,80,80,78,78,69,69,66,79,80,80,0,0],"gold":133,"neow_bonus":"","is_daily":true,"chose_seed":false,"campfire_upgraded":6,"win_rate":0.0,"timestamp":1607846210,"path_taken":["M","?","?","?","M","R","E","R","T","E","?","?","M","M","R","BOSS","M","$","M","M","?","?","R","M","T","M","R","?","M","M","R","BOSS"],"items_purchased_type":["Relic","Card","Relic","Card"],"build_version":"2020-11-30","purchased_purges":0,"victory":false,"max_hp_per_floor":[80,80,80,80,80,80,80,80,80,80,80,80,80,80,80,80,80,80,80,80,80,80,80,80,80,80,80,80,80,80,80,80,80,80],"card_choices":[{"not_picked":["Body Slam"],"picked":"Replay:Undeath\u0027s Touch","floor":1},{"not_picked":["Thunderclap"],"picked":"Shrug It Off","floor":3},{"not_picked":["Wild Strike"],"picked":"ReplayTheSpireMod:Strike From Hell","floor":5},{"not_picked":["Limit Break","Reckless Charge"],"picked":"SKIP","floor":7},{"not_picked":["Inflame"],"picked":"Warcry+1","floor":10},{"not_picked":["Metallicize"],"picked":"ReplayReversal+1","floor":12},{"not_picked":["Armaments+1"],"picked":"Infernal Blade+1","floor":13},{"not_picked":["Shockwave+1"],"picked":"True Grit+1","floor":14},{"not_picked":["Demon Form"],"picked":"Reaper","floor":16},{"not_picked":["Heavy Blade+1"],"picked":"Shrug It Off+1","floor":18},{"not_picked":["Headbutt+1"],"picked":"Havoc+1","floor":20},{"not_picked":["True Grit+1"],"picked":"Entrench+1","floor":21},{"not_picked":["Disarm+1"],"picked":"Twin Strike+1","floor":25},{"not_picked":["Thunderclap"],"picked":"ReplayTheSpireMod:Stacked+1","floor":27},{"not_picked":["True Grit+1"],"picked":"ReplayTheSpireMod:Muscle Training+1","floor":29},{"not_picked":["Reaper"],"picked":"Sword Boomerang","floor":30},{"not_picked":["ReplayTheSpireMod:Strike From Hell"],"picked":"Body Slam","floor":31}],"player_experience":328423,"relics_obtained":[{"floor":7,"key":"Replay:Baseball"},{"floor":9,"key":"Grinning Jar"},{"floor":10,"key":"Toxic Egg 2"},{"floor":26,"key":"Nunchaku"}],"event_choices":[{"cards_removed":["Strike_R"],"damage_healed":0,"gold_gain":0,"player_choice":"Offered Basic","damage_taken":0,"max_hp_gain":0,"max_hp_loss":0,"event_name":"Bonfire Elementals","floor":2,"gold_loss":0},{"damage_healed":0,"gold_gain":0,"player_choice":"Forge","damage_taken":0,"max_hp_gain":0,"max_hp_loss":0,"event_name":"Accursed Blacksmith","floor":4,"gold_loss":0,"cards_upgraded":["Bash"]},{"cards_removed":["Strike_R"],"damage_healed":0,"gold_gain":0,"player_choice":"Purged","damage_taken":0,"max_hp_gain":0,"max_hp_loss":0,"event_name":"Purifier","floor":22,"gold_loss":0}],"is_beta":false,"boss_relics":[{"not_picked":["Velvet Choker","Pandora\u0027s Box"],"picked":"Runic Cube"}],"items_purged_floors":[],"is_endless":false,"potions_floor_spawned":[1,10,12,13,18,27,29],"killed_by":"Automaton","ascension_level":0}}