{"host":"5dk97cf2ubw2v967","time":1607836038,"event":{"mods":["AlwaysNeverKeys","BaseMod","Better Altar","Better Vampires","Block Reminder","Colored Powertips","Downfall","Googly Eyes","Highlight Path","Minty Spire (QoL Compilation)","Permanent Neow","Potion Indicator Mod","Quick Restart","Relic Filter","Relic Stats","Say the Spire","Spicy Shops","StSLib","Waifu the Spire","everything is the same but u backflip on backflip"],"gold_per_floor":[109,109,184,334,334,334,344,344,344,344,344],"floor_reached":10,"playtime":241,"items_purged":[],"score":108,"play_id":"75d97827-4752-44f3-9425-db5d0bae2044","local_time":"20201213050718","is_ascension_mode":true,"campfire_choices":[{"floor":6,"key":"REST"},{"data":"Tools of the Trade","floor":8,"key":"SMITH"}],"circlet_count":0,"master_deck":["AscendersBane","Strike_G","Strike_G","Strike_G","Strike_G","Strike_G","Defend_G","Defend_G","Defend_G","Defend_G","Defend_G","Survivor","Neutralize","Parasite","Tools of the Trade+1","Infinite Blades","Guardian:ChargeCore"],"relics":["Ring of the Snake","PrismaticShard","Juzu Bracelet"],"acts_visited":["Exordium"],"potions_floor_usage":[],"damage_taken":[{"damage":12,"enemies":"Jaw Worm","floor":1,"turns":9},{"damage":8,"enemies":"Small Slimes","floor":7,"turns":4},{"damage":48,"enemies":"Gremlin Nob","floor":10,"turns":4}],"seed_played":"-6342326000539383856","potions_obtained":[{"floor":7,"key":"Energy Potion"}],"is_trial":false,"path_per_floor":["M","?","?","?","?","R","M","R","T","E"],"character_chosen":"THE_SILENT","items_purchased":[],"campfire_rested":1,"item_purchase_floors":[],"current_hp_per_floor":[47,36,25,25,25,44,36,36,36,0,0],"gold":344,"neow_bonus":"THREE_RARE_CARDS","is_daily":false,"chose_seed":false,"campfire_upgraded":1,"win_rate":0.0,"timestamp":1607836038,"path_taken":["M","?","?","?","?","R","M","R","T","E"],"items_purchased_type":[],"build_version":"2020-11-30","purchased_purges":0,"victory":false,"max_hp_per_floor":[66,66,66,66,66,66,66,66,66,66,66],"relic_stats":{"counters":[3,17],"Juzu Bracelet":0,"obtain_stats":[{"Juzu Bracelet":9,"PrismaticShard":2,"Ring of the Snake":0},{"Juzu Bracelet":2,"PrismaticShard":1,"Ring of the Snake":0},{"Juzu Bracelet":13,"PrismaticShard":9,"Ring of the Snake":0}],"Ring of the Snake":[6]},"card_choices":[{"not_picked":["Adrenaline","Wraith Form v2"],"picked":"Tools of the Trade","floor":0},{"not_picked":["Distraction","Cloak And Dagger"],"picked":"Infinite Blades","floor":1},{"not_picked":["Prepared","hexamod:BurningTouch"],"picked":"Guardian:ChargeCore","floor":7}],"player_experience":1235150,"relics_obtained":[{"floor":9,"key":"Juzu Bracelet"}],"event_choices":[{"damage_healed":0,"gold_gain":0,"player_choice":"Success","damage_taken":11,"relics_obtained":["PrismaticShard"],"max_hp_gain":0,"max_hp_loss":0,"event_name":"Scrap Ooze","floor":2,"gold_loss":0},{"damage_healed":0,"gold_gain":75,"player_choice":"Gather Gold","damage_taken":11,"max_hp_gain":0,"max_hp_loss":0,"event_name":"World of Goop","floor":3,"gold_loss":0},{"damage_healed":0,"gold_gain":150,"player_choice":"AGREE","damage_taken":0,"max_hp_gain":0,"max_hp_loss":0,"event_name":"Liars Game","floor":4,"gold_loss":0,"cards_obtained":["Doubt"]},{"cards_removed":["Doubt"],"damage_healed":0,"gold_gain":0,"player_choice":"Forget","damage_taken":0,"max_hp_gain":0,"max_hp_loss":0,"event_name":"Living Wall","floor":5,"gold_loss":0}],"is_beta":false,"boss_relics":[],"items_purged_floors":[],"is_endless":false,"potions_floor_spawned":[7],"killed_by":"Gremlin Nob","ascension_level":20}}