{"host":"jrmqsbok61y7b34d","time":1607896849,"event":{"mods":["BaseMod","Colored Map","Colored Powertips","Emptier Cage","Jorbs\u0027s Wanderer Trilogy","Minty Spire (QoL Compilation)","Permanent Neow","Quick Restart","Relic Stats","StSLib","Unceasing Turn Reminder"],"gold_per_floor":[116,116,15,30,50,50,63,96,171,171,205,225,225,250,250,346,346,366,366,366,281,274,274,24,58,58,74,74,112,143,159,159,268,268,291,291,166,146,163,202,224,224,250,262,311,345,357,382,394,411],"floor_reached":51,"playtime":12478,"items_purged":["Pain","stsjorbsmod:Strike_Wanderer","stsjorbsmod:Strike_Wanderer"],"score":1056,"play_id":"c0bb0066-2ef8-4b30-8abb-31e8b67277da","local_time":"20201213220049","is_ascension_mode":true,"campfire_choices":[{"data":"stsjorbsmod:TrueStrike","floor":6.0,"key":"SMITH"},{"data":"stsjorbsmod:TinyHut","floor":10.0,"key":"SMITH"},{"data":"stsjorbsmod:Prestidigitation","floor":13.0,"key":"SMITH"},{"data":"stsjorbsmod:Thorns","floor":15.0,"key":"SMITH"},{"data":"stsjorbsmod:Stalwart","floor":23.0,"key":"SMITH"},{"floor":28.0,"key":"REST"},{"floor":32.0,"key":"REST"},{"data":"stsjorbsmod:MirrorImage","floor":42,"key":"SMITH"},{"data":"stsjorbsmod:GatherPower","floor":44,"key":"SMITH"},{"data":"stsjorbsmod:ScorchingRay","floor":49,"key":"SMITH"}],"circlet_count":0,"master_deck":["stsjorbsmod:ForbiddenGrimoire+1","stsjorbsmod:Strike_Wanderer+1","stsjorbsmod:Defend_Wanderer","stsjorbsmod:Defend_Wanderer","stsjorbsmod:Defend_Wanderer","stsjorbsmod:Defend_Wanderer","stsjorbsmod:FreshAdventure","stsjorbsmod:EyeOfTheStorm","stsjorbsmod:Firebolt","stsjorbsmod:RayOfFrost","stsjorbsmod:TrueStrike+1","stsjorbsmod:ChainLightning","stsjorbsmod:LoseGrip","stsjorbsmod:TinyHut+1","stsjorbsmod:Prestidigitation+1","stsjorbsmod:ScorchingRay+1","stsjorbsmod:Thorns+1","stsjorbsmod:MirrorImage+1","stsjorbsmod:OldPocket+1","stsjorbsmod:Stalwart+1","stsjorbsmod:Firebolt+1","stsjorbsmod:Rest","stsjorbsmod:Firebolt+1","stsjorbsmod:GatherPower+1","stsjorbsmod:Withdraw","stsjorbsmod:FranticSearch","Thinking Ahead","stsjorbsmod:ArcaneWeapon+1","stsjorbsmod:FranticSearch+1","stsjorbsmod:MagicMissiles+1","stsjorbsmod:FracturedMind+1","stsjorbsmod:MagicMissiles+1","stsjorbsmod:MagicMissiles+1"],"relics":["stsjorbsmod:GrimoireRelic","WarpedTongs","Gambling Chip","Bottled Flame","Odd Mushroom","Akabeko","SlaversCollar","stsjorbsmod:BottledMemoryRelic","Vajra","Bottled Lightning","stsjorbsmod:AlchemistsFireRelic","Darkstone Periapt","Red Mask","Philosopher\u0027s Stone","Blue Candle","MawBank","Eternal Feather"],"acts_visited":["Exordium","TheCity","TheBeyond"],"potions_floor_usage":[39,41,45,46,50,50],"damage_taken":[{"damage":1.0,"enemies":"2 Louse","floor":1.0,"turns":4.0},{"damage":0.0,"enemies":"Cultist","floor":4.0,"turns":4.0},{"damage":0.0,"enemies":"Small Slimes","floor":5.0,"turns":7.0},{"damage":2.0,"enemies":"3 Louse","floor":7.0,"turns":2.0},{"damage":12.0,"enemies":"Gremlin Nob","floor":8.0,"turns":4.0},{"damage":10.0,"enemies":"The Mushroom Lair","floor":11.0,"turns":7.0},{"damage":0.0,"enemies":"2 Fungi Beasts","floor":12.0,"turns":4.0},{"damage":13.0,"enemies":"3 Sentries","floor":14.0,"turns":5.0},{"damage":24.0,"enemies":"Hexaghost","floor":16.0,"turns":9.0},{"damage":8.0,"enemies":"Chosen","floor":18.0,"turns":6.0},{"damage":4.0,"enemies":"2 Thieves","floor":22.0,"turns":4.0},{"damage":5.0,"enemies":"Book of Stabbing","floor":25.0,"turns":4.0},{"damage":18.0,"enemies":"Centurion and Healer","floor":27.0,"turns":5.0},{"damage":2.0,"enemies":"Gremlin Leader","floor":29.0,"turns":5.0},{"damage":10.0,"enemies":"Masked Bandits","floor":30.0,"turns":4.0},{"damage":12.0,"enemies":"Snake Plant","floor":31.0,"turns":5.0},{"damage":60,"enemies":"Collector","floor":33,"turns":7},{"damage":11,"enemies":"3 Shapes","floor":35,"turns":2},{"damage":8,"enemies":"3 Darklings","floor":39,"turns":7},{"damage":0,"enemies":"Nemesis","floor":40,"turns":5},{"damage":1,"enemies":"Transient","floor":41,"turns":5},{"damage":14,"enemies":"Reptomancer","floor":45,"turns":5},{"damage":17,"enemies":"Maw","floor":46,"turns":6},{"damage":0,"enemies":"3 Darklings","floor":48,"turns":5},{"damage":24,"enemies":"Time Eater","floor":50,"turns":6}],"seed_played":"-5790009262298698685","potions_obtained":[{"floor":5.0,"key":"Ancient Potion"},{"floor":7.0,"key":"FearPotion"},{"floor":8.0,"key":"SteroidPotion"},{"floor":14.0,"key":"AttackPotion"},{"floor":18.0,"key":"SkillPotion"},{"floor":27.0,"key":"ColorlessPotion"},{"floor":30.0,"key":"Dexterity Potion"},{"floor":38,"key":"Regen Potion"},{"floor":39,"key":"BlessingOfTheForge"},{"floor":40,"key":"DistilledChaos"},{"floor":41,"key":"LiquidMemories"},{"floor":45,"key":"ColorlessPotion"},{"floor":48,"key":"GamblersBrew"}],"is_trial":true,"path_per_floor":["M","?","$","M","M","R","M","E","T","R","?","M","R","E","R","B",null,"M","?","?","?","M","R","$","E","T","M","R","E","?","M","R","B",null,"M","?","$","?","M","E","M","R","T","R","E","M","?","M","R","B",null],"character_chosen":"WANDERER","items_purchased":["stsjorbsmod:RayOfFrost","Vajra"],"campfire_rested":2,"item_purchase_floors":[3,24],"current_hp_per_floor":[62,62,62,63,65,65,64,53,53,53,45,47,47,35,35,11,54,49,49,49,49,47,47,47,47,47,34,54,57,51,44,64,4,52,45,45,45,45,58,63,67,67,67,67,58,47,47,50,68,50],"gold":423,"neow_bonus":"","is_daily":false,"chose_seed":false,"campfire_upgraded":8,"win_rate":0.0,"timestamp":1607896849,"path_taken":["M","?","$","M","?","R","M","E","T","R","?","M","R","E","R","BOSS","M","?","?","?","M","R","$","E","T","?","R","E","?","M","R","BOSS","M","?","$","?","?","E","M","R","T","R","E","M","?","?","R","BOSS"],"items_purchased_type":["Card","Relic"],"build_version":"2020-11-30","purchased_purges":3,"victory":true,"max_hp_per_floor":[68,68,68,68,68,68,68,68,68,68,68,68,68,68,68,68,68,68,68,68,68,68,68,68,68,68,68,68,68,68,68,68,68,68,68,68,68,68,68,68,68,68,68,68,68,68,68,68,68,68],"relic_stats":{"Darkstone Periapt":0,"counters":[25,127],"Gambling Chip":[39],"Blue Candle":[0],"Eternal Feather":18,"MawBank":96,"obtain_stats":[{"Darkstone Periapt":29,"stsjorbsmod:BottledMemoryRelic":21,"Blue Candle":40,"Vajra":24,"stsjorbsmod:GrimoireRelic":0,"Eternal Feather":45,"stsjorbsmod:AlchemistsFireRelic":26,"Odd Mushroom":11,"MawBank":43,"Akabeko":14,"WarpedTongs":2,"SlaversCollar":17,"Bottled Flame":9,"Gambling Chip":8,"Philosopher\u0027s Stone":34,"Red Mask":30,"Bottled Lightning":25},{"Darkstone Periapt":14,"stsjorbsmod:BottledMemoryRelic":10,"Blue Candle":20,"Vajra":11,"stsjorbsmod:GrimoireRelic":0,"Eternal Feather":22,"stsjorbsmod:AlchemistsFireRelic":12,"Odd Mushroom":6,"MawBank":21,"Akabeko":8,"WarpedTongs":1,"SlaversCollar":9,"Bottled Flame":5,"Gambling Chip":5,"Philosopher\u0027s Stone":17,"Red Mask":15,"Bottled Lightning":12},{"Darkstone Periapt":70,"stsjorbsmod:BottledMemoryRelic":52,"Blue Candle":100,"Vajra":56,"stsjorbsmod:GrimoireRelic":0,"Eternal Feather":110,"stsjorbsmod:AlchemistsFireRelic":60,"Odd Mushroom":28,"MawBank":105,"Akabeko":37,"WarpedTongs":4,"SlaversCollar":46,"Bottled Flame":21,"Gambling Chip":21,"Philosopher\u0027s Stone":86,"Red Mask":74,"Bottled Lightning":60}],"WarpedTongs":[122]},"card_choices":[{"not_picked":["stsjorbsmod:DoubleCheck","stsjorbsmod:Prestidigitation"],"picked":"stsjorbsmod:Firebolt","floor":1.0},{"not_picked":["stsjorbsmod:Prepare","stsjorbsmod:LoseGrip"],"picked":"stsjorbsmod:TrueStrike","floor":4.0},{"not_picked":["stsjorbsmod:Will","stsjorbsmod:Inferno"],"picked":"stsjorbsmod:ChainLightning","floor":5.0},{"not_picked":["stsjorbsmod:Index","stsjorbsmod:WeightOfMemory"],"picked":"stsjorbsmod:LoseGrip","floor":7.0},{"not_picked":["stsjorbsmod:Mania","stsjorbsmod:Materialize"],"picked":"stsjorbsmod:TinyHut","floor":8.0},{"not_picked":["stsjorbsmod:OldPocket","stsjorbsmod:Trauma"],"picked":"stsjorbsmod:Prestidigitation","floor":11.0},{"not_picked":["stsjorbsmod:ParryingBlow","stsjorbsmod:RayOfFrost"],"picked":"stsjorbsmod:ScorchingRay","floor":12.0},{"not_picked":["stsjorbsmod:OldPocket","stsjorbsmod:Firebolt"],"picked":"stsjorbsmod:Thorns","floor":14.0},{"not_picked":["stsjorbsmod:Fireball","stsjorbsmod:Pyromancy"],"picked":"stsjorbsmod:MirrorImage","floor":16.0},{"not_picked":["stsjorbsmod:DoubleCheck","stsjorbsmod:TrueStrike"],"picked":"stsjorbsmod:OldPocket+1","floor":18.0},{"not_picked":["stsjorbsmod:ParryingBlow","stsjorbsmod:AnimateObjects"],"picked":"stsjorbsmod:Firebolt+1","floor":22.0},{"not_picked":["stsjorbsmod:TrueStrike","stsjorbsmod:ChainLightning","stsjorbsmod:Prepare+1"],"picked":"SKIP","floor":25.0},{"not_picked":["stsjorbsmod:ParryingBlow","stsjorbsmod:Prestidigitation+1","stsjorbsmod:UnseenServant"],"picked":"SKIP","floor":27.0},{"not_picked":["stsjorbsmod:Will","stsjorbsmod:AnimateObjects"],"picked":"stsjorbsmod:Rest","floor":29.0},{"not_picked":["stsjorbsmod:Thorns+1","stsjorbsmod:MagicMissiles+1"],"picked":"stsjorbsmod:Firebolt+1","floor":30.0},{"not_picked":["stsjorbsmod:Materialize","stsjorbsmod:OldPocket"],"picked":"stsjorbsmod:GatherPower","floor":31.0},{"not_picked":["stsjorbsmod:Banish","stsjorbsmod:Fear"],"picked":"stsjorbsmod:Withdraw","floor":33},{"not_picked":["stsjorbsmod:ArcaneWeapon+1","stsjorbsmod:Prepare+1"],"picked":"stsjorbsmod:FranticSearch","floor":35},{"not_picked":["Jack Of All Trades","Impatience"],"picked":"Thinking Ahead","floor":36},{"not_picked":["stsjorbsmod:Channel","stsjorbsmod:UnseenServant"],"picked":"stsjorbsmod:ArcaneWeapon+1","floor":39},{"not_picked":["stsjorbsmod:TrueStrike","stsjorbsmod:Prepare+1"],"picked":"stsjorbsmod:FranticSearch+1","floor":40},{"not_picked":["stsjorbsmod:Patron","stsjorbsmod:Index+1"],"picked":"stsjorbsmod:MagicMissiles+1","floor":41},{"not_picked":["stsjorbsmod:Prestidigitation","stsjorbsmod:Materialize+1"],"picked":"stsjorbsmod:FracturedMind+1","floor":45},{"not_picked":["stsjorbsmod:Patron","stsjorbsmod:Channel"],"picked":"stsjorbsmod:MagicMissiles+1","floor":46},{"not_picked":["stsjorbsmod:AnimateObjects","stsjorbsmod:FlameWard"],"picked":"stsjorbsmod:MagicMissiles+1","floor":48}],"player_experience":956060,"relics_obtained":[{"floor":8.0,"key":"Gambling Chip"},{"floor":9.0,"key":"Bottled Flame"},{"floor":11.0,"key":"Odd Mushroom"},{"floor":14.0,"key":"Akabeko"},{"floor":25.0,"key":"Bottled Lightning"},{"floor":26.0,"key":"stsjorbsmod:AlchemistsFireRelic"},{"floor":29.0,"key":"Darkstone Periapt"},{"floor":30.0,"key":"Red Mask"},{"floor":40,"key":"Blue Candle"},{"floor":43,"key":"MawBank"},{"floor":45,"key":"Eternal Feather"}],"event_choices":[{"damage_healed":0.0,"max_hp_gain":0.0,"max_hp_loss":0.0,"gold_gain":0.0,"event_name":"Accursed Blacksmith","player_choice":"Rummage","floor":2.0,"gold_loss":0.0,"damage_taken":0.0,"relics_obtained":["WarpedTongs"],"cards_obtained":["Pain"]},{"damage_healed":0.0,"max_hp_gain":0.0,"max_hp_loss":0.0,"gold_gain":0.0,"event_name":"Mushrooms","player_choice":"Fought Mushrooms","floor":11.0,"gold_loss":0.0,"damage_taken":0.0},{"damage_healed":0.0,"max_hp_gain":0.0,"max_hp_loss":0.0,"gold_gain":0.0,"event_name":"Ghosts","player_choice":"Ignored","floor":19.0,"gold_loss":0.0,"damage_taken":0.0},{"damage_healed":0.0,"max_hp_gain":0.0,"max_hp_loss":0.0,"gold_gain":0.0,"event_name":"The Library","player_choice":"Read","floor":20.0,"gold_loss":0.0,"damage_taken":0.0,"cards_obtained":["stsjorbsmod:Stalwart"]},{"damage_healed":0.0,"max_hp_gain":0.0,"max_hp_loss":0.0,"gold_gain":0.0,"event_name":"Addict","player_choice":"Obtained Relic","floor":21.0,"gold_loss":85.0,"damage_taken":0.0,"relics_obtained":["stsjorbsmod:BottledMemoryRelic"]},{"damage_healed":0.0,"max_hp_gain":0.0,"max_hp_loss":0.0,"gold_gain":0.0,"event_name":"Masked Bandits","player_choice":"Fought Bandits","floor":30.0,"gold_loss":0.0,"damage_taken":0.0},{"damage_healed":0,"gold_gain":0,"player_choice":"Memory 1","damage_taken":0,"max_hp_gain":0,"max_hp_loss":0,"event_name":"SensoryStone","floor":36,"gold_loss":0},{"damage_healed":0,"gold_gain":0,"player_choice":"Bought 1 Potion","damage_taken":0,"max_hp_gain":0,"max_hp_loss":0,"event_name":"The Woman in Blue","floor":38,"gold_loss":0},{"cards_removed":["stsjorbsmod:Strike_Wanderer"],"damage_healed":0,"gold_gain":0,"player_choice":"Purged","damage_taken":0,"max_hp_gain":0,"max_hp_loss":0,"event_name":"Purifier","floor":47,"gold_loss":0}],"is_beta":false,"boss_relics":[{"not_picked":["Ectoplasm","Velvet Choker"],"picked":"SlaversCollar"},{"not_picked":["Astrolabe","Tiny House"],"picked":"Philosopher\u0027s Stone"}],"items_purged_floors":[3,24,37],"is_endless":false,"potions_floor_spawned":[5,7,8,14,18,27,30,39,40,41,45,48],"ascension_level":9}}