{"host":"7pe9xwx78c6nlay8","time":1607850826,"event":{"mods":["BaseMod","Minty Spire (QoL Compilation)"],"gold_per_floor":[114,129,404,419,434,434,446,477,477,487,138,138,168,168,168,265,265,280,296,314,1,13,44,63,74,146,106,106,106],"floor_reached":28,"playtime":1896,"items_purged":["Regret","Defend_P"],"score":405,"play_id":"1a0bf317-de84-47a3-90c3-cf1fb5c6eef6","local_time":"20201213171346","is_ascension_mode":true,"campfire_choices":[{"data":"Eruption","floor":6.0,"key":"SMITH"},{"floor":12.0,"key":"REST"},{"floor":15.0,"key":"REST"}],"circlet_count":0,"master_deck":["Strike_P","Strike_P+1","Strike_P","Strike_P+1","Defend_P","Defend_P","Defend_P","Eruption+1","Vigilance","JustLucky","ThirdEye","SandsOfTime","BattleHymn","Perseverance","Consecrate","MentalFortress","JustLucky","LikeWater","CutThroughFate","DevaForm","Weave+1","ThirdEye","Alpha","ForeignInfluence"],"relics":["PureWater","NeowsBlessing","FossilizedHelix","Pear","Sling","Gremlin Horn","The Courier","VioletLotus","Melange","MealTicket","InkBottle","Shuriken"],"acts_visited":["Exordium","TheCity"],"potions_floor_usage":[23,23,24,24],"damage_taken":[{"damage":0.0,"enemies":"Jaw Worm","floor":1.0,"turns":1.0},{"damage":0.0,"enemies":"Cultist","floor":2.0,"turns":1.0},{"damage":0.0,"enemies":"2 Louse","floor":4.0,"turns":1.0},{"damage":24.0,"enemies":"Lots of Slimes","floor":5.0,"turns":6.0},{"damage":5.0,"enemies":"2 Fungi Beasts","floor":7.0,"turns":3.0},{"damage":21.0,"enemies":"Lagavulin","floor":8.0,"turns":6.0},{"damage":13.0,"enemies":"3 Louse","floor":10.0,"turns":4.0},{"damage":24.0,"enemies":"Gremlin Nob","floor":13.0,"turns":4.0},{"damage":24.0,"enemies":"Slime Boss","floor":16.0,"turns":7.0},{"damage":0.0,"enemies":"Chosen","floor":18.0,"turns":8.0},{"damage":5.0,"enemies":"Shell Parasite","floor":19.0,"turns":6.0},{"damage":5.0,"enemies":"Centurion and Healer","floor":20.0,"turns":7.0},{"damage":6.0,"enemies":"Chosen and Byrds","floor":22.0,"turns":3.0},{"damage":0,"enemies":"Gremlin Leader","floor":23,"turns":4},{"damage":11,"enemies":"Snake Plant","floor":24,"turns":6},{"damage":10,"enemies":"Centurion and Healer","floor":25,"turns":6},{"damage":43,"enemies":"Shelled Parasite and Fungi","floor":28,"turns":4}],"seed_played":"7303050483396655592","potions_obtained":[{"floor":2.0,"key":"Energy Potion"},{"floor":8.0,"key":"LiquidMemories"},{"floor":10.0,"key":"Regen Potion"},{"floor":13.0,"key":"SkillPotion"},{"floor":18.0,"key":"PowerPotion"},{"floor":19.0,"key":"Explosive Potion"},{"floor":22.0,"key":"DistilledChaos"},{"floor":23,"key":"EssenceOfSteel"}],"is_trial":false,"path_per_floor":["M","M","?","M","M","R","M","E","T","M","$","R","E","T","R","B",null,"M","M","M","$","M","E","M","M","T","?","M"],"character_chosen":"WATCHER","items_purchased":["Sling","JustLucky","LikeWater","Melange","MealTicket"],"campfire_rested":2,"item_purchase_floors":[11,11,11,21,21],"current_hp_per_floor":[65,65,65,65,41,41,36,15,25,12,12,36,12,12,36,27,68,68,63,58,58,52,52,41,31,31,31,0,0],"gold":106,"neow_bonus":"THREE_ENEMY_KILL","is_daily":false,"chose_seed":false,"campfire_upgraded":1,"win_rate":0.0,"timestamp":1607850826,"path_taken":["M","M","?","?","M","R","M","E","T","?","?","R","E","?","R","BOSS","M","M","M","$","M","E","M","?","T","?","M"],"items_purchased_type":["Relic","Card","Card","Relic","Relic"],"build_version":"2020-11-30","purchased_purges":2,"victory":false,"max_hp_per_floor":[72,72,72,72,72,72,72,72,82,82,82,82,82,82,82,82,82,82,82,82,82,82,82,82,82,82,82,82,82],"card_choices":[{"not_picked":["Protect","FollowUp"],"picked":"JustLucky","floor":1.0},{"not_picked":["WaveOfTheHand","BowlingBash"],"picked":"ThirdEye","floor":2.0},{"not_picked":["TalkToTheHand","InnerPeace"],"picked":"SandsOfTime","floor":4.0},{"not_picked":["SandsOfTime","FollowUp"],"picked":"BattleHymn","floor":5.0},{"not_picked":["WindmillStrike","SignatureMove"],"picked":"Perseverance","floor":7.0},{"not_picked":["ClearTheMind","CrushJoints"],"picked":"Consecrate","floor":8.0},{"not_picked":["Halt","InnerPeace"],"picked":"MentalFortress","floor":10.0},{"not_picked":["PathToVictory","WheelKick"],"picked":"CutThroughFate","floor":13.0},{"not_picked":["Alpha","Wish"],"picked":"DevaForm","floor":16.0},{"not_picked":["MentalFortress+1","PathToVictory+1"],"picked":"Weave+1","floor":18.0},{"not_picked":["SandsOfTime","FlyingSleeves"],"picked":"ThirdEye","floor":19.0},{"not_picked":["PathToVictory","EmptyFist","Halt+1"],"picked":"SKIP","floor":20.0},{"not_picked":["Protect","Collect+1","BattleHymn"],"picked":"SKIP","floor":22.0},{"not_picked":["FlyingSleeves","MentalFortress+1"],"picked":"Alpha","floor":23},{"not_picked":["Meditate","FlyingSleeves","Evaluate"],"picked":"SKIP","floor":24},{"not_picked":["FlyingSleeves","EmptyFist"],"picked":"ForeignInfluence","floor":25}],"player_experience":1510408,"relics_obtained":[{"floor":8.0,"key":"FossilizedHelix"},{"floor":9.0,"key":"Pear"},{"floor":13.0,"key":"Gremlin Horn"},{"floor":14.0,"key":"The Courier"},{"floor":23,"key":"InkBottle"},{"floor":26,"key":"Shuriken"}],"event_choices":[{"damage_healed":0.0,"max_hp_gain":0.0,"max_hp_loss":0.0,"gold_gain":275.0,"event_name":"Golden Shrine","player_choice":"Desecrate","floor":3.0,"gold_loss":0.0,"damage_taken":0.0,"cards_obtained":["Regret"]},{"damage_healed":0,"gold_gain":0,"player_choice":"Upgraded Two","damage_taken":0,"max_hp_gain":0,"max_hp_loss":0,"event_name":"Designer","floor":27,"gold_loss":40,"cards_upgraded":["Strike_P","Strike_P"]}],"is_beta":false,"boss_relics":[{"not_picked":["Velvet Choker","Busted Crown"],"picked":"VioletLotus"}],"items_purged_floors":[11,21],"is_endless":false,"potions_floor_spawned":[2,8,10,13,18,19,22,23],"killed_by":"Shelled Parasite and Fungi","ascension_level":9}}