{"host":"7yyoe0ei0fseceei","time":1607883863,"event":{"mods":["BaseMod","Colored Map","Highlight Path","Minty Spire (QoL Compilation)","Quick Restart"],"gold_per_floor":[118,133,148,63,77,111,111,126,126,126,142,158,233,248,248,248,248],"floor_reached":16,"playtime":393,"items_purged":[],"score":212,"play_id":"756f46ad-59a5-416b-9e87-97ad9c20b253","local_time":"20201213192423","is_ascension_mode":true,"campfire_choices":[{"floor":7,"key":"REST"},{"data":"Corruption","floor":10,"key":"SMITH"},{"floor":15,"key":"REST"}],"circlet_count":0,"master_deck":["AscendersBane","Strike_R","Strike_R","Strike_R","Strike_R","Strike_R","Defend_R","Defend_R","Defend_R","Defend_R","Bash","Thunderclap","Pummel","Inflame","Hemokinesis","Ghostly Armor","Corruption+1","Rage","Whirlwind","Battle Trance"],"relics":["Burning Blood","NeowsBlessing","Happy Flower","Singing Bowl"],"acts_visited":["Exordium"],"potions_floor_usage":[6,12,14,16],"damage_taken":[{"damage":0,"enemies":"2 Louse","floor":1,"turns":1},{"damage":0,"enemies":"Small Slimes","floor":2,"turns":1},{"damage":0,"enemies":"Cultist","floor":3,"turns":1},{"damage":36,"enemies":"Exordium Thugs","floor":5,"turns":6},{"damage":40,"enemies":"3 Sentries","floor":6,"turns":7},{"damage":7,"enemies":"Exordium Wildlife","floor":8,"turns":4},{"damage":4,"enemies":"2 Fungi Beasts","floor":11,"turns":4},{"damage":5,"enemies":"3 Louse","floor":12,"turns":2},{"damage":4,"enemies":"Red Slaver","floor":14,"turns":3},{"damage":51,"enemies":"Hexaghost","floor":16,"turns":7}],"seed_played":"-7979447525185515815","potions_obtained":[{"floor":2,"key":"Dexterity Potion"},{"floor":5,"key":"SkillPotion"},{"floor":11,"key":"SteroidPotion"},{"floor":12,"key":"SkillPotion"}],"is_trial":false,"path_per_floor":["M","M","M","$","M","E","R","M","T","R","M","M","?","M","R","B"],"character_chosen":"IRONCLAD","items_purchased":["Hemokinesis"],"campfire_rested":2,"item_purchase_floors":[4],"current_hp_per_floor":[74,75,75,75,45,11,33,32,32,32,36,37,26,28,51,0,0],"gold":248,"neow_bonus":"THREE_ENEMY_KILL","is_daily":false,"chose_seed":false,"campfire_upgraded":1,"win_rate":0.0,"timestamp":1607883863,"path_taken":["M","M","M","$","M","E","R","M","T","R","M","M","?","M","R","BOSS"],"items_purchased_type":["Card"],"build_version":"2020-11-30","purchased_purges":0,"victory":false,"max_hp_per_floor":[75,75,75,75,75,75,75,75,75,75,77,77,77,77,77,77,77],"card_choices":[{"not_picked":["Shockwave","Sword Boomerang"],"picked":"Thunderclap","floor":1},{"not_picked":["Anger","Sentinel"],"picked":"Pummel","floor":2},{"not_picked":["Perfected Strike","Headbutt"],"picked":"Inflame","floor":3},{"not_picked":["Clothesline","Sword Boomerang"],"picked":"Ghostly Armor","floor":5},{"not_picked":["Headbutt","Metallicize"],"picked":"Corruption","floor":6},{"not_picked":["Dropkick","Wild Strike"],"picked":"Rage","floor":8},{"not_picked":["Flex","Armaments","Sword Boomerang"],"picked":"Singing Bowl","floor":11},{"not_picked":["Body Slam","Spot Weakness"],"picked":"Whirlwind","floor":12},{"not_picked":["Pommel Strike","Clothesline"],"picked":"Battle Trance","floor":14}],"player_experience":844729,"relics_obtained":[{"floor":6,"key":"Happy Flower"},{"floor":9,"key":"Singing Bowl"}],"event_choices":[{"damage_healed":0,"gold_gain":75,"player_choice":"Gather Gold","damage_taken":11,"max_hp_gain":0,"max_hp_loss":0,"event_name":"World of Goop","floor":13,"gold_loss":0}],"is_beta":false,"boss_relics":[],"items_purged_floors":[],"is_endless":false,"potions_floor_spawned":[2,5,11,12],"killed_by":"Hexaghost","ascension_level":20}}