{"host":"63sioh49uueqzogg","time":1607838225,"event":{"mods":["BaseMod","Card Forge","Colored Map","Colored Powertips","Minty Spire (QoL Compilation)","StSLib","The Animator"],"gold_per_floor":[116,133,133,150,174,204,204,229,229,260,260,260,289,303,303,425,425,437,352,352,48,48,76,61,61,61,61,61,61,87,134,134,234,234,250,250,298,298,3,31,31,82,82,82,33,62,112,140,140,140,140,140,140,171,171,171],"floor_reached":55,"playtime":4489,"items_purged":[],"score":1176,"play_id":"ffcf02ae-e032-4b96-8f51-d511d267e9fe","local_time":"20201212214345","is_ascension_mode":true,"campfire_choices":[{"data":"animator:MamiTomoe","floor":7.0,"key":"SMITH"},{"data":"animator:SuzuneAmano","floor":12.0,"key":"SMITH"},{"data":"animator:NagisaMomoe","floor":15.0,"key":"SMITH"},{"data":"animator:Kyubey","floor":27.0,"key":"SMITH"},{"floor":29.0,"key":"REST"},{"data":"animator:Nanami","floor":32.0,"key":"SMITH"},{"data":"animator:Kuroyukihime","floor":41,"key":"SMITH"},{"data":"animator:NagisaMomoe","floor":44,"key":"SMITH"},{"floor":49,"key":"RECALL"},{"data":"animator:GoblinSlayer","floor":52,"key":"SMITH"}],"circlet_count":0,"master_deck":["animator:Defend_MadokaMagica+1","animator:Defend","animator:Defend","animator:Defend+1","animator:IrohaTamaki","animator:YuiTsuruno","animator:GoblinSlayer+1","animator:YuiTsuruno","animator:YachiyoNanami","animator:MamiTomoe+1","animator:Nanami+1","animator:SuzuneAmano+1","animator:Kyubey+1","animator:KyokoSakura","animator:HomuraAkemi","animator:HomuraAkemi","animator:NagisaMomoe+1","animator:YuiTsuruno","animator:Kuroyukihime+1","animator:OrikoMikuni","animator:Mikaela"],"relics":["animator:LivingPicture","animator:TheMissingPiece","Hammer of Thor","Seething Fire","Anvil of the Gods","Singing Bowl","Calipers","Eternal Feather","Mango","Pear","Boot","SlaversCollar","Pantograph","Bottled Lightning","PreservedInsect","animator:WornHelmet","Bronze Scales","Nilry\u0027s Codex","Blood Vial","Unceasing Top","Omamori","animator:RacePiece","Champion Belt","War Paint","animator:ShionDessert","animator:BattleDrones","Anchor","Bottled Tornado","Lantern","Happy Flower","Gremlin Horn"],"acts_visited":["Exordium","TheCity","TheBeyond","TheEnding"],"potions_floor_usage":[46,55,55,55],"damage_taken":[{"damage":0.0,"enemies":"Cultist","floor":1.0,"turns":4.0},{"damage":0.0,"enemies":"2 Louse","floor":2.0,"turns":4.0},{"damage":0.0,"enemies":"Jaw Worm","floor":4.0,"turns":5.0},{"damage":0.0,"enemies":"2 Fungi Beasts","floor":5.0,"turns":5.0},{"damage":21.0,"enemies":"Gremlin Nob","floor":6.0,"turns":6.0},{"damage":6.0,"enemies":"Lagavulin","floor":8.0,"turns":7.0},{"damage":2.0,"enemies":"Exordium Wildlife","floor":10.0,"turns":4.0},{"damage":13.0,"enemies":"Gremlin Nob","floor":13.0,"turns":4.0},{"damage":7.0,"enemies":"Looter","floor":14.0,"turns":3.0},{"damage":34.0,"enemies":"Hexaghost","floor":16.0,"turns":12.0},{"damage":15.0,"enemies":"Spheric Guardian","floor":18.0,"turns":4.0},{"damage":33.0,"enemies":"Gremlin Leader","floor":23.0,"turns":5.0},{"damage":20.0,"enemies":"2 Thieves","floor":24.0,"turns":4.0},{"damage":11.0,"enemies":"Slavers","floor":30.0,"turns":6.0},{"damage":48.0,"enemies":"Champ","floor":33.0,"turns":10.0},{"damage":4,"enemies":"Orb Walker","floor":35,"turns":5},{"damage":19,"enemies":"2 Orb Walkers","floor":37,"turns":6},{"damage":27,"enemies":"Reptomancer","floor":40,"turns":6},{"damage":0,"enemies":"Giant Head","floor":46,"turns":7},{"damage":0,"enemies":"Mind Bloom Boss Battle","floor":47,"turns":4},{"damage":0,"enemies":"Reptomancer","floor":48,"turns":5},{"damage":90,"enemies":"Awakened One","floor":50,"turns":12},{"damage":27,"enemies":"Shield and Spear","floor":54,"turns":6},{"damage":108,"enemies":"The Heart","floor":55,"turns":7}],"seed_played":"-2841561314932555026","potions_obtained":[{"floor":1.0,"key":"Weak Potion"},{"floor":2.0,"key":"DuplicationPotion"},{"floor":5.0,"key":"Weak Potion"},{"floor":24.0,"key":"FearPotion"},{"floor":30.0,"key":"AttackPotion"},{"floor":35,"key":"CultistPotion"},{"floor":46,"key":"FearPotion"}],"is_trial":false,"path_per_floor":["M","M","?","M","M","E","R","E","T","M","?","R","E","M","R","B",null,"M","?","T","$","?","E","M","$","T","R","?","R","E","T","R","B",null,"M","?","?","?","$","E","R","T","T","R","$","E","?","E","R","B",null,"R","$","E","B"],"character_chosen":"THE_ANIMATOR","items_purchased":["PreservedInsect","animator:WornHelmet","War Paint","animator:ShionDessert","AttackPotion"],"campfire_rested":1,"item_purchase_floors":[21,21,39,39,45],"current_hp_per_floor":[59,59,56,58,58,38,38,32,46,44,54,63,51,46,55,21,77,64,64,64,64,64,33,15,15,15,24,8,47,38,38,47,26,85,85,85,70,70,70,47,56,56,56,65,65,67,94,98,110,22,90,102,102,79,0,0],"gold":171,"neow_bonus":"TRANSFORM_CARD","is_daily":false,"chose_seed":false,"campfire_upgraded":8,"win_rate":0.0,"timestamp":1607838225,"path_taken":["M","M","?","M","M","E","R","E","T","M","?","R","E","?","R","BOSS","M","?","?","$","?","E","M","?","T","R","?","R","E","?","R","BOSS","M","?","?","?","$","E","R","?","T","R","$","E","?","E","R","BOSS","R","$","E","BOSS"],"items_purchased_type":["Relic","Relic","Relic","Relic","Potion"],"build_version":"2020-11-30","purchased_purges":0,"victory":false,"max_hp_per_floor":[66,66,66,68,68,69,69,69,83,83,93,93,94,96,96,96,96,98,98,98,98,98,100,102,102,102,102,102,102,104,104,104,104,104,106,106,108,108,108,110,110,110,110,110,110,110,110,112,112,112,112,112,112,114,114,114],"card_choices":[{"not_picked":["animator:Ara","animator:PandorasActor"],"picked":"animator:YuiTsuruno","floor":1.0},{"not_picked":["animator:Raven","animator:Entoma"],"picked":"animator:HiiragiShinya","floor":2.0},{"not_picked":["animator:Emonzaemon","animator:Mitsuba","animator:Cocytus"],"picked":"Singing Bowl","floor":4.0},{"not_picked":["animator:SuzuneAmano","animator:IrohaTamaki"],"picked":"animator:YachiyoNanami","floor":5.0},{"not_picked":["animator:Elesis","animator:Aisha"],"picked":"animator:MamiTomoe","floor":6.0},{"not_picked":["animator:Konayuki","animator:Shigure"],"picked":"animator:Nanami","floor":8.0},{"not_picked":["animator:Spearman","animator:Chung"],"picked":"animator:SuzuneAmano","floor":10.0},{"not_picked":["animator:KyokoSakura","animator:SuzuneAmano"],"picked":"animator:NagisaMomoe","floor":13.0},{"not_picked":["animator:Ciel","animator:ZankiKiguchi","animator:SuzuneAmano"],"picked":"Singing Bowl","floor":14.0},{"not_picked":["animator:Elesis","animator:Boros"],"picked":"animator:Kyubey","floor":16.0},{"not_picked":["animator:Azekura+1","animator:OrikoMikuni+1","animator:GuildGirl"],"picked":"Singing Bowl","floor":18.0},{"not_picked":["animator:MumenRider+1","animator:Evileye","animator:OrikoMikuni"],"picked":"Singing Bowl","floor":23.0},{"not_picked":["animator:SuzuneAmano","animator:YuiTsuruno"],"picked":"animator:KyokoSakura","floor":24.0},{"not_picked":["animator:OrikoMikuni+1","animator:LizardPriest+1","animator:NarberalGamma"],"picked":"Singing Bowl","floor":30.0},{"not_picked":["animator:FeridBathory","animator:Saitama"],"picked":"animator:HomuraAkemi","floor":33.0},{"not_picked":["animator:Azekura+1","animator:Cocytus+1","animator:SayakaMiki+1"],"picked":"Singing Bowl","floor":35},{"not_picked":["animator:MamizouFutatsuiwa","animator:Patchouli"],"picked":"animator:Kuroyukihime","floor":36},{"not_picked":["animator:DwarfShaman","animator:LizardPriest","animator:SayakaMiki+1"],"picked":"Singing Bowl","floor":37},{"not_picked":["animator:FeridBathory","animator:Tatsumaki","animator:GuildGirl"],"picked":"Singing Bowl","floor":40},{"not_picked":["animator:MamiTomoe","animator:YachiyoNanami"],"picked":"animator:OrikoMikuni","floor":46},{"not_picked":["animator:Witch","animator:SilverFang+1"],"picked":"animator:Mikaela","floor":47},{"not_picked":["animator:MamiTomoe+1","animator:UneriGinkaku+1","animator:Emonzaemon+1"],"picked":"Singing Bowl","floor":48},{"not_picked":["animator:Evileye+1","animator:Shinoa+1","animator:LizardPriest"],"picked":"Singing Bowl","floor":54}],"player_experience":553494,"relics_obtained":[{"floor":6.0,"key":"Calipers"},{"floor":8.0,"key":"Eternal Feather"},{"floor":9.0,"key":"Mango"},{"floor":13.0,"key":"Boot"},{"floor":20.0,"key":"Bottled Lightning"},{"floor":23.0,"key":"Bronze Scales"},{"floor":28.0,"key":"Nilry\u0027s Codex"},{"floor":30.0,"key":"Blood Vial"},{"floor":30.0,"key":"Unceasing Top"},{"floor":31.0,"key":"Omamori"},{"floor":37,"key":"Champion Belt"},{"floor":40,"key":"animator:BattleDrones"},{"floor":42,"key":"Anchor"},{"floor":43,"key":"Bottled Tornado"},{"floor":46,"key":"Lantern"},{"floor":48,"key":"Happy Flower"},{"floor":54,"key":"Gremlin Horn"}],"event_choices":[{"damage_healed":0.0,"max_hp_gain":0.0,"max_hp_loss":0.0,"gold_gain":0.0,"event_name":"Scrap Ooze","player_choice":"Success","floor":3.0,"gold_loss":0.0,"damage_taken":3.0,"relics_obtained":["Singing Bowl"]},{"damage_healed":0.0,"max_hp_gain":0.0,"max_hp_loss":0.0,"gold_gain":0.0,"event_name":"Dead Adventurer","player_choice":"Searched \u00272\u0027 times","floor":11.0,"gold_loss":0.0,"damage_taken":0.0,"relics_obtained":["Pear"]},{"damage_healed":0.0,"max_hp_gain":0.0,"max_hp_loss":0.0,"gold_gain":0.0,"event_name":"Addict","player_choice":"Obtained Relic","floor":19.0,"gold_loss":85.0,"damage_taken":0.0,"relics_obtained":["Pantograph"]},{"cards_removed":["animator:Strike"],"damage_healed":0.0,"max_hp_gain":0.0,"max_hp_loss":0.0,"gold_gain":0.0,"event_name":"Back to Basics","player_choice":"Elegance","floor":22.0,"gold_loss":0.0,"damage_taken":0.0},{"damage_healed":0.0,"max_hp_gain":0.0,"max_hp_loss":0.0,"gold_gain":0.0,"event_name":"Cursed Tome","player_choice":"Obtained Book","floor":28.0,"gold_loss":0.0,"damage_taken":16.0},{"damage_healed":0,"gold_gain":0,"player_choice":"Memory 1","damage_taken":0,"max_hp_gain":0,"max_hp_loss":0,"event_name":"SensoryStone","floor":36,"gold_loss":0},{"damage_healed":0,"gold_gain":0,"player_choice":"Fight","damage_taken":0,"max_hp_gain":0,"max_hp_loss":0,"event_name":"Mysterious Sphere","floor":37,"gold_loss":0},{"cards_removed":["animator:NagisaMomoe"],"damage_healed":0,"gold_gain":0,"player_choice":"Removed Skill","damage_taken":0,"max_hp_gain":0,"max_hp_loss":0,"event_name":"Falling","floor":38,"gold_loss":0},{"damage_healed":0,"gold_gain":0,"player_choice":"Fight","damage_taken":0,"max_hp_gain":0,"max_hp_loss":0,"event_name":"MindBloom","floor":47,"gold_loss":0}],"is_beta":false,"boss_relics":[{"not_picked":["Runic Dome","animator:VividPicture"],"picked":"SlaversCollar"},{"not_picked":["Sozu","Busted Crown"],"picked":"animator:RacePiece"}],"items_purged_floors":[],"is_endless":false,"potions_floor_spawned":[1,2,5,24,30,35,46,47],"killed_by":"The Heart","ascension_level":6}}