{"host":"ifd7sfhtlbe34qll","time":1607902099,"event":{"mods":["2.2 Compatiblity","BaseMod","Block Reminder","Colored Map","Downfall","Highlight Path","Minty Spire (QoL Compilation)","Potion Indicator Mod","Quick Restart","Random Character Button","Relic Stats","StSLib"],"gold_per_floor":[99,115,131,145,178,194,218,218,218,253,265,25,42,27,43,43,43],"floor_reached":16,"playtime":800,"items_purged":[],"score":118,"play_id":"bf632f55-d518-41ae-851a-49c864a300bd","local_time":"20201213172819","is_ascension_mode":true,"campfire_choices":[{"data":"champ:Taunt","floor":1.0,"key":"SMITH"},{"data":"champ:FanOfKnives","floor":8.0,"key":"SMITH"}],"circlet_count":0,"master_deck":["champ:Strike","champ:Strike","champ:Strike","champ:Strike","champ:Defend","champ:Defend","champ:Defend","champ:Defend","champ:Execute","champ:Taunt+1","champ:StanceDance","champ:TornadoPunch","champ:Aggression","champ:DefensiveStyle","champ:FanOfKnives+1","champ:Balance","champ:MurderStrike","champ:FaceSlap","champ:PerfectForm","champ:Duel"],"relics":["champ:ChampionCrown","Ancient Tea Set","Omamori","Anchor","downfall:BrokenWingStatue","MawBank","champ:LiftRelic"],"acts_visited":["Exordium"],"potions_floor_usage":[16],"damage_taken":[{"damage":5.0,"enemies":"Small Slimes","floor":2.0,"turns":3.0},{"damage":8.0,"enemies":"Jaw Worm","floor":3.0,"turns":3.0},{"damage":2.0,"enemies":"Cultist","floor":4.0,"turns":4.0},{"damage":48.0,"enemies":"Gremlin Nob","floor":5.0,"turns":5.0},{"damage":10.0,"enemies":"Lots of Slimes","floor":6.0,"turns":3.0},{"damage":21.0,"enemies":"3 Sentries","floor":10.0,"turns":4.0},{"damage":11.0,"enemies":"downfall:FleeingMerchant","floor":12.0,"turns":4.0},{"damage":6.0,"enemies":"Large Slime","floor":13.0,"turns":6.0},{"damage":10.0,"enemies":"downfall:FleeingMerchant","floor":14.0,"turns":4.0},{"damage":6.0,"enemies":"Exordium Thugs","floor":15.0,"turns":4.0},{"damage":29,"enemies":"downfall:Defect","floor":16,"turns":4}],"seed_played":"-4415740805836741601","potions_obtained":[{"floor":4.0,"key":"SteroidPotion"},{"floor":5.0,"key":"sneckomod:MuddlingPotion"},{"floor":6.0,"key":"SteroidPotion"},{"floor":13.0,"key":"Strength Potion"},{"floor":15.0,"key":"AttackPotion"}],"is_trial":false,"path_per_floor":["R","M","M","M","E","M","T","R","?","E","?","$","M","$","M","B"],"character_chosen":"THE_CHAMP","items_purchased":["champ:FaceSlap","champ:PerfectForm"],"campfire_rested":0,"item_purchase_floors":[12,12],"current_hp_per_floor":[90,90,87,85,60,50,50,50,50,29,29,24,23,18,28,0,0],"gold":43,"neow_bonus":"RANDOM_COMMON_RELIC","is_daily":false,"chose_seed":false,"campfire_upgraded":2,"win_rate":0.0,"timestamp":1607902099,"path_taken":["R","M","M","M","E","M","T","R","?","E","?","$","M","?","M","BOSS"],"items_purchased_type":["Card","Card"],"build_version":"2020-11-30","purchased_purges":0,"victory":false,"max_hp_per_floor":[90,90,90,90,90,90,90,90,90,90,90,90,90,90,90,90,90],"relic_stats":{"counters":[11,44],"MawBank":24,"obtain_stats":[{"Anchor":7,"downfall:BrokenWingStatue":9,"champ:LiftRelic":11,"champ:ChampionCrown":0,"Omamori":5,"Ancient Tea Set":0,"MawBank":10},{"Anchor":5,"downfall:BrokenWingStatue":5,"champ:LiftRelic":6,"champ:ChampionCrown":0,"Omamori":4,"Ancient Tea Set":0,"MawBank":6},{"Anchor":18,"downfall:BrokenWingStatue":18,"champ:LiftRelic":22,"champ:ChampionCrown":0,"Omamori":15,"Ancient Tea Set":0,"MawBank":22}]},"card_choices":[{"not_picked":["champ:HeartStrike","champ:RapidStrikes"],"picked":"champ:StanceDance","floor":2.0},{"not_picked":["champ:RapidStrikes","champ:GladiatorsShout"],"picked":"champ:TornadoPunch","floor":3.0},{"not_picked":["champ:Riposte","champ:Backstep"],"picked":"champ:Aggression","floor":4.0},{"not_picked":["champ:ShieldWall","champ:BerserkersShout"],"picked":"champ:DefensiveStyle","floor":5.0},{"not_picked":["champ:DefensiveShout","champ:RisingSlash"],"picked":"champ:FanOfKnives","floor":6.0},{"not_picked":["champ:Circumvent","champ:StanceDance"],"picked":"champ:Balance","floor":10.0},{"not_picked":["champ:BladeFlurry","champ:FocusedBerserking"],"picked":"champ:MurderStrike","floor":12.0},{"not_picked":["champ:Backstep","champ:CalledShot"],"picked":"champ:Duel","floor":13.0},{"not_picked":["champ:EndlessRage","champ:BladeFlurry","champ:RapidStrikes"],"picked":"SKIP","floor":14.0},{"not_picked":["champ:BerserkersShout","champ:EnGarde","champ:RapidStrikes"],"picked":"SKIP","floor":15.0}],"player_experience":1537182,"relics_obtained":[{"floor":5.0,"key":"Omamori"},{"floor":7.0,"key":"Anchor"},{"floor":10.0,"key":"MawBank"}],"event_choices":[],"is_beta":false,"boss_relics":[],"items_purged_floors":[],"is_endless":false,"potions_floor_spawned":[4,5,6,13,15],"killed_by":"downfall:Defect","ascension_level":1}}