{"host":"k1s7ceisg8awo2gn","time":1607882116,"event":{"mods":["Act Like it!","Ascension Reborn","Aspiration","BaseMod","Colored Map","Colored Powertips","Conspire","Downfall","Hermit","Hubris","Minty Spire (QoL Compilation)","Quick Restart","Random Character Button","Replay The Spire","StSLib","The Animator","The Cursed","The Jungle","The Servant 0.9.4","slay the spire mod where everything is the same but ironclad has a cowboy hat","vexMod"],"gold_per_floor":[110,85,98,98,108,137,152,152,152],"floor_reached":8,"playtime":982,"items_purged":[],"score":58,"play_id":"94896940-5485-444f-93c6-1a24249811ed","local_time":"20201213125516","is_ascension_mode":true,"campfire_choices":[],"circlet_count":0,"master_deck":["Strike_B","Strike_B","Strike_B","Strike_B","Defend_B","Defend_B","Defend_B","Defend_B","Zap","Dualcast","Static Discharge","Capacitor","Chaos","Biased Cognition","ReplayTheSpireMod:Calculation Training"],"relics":["Cracked Core","aspiration:Nostalgia","m_SnakeCloak","Blood Vial"],"acts_visited":["Exordium"],"potions_floor_usage":[8,8,8],"damage_taken":[{"damage":0,"enemies":"Small Slimes","floor":1,"turns":2},{"damage":0,"enemies":"conspire:RoseBush","floor":3,"turns":3},{"damage":5,"enemies":"Cultist","floor":5,"turns":4},{"damage":31,"enemies":"3 Sentries","floor":6,"turns":6},{"damage":16,"enemies":"Large Slime","floor":7,"turns":5},{"damage":39,"enemies":"Lagavulin","floor":8,"turns":3}],"seed_played":"-3955880098717597368","potions_obtained":[{"floor":1,"key":"BlessingOfTheForge"},{"floor":4,"key":"Venom Potion"},{"floor":4,"key":"FocusPotion"},{"floor":5,"key":"Slimebound:ThreeZeroPotion"}],"is_trial":false,"path_per_floor":["M","?","M","?","M","E","M","E"],"character_chosen":"DEFECT","items_purchased":[],"campfire_rested":0,"item_purchase_floors":[],"current_hp_per_floor":[75,75,75,75,70,39,25,0,0],"gold":152,"neow_bonus":"NOSTALGIA","is_daily":false,"chose_seed":false,"campfire_upgraded":0,"win_rate":0.0,"timestamp":1607882116,"path_taken":["M","?","M","?","M","E","M","E"],"items_purchased_type":[],"build_version":"2020-11-30","purchased_purges":0,"victory":false,"max_hp_per_floor":[75,75,75,75,75,75,75,75,75],"card_choices":[{"not_picked":["ReplayTheSpireMod:GoodbyeWorld","Turbo"],"picked":"Static Discharge","floor":1},{"not_picked":["FTL","Stack"],"picked":"Capacitor","floor":3},{"not_picked":["Beam Cell","Compile Driver"],"picked":"Chaos","floor":5},{"not_picked":["Sweeping Beam","Dagger Throw"],"picked":"Biased Cognition","floor":6},{"not_picked":["Ball Lightning","Doom and Gloom"],"picked":"ReplayTheSpireMod:Calculation Training","floor":7}],"player_experience":117352,"relics_obtained":[{"floor":6,"key":"Blood Vial"}],"event_choices":[{"damage_healed":0,"gold_gain":0,"player_choice":"Got Potions","damage_taken":0,"max_hp_gain":0,"max_hp_loss":0,"event_name":"Lab","floor":4,"gold_loss":0}],"is_beta":false,"boss_relics":[],"items_purged_floors":[],"is_endless":false,"potions_floor_spawned":[1,5],"killed_by":"Lagavulin","ascension_level":0}}