{"host":"jm9833yuloeli2yd","time":1607879381,"event":{"mods":["AchievementEnabler","BaseMod","Better Altar","Better Match","Better Note","Better Sensory Stone","Better Skull","Better Vampires","Colored Map","Colored Powertips","DeckTracker","Minty Spire (QoL Compilation)","Permanent Neow","Quick Restart","Replay The Spire","StSLib","SuperFastMode"],"gold_per_floor":[117,38,48,65,65,99,119,119,119,119,150,150,168,206,206,299,299,315,315,315,315],"floor_reached":20,"playtime":486,"items_purged":[],"score":384,"play_id":"6c96cfca-5d79-4afb-be4d-f03eef4f33cc","local_time":"20201213120941","is_ascension_mode":true,"campfire_choices":[{"floor":8.0,"key":"REST"},{"data":"Neutralize","floor":10.0,"key":"SMITH"},{"floor":15.0,"key":"REST"}],"circlet_count":0,"master_deck":["AscendersBane","Strike_G","Strike_G","Strike_G","Strike_G","Strike_G","Defend_G","Defend_G","Defend_G","Defend_G","Defend_G","Survivor","Neutralize+1","Poisoned Stab","All Out Attack","Quick Slash","Choke","Skewer","Heel Hook","Caltrops","Corpse Explosion","Dodge and Roll","ReplayTheSpireMod:Doomed"],"relics":["SlaversCollar","Golden Idol","Replay:Kaleidoscope","Replay:Bottled Steam","Matryoshka","Replay:Baseball","Regal Pillow","Philosopher\u0027s Stone","MealTicket"],"acts_visited":["Exordium","TheCity"],"potions_floor_usage":[],"damage_taken":[{"damage":4.0,"enemies":"Jaw Worm","floor":1.0,"turns":5.0},{"damage":1.0,"enemies":"2 Louse","floor":3.0,"turns":2.0},{"damage":1.0,"enemies":"Cultist","floor":4.0,"turns":4.0},{"damage":24.0,"enemies":"3 Sentries","floor":6.0,"turns":8.0},{"damage":18.0,"enemies":"3 Louse","floor":7.0,"turns":3.0},{"damage":10.0,"enemies":"Lagavulin","floor":11.0,"turns":7.0},{"damage":5.0,"enemies":"Red Slaver","floor":13.0,"turns":3.0},{"damage":6.0,"enemies":"Gremlin Nob","floor":14.0,"turns":3.0},{"damage":29.0,"enemies":"Hexaghost","floor":16.0,"turns":9.0},{"damage":40.0,"enemies":"2 Thieves","floor":18.0,"turns":3.0},{"damage":14,"enemies":"Chosen","floor":20,"turns":3}],"seed_played":"-8411420035775486594","potions_obtained":[{"floor":1.0,"key":"Regen Potion"},{"floor":4.0,"key":"SneckoOil"},{"floor":11.0,"key":"Poison Potion"},{"floor":13.0,"key":"Adrenaline Potion"},{"floor":16.0,"key":"Weak Potion"}],"is_trial":false,"path_per_floor":["M","$","M","M","?","E","M","R","T","R","E","?","M","E","R","B",null,"M","?","M"],"character_chosen":"THE_SILENT","items_purchased":["All Out Attack"],"campfire_rested":2,"item_purchase_floors":[2],"current_hp_per_floor":[55,55,54,53,53,44,26,44,44,44,34,34,29,23,56,27,52,12,12,0,0],"gold":315,"neow_bonus":"BOSS_RELIC","is_daily":false,"chose_seed":false,"campfire_upgraded":1,"win_rate":0.0,"timestamp":1607879381,"path_taken":["M","$","M","M","?","E","M","R","T","R","E","?","M","E","R","BOSS","M","?","M"],"items_purchased_type":["Card"],"build_version":"2020-11-30","purchased_purges":0,"victory":false,"max_hp_per_floor":[66,66,66,66,60,60,60,60,60,60,60,60,60,60,60,60,60,60,60,60,60],"card_choices":[{"not_picked":["Catalyst","Sneak Up"],"picked":"Poisoned Stab","floor":1.0},{"not_picked":["Dodge and Roll","Underhanded Strike"],"picked":"Quick Slash","floor":3.0},{"not_picked":["Deadly Poison","ReplayTheSpireMod:Scrap Shanks"],"picked":"Choke","floor":4.0},{"not_picked":["Dagger Throw","Eviscerate"],"picked":"Skewer","floor":6.0},{"not_picked":["Underhanded Strike","Cloak And Dagger"],"picked":"Heel Hook","floor":7.0},{"not_picked":["Quick Slash","Backstab","Flying Knee"],"picked":"SKIP","floor":11.0},{"not_picked":["Unload","Sneak Up"],"picked":"Caltrops","floor":13.0},{"not_picked":["Blade Dance","Underhanded Strike","Masterful Stab"],"picked":"SKIP","floor":14.0},{"not_picked":["ReplayTheSpireMod:Necrosis","Tools of the Trade"],"picked":"Corpse Explosion","floor":16.0},{"not_picked":["Skewer","Bane"],"picked":"Dodge and Roll","floor":18.0}],"player_experience":1049342,"relics_obtained":[{"floor":6.0,"key":"Replay:Kaleidoscope"},{"floor":9.0,"key":"Replay:Bottled Steam"},{"floor":11.0,"key":"Matryoshka"},{"floor":14.0,"key":"Regal Pillow"}],"event_choices":[{"damage_healed":0.0,"max_hp_gain":0.0,"max_hp_loss":6.0,"gold_gain":0.0,"event_name":"Golden Idol","player_choice":"Lose Max HP","floor":5.0,"gold_loss":0.0,"damage_taken":0.0,"relics_obtained":["Golden Idol"]},{"damage_healed":0.0,"max_hp_gain":0.0,"max_hp_loss":0.0,"gold_gain":0.0,"event_name":"Dead Adventurer","player_choice":"Searched \u00271\u0027 times","floor":12.0,"gold_loss":0.0,"damage_taken":0.0,"relics_obtained":["Replay:Baseball"]}],"is_beta":false,"boss_relics":[{"not_picked":["Sozu","Replay:Grab Bag"],"picked":"Philosopher\u0027s Stone"}],"items_purged_floors":[],"is_endless":false,"potions_floor_spawned":[1,4,11,13,16],"killed_by":"Chosen","ascension_level":20}}