{"host":"m3nvt13i50wb5dv0","time":1607867734,"event":{"mods":["2.2 Compatiblity","Act Like it!","BaseMod","Better Third Choice","Minty Spire (QoL Compilation)","Relic Stats","Robot Space Explorer","StSLib","The Dragon Tamer","The Gatherer","The Jungle"],"gold_per_floor":[14,14,28,47,66,9,35,35,35,35,46,23,42,42,42,146,146,164,164,89,89,89,119,119,132,132,143,175,175,188,219,219,319,319,333,333,350,150,160,160,160,160,160],"floor_reached":41,"playtime":3137,"items_purged":["Gatherer:Strike_Gatherer","Gatherer:Defend_Gatherer"],"score":451,"play_id":"ec7e2911-ad85-4e8b-a589-82e194941493","local_time":"20201213205534","is_ascension_mode":false,"metric_token":721,"campfire_choices":[{"data":"Gatherer:FragileHammer","floor":8.0,"key":"SMITH"},{"data":"Gatherer:Frenzy","floor":10.0,"key":"SMITH"},{"data":"Gatherer:TacticalStrike","floor":15.0,"key":"SMITH"},{"data":"Gatherer:AlchemyTrial","floor":24.0,"key":"SMITH"},{"data":"Gatherer:Bulldoze","floor":32.0,"key":"SMITH"},{"floor":40.0,"key":"REST"}],"circlet_count":0,"master_deck":["Gatherer:Strike_Gatherer","Gatherer:Defend_Gatherer","Gatherer:Centralize","Gatherer:FlowerWhip","Gatherer:WoolGloves","Gatherer:FragileHammer+1","Gatherer:PoisonMastery","Gatherer:Frenzy+1","Gatherer:GlowingPlant","Gatherer:Shadow","Gatherer:Light+1","Gatherer:TacticalStrike+1","Gatherer:QuickSynthesis","Gatherer:Bulldoze+1","Gatherer:CollectorsShot","Gatherer:WoolGloves","Gatherer:AlchemyTrial+1","Gatherer:Snatch+1","Gatherer:Duality+1","Gatherer:Bulldoze+1","Gatherer:FlowerPower+1","Gatherer:PoisonMastery+1","Gatherer:FragileHammer+1","Gatherer:WoolGloves+1","Gatherer:FlowerBeam+1","Gatherer:Polymorphism+1"],"relics":["Gatherer:AlchemyBag","Ginger","Bag of Marbles","InkBottle","Happy Flower","Empty Cage","Potion Belt","Molten Egg 2","Omamori","Frozen Egg 2","Astrolabe"],"acts_visited":["TheBeyond"],"potions_floor_usage":[],"damage_taken":[{"damage":12.0,"enemies":"Small Slimes","floor":1.0,"turns":4.0},{"damage":0.0,"enemies":"Cultist","floor":3.0,"turns":4.0},{"damage":0.0,"enemies":"Jaw Worm","floor":4.0,"turns":3.0},{"damage":0.0,"enemies":"Lots of Slimes","floor":5.0,"turns":2.0},{"damage":19.0,"enemies":"Gremlin Nob","floor":7.0,"turns":4.0},{"damage":0.0,"enemies":"3 Louse","floor":11.0,"turns":2.0},{"damage":0.0,"enemies":"Exordium Thugs","floor":13.0,"turns":2.0},{"damage":10.0,"enemies":"Slime Boss","floor":16.0,"turns":6.0},{"damage":5.0,"enemies":"Shell Parasite","floor":18.0,"turns":4.0},{"damage":19.0,"enemies":"Book of Stabbing","floor":23.0,"turns":5.0},{"damage":2.0,"enemies":"2 Thieves","floor":25.0,"turns":4.0},{"damage":0.0,"enemies":"Snake Plant","floor":27.0,"turns":2.0},{"damage":1.0,"enemies":"Gremlin Leader","floor":28.0,"turns":3.0},{"damage":3.0,"enemies":"Cultist and Chosen","floor":30.0,"turns":3.0},{"damage":14.0,"enemies":"Slavers","floor":31.0,"turns":2.0},{"damage":24.0,"enemies":"Automaton","floor":33.0,"turns":7.0},{"damage":5.0,"enemies":"Orb Walker","floor":35.0,"turns":3.0},{"damage":11.0,"enemies":"3 Darklings","floor":37.0,"turns":2.0},{"damage":51.0,"enemies":"Writhing Mass","floor":39.0,"turns":4.0},{"damage":5,"enemies":"Nemesis","floor":41,"turns":2}],"seed_played":"702789414254589135","potions_obtained":[{"floor":1.0,"key":"Explosive Potion"},{"floor":7.0,"key":"GamblersBrew"},{"floor":25.0,"key":"BloodPotion"},{"floor":27.0,"key":"Poison Potion"},{"floor":28.0,"key":"SkillPotion"},{"floor":31.0,"key":"Dexterity Potion"}],"is_trial":false,"path_per_floor":["M","?","M","M","M","?","E","R","T","R","M","$","M","?","R","B",null,"M","?","$","?","$","E","R","M","T","M","E","?","M","E","R","B",null,"M","?","M","$","M","R","E"],"character_chosen":"THE_GATHERER","items_purchased":["Gatherer:QuickSynthesis","Strength Potion","ColorlessPotion"],"campfire_rested":1,"item_purchase_floors":[12,38,38],"current_hp_per_floor":[60,60,60,60,60,60,41,41,41,41,41,41,41,41,41,31,72,67,67,67,67,67,48,48,46,46,46,59,59,56,42,42,18,72,67,67,56,56,5,26,21,21,21],"gold":160,"neow_bonus":"ONE_RARE_RELIC","is_daily":false,"chose_seed":false,"campfire_upgraded":5,"win_rate":0.0,"timestamp":1607867734,"path_taken":["M","?","?","M","M","?","E","R","T","R","M","$","?","?","R","BOSS","M","?","$","?","?","E","R","M","T","M","E","?","M","E","R","BOSS","M","?","M","$","M","R","E"],"items_purchased_type":["Card","Potion","Potion"],"build_version":"2020-11-30","purchased_purges":2,"victory":false,"max_hp_per_floor":[72,72,72,72,72,72,72,72,72,72,72,72,72,72,72,72,72,72,72,72,72,72,72,72,72,72,72,72,72,72,72,72,72,72,72,72,72,72,72,72,72,72,72],"relic_stats":{"Happy Flower":[17],"counters":[20,68],"Astrolabe":["Gatherer:FragileHammer","Gatherer:WoolGloves","Gatherer:FlowerBeam"],"Ginger":[10],"obtain_stats":[{"Potion Belt":23,"Happy Flower":9,"Astrolabe":34,"Molten Egg 2":26,"Bag of Marbles":6,"Omamori":28,"Ginger":0,"Frozen Egg 2":31,"Empty Cage":17,"Gatherer:AlchemyBag":0,"InkBottle":7},{"Potion Belt":10,"Happy Flower":5,"Astrolabe":16,"Molten Egg 2":11,"Bag of Marbles":4,"Omamori":13,"Ginger":0,"Frozen Egg 2":15,"Empty Cage":8,"Gatherer:AlchemyBag":0,"InkBottle":5},{"Potion Belt":36,"Happy Flower":17,"Astrolabe":57,"Molten Egg 2":40,"Bag of Marbles":13,"Omamori":45,"Ginger":0,"Frozen Egg 2":50,"Empty Cage":27,"Gatherer:AlchemyBag":0,"InkBottle":17}],"InkBottle":[20]},"card_choices":[{"not_picked":["Gatherer:Nutrients","Gatherer:AromaProtection"],"picked":"Gatherer:WoolGloves","floor":1.0},{"not_picked":["Gatherer:EnergyBasket","Gatherer:GatherMaterial"],"picked":"Gatherer:FragileHammer","floor":3.0},{"not_picked":["Gatherer:ScrollOfWall","Gatherer:EnergyBasket"],"picked":"Gatherer:PoisonMastery","floor":4.0},{"not_picked":["Gatherer:TreeGrowth","Gatherer:DrugPower"],"picked":"Gatherer:Frenzy","floor":5.0},{"not_picked":["Gatherer:WoolGloves","Gatherer:FeelingFine"],"picked":"Gatherer:GlowingPlant","floor":7.0},{"not_picked":["Gatherer:FlowerFalling","Gatherer:CarefulStrike"],"picked":"Gatherer:TacticalStrike","floor":11.0},{"not_picked":["Gatherer:Uplift","Gatherer:TacticalStrike","Gatherer:QuickSynthesis"],"picked":"SKIP","floor":13.0},{"not_picked":["Gatherer:PoisonMastery","Gatherer:MindSearch"],"picked":"Gatherer:Bulldoze","floor":16.0},{"not_picked":["Gatherer:FlowerPower","Gatherer:RecipeChange+1"],"picked":"Gatherer:CollectorsShot","floor":18.0},{"not_picked":["Gatherer:CursedBlade","Gatherer:SaveValuables"],"picked":"Gatherer:AlchemyTrial","floor":23.0},{"not_picked":["Gatherer:Transmute","Gatherer:BalancedGrowth+1","Gatherer:RecipeChange+1"],"picked":"SKIP","floor":25.0},{"not_picked":["Gatherer:Frenzy+1","Gatherer:TreeGrowth+1"],"picked":"Gatherer:Snatch+1","floor":27.0},{"not_picked":["Gatherer:UpgradeBag","Gatherer:FlowerFalling+1"],"picked":"Gatherer:Duality+1","floor":28.0},{"not_picked":["Gatherer:CarefulStrike+1","Gatherer:Frenzy+1"],"picked":"Gatherer:FlowerPower+1","floor":30.0},{"not_picked":["Gatherer:AcidicSpray+1","Gatherer:TreeGrowth","Gatherer:Convert+1"],"picked":"SKIP","floor":31.0},{"not_picked":["Gatherer:BlackTea","Gatherer:BomberForm+1"],"picked":"Gatherer:PoisonMastery+1","floor":33.0},{"not_picked":["Gatherer:RecipeChange+1","Gatherer:EnergyBasket+1"],"picked":"Gatherer:Polymorphism+1","floor":35.0},{"not_picked":["Gatherer:FlowerBeam+1","Gatherer:DrugPower+1","Gatherer:TreeGrowth+1"],"picked":"SKIP","floor":37.0},{"not_picked":["Gatherer:WoolGloves","Gatherer:BambuSword+1","Gatherer:AcidicSpray+1"],"picked":"SKIP","floor":39.0}],"player_experience":1187171,"relics_obtained":[{"floor":7.0,"key":"InkBottle"},{"floor":9.0,"key":"Happy Flower"},{"floor":23.0,"key":"Potion Belt"},{"floor":26.0,"key":"Molten Egg 2"},{"floor":28.0,"key":"Omamori"},{"floor":31.0,"key":"Frozen Egg 2"}],"event_choices":[{"cards_removed":["Gatherer:Strike_Gatherer"],"damage_healed":0.0,"max_hp_gain":0.0,"max_hp_loss":0.0,"gold_gain":0.0,"event_name":"Wheel of Change","player_choice":"Card Removal","floor":2.0,"gold_loss":0.0,"damage_taken":0.0},{"damage_healed":0.0,"max_hp_gain":0.0,"max_hp_loss":0.0,"gold_gain":0.0,"event_name":"WeMeetAgain","player_choice":"Paid Gold","floor":6.0,"gold_loss":57.0,"damage_taken":0.0,"relics_obtained":["Bag of Marbles"]},{"damage_healed":0.0,"max_hp_gain":0.0,"max_hp_loss":0.0,"gold_gain":0.0,"event_name":"Living Wall","player_choice":"Grow","floor":14.0,"gold_loss":0.0,"damage_taken":0.0,"cards_upgraded":["Gatherer:Light"]},{"damage_healed":0.0,"max_hp_gain":0.0,"max_hp_loss":0.0,"gold_gain":0.0,"event_name":"Vampires","player_choice":"Ignored","floor":19.0,"gold_loss":0.0,"damage_taken":0.0},{"damage_healed":0.0,"max_hp_gain":0.0,"max_hp_loss":0.0,"gold_gain":0.0,"event_name":"The Library","player_choice":"Read","floor":21.0,"gold_loss":0.0,"damage_taken":0.0,"cards_obtained":["Gatherer:WoolGloves"]},{"damage_healed":0.0,"max_hp_gain":0.0,"max_hp_loss":0.0,"gold_gain":0.0,"event_name":"Duplicator","player_choice":"Copied","floor":29.0,"gold_loss":0.0,"damage_taken":0.0,"cards_obtained":["Gatherer:Bulldoze"]},{"damage_healed":0.0,"max_hp_gain":0.0,"max_hp_loss":0.0,"gold_gain":0.0,"event_name":"SensoryStone","player_choice":"Memory 1","floor":36.0,"gold_loss":0.0,"damage_taken":0.0}],"is_beta":false,"boss_relics":[{"not_picked":["Busted Crown","Gatherer:ExplorersPath"],"picked":"Empty Cage"},{"not_picked":["Snecko Eye","Tiny House"],"picked":"Astrolabe"}],"items_purged_floors":[20,38],"is_endless":false,"potions_floor_spawned":[1,7,25,27,28,31],"killed_by":"Nemesis","ascension_level":0}}