{"host":"wuk1ltmmka824l9y","time":1607830563,"event":{"mods":["AchievementEnabler","BaseMod","Custom Start","DeckTracker","Minty Spire (QoL Compilation)","Quick Restart","StSLib","SuperFastMode"],"gold_per_floor":[112,125,125,105,123,123,158,158,158,171,181,192,142,170,170,170,170],"floor_reached":16,"playtime":390,"items_purged":["Strike_R"],"score":179,"play_id":"41f1775c-7916-4cf7-902a-70327196f4b1","local_time":"20201213123603","is_ascension_mode":true,"campfire_choices":[{"data":"Demon Form","floor":6,"key":"SMITH"},{"data":"Twin Strike","floor":8,"key":"SMITH"},{"floor":15,"key":"REST"}],"circlet_count":0,"master_deck":["AscendersBane","Strike_R","Strike_R","Strike_R","Strike_R","Defend_R","Defend_R","Defend_R","Defend_R","Bash+1","Twin Strike+1","Uppercut+1","Demon Form+1","Sword Boomerang","Limit Break","Cleave","Shrug It Off"],"relics":["Burning Blood","Smiling Mask","Mercury Hourglass","Odd Mushroom"],"acts_visited":["Exordium"],"potions_floor_usage":[11,16],"damage_taken":[{"damage":4,"enemies":"Small Slimes","floor":1,"turns":4},{"damage":1,"enemies":"Cultist","floor":2,"turns":3},{"damage":7,"enemies":"Jaw Worm","floor":5,"turns":3},{"damage":55,"enemies":"3 Sentries","floor":7,"turns":7},{"damage":9,"enemies":"Looter","floor":10,"turns":3},{"damage":1,"enemies":"Large Slime","floor":11,"turns":4},{"damage":17,"enemies":"Exordium Thugs","floor":12,"turns":4},{"damage":11,"enemies":"The Mushroom Lair","floor":14,"turns":3},{"damage":10,"enemies":"Slime Boss","floor":16,"turns":5}],"seed_played":"-6427759765362280525","potions_obtained":[{"floor":2,"key":"ElixirPotion"},{"floor":4,"key":"Block Potion"},{"floor":12,"key":"Fire Potion"},{"floor":14,"key":"FearPotion"}],"is_trial":false,"path_per_floor":["M","M","?","?","M","R","E","R","T","M","M","M","$","?","R","B"],"character_chosen":"IRONCLAD","items_purchased":[],"campfire_rested":1,"item_purchase_floors":[],"current_hp_per_floor":[70,75,75,75,74,74,25,25,25,22,27,16,16,11,33,23,23],"gold":170,"neow_bonus":"UPGRADE_CARD","is_daily":false,"chose_seed":false,"campfire_upgraded":2,"win_rate":0.0,"timestamp":1607830563,"path_taken":["M","M","?","?","M","R","E","R","T","M","?","M","$","?","R","BOSS"],"items_purchased_type":[],"build_version":"2020-11-30","purchased_purges":1,"victory":false,"max_hp_per_floor":[75,75,75,75,75,75,75,75,75,75,75,75,75,75,75,75,75],"card_choices":[{"not_picked":["Clash","Heavy Blade"],"picked":"Twin Strike","floor":1},{"not_picked":["Warcry","Heavy Blade"],"picked":"Uppercut","floor":2},{"not_picked":["Wild Strike","Headbutt"],"picked":"Demon Form","floor":5},{"not_picked":["Metallicize","Body Slam","Reckless Charge"],"picked":"SKIP","floor":7},{"not_picked":["Combust","Headbutt"],"picked":"Sword Boomerang","floor":10},{"not_picked":["Cleave","Rupture"],"picked":"Limit Break","floor":11},{"not_picked":["Wild Strike","Headbutt"],"picked":"Cleave","floor":12},{"not_picked":["Searing Blow","Twin Strike"],"picked":"Shrug It Off","floor":14}],"player_experience":313810,"relics_obtained":[{"floor":7,"key":"Smiling Mask"},{"floor":9,"key":"Mercury Hourglass"},{"floor":14,"key":"Odd Mushroom"}],"event_choices":[{"damage_healed":0,"gold_gain":0,"player_choice":"Grow","damage_taken":0,"max_hp_gain":0,"max_hp_loss":0,"event_name":"Living Wall","floor":3,"gold_loss":0,"cards_upgraded":["Uppercut"]},{"damage_healed":0,"gold_gain":0,"player_choice":"Bought 1 Potion","damage_taken":0,"max_hp_gain":0,"max_hp_loss":0,"event_name":"The Woman in Blue","floor":4,"gold_loss":0},{"damage_healed":0,"gold_gain":0,"player_choice":"Fought Mushrooms","damage_taken":0,"max_hp_gain":0,"max_hp_loss":0,"event_name":"Mushrooms","floor":14,"gold_loss":0}],"is_beta":false,"boss_relics":[],"items_purged_floors":[13],"is_endless":false,"potions_floor_spawned":[2,7,12,14],"killed_by":"Slime Boss","ascension_level":15}}