{"host":"jlz4is0nf6zo9oab","time":1607826287,"event":{"mods":["AchievementEnabler","BaseMod","Colored Map","Colored Powertips","Highlight Path","Minty Spire (QoL Compilation)","StSLib"],"gold_per_floor":[110,37,53,53,70,70,95,95,122,102,112,137,137,151,151,254,254,270,270,290,290,309,309,342,342,366,281,295,295,327,327,327,430,430,448,448,466,466,482,510,510,538,610,610,660,660,65,65,65,65,65],"floor_reached":50,"playtime":1738,"items_purged":[],"score":910,"play_id":"8ac8837e-dcf0-4d5f-9bec-72d1a249f6f2","local_time":"20201213032447","is_ascension_mode":true,"campfire_choices":[{"data":"Accuracy","floor":6,"key":"SMITH"},{"floor":8,"key":"REST"},{"data":"Infinite Blades","floor":13,"key":"SMITH"},{"floor":15,"key":"REST"},{"data":"Cloak And Dagger","floor":23,"key":"SMITH"},{"data":"Blade Dance","floor":25,"key":"SMITH"},{"data":"Blur","floor":29,"key":"SMITH"},{"floor":32,"key":"REST"},{"floor":41,"key":"REST"},{"data":"After Image","floor":44,"key":"SMITH"},{"data":"After Image","floor":46,"key":"SMITH"},{"data":"Neutralize","floor":49,"key":"SMITH"}],"circlet_count":0,"master_deck":["AscendersBane","Strike_G","Strike_G","Strike_G","Defend_G","Defend_G","Defend_G","Defend_G","Defend_G","Survivor","Neutralize+1","Infinite Blades+1","Accuracy+1","Blade Dance+1","Blur+1","After Image+1","Cloak And Dagger+1","After Image+1","Cloak And Dagger+1","Blur+1","Caltrops"],"relics":["Ring of the Serpent","Oddly Smooth Stone","Lantern","Orichalcum","Ninja Scroll","WristBlade","Gremlin Horn","Bag of Preparation","Ginger","Regal Pillow","MutagenicStrength","Toxic Egg 2","Art of War","Bottled Lightning","TungstenRod","Bottled Tornado","FossilizedHelix"],"acts_visited":["Exordium","TheCity","TheBeyond"],"potions_floor_usage":[12,20,24,30,33,50,50],"damage_taken":[{"damage":3,"enemies":"Jaw Worm","floor":1,"turns":8},{"damage":2,"enemies":"Small Slimes","floor":3,"turns":4},{"damage":0,"enemies":"Cultist","floor":5,"turns":4},{"damage":12,"enemies":"3 Sentries","floor":7,"turns":9},{"damage":0,"enemies":"Blue Slaver","floor":11,"turns":3},{"damage":4,"enemies":"Lagavulin","floor":12,"turns":4},{"damage":0,"enemies":"Looter","floor":14,"turns":3},{"damage":9,"enemies":"The Guardian","floor":16,"turns":12},{"damage":2,"enemies":"2 Thieves","floor":18,"turns":2},{"damage":0,"enemies":"Chosen","floor":20,"turns":4},{"damage":1,"enemies":"Centurion and Healer","floor":22,"turns":5},{"damage":12,"enemies":"Slavers","floor":24,"turns":4},{"damage":0,"enemies":"Snake Plant","floor":28,"turns":3},{"damage":0,"enemies":"Book of Stabbing","floor":30,"turns":4},{"damage":19,"enemies":"Champ","floor":33,"turns":11},{"damage":10,"enemies":"3 Darklings","floor":35,"turns":4},{"damage":0,"enemies":"3 Shapes","floor":37,"turns":2},{"damage":2,"enemies":"Writhing Mass","floor":39,"turns":6},{"damage":21,"enemies":"Reptomancer","floor":40,"turns":4},{"damage":2,"enemies":"Giant Head","floor":42,"turns":6},{"damage":0,"enemies":"Mind Bloom Boss Battle","floor":45,"turns":6},{"damage":73,"enemies":"Time Eater","floor":50,"turns":14}],"seed_played":"-8870749533804490145","potions_obtained":[{"floor":7,"key":"GamblersBrew"},{"floor":10,"key":"LiquidMemories"},{"floor":12,"key":"Ancient Potion"},{"floor":18,"key":"SkillPotion"},{"floor":24,"key":"Poison Potion"},{"floor":28,"key":"DuplicationPotion"},{"floor":37,"key":"SkillPotion"},{"floor":42,"key":"Fire Potion"}],"is_trial":false,"path_per_floor":["M","$","M","?","M","R","E","R","T","?","M","E","R","M","R","B",null,"M","?","M","?","M","R","E","R","T","?","M","R","E","?","R","B",null,"M","?","M","?","M","E","R","E","T","R","?","R","$","?","R","B"],"character_chosen":"THE_SILENT","items_purchased":["Infinite Blades","Bottled Tornado","FossilizedHelix","Caltrops"],"campfire_rested":4,"item_purchase_floors":[2,47,47,47],"current_hp_per_floor":[60,60,58,51,51,51,39,60,60,60,60,56,56,56,70,61,68,66,66,66,66,65,65,53,53,53,53,53,53,53,53,70,51,65,55,55,55,55,53,32,68,66,66,66,66,66,66,66,66,0,0],"gold":65,"neow_bonus":"RANDOM_COMMON_RELIC","is_daily":false,"chose_seed":false,"campfire_upgraded":8,"win_rate":0.0,"timestamp":1607826287,"path_taken":["M","$","M","?","M","R","E","R","T","?","?","E","R","M","R","BOSS","M","?","M","?","M","R","E","R","T","?","M","R","E","?","R","BOSS","M","?","M","?","M","E","R","E","T","R","?","R","$","?","R","BOSS"],"items_purchased_type":["Card","Relic","Relic","Card"],"build_version":"2020-11-30","purchased_purges":0,"victory":false,"max_hp_per_floor":[70,70,70,70,70,70,70,70,70,70,70,70,70,70,70,70,70,70,70,70,70,70,70,70,70,70,70,70,70,70,70,70,70,70,70,70,70,70,70,70,70,70,70,70,70,70,70,70,70,70,70],"card_choices":[{"not_picked":["Dodge and Roll","Deadly Poison","Endless Agony"],"picked":"SKIP","floor":1},{"not_picked":["Deflect","Dodge and Roll","Riddle With Holes"],"picked":"SKIP","floor":3},{"not_picked":["PiercingWail","Blade Dance"],"picked":"Accuracy","floor":5},{"not_picked":["Blur","Leg Sweep"],"picked":"Blade Dance","floor":7},{"not_picked":["Underhanded Strike","Deflect","Dagger Spray"],"picked":"SKIP","floor":11},{"not_picked":["Eviscerate","Well Laid Plans"],"picked":"Blur","floor":12},{"not_picked":["Underhanded Strike","Deflect","Deadly Poison"],"picked":"SKIP","floor":14},{"not_picked":["Wraith Form v2","Adrenaline"],"picked":"After Image","floor":16},{"not_picked":["Flying Knee","Sucker Punch"],"picked":"Cloak And Dagger","floor":18},{"not_picked":["Backflip","Underhanded Strike","Catalyst"],"picked":"SKIP","floor":20},{"not_picked":["Leg Sweep","Deflect","Dagger Throw"],"picked":"SKIP","floor":22},{"not_picked":["Calculated Gamble","Setup","Deflect"],"picked":"SKIP","floor":24},{"not_picked":["Acrobatics","Backstab"],"picked":"After Image","floor":28},{"not_picked":["Well Laid Plans","Slice","Acrobatics+1"],"picked":"SKIP","floor":30},{"not_picked":["Backflip","Escape Plan","Noxious Fumes"],"picked":"SKIP","floor":35},{"not_picked":["Crippling Poison+1","Backflip","Slice"],"picked":"SKIP","floor":37},{"not_picked":["Blur","Bane","Deflect"],"picked":"SKIP","floor":39},{"not_picked":["Underhanded Strike","Deflect+1"],"picked":"Cloak And Dagger+1","floor":40},{"not_picked":["Tools of the Trade","Flechettes+1","Acrobatics+1"],"picked":"SKIP","floor":42},{"not_picked":["Dagger Throw","Deflect+1"],"picked":"Blur+1","floor":45}],"player_experience":934930,"relics_obtained":[{"floor":7,"key":"Lantern"},{"floor":9,"key":"Orichalcum"},{"floor":12,"key":"Ninja Scroll"},{"floor":24,"key":"Gremlin Horn"},{"floor":26,"key":"Bag of Preparation"},{"floor":30,"key":"Regal Pillow"},{"floor":40,"key":"Toxic Egg 2"},{"floor":42,"key":"Art of War"},{"floor":43,"key":"Bottled Lightning"},{"floor":45,"key":"TungstenRod"}],"event_choices":[{"cards_removed":["Strike_G"],"damage_healed":0,"gold_gain":0,"player_choice":"Card Removal","damage_taken":7,"max_hp_gain":0,"max_hp_loss":0,"event_name":"Golden Wing","floor":4,"gold_loss":0},{"damage_healed":0,"gold_gain":0,"player_choice":"Bought 1 Potion","damage_taken":0,"max_hp_gain":0,"max_hp_loss":0,"event_name":"The Woman in Blue","floor":10,"gold_loss":0},{"damage_healed":0,"gold_gain":0,"player_choice":"Ignored","damage_taken":0,"max_hp_gain":0,"max_hp_loss":0,"event_name":"Ghosts","floor":19,"gold_loss":0},{"damage_healed":0,"gold_gain":0,"player_choice":"Ignored","damage_taken":0,"max_hp_gain":0,"max_hp_loss":0,"event_name":"Cursed Tome","floor":21,"gold_loss":0},{"damage_healed":0,"gold_gain":0,"player_choice":"Obtained Relic","damage_taken":0,"relics_obtained":["Ginger"],"max_hp_gain":0,"max_hp_loss":0,"event_name":"Addict","floor":27,"gold_loss":85},{"damage_healed":0,"gold_gain":0,"player_choice":"Inject Mutagens","damage_taken":0,"relics_obtained":["MutagenicStrength"],"max_hp_gain":0,"max_hp_loss":0,"event_name":"Drug Dealer","floor":31,"gold_loss":0},{"cards_removed":["Strike_G"],"damage_healed":0,"gold_gain":0,"player_choice":"Removed Attack","damage_taken":0,"max_hp_gain":0,"max_hp_loss":0,"event_name":"Falling","floor":36,"gold_loss":0},{"damage_healed":0,"gold_gain":0,"player_choice":"Ignored","damage_taken":0,"max_hp_gain":0,"max_hp_loss":0,"event_name":"Tomb of Lord Red Mask","floor":38,"gold_loss":0},{"damage_healed":0,"gold_gain":0,"player_choice":"Fight","damage_taken":0,"max_hp_gain":0,"max_hp_loss":0,"event_name":"MindBloom","floor":45,"gold_loss":0},{"damage_healed":0,"gold_gain":0,"player_choice":"Got Potions","damage_taken":0,"max_hp_gain":0,"max_hp_loss":0,"event_name":"Lab","floor":48,"gold_loss":0}],"is_beta":false,"boss_relics":[{"not_picked":["Coffee Dripper","SacredBark"],"picked":"WristBlade"},{"not_picked":["Pandora\u0027s Box","Runic Pyramid"],"picked":"Ring of the Serpent"}],"items_purged_floors":[],"is_endless":false,"potions_floor_spawned":[7,12,16,18,24,28,37,42,45],"killed_by":"Time Eater","ascension_level":12}}