{"host":"88sw61cmk1203zgj","time":1607838666,"event":{"mods":["BaseMod","Minty Spire (QoL Compilation)"],"gold_per_floor":[119,139,156,106,106,140,158,158,158,168,182,182,202,218,218,316,316,327,175,175,175,220,220,232,258,258,258,258,274,33,43,43,141,141,160,172,185,185,203,203,233,247,247,278,47,57,57,87,87,87,87,87,2,31,31],"floor_reached":56,"playtime":5587,"items_purged":["Strike_G","Defend_G","Defend_G"],"score":1668,"play_id":"b11044a6-4dec-421f-9dc9-7107ee1394f7","local_time":"20201213005106","is_ascension_mode":true,"campfire_choices":[{"data":"Crippling Poison","floor":8.0,"key":"SMITH"},{"data":"Accuracy","floor":12.0,"key":"SMITH"},{"floor":15.0,"key":"REST"},{"data":"Blade Dance","floor":23.0,"key":"SMITH"},{"data":"Leg Sweep","floor":27.0,"key":"SMITH"},{"floor":32.0,"key":"REST"},{"data":"Acrobatics","floor":40,"key":"SMITH"},{"floor":47,"key":"RECALL"},{"data":"Adrenaline","floor":49,"key":"SMITH"},{"floor":52,"key":"REST"}],"circlet_count":0,"master_deck":["Strike_G","Strike_G","Strike_G","Defend_G","Survivor","Neutralize","Accuracy+1","Deadly Poison","Crippling Poison+1","Blade Dance+1","Acrobatics+1","Leg Sweep+1","Adrenaline+1","Wraith Form v2+1","Acrobatics","Wraith Form v2+1","Concentrate+1","Cloak And Dagger+1","Backflip+1","Finisher","Backflip+1","Tools of the Trade+1","Choke+1","Tactician+1","Venomology+1","Accuracy+1","PiercingWail+1","Sucker Punch+1","Well Laid Plans+1","Blade Dance+1","Blind+1","Blur+1","Infinite Blades+1","Backflip+1","Blade Dance+1"],"relics":["WristBlade","Frozen Egg 2","StrikeDummy","SlaversCollar","Omamori","Toxic Egg 2","HoveringKite","Paper Crane","Torii","Orichalcum","Pen Nib"],"acts_visited":["Exordium","TheCity","TheBeyond","TheEnding"],"potions_floor_usage":[39,39,41,44,46,50,55,55,55],"damage_taken":[{"damage":0.0,"enemies":"Small Slimes","floor":1.0,"turns":4.0},{"damage":0.0,"enemies":"Cultist","floor":2.0,"turns":5.0},{"damage":0.0,"enemies":"2 Louse","floor":3.0,"turns":4.0},{"damage":19.0,"enemies":"3 Sentries","floor":6.0,"turns":12.0},{"damage":21.0,"enemies":"Large Slime","floor":7.0,"turns":10.0},{"damage":4.0,"enemies":"Blue Slaver","floor":10.0,"turns":5.0},{"damage":0.0,"enemies":"Exordium Wildlife","floor":11.0,"turns":3.0},{"damage":4.0,"enemies":"Lots of Slimes","floor":13.0,"turns":2.0},{"damage":0.0,"enemies":"Large Slime","floor":14.0,"turns":4.0},{"damage":4.0,"enemies":"The Guardian","floor":16.0,"turns":9.0},{"damage":15.0,"enemies":"Chosen","floor":18.0,"turns":6.0},{"damage":0.0,"enemies":"3 Byrds","floor":24.0,"turns":3.0},{"damage":16.0,"enemies":"Slavers","floor":25.0,"turns":8.0},{"damage":4.0,"enemies":"Sentry and Sphere","floor":29.0,"turns":8.0},{"damage":2.0,"enemies":"3 Cultists","floor":31.0,"turns":4.0},{"damage":11.0,"enemies":"Collector","floor":33.0,"turns":8.0},{"damage":0,"enemies":"3 Darklings","floor":35,"turns":4},{"damage":4,"enemies":"3 Shapes","floor":36,"turns":6},{"damage":3,"enemies":"Maw","floor":37,"turns":7},{"damage":0,"enemies":"Jaw Worm Horde","floor":39,"turns":4},{"damage":7,"enemies":"Nemesis","floor":41,"turns":5},{"damage":0,"enemies":"Sphere and 2 Shapes","floor":42,"turns":5},{"damage":13,"enemies":"Giant Head","floor":44,"turns":6},{"damage":0,"enemies":"Writhing Mass","floor":46,"turns":5},{"damage":3,"enemies":"Reptomancer","floor":48,"turns":5},{"damage":44,"enemies":"Awakened One","floor":50,"turns":14},{"damage":0,"enemies":"Shield and Spear","floor":54,"turns":5},{"damage":70,"enemies":"The Heart","floor":55,"turns":9}],"seed_played":"-328499968400801969","potions_obtained":[{"floor":1.0,"key":"Fire Potion"},{"floor":2.0,"key":"Swift Potion"},{"floor":10.0,"key":"AttackPotion"},{"floor":11.0,"key":"Fruit Juice"},{"floor":13.0,"key":"PowerPotion"},{"floor":16.0,"key":"GhostInAJar"},{"floor":29.0,"key":"Fire Potion"},{"floor":41,"key":"Regen Potion"}],"is_trial":false,"path_per_floor":["M","M","M","?","?","E","M","R","T","M","M","R","M","M","R","B",null,"M","$","?","?","T","R","M","E","T","R","?","M","$","M","R","B",null,"M","M","M","?","M","R","E","M","T","E","$","M","R","E","R","B",null,"R","$","E","B",null],"character_chosen":"THE_SILENT","items_purchased":["Wraith Form v2+1","Cloak And Dagger+1","Backflip+1","Finisher","Blade Dance+1","Blind+1","Infinite Blades+1","Backflip+1"],"campfire_rested":3,"item_purchase_floors":[19,30,30,30,45,45,53,53],"current_hp_per_floor":[63,63,63,63,63,44,23,23,23,19,19,19,15,15,36,37,66,51,51,51,51,51,51,51,35,35,35,35,31,31,29,51,40,66,66,62,59,59,73,73,66,66,66,63,63,63,63,60,60,16,60,75,75,75,5],"gold":31,"neow_bonus":"BOSS_RELIC","is_daily":false,"chose_seed":false,"campfire_upgraded":6,"win_rate":0.0,"timestamp":1607838666,"path_taken":["M","M","M","?","?","E","M","R","T","M","M","R","?","M","R","BOSS","M","$","?","?","?","R","?","E","T","R","?","M","?","M","R","BOSS","M","M","?","?","M","R","E","M","T","E","$","M","R","E","R","BOSS","R","$","E","BOSS"],"items_purchased_type":["Card","Card","Card","Card","Card","Card","Card","Card"],"build_version":"2020-11-30","purchased_purges":3,"victory":true,"max_hp_per_floor":[70,70,70,70,70,70,70,70,70,70,70,70,70,70,70,75,75,75,75,75,75,75,75,75,75,75,75,75,75,75,75,75,75,75,75,75,75,75,75,75,75,75,75,75,75,75,75,75,75,75,75,75,75,75,75],"card_choices":[{"not_picked":["Eviscerate","Reflex","Underhanded Strike"],"picked":"SKIP","floor":1.0},{"not_picked":["Quick Slash","Backstab"],"picked":"Accuracy","floor":2.0},{"not_picked":["All Out Attack","Poisoned Stab"],"picked":"Deadly Poison","floor":3.0},{"not_picked":["Masterful Stab","Underhanded Strike"],"picked":"Crippling Poison","floor":6.0},{"not_picked":["Deadly Poison","Deflect","Outmaneuver"],"picked":"SKIP","floor":7.0},{"not_picked":["Backflip","Endless Agony"],"picked":"Blade Dance","floor":10.0},{"not_picked":["Blur","Concentrate","Dagger Spray"],"picked":"SKIP","floor":11.0},{"not_picked":["Slice","Underhanded Strike"],"picked":"Acrobatics","floor":13.0},{"not_picked":["Blade Dance","Slice"],"picked":"Leg Sweep","floor":14.0},{"not_picked":["Die Die Die","Grand Finale"],"picked":"Adrenaline","floor":16.0},{"not_picked":["Bane+1","Skewer+1","Slice"],"picked":"SKIP","floor":18.0},{"not_picked":["Dagger Throw","Concentrate"],"picked":"Acrobatics","floor":24.0},{"not_picked":["Finisher+1","Eviscerate"],"picked":"Wraith Form v2+1","floor":25.0},{"not_picked":["Underhanded Strike","Distraction+1"],"picked":"Concentrate+1","floor":29.0},{"not_picked":["PiercingWail+1","Bouncing Flask+1"],"picked":"Backflip+1","floor":31.0},{"not_picked":["Bullet Time+1","Malaise+1"],"picked":"Tools of the Trade+1","floor":33.0},{"not_picked":["Prepared+1","Poisoned Stab+1"],"picked":"Choke+1","floor":35},{"not_picked":["Underhanded Strike","All Out Attack","Dodge and Roll+1"],"picked":"SKIP","floor":36},{"not_picked":["Skewer+1","Backflip+1"],"picked":"Tactician+1","floor":37},{"not_picked":["PiercingWail+1","A Thousand Cuts+1"],"picked":"Accuracy+1","floor":39},{"not_picked":["Distraction+1","Deadly Poison+1"],"picked":"PiercingWail+1","floor":41},{"not_picked":["Skewer+1","Dodge and Roll+1"],"picked":"Sucker Punch+1","floor":42},{"not_picked":["Expertise+1","Outmaneuver+1"],"picked":"Well Laid Plans+1","floor":44},{"not_picked":["Flechettes+1","Dodge and Roll+1"],"picked":"Blur+1","floor":46},{"not_picked":["Well Laid Plans+1","Eviscerate","Caltrops+1"],"picked":"SKIP","floor":48},{"not_picked":["Skewer","Sucker Punch"],"picked":"Blade Dance+1","floor":54}],"player_experience":1404605,"relics_obtained":[{"floor":6.0,"key":"Frozen Egg 2"},{"floor":9.0,"key":"StrikeDummy"},{"floor":22.0,"key":"Omamori"},{"floor":26.0,"key":"Toxic Egg 2"},{"floor":41,"key":"Paper Crane"},{"floor":44,"key":"Torii"},{"floor":48,"key":"Orichalcum"},{"floor":54,"key":"Pen Nib"}],"event_choices":[{"cards_removed":["Strike_G"],"damage_healed":0.0,"max_hp_gain":0.0,"max_hp_loss":0.0,"gold_gain":0.0,"event_name":"The Cleric","player_choice":"Card Removal","floor":4.0,"gold_loss":50.0,"damage_taken":0.0},{"cards_removed":["Defend_G"],"damage_healed":0.0,"max_hp_gain":0.0,"max_hp_loss":0.0,"gold_gain":0.0,"event_name":"Bonfire Elementals","player_choice":"Offered Basic","floor":5.0,"gold_loss":0.0,"damage_taken":0.0},{"damage_healed":0.0,"max_hp_gain":0.0,"max_hp_loss":0.0,"gold_gain":0.0,"event_name":"Cursed Tome","player_choice":"Ignored","floor":20.0,"gold_loss":0.0,"damage_taken":0.0},{"damage_healed":0.0,"max_hp_gain":0.0,"max_hp_loss":0.0,"gold_gain":0.0,"event_name":"Ghosts","player_choice":"Ignored","floor":21.0,"gold_loss":0.0,"damage_taken":0.0},{"damage_healed":0.0,"max_hp_gain":0.0,"max_hp_loss":0.0,"gold_gain":0.0,"event_name":"Vampires","player_choice":"Ignored","floor":28.0,"gold_loss":0.0,"damage_taken":0.0},{"damage_healed":0,"gold_gain":0,"cards_transformed":["Defend_G"],"player_choice":"Transformed","damage_taken":0,"max_hp_gain":0,"max_hp_loss":0,"event_name":"Transmorgrifier","floor":38,"gold_loss":0,"cards_obtained":["Venomology"]}],"is_beta":false,"boss_relics":[{"not_picked":["Busted Crown","Coffee Dripper"],"picked":"SlaversCollar"},{"not_picked":["Snecko Eye","Cursed Key"],"picked":"HoveringKite"}],"items_purged_floors":[19,30,45],"is_endless":false,"potions_floor_spawned":[1,2,10,11,13,16,24,29,33,37,41,42,44,54],"ascension_level":9}}