{"host":"m0l7iybr7y7a2mwh","time":1607839271,"event":{"mods":["AchievementEnabler","AlwaysNeverKeys","BaseMod","Block Reminder","Colored Map","Colored Powertips","Highlight Path","Minty Spire (QoL Compilation)","Permanent Neow","Quick Restart","StSLib"],"gold_per_floor":[118,130,144,157,175,200,252,252,278,295,295,47,64,85,85,85,85],"floor_reached":16,"playtime":491,"items_purged":["Injury"],"score":109,"play_id":"0def556a-4990-4e97-81b9-3aa2a41a95f1","local_time":"20201213170111","is_ascension_mode":true,"campfire_choices":[{"floor":8.0,"key":"REST"},{"floor":15.0,"key":"REST"}],"circlet_count":0,"master_deck":["Strike_B","Strike_B","Strike_B","Defend_B","Defend_B","Defend_B","Defend_B","Zap","Dualcast","Creative AI","Consume","Sunder","Sunder","Seek","The Bomb","Streamline"],"relics":["Cracked Core","PreservedInsect","Nunchaku","Odd Mushroom"],"acts_visited":["Exordium"],"potions_floor_usage":[16,16],"damage_taken":[{"damage":2.0,"enemies":"Cultist","floor":1.0,"turns":5.0},{"damage":7.0,"enemies":"Small Slimes","floor":2.0,"turns":4.0},{"damage":0.0,"enemies":"2 Louse","floor":3.0,"turns":2.0},{"damage":6.0,"enemies":"2 Fungi Beasts","floor":4.0,"turns":3.0},{"damage":5.0,"enemies":"3 Louse","floor":5.0,"turns":2.0},{"damage":48.0,"enemies":"3 Sentries","floor":6.0,"turns":8.0},{"damage":0.0,"enemies":"Exordium Wildlife","floor":10.0,"turns":3.0},{"damage":0.0,"enemies":"Gremlin Gang","floor":13.0,"turns":3.0},{"damage":21.0,"enemies":"The Mushroom Lair","floor":14.0,"turns":4.0},{"damage":33,"enemies":"The Guardian","floor":16,"turns":5}],"seed_played":"5777524227279046896","potions_obtained":[{"floor":4.0,"key":"FocusPotion"},{"floor":5.0,"key":"Energy Potion"},{"floor":10.0,"key":"SteroidPotion"},{"floor":14.0,"key":"PowerPotion"}],"is_trial":false,"path_per_floor":["M","M","M","M","M","E","?","R","T","M","?","$","M","?","R","B"],"character_chosen":"DEFECT","items_purchased":["The Bomb"],"campfire_rested":2,"item_purchase_floors":[12],"current_hp_per_floor":[73,66,66,60,55,7,7,29,29,29,29,29,29,8,30,0,0],"gold":85,"neow_bonus":"THREE_RARE_CARDS","is_daily":false,"chose_seed":false,"campfire_upgraded":0,"win_rate":0.0,"timestamp":1607839271,"path_taken":["M","M","M","M","M","E","?","R","T","M","?","$","M","?","R","BOSS"],"items_purchased_type":["Card"],"build_version":"2020-11-30","purchased_purges":1,"victory":false,"max_hp_per_floor":[75,75,75,75,75,75,75,75,75,75,75,75,75,75,75,75,75],"card_choices":[{"not_picked":["Thunder Strike","Biased Cognition"],"picked":"Creative AI","floor":0.0},{"not_picked":["Stack","Go for the Eyes"],"picked":"Consume","floor":1.0},{"not_picked":["Compile Driver","Fusion"],"picked":"Sunder","floor":2.0},{"not_picked":["Rip and Tear","Go for the Eyes","Scrape"],"picked":"SKIP","floor":3.0},{"not_picked":["Hologram","Glacier"],"picked":"Sunder","floor":4.0},{"not_picked":["Aggregate","Hologram","Leap"],"picked":"SKIP","floor":5.0},{"not_picked":["Leap","White Noise","BootSequence"],"picked":"SKIP","floor":6.0},{"not_picked":["Stack","Conserve Battery","Leap"],"picked":"SKIP","floor":10.0},{"not_picked":["Blizzard","Cold Snap","BootSequence"],"picked":"SKIP","floor":13.0},{"not_picked":["Barrage","Beam Cell"],"picked":"Streamline","floor":14.0}],"player_experience":96590,"relics_obtained":[{"floor":6.0,"key":"PreservedInsect"},{"floor":9.0,"key":"Nunchaku"},{"floor":14.0,"key":"Odd Mushroom"}],"event_choices":[{"damage_healed":0.0,"max_hp_gain":0.0,"max_hp_loss":0.0,"gold_gain":52.0,"event_name":"Golden Wing","player_choice":"Gained Gold","floor":7.0,"gold_loss":0.0,"damage_taken":0.0},{"damage_healed":0.0,"max_hp_gain":0.0,"max_hp_loss":0.0,"gold_gain":0.0,"cards_transformed":["Strike_B"],"event_name":"Living Wall","player_choice":"Change","floor":11.0,"gold_loss":0.0,"damage_taken":0.0,"cards_obtained":["Seek"]},{"damage_healed":0.0,"max_hp_gain":0.0,"max_hp_loss":0.0,"gold_gain":0.0,"event_name":"Mushrooms","player_choice":"Fought Mushrooms","floor":14.0,"gold_loss":0.0,"damage_taken":0.0}],"is_beta":false,"boss_relics":[],"items_purged_floors":[12],"is_endless":false,"potions_floor_spawned":[4,5,10,13,14],"killed_by":"The Guardian","ascension_level":1}}