{"host":"jkgg7n5hn1slsm35","time":1607864098,"event":{"mods":["Aspiration","BaseMod","BetterRewards","Conspire","Googly Eyes","Gremlin Skip","Halation","Highlight Path","Hubris","Infinite Spire","Minty Spire (QoL Compilation)","Permanent Neow","StSLib","SuperFastMode","vexMod"],"gold_per_floor":[119,119,134,169,189,189,206,206,206,222,222,238,258,274,274,374,374,390,404,424,424,444,444,444],"floor_reached":23,"playtime":576,"items_purged":["Strike_B"],"score":189,"play_id":"d9abaa64-69fa-4a60-b29a-9d8dd5afce6c","local_time":"20201213135458","is_ascension_mode":false,"campfire_choices":[{"data":"Zap","floor":6,"key":"SMITH"},{"data":"Conserve Battery","floor":8,"key":"SMITH"},{"data":"Loop","floor":11,"key":"SMITH"},{"data":"Streamline","floor":15,"key":"SMITH"}],"circlet_count":0,"master_deck":["Strike_B","Strike_B","Strike_B","Defend_B","Defend_B","Defend_B","Defend_B","Zap+1","Dualcast","Conserve Battery+1","Sweeping Beam","Leap","Barrage","Loop+1","Streamline+1","Buffer","hubris:InfiniteBlow+6","Leap"],"relics":["Cracked Core","aspiration:Nostalgia","infinitespire:DarkRift","conspire:InfiniteJournal","hubris:RGBLights","Juzu Bracelet"],"acts_visited":["Exordium","TheCity"],"potions_floor_usage":[19,23,23,23],"damage_taken":[{"damage":4,"enemies":"Cultist","floor":1,"turns":4},{"damage":0,"enemies":"Small Slimes","floor":3,"turns":3},{"damage":2,"enemies":"conspire:MimicChest","floor":4,"turns":3},{"damage":8,"enemies":"infinitespire:Voidling","floor":5,"turns":5},{"damage":0,"enemies":"3 Louse","floor":7,"turns":2},{"damage":6,"enemies":"Exordium Wildlife","floor":10,"turns":4},{"damage":10,"enemies":"Looter","floor":12,"turns":2},{"damage":1,"enemies":"Large Slime","floor":13,"turns":3},{"damage":0,"enemies":"Exordium Thugs","floor":14,"turns":3},{"damage":37,"enemies":"The Guardian","floor":16,"turns":12},{"damage":20,"enemies":"conspire:FuzzyDice","floor":18,"turns":7},{"damage":25,"enemies":"2 Thieves","floor":19,"turns":5},{"damage":29,"enemies":"Snake Plant","floor":20,"turns":6},{"damage":0,"enemies":"Snecko","floor":22,"turns":3},{"damage":12,"enemies":"Nightmare","floor":23,"turns":2}],"seed_played":"-2651559996983746519","potions_obtained":[{"floor":1,"key":"SkillPotion"},{"floor":5,"key":"EntropicBrew"},{"floor":7,"key":"SmokeBomb"},{"floor":19,"key":"Strength Potion"}],"is_trial":false,"path_per_floor":["M","?","M","?","M","R","M","R","T","M","R","M","M","M","R","B",null,"M","M","M","AVR","M","NM"],"character_chosen":"DEFECT","items_purchased":[],"campfire_rested":0,"item_purchase_floors":[],"current_hp_per_floor":[71,75,75,73,69,69,69,69,69,63,63,53,52,52,52,15,75,55,30,1,1,1,0,0],"gold":444,"neow_bonus":"NOSTALGIA","is_daily":false,"chose_seed":false,"campfire_upgraded":4,"win_rate":0.0,"timestamp":1607864098,"path_taken":["M","?","M","?","M","R","M","R","T","M","R","M","?","M","R","BOSS","M","M","M","AVR","M","NM"],"items_purchased_type":[],"build_version":"2020-11-30","purchased_purges":1,"victory":false,"max_hp_per_floor":[75,75,75,75,75,75,75,75,75,75,75,75,75,75,75,75,75,75,75,75,75,75,75,75],"card_choices":[{"not_picked":["Compile Driver","Beam Cell"],"picked":"Conserve Battery","floor":1},{"not_picked":["Steam","Coolheaded"],"picked":"Sweeping Beam","floor":3},{"not_picked":["Reprogram","Heatsinks"],"picked":"Leap","floor":4},{"not_picked":["Leap","Rebound","Hologram"],"picked":"SKIP","floor":5},{"not_picked":["Self Repair","FTL"],"picked":"Barrage","floor":7},{"not_picked":["Barrage","Go for the Eyes"],"picked":"Loop","floor":10},{"not_picked":["Tempest","Seek","Self Repair"],"picked":"SKIP","floor":12},{"not_picked":["Reinforced Body","aspiration:Polymerization"],"picked":"Streamline","floor":13},{"not_picked":["Self Repair","Recycle","Cold Snap"],"picked":"SKIP","floor":14},{"not_picked":["Multi-Cast","Core Surge"],"picked":"Buffer","floor":16},{"not_picked":["Stack","Conserve Battery","Chill"],"picked":"SKIP","floor":18},{"not_picked":["hubris:PowerSurge+1","Self Repair","Hologram"],"picked":"SKIP","floor":19},{"not_picked":["Heatsinks","Turbo","Scrape"],"picked":"SKIP","floor":20},{"not_picked":["Reinforced Body","Rip and Tear"],"picked":"Leap","floor":22}],"player_experience":1748164,"relics_obtained":[{"floor":4,"key":"conspire:InfiniteJournal"},{"floor":9,"key":"hubris:RGBLights"}],"event_choices":[],"is_beta":false,"boss_relics":[{"not_picked":["halation:Risk","Velvet Choker","Runic Dome"]}],"items_purged_floors":[21],"is_endless":false,"potions_floor_spawned":[1,5,7,12,13,14,19,20],"killed_by":"Nightmare","ascension_level":0}}