{"host":"7yyoe0ei0fseceei","time":1607878874,"event":{"mods":["BaseMod","Colored Map","Highlight Path","Minty Spire (QoL Compilation)","Quick Restart"],"gold_per_floor":[118,118,81,156,170,196,196,224,250,0,10,45,45,78,78,78,78],"floor_reached":16,"playtime":346,"items_purged":[],"score":302,"play_id":"ee8fac36-bc40-4c2a-bb28-b747c619de2c","local_time":"20201213180114","is_ascension_mode":true,"campfire_choices":[{"data":"Immolate","floor":7,"key":"SMITH"},{"floor":15,"key":"REST"}],"circlet_count":0,"master_deck":["AscendersBane","Strike_R+1","Strike_R","Strike_R+1","Strike_R","Strike_R","Defend_R","Defend_R","Defend_R+1","Defend_R","Bash","Inflame+1","Infernal Blade","Flex","Immolate+1","Dual Wield+1","Inflame","Infernal Blade","Iron Wave"],"relics":["Burning Blood","NeowsBlessing","Bag of Marbles","Whetstone","Vajra","Membership Card","Blood Vial","Art of War","Smiling Mask"],"acts_visited":["Exordium"],"potions_floor_usage":[8,12,16],"damage_taken":[{"damage":0,"enemies":"Small Slimes","floor":1,"turns":1},{"damage":0,"enemies":"Jaw Worm","floor":5,"turns":1},{"damage":0,"enemies":"Gremlin Nob","floor":6,"turns":1},{"damage":27,"enemies":"3 Sentries","floor":8,"turns":4},{"damage":2,"enemies":"Cultist","floor":11,"turns":2},{"damage":12,"enemies":"Lagavulin","floor":12,"turns":5},{"damage":12,"enemies":"3 Sentries","floor":14,"turns":4},{"damage":55,"enemies":"The Guardian","floor":16,"turns":7}],"seed_played":"8493313404019313449","potions_obtained":[{"floor":5,"key":"Explosive Potion"},{"floor":11,"key":"HeartOfIron"},{"floor":14,"key":"GamblersBrew"}],"is_trial":false,"path_per_floor":["M","?","$","?","M","E","R","E","T","$","M","E","?","E","R","B"],"character_chosen":"IRONCLAD","items_purchased":["Infernal Blade","Membership Card","Blood Vial"],"campfire_rested":1,"item_purchase_floors":[3,10,10],"current_hp_per_floor":[74,51,51,40,46,52,52,31,31,31,37,33,33,29,51,0,0],"gold":78,"neow_bonus":"THREE_ENEMY_KILL","is_daily":false,"chose_seed":false,"campfire_upgraded":1,"win_rate":0.0,"timestamp":1607878874,"path_taken":["M","?","$","?","M","E","R","E","T","$","M","E","?","E","R","BOSS"],"items_purchased_type":["Card","Relic","Relic"],"build_version":"2020-11-30","purchased_purges":0,"victory":false,"max_hp_per_floor":[75,75,75,75,75,75,75,75,75,75,75,75,75,75,75,75,75],"card_choices":[{"not_picked":["Body Slam","Clothesline"],"picked":"Inflame","floor":1},{"not_picked":["Sword Boomerang","Searing Blow"],"picked":"Flex","floor":5},{"not_picked":["Bloodletting","Sword Boomerang"],"picked":"Immolate","floor":6},{"not_picked":["Clothesline","Uppercut"],"picked":"Dual Wield","floor":8},{"not_picked":["Metallicize","True Grit"],"picked":"Inflame","floor":11},{"not_picked":["Blood for Blood","Spot Weakness"],"picked":"Infernal Blade","floor":12},{"not_picked":["Headbutt","Sever Soul"],"picked":"Iron Wave","floor":14}],"player_experience":841729,"relics_obtained":[{"floor":6,"key":"Bag of Marbles"},{"floor":8,"key":"Whetstone"},{"floor":9,"key":"Vajra"},{"floor":12,"key":"Art of War"},{"floor":14,"key":"Smiling Mask"}],"event_choices":[{"damage_healed":0,"gold_gain":0,"player_choice":"Entered Light","damage_taken":23,"max_hp_gain":0,"max_hp_loss":0,"event_name":"Shining Light","floor":2,"gold_loss":0,"cards_upgraded":["Inflame","Defend_R"]},{"damage_healed":0,"gold_gain":75,"player_choice":"Gather Gold","damage_taken":11,"max_hp_gain":0,"max_hp_loss":0,"event_name":"World of Goop","floor":4,"gold_loss":0},{"damage_healed":0,"gold_gain":0,"player_choice":"Forge","damage_taken":0,"max_hp_gain":0,"max_hp_loss":0,"event_name":"Accursed Blacksmith","floor":13,"gold_loss":0,"cards_upgraded":["Dual Wield"]}],"is_beta":false,"boss_relics":[],"items_purged_floors":[],"is_endless":false,"potions_floor_spawned":[5,11,14],"killed_by":"The Guardian","ascension_level":20}}