{"host":"y30n8hbqlqxhztg8","time":1607846722,"event":{"mods":["A Magickal Journey","AchievementEnabler","BaseMod","BetterRewards","Block Reminder","Colored Map","Conspire","Downfall","GifTheSpireLib","Glutton Mod","Hubris","Infinite Spire","Koishi","Marisa????????","Minty Spire (QoL Compilation)","Prisma Mod","Replay The Spire","Shop Mod","Somnambulant","StSLib","Stuff the Spire","The Factory","The Jungle","[IsaacMod]????"],"gold_per_floor":[116,116,148,148,166,192,192,220,246,246,246,26,36,52,52,155,155,155,5,5,15,15,15,15,15,15,44,76,103,115,142,154,166,166],"floor_reached":33,"playtime":1036,"items_purged":["Deflect"],"score":255,"play_id":"f570622c-49e1-4c40-b188-b0a490600f3e","local_time":"20201213000522","is_ascension_mode":false,"campfire_choices":[{"floor":7,"key":"REST"},{"floor":10,"key":"REST"},{"data":"Poisoned Stab","floor":23,"key":"SMITH"},{"data":"Replay:Poison Smokescreen","floor":25,"key":"SMITH"},{"floor":32,"key":"REST"}],"circlet_count":0,"master_deck":["Strike_G+1","Strike_G","Strike_G","Strike_G+1","Strike_G","Defend_G","Defend_G","Defend_G","Defend_G","Defend_G","Survivor","Neutralize+1","Replay:Poison Smokescreen+1","Flying Knee","Replay:Poison Smokescreen+1","StuffTheSpire:BumpUp+1","Poisoned Stab+1","Poison Darts+1","Carnage","Deadly Poison"],"relics":["Ring of the Snake","HushsDoor","DoctorsRemote","NeowsBlessing","hubris:TenFootPole","StuffTheSpire:NeowsTribute","Bottled Flame","Happy Flower","StoneCalendar","Whetstone","Philosopher\u0027s Stone","Guide Book","hubris:DisguiseKit","MawBank"],"acts_visited":["Exordium","TheCity"],"potions_floor_usage":[8,18,21,28,33,33],"damage_taken":[{"damage":0,"enemies":"conspire:RoseBush","floor":1,"turns":1},{"damage":0,"enemies":"conspire:MimicChest","floor":3,"turns":1},{"damage":0,"enemies":"Small Slimes","floor":5,"turns":1},{"damage":26,"enemies":"Replay:BlueRogue","floor":6,"turns":8},{"damage":28,"enemies":"Gremlin Nob","floor":8,"turns":5},{"damage":0,"enemies":"2 Louse","floor":13,"turns":2},{"damage":1,"enemies":"conspire:2 RoseBushes","floor":14,"turns":4},{"damage":27,"enemies":"Slime Boss","floor":16,"turns":7},{"damage":0,"enemies":"3 Byrds","floor":18,"turns":1},{"damage":10,"enemies":"Shell Parasite","floor":21,"turns":2},{"damage":15,"enemies":"Cultist and Chosen","floor":27,"turns":5},{"damage":12,"enemies":"Snake Plant","floor":28,"turns":4},{"damage":6,"enemies":"Centurion and Healer","floor":29,"turns":4},{"damage":13,"enemies":"Cultist and Chosen","floor":31,"turns":4},{"damage":74,"enemies":"hubris:MusketHawk","floor":33,"turns":6}],"seed_played":"1607588094596446368","potions_obtained":[{"floor":3,"key":"Adrenaline Potion"},{"floor":14,"key":"SmokeBomb"},{"floor":16,"key":"Weak Potion"},{"floor":21,"key":"Regen Potion"},{"floor":27,"key":"SkillPotion"},{"floor":31,"key":"Swift Potion"}],"is_trial":false,"path_per_floor":["M","?","?","?","M","E","R","E","T","R","T","$","M","M","R_BF","B",null,"M","$","?","M","T","R","?","R","T","M","M","M","$","M","R","B"],"character_chosen":"THE_SILENT","items_purchased":["Whetstone","Guide Book"],"campfire_rested":3,"item_purchase_floors":[12,19],"current_hp_per_floor":[70,70,70,75,75,49,71,43,43,65,65,65,65,64,75,48,75,75,75,75,65,65,65,65,65,65,50,50,44,44,31,53,0,0],"gold":166,"neow_bonus":"THREE_ENEMY_KILL","is_daily":false,"chose_seed":false,"campfire_upgraded":2,"win_rate":0.0,"timestamp":1607846722,"path_taken":["M","?","?","?","?","E","R","E","T","R","?","?","M","M","R_BF","BOSS","M","?","?","M","?","R","?","R","T","M","M","M","$","M","R","BOSS"],"items_purchased_type":["Relic","Relic"],"build_version":"2020-11-30","purchased_purges":1,"victory":false,"max_hp_per_floor":[70,70,70,75,75,75,75,75,75,75,75,75,75,75,75,75,75,75,75,75,75,75,75,75,75,75,75,75,75,75,75,75,75,75],"card_choices":[{"not_picked":["Deadly Poison","StuffTheSpire:ClusterCrunch"],"picked":"Replay:Poison Smokescreen","floor":1},{"not_picked":["ReplayTheSpireMod:The Works","StuffTheSpire:ReptileScales"],"picked":"Flying Knee","floor":3},{"not_picked":["conspire:DoublingDagger","Bomb","Footwork"],"picked":"SKIP","floor":5},{"not_picked":["Glass Knife","Hidden Blade"],"picked":"Deflect","floor":6},{"not_picked":["ReplayTheSpireMod:Scrap Shanks","Sneak Up"],"picked":"Replay:Poison Smokescreen","floor":8},{"not_picked":["Endless Agony","Slice"],"picked":"StuffTheSpire:BumpUp","floor":13},{"not_picked":["Bomb","After Image"],"picked":"Poisoned Stab","floor":14},{"not_picked":["Corpse Explosion","Wraith Form v2"],"picked":"Poison Darts","floor":16},{"not_picked":["hubris:Sniper","Calculated Gamble","Flying Knee"],"picked":"SKIP","floor":21},{"not_picked":["hubris:Counter","hubris:Sniper","PiercingWail"],"picked":"Carnage","floor":27},{"not_picked":["Acrobatics","Outmaneuver","hubris:Sniper","Twin Strike"],"picked":"SKIP","floor":28},{"not_picked":["Sucker Punch","Blur","All Out Attack","Armaments"],"picked":"SKIP","floor":29},{"not_picked":["Wraith Form v2","Backflip","Bloodletting"],"picked":"Deadly Poison","floor":31}],"player_experience":38041,"relics_obtained":[{"floor":3,"key":"hubris:TenFootPole"},{"floor":6,"key":"StuffTheSpire:NeowsTribute"},{"floor":8,"key":"Bottled Flame"},{"floor":9,"key":"Happy Flower"},{"floor":11,"key":"StoneCalendar"},{"floor":22,"key":"hubris:DisguiseKit"},{"floor":26,"key":"MawBank"}],"event_choices":[{"damage_healed":0,"gold_gain":0,"player_choice":"Donut","damage_taken":0,"max_hp_gain":5,"max_hp_loss":0,"event_name":"Big Fish","floor":4,"gold_loss":0},{"damage_healed":0,"gold_gain":0,"player_choice":"Ignored","damage_taken":0,"max_hp_gain":0,"max_hp_loss":0,"event_name":"Cursed Tome","floor":20,"gold_loss":0}],"is_beta":false,"boss_relics":[{"not_picked":["Ring of Chaos","SacredBark"],"picked":"Philosopher\u0027s Stone"},{"not_picked":[]}],"items_purged_floors":[12],"is_endless":false,"potions_floor_spawned":[1,3,13,14,16,21,27,31],"killed_by":"hubris:MusketHawk","ascension_level":0}}