{"host":"7yyoe0ei0fseceei","time":1607868691,"event":{"mods":["BaseMod","Colored Map","Highlight Path","Minty Spire (QoL Compilation)","Quick Restart"],"gold_per_floor":[111,111,165,84,84,109,109,109,109,109,140,193,223,274,286,396,408,441,478,505,560,16,47,72,72,98,98,133,133,167,190,190,283,283,306,125,143,199,33,69,69,69,93,15,15,58,58,58],"floor_reached":47,"playtime":1180,"items_purged":["Doubt"],"score":1306,"play_id":"5b2a324b-57cd-49e9-a409-3fdefcb7c1cb","local_time":"20201213151131","is_ascension_mode":true,"campfire_choices":[{"data":"Immolate","floor":7,"key":"SMITH"},{"data":"Inflame","floor":15,"key":"SMITH"},{"data":"Whirlwind","floor":25,"key":"SMITH"},{"data":"Spot Weakness","floor":27,"key":"SMITH"},{"floor":32,"key":"REST"},{"floor":41,"key":"REST"},{"data":"Feed","floor":45,"key":"SMITH"}],"circlet_count":0,"master_deck":["AscendersBane","Strike_R+1","Strike_R+1","Strike_R+1","Defend_R+1","Defend_R+1","Defend_R+1","Defend_R+1","Twin Strike+1","Immolate+1","Inflame+1","Feed+1","Whirlwind+1","Spot Weakness+1","Inflame+1","Fire Breathing+1","Intimidate+1","Demon Form+1","Spot Weakness+1","Regret","Fire Breathing+1","Second Wind+1"],"relics":["Burning Blood","NeowsBlessing","MealTicket","Singing Bowl","Golden Idol","Shuriken","Mummified Hand","MawBank","Dream Catcher","Cursed Key","Red Mask","Question Card","Eternal Feather","Frozen Egg 2","Centennial Puzzle","Nunchaku","Sundial","Runic Pyramid","Champion Belt","Sling","Magic Flower","Anchor","Potion Belt"],"acts_visited":["Exordium","TheCity","TheBeyond"],"potions_floor_usage":[14,16,18,21,21,23,24,28,36,40,40,47],"damage_taken":[{"damage":0,"enemies":"Jaw Worm","floor":1,"turns":1},{"damage":0,"enemies":"Gremlin Nob","floor":6,"turns":1},{"damage":0,"enemies":"3 Sentries","floor":11,"turns":2},{"damage":0,"enemies":"Small Slimes","floor":13,"turns":1},{"damage":20,"enemies":"Lagavulin","floor":14,"turns":5},{"damage":18,"enemies":"Slime Boss","floor":16,"turns":8},{"damage":6,"enemies":"2 Thieves","floor":18,"turns":2},{"damage":28,"enemies":"Chosen","floor":19,"turns":5},{"damage":12,"enemies":"Centurion and Healer","floor":20,"turns":4},{"damage":20,"enemies":"Masked Bandits","floor":21,"turns":3},{"damage":0,"enemies":"Gremlin Leader","floor":23,"turns":4},{"damage":23,"enemies":"Shelled Parasite and Fungi","floor":24,"turns":2},{"damage":11,"enemies":"Slavers","floor":28,"turns":2},{"damage":7,"enemies":"Gremlin Leader","floor":30,"turns":4},{"damage":27,"enemies":"Sentry and Sphere","floor":31,"turns":4},{"damage":84,"enemies":"Automaton","floor":33,"turns":7},{"damage":20,"enemies":"3 Darklings","floor":35,"turns":4},{"damage":16,"enemies":"Orb Walker","floor":37,"turns":4},{"damage":38,"enemies":"2 Orb Walkers","floor":38,"turns":4},{"damage":34,"enemies":"Nemesis","floor":40,"turns":5},{"damage":106,"enemies":"Giant Head","floor":46,"turns":7},{"damage":11,"enemies":"4 Shapes","floor":47,"turns":1}],"seed_played":"-2238697702040025457","potions_obtained":[{"floor":1,"key":"EssenceOfSteel"},{"floor":14,"key":"LiquidMemories"},{"floor":16,"key":"Energy Potion"},{"floor":19,"key":"SteroidPotion"},{"floor":20,"key":"BloodPotion"},{"floor":21,"key":"Dexterity Potion"},{"floor":23,"key":"Fire Potion"},{"floor":24,"key":"Ancient Potion"},{"floor":33,"key":"Weak Potion"},{"floor":38,"key":"GamblersBrew"},{"floor":40,"key":"SteroidPotion"}],"is_trial":false,"path_per_floor":["M","?","T","$","?","E","R","?","T","?","E","T","M","E","R","B",null,"M","M","M","?","$","E","M","R","T","R","E","?","E","M","R","B",null,"M","$","M","?","$","E","R","?","T","$","R","E","M"],"character_chosen":"IRONCLAD","items_purchased":["Immolate","Question Card","Eternal Feather","Fruit Juice","Sling","Fire Breathing+1"],"campfire_rested":2,"item_purchase_floors":[4,22,22,36,39,44],"current_hp_per_floor":[74,67,67,75,52,60,60,60,60,60,66,66,72,60,60,48,68,73,53,50,56,71,77,63,72,72,81,78,78,77,58,96,18,77,63,83,75,45,60,34,80,80,80,95,107,10,0,0],"gold":58,"neow_bonus":"THREE_ENEMY_KILL","is_daily":false,"chose_seed":false,"campfire_upgraded":5,"win_rate":0.0,"timestamp":1607868691,"path_taken":["M","?","?","$","?","E","R","?","T","?","E","?","?","E","R","BOSS","M","M","M","?","$","E","M","R","T","R","E","?","E","M","R","BOSS","M","$","M","?","$","E","R","?","T","$","R","E","M"],"items_purchased_type":["Card","Relic","Relic","Potion","Relic","Card"],"build_version":"2020-11-30","purchased_purges":1,"victory":false,"max_hp_per_floor":[75,75,75,75,75,77,77,70,70,70,70,70,72,74,74,74,74,79,81,84,87,87,87,90,90,90,90,92,92,92,94,96,96,96,96,101,103,105,105,107,109,109,109,109,109,109,109,109],"card_choices":[{"not_picked":["Hemokinesis","Power Through"],"picked":"Twin Strike","floor":1},{"not_picked":["Armaments","Power Through","Infernal Blade"],"picked":"Singing Bowl","floor":6},{"not_picked":["Infernal Blade","Battle Trance"],"picked":"Inflame","floor":11},{"not_picked":["Infernal Blade","Sentinel","Thunderclap"],"picked":"Singing Bowl","floor":13},{"not_picked":["Juggernaut","Iron Wave","Pommel Strike"],"picked":"Singing Bowl","floor":14},{"not_picked":["Brutality","Immolate"],"picked":"Feed","floor":16},{"not_picked":["Disarm","Dark Embrace","Armaments"],"picked":"Singing Bowl","floor":18},{"not_picked":["Shrug It Off","Reckless Charge","Second Wind"],"picked":"Singing Bowl","floor":19},{"not_picked":["Clothesline","Flex"],"picked":"Whirlwind","floor":20},{"not_picked":["Iron Wave","Perfected Strike"],"picked":"Spot Weakness","floor":21},{"not_picked":["Intimidate","Shrug It Off","Dark Embrace+1"],"picked":"Inflame+1","floor":23},{"not_picked":["Burning Pact","Headbutt","Shrug It Off"],"picked":"Fire Breathing+1","floor":24},{"not_picked":["Corruption+1","Disarm","Armaments","Headbutt+1"],"picked":"Singing Bowl","floor":28},{"not_picked":["Sentinel","Blood for Blood","Flex"],"picked":"Intimidate+1","floor":30},{"not_picked":["Shrug It Off","Havoc","Entrench+1","Headbutt+1"],"picked":"Singing Bowl","floor":31},{"not_picked":["Body Slam","Perfected Strike","Cleave+1","Warcry"],"picked":"Singing Bowl","floor":32},{"not_picked":["Juggernaut+1","Immolate","Feed"],"picked":"Demon Form+1","floor":33},{"not_picked":["True Grit+1","Heavy Blade","Sentinel"],"picked":"Spot Weakness+1","floor":35},{"not_picked":["Reckless Charge","Rupture+1","Perfected Strike","Metallicize+1"],"picked":"Singing Bowl","floor":37},{"not_picked":["Clothesline","Ghostly Armor+1","Second Wind","Sentinel"],"picked":"Singing Bowl","floor":38},{"not_picked":["Blood for Blood","Sword Boomerang","Pommel Strike","Searing Blow"],"picked":"Singing Bowl","floor":40},{"not_picked":["Pommel Strike","Iron Wave+1","Burning Pact","Twin Strike+1"],"picked":"Singing Bowl","floor":41},{"not_picked":["Disarm+1","Heavy Blade","Shrug It Off+1"],"picked":"Second Wind+1","floor":46}],"player_experience":831526,"relics_obtained":[{"floor":3,"key":"MealTicket"},{"floor":6,"key":"Singing Bowl"},{"floor":9,"key":"Shuriken"},{"floor":11,"key":"Mummified Hand"},{"floor":12,"key":"MawBank"},{"floor":14,"key":"Dream Catcher"},{"floor":21,"key":"Red Mask"},{"floor":23,"key":"Frozen Egg 2"},{"floor":26,"key":"Centennial Puzzle"},{"floor":28,"key":"Nunchaku"},{"floor":30,"key":"Sundial"},{"floor":38,"key":"Champion Belt"},{"floor":40,"key":"Magic Flower"},{"floor":43,"key":"Anchor"},{"floor":46,"key":"Potion Belt"}],"event_choices":[{"cards_removed":["Bash"],"damage_healed":0,"gold_gain":0,"player_choice":"Card Removal","damage_taken":7,"max_hp_gain":0,"max_hp_loss":0,"event_name":"Golden Wing","floor":2,"gold_loss":0},{"damage_healed":0,"gold_gain":0,"player_choice":"Entered Light","damage_taken":23,"max_hp_gain":0,"max_hp_loss":0,"event_name":"Shining Light","floor":5,"gold_loss":0,"cards_upgraded":["Defend_R","Twin Strike"]},{"damage_healed":0,"gold_gain":0,"player_choice":"Lose Max HP","damage_taken":0,"relics_obtained":["Golden Idol"],"max_hp_gain":0,"max_hp_loss":7,"event_name":"Golden Idol","floor":8,"gold_loss":0},{"cards_removed":["Strike_R"],"damage_healed":0,"gold_gain":0,"player_choice":"Forget","damage_taken":0,"max_hp_gain":0,"max_hp_loss":0,"event_name":"Living Wall","floor":10,"gold_loss":0},{"damage_healed":0,"gold_gain":0,"player_choice":"Fought Bandits","damage_taken":0,"max_hp_gain":0,"max_hp_loss":0,"event_name":"Masked Bandits","floor":21,"gold_loss":0},{"damage_healed":0,"gold_gain":0,"player_choice":"Simplicity","damage_taken":0,"max_hp_gain":0,"max_hp_loss":0,"event_name":"Back to Basics","floor":29,"gold_loss":0,"cards_upgraded":["Strike_R","Strike_R","Strike_R","Strike_R","Defend_R","Defend_R","Defend_R"]},{"damage_healed":0,"gold_gain":0,"player_choice":"Fight","damage_taken":0,"max_hp_gain":0,"max_hp_loss":0,"event_name":"Mysterious Sphere","floor":38,"gold_loss":0},{"cards_removed":["Strike_R"],"damage_healed":0,"gold_gain":0,"player_choice":"Removed Attack","damage_taken":0,"max_hp_gain":0,"max_hp_loss":0,"event_name":"Falling","floor":42,"gold_loss":0}],"is_beta":false,"boss_relics":[{"not_picked":["Snecko Eye","Busted Crown"],"picked":"Cursed Key"},{"not_picked":["Empty Cage","Astrolabe"],"picked":"Runic Pyramid"}],"items_purged_floors":[36],"is_endless":false,"potions_floor_spawned":[1,14,16,19,20,21,23,24,33,38,40],"killed_by":"4 Shapes","ascension_level":20}}