{"host":"e9x02d116nyd6j9y","time":1607875650,"event":{"mods":["BaseMod","Minty Spire (QoL Compilation)","SuperFastMode","everything is the same but u backflip on backflip"],"gold_per_floor":[114,137,90,90,41,55,66,83,83,110,138,138,152,170,170,269,269,285,303,322,247,65,98,98,111,111,111,37,37,47,61,61,61,61],"floor_reached":33,"playtime":1093,"items_purged":[],"score":294,"play_id":"8bc11e2a-fd0f-45ff-9cfe-ddd161a4b05b","local_time":"20201214010730","is_ascension_mode":false,"campfire_choices":[{"data":"Anger","floor":12,"key":"SMITH"},{"data":"Anger","floor":15,"key":"SMITH"},{"floor":24,"key":"REST"},{"data":"Immolate","floor":29,"key":"SMITH"},{"floor":32,"key":"REST"}],"circlet_count":0,"master_deck":["Strike_R","Strike_R","Strike_R","Strike_R","Defend_R","Defend_R","Defend_R","Defend_R","Bash","Anger+1","Pommel Strike","Shrug It Off","Anger+1","Anger+1","Double Tap","Iron Wave","Shrug It Off","Thunderclap","Immolate+1","Sever Soul","Clash","Shrug It Off","Anger+1","Dual Wield+1","Entrench"],"relics":["Burning Blood","Lantern","Bottled Flame","Bag of Marbles","Kunai","SlaversCollar","DollysMirror","Unceasing Top","HornCleat"],"acts_visited":["Exordium","TheCity"],"potions_floor_usage":[16,16,30,33,33,33],"damage_taken":[{"damage":8,"enemies":"Cultist","floor":1,"turns":5},{"damage":11,"enemies":"Jaw Worm","floor":6,"turns":3},{"damage":1,"enemies":"2 Louse","floor":7,"turns":2},{"damage":1,"enemies":"2 Fungi Beasts","floor":8,"turns":3},{"damage":27,"enemies":"3 Sentries","floor":11,"turns":6},{"damage":7,"enemies":"Blue Slaver","floor":13,"turns":2},{"damage":0,"enemies":"Looter","floor":14,"turns":2},{"damage":34,"enemies":"Hexaghost","floor":16,"turns":9},{"damage":17,"enemies":"Shell Parasite","floor":18,"turns":4},{"damage":10,"enemies":"2 Thieves","floor":19,"turns":2},{"damage":16,"enemies":"Snecko","floor":20,"turns":4},{"damage":26,"enemies":"Slavers","floor":23,"turns":5},{"damage":23,"enemies":"Shelled Parasite and Fungi","floor":25,"turns":3},{"damage":3,"enemies":"Colosseum Slavers","floor":27,"turns":3},{"damage":21,"enemies":"Snake Plant","floor":30,"turns":2},{"damage":16,"enemies":"Centurion and Healer","floor":31,"turns":5},{"damage":77,"enemies":"Collector","floor":33,"turns":8}],"seed_played":"-2903244943741541901","potions_obtained":[{"floor":7,"key":"ColorlessPotion"},{"floor":8,"key":"DuplicationPotion"},{"floor":13,"key":"AttackPotion"},{"floor":16,"key":"Dexterity Potion"},{"floor":18,"key":"Ancient Potion"},{"floor":23,"key":"BloodPotion"},{"floor":30,"key":"Fire Potion"}],"is_trial":false,"path_per_floor":["M","T","$","?","$","M","M","M","T","T","E","R","M","M","R","B",null,"M","M","M","?","$","E","R","M","T","?","$","R","M","M","R","B"],"character_chosen":"IRONCLAD","items_purchased":["Pommel Strike","Shrug It Off","Shrug It Off","DollysMirror","Entrench"],"campfire_rested":2,"item_purchase_floors":[3,5,22,22,28],"current_hp_per_floor":[86,86,86,86,86,81,86,88,88,88,67,67,66,72,72,44,88,77,73,63,63,63,43,69,52,52,55,55,55,57,47,73,0,0],"gold":61,"neow_bonus":"TEN_PERCENT_HP_BONUS","is_daily":false,"chose_seed":false,"campfire_upgraded":3,"win_rate":0.0,"timestamp":1607875650,"path_taken":["M","?","$","?","$","M","M","M","T","?","E","R","M","M","R","BOSS","M","?","M","?","$","E","R","M","T","?","?","R","M","M","R","BOSS"],"items_purchased_type":["Card","Card","Card","Relic","Card"],"build_version":"2020-11-30","purchased_purges":0,"victory":false,"max_hp_per_floor":[88,88,88,88,88,88,88,88,88,88,88,88,88,88,88,88,88,88,88,88,88,88,88,88,88,88,88,88,88,88,88,88,88,88],"card_choices":[{"not_picked":["Dual Wield","Sword Boomerang"],"picked":"Anger","floor":1},{"not_picked":["Clash","Twin Strike"],"picked":"Anger","floor":6},{"not_picked":["Hemokinesis","Body Slam"],"picked":"Anger","floor":7},{"not_picked":["Ghostly Armor","Headbutt"],"picked":"Double Tap","floor":8},{"not_picked":["Power Through","Warcry"],"picked":"Iron Wave","floor":11},{"not_picked":["Clash","Perfected Strike"],"picked":"Shrug It Off","floor":13},{"not_picked":["Evolve","Demon Form"],"picked":"Thunderclap","floor":14},{"not_picked":["Reaper","Barricade"],"picked":"Immolate","floor":16},{"not_picked":["Clothesline","True Grit"],"picked":"Sever Soul","floor":18},{"not_picked":["Seeing Red","Blood for Blood"],"picked":"Clash","floor":19},{"not_picked":["Shockwave","Sword Boomerang","Blood for Blood"],"picked":"SKIP","floor":20},{"not_picked":["Spot Weakness","Shockwave"],"picked":"Dual Wield+1","floor":23},{"not_picked":["Dual Wield","Wild Strike","Uppercut+1"],"picked":"SKIP","floor":25},{"not_picked":["Ghostly Armor+1","Metallicize+1","Berserk"],"picked":"SKIP","floor":30},{"not_picked":["Perfected Strike","True Grit","Warcry+1"],"picked":"SKIP","floor":31}],"player_experience":12401,"relics_obtained":[{"floor":2,"key":"Lantern"},{"floor":9,"key":"Bottled Flame"},{"floor":10,"key":"Bag of Marbles"},{"floor":11,"key":"Kunai"},{"floor":23,"key":"Unceasing Top"},{"floor":26,"key":"HornCleat"}],"event_choices":[{"damage_healed":0,"gold_gain":0,"player_choice":"Grow","damage_taken":0,"max_hp_gain":0,"max_hp_loss":0,"event_name":"Living Wall","floor":4,"gold_loss":0,"cards_upgraded":["Anger"]},{"cards_removed":["Strike_R"],"damage_healed":0,"gold_gain":0,"player_choice":"Gave Gold","damage_taken":0,"max_hp_gain":0,"max_hp_loss":0,"event_name":"Beggar","floor":21,"gold_loss":75},{"damage_healed":0,"gold_gain":0,"player_choice":"Fight","damage_taken":0,"max_hp_gain":0,"max_hp_loss":0,"event_name":"Colosseum","floor":27,"gold_loss":0},{"damage_healed":0,"gold_gain":0,"player_choice":"Fled From Nobs","damage_taken":0,"max_hp_gain":0,"max_hp_loss":0,"event_name":"Colosseum","floor":27,"gold_loss":0}],"is_beta":false,"boss_relics":[{"not_picked":["Astrolabe","Empty Cage"],"picked":"SlaversCollar"}],"items_purged_floors":[],"is_endless":false,"potions_floor_spawned":[7,8,13,14,16,18,23,30],"killed_by":"Collector","ascension_level":0}}