{"host":"cjhtzh7tp54jdfyv","time":1607874625,"event":{"mods":["BaseMod","Minty Spire (QoL Compilation)"],"gold_per_floor":[169,169,179,11,29,29,63,63,89,124,136,156,189,207,207,207,207],"floor_reached":16,"playtime":1075,"items_purged":[],"score":244,"play_id":"6056278c-3700-4739-8d7b-55eb21eb4ee8","local_time":"20201213105025","is_ascension_mode":true,"campfire_choices":[{"data":"Sweeping Beam","floor":6,"key":"SMITH"},{"data":"Go for the Eyes","floor":8,"key":"SMITH"},{"data":"Electrodynamics","floor":15,"key":"SMITH"}],"circlet_count":0,"master_deck":["AscendersBane","Strike_B","Strike_B","Strike_B","Strike_B","Defend_B","Defend_B","Defend_B","Defend_B+1","Zap","Dualcast","Sweeping Beam+1","Go for the Eyes+1","Coolheaded","Genetic Algorithm","Cold Snap","Electrodynamics+1","Recycle"],"relics":["Tiny House","GremlinMask","Bag of Preparation","Akabeko","Meat on the Bone","Blood Vial"],"acts_visited":["Exordium"],"potions_floor_usage":[7,10,16],"damage_taken":[{"damage":9,"enemies":"Small Slimes","floor":1,"turns":4},{"damage":2,"enemies":"Cultist","floor":3,"turns":4},{"damage":2,"enemies":"Jaw Worm","floor":5,"turns":4},{"damage":27,"enemies":"3 Sentries","floor":7,"turns":7},{"damage":21,"enemies":"Lagavulin","floor":10,"turns":7},{"damage":4,"enemies":"Exordium Thugs","floor":11,"turns":5},{"damage":3,"enemies":"3 Louse","floor":12,"turns":3},{"damage":17,"enemies":"3 Sentries","floor":13,"turns":8},{"damage":0,"enemies":"Exordium Wildlife","floor":14,"turns":1},{"damage":36,"enemies":"Slime Boss","floor":16,"turns":7}],"seed_played":"3302656234983696759","potions_obtained":[{"floor":0,"key":"Strength Potion"},{"floor":5,"key":"LiquidMemories"},{"floor":7,"key":"PotionOfCapacity"},{"floor":13,"key":"SpeedPotion"},{"floor":14,"key":"Energy Potion"}],"is_trial":false,"path_per_floor":["M","?","M","$","M","R","E","R","T","E","M","M","E","M","R","B"],"character_chosen":"DEFECT","items_purchased":["Bag of Preparation"],"campfire_rested":0,"item_purchase_floors":[4],"current_hp_per_floor":[60,60,58,58,56,56,29,29,29,8,16,25,20,34,34,0,0],"gold":207,"neow_bonus":"BOSS_RELIC","is_daily":false,"chose_seed":false,"campfire_upgraded":3,"win_rate":0.0,"timestamp":1607874625,"path_taken":["M","?","M","$","M","R","E","R","T","E","M","?","E","M","R","BOSS"],"items_purchased_type":["Relic"],"build_version":"2020-11-30","purchased_purges":0,"victory":false,"max_hp_per_floor":[76,76,76,76,76,76,76,76,76,76,76,76,76,76,76,76,76],"card_choices":[{"not_picked":["Go for the Eyes","Conserve Battery"],"picked":"Sweeping Beam","floor":0},{"not_picked":["Lockon","Turbo","Tempest"],"picked":"SKIP","floor":1},{"not_picked":["Aggregate","Turbo","Steam"],"picked":"SKIP","floor":3},{"not_picked":["Stack","Steam Power","Lockon"],"picked":"SKIP","floor":5},{"not_picked":["Redo","Hologram","Go for the Eyes"],"picked":"SKIP","floor":7},{"not_picked":["Redo","Hologram"],"picked":"Go for the Eyes","floor":7},{"not_picked":["Streamline","Tempest"],"picked":"Coolheaded","floor":10},{"not_picked":["Auto Shields","Sweeping Beam"],"picked":"Genetic Algorithm","floor":11},{"not_picked":["Scrape","Rebound"],"picked":"Cold Snap","floor":12},{"not_picked":["Go for the Eyes","Compile Driver"],"picked":"Electrodynamics","floor":13},{"not_picked":["Steam Power","Coolheaded"],"picked":"Recycle","floor":14}],"player_experience":4238682,"relics_obtained":[{"floor":7,"key":"Akabeko"},{"floor":10,"key":"Meat on the Bone"},{"floor":13,"key":"Blood Vial"}],"event_choices":[{"damage_healed":0,"gold_gain":0,"player_choice":"Trade","damage_taken":0,"relics_obtained":["GremlinMask"],"max_hp_gain":0,"max_hp_loss":0,"event_name":"FaceTrader","floor":2,"gold_loss":0}],"is_beta":false,"boss_relics":[],"items_purged_floors":[],"is_endless":false,"potions_floor_spawned":[5,7,13,14],"killed_by":"Slime Boss","ascension_level":20}}