{"host":"wkcoec525dnrk4jw","time":1607828789,"event":{"mods":["Aspiration","BaseMod","Lobotomy","Minty Spire (QoL Compilation)","Quick Restart","Replay The Spire","Shop Mod","StSLib","The Bladedancer","The Cursed","The Dragon Tamer","[IsaacMod]以撒尖塔","[地精首领爬塔]The Maniac"],"gold_per_floor":[110,120,3,13,13,13,43,61,61,61,129,17,36,51,151,175,175,181,181],"floor_reached":18,"playtime":893,"items_purged":[],"score":114,"play_id":"4be47b99-21a4-4fdc-9ec7-81dae59977d9","local_time":"20201213110629","is_ascension_mode":false,"campfire_choices":[{"data":"DoctorFetus","floor":6,"key":"SMITH"},{"data":"maniac:Whirlscythe","floor":17,"key":"SMITH"}],"circlet_count":0,"master_deck":["maniac:Strike","maniac:Strike","maniac:Strike","maniac:Strike","maniac:Strike+1","maniac:Defend","maniac:Defend","maniac:Defend","maniac:Defend","maniac:BurnBlood","maniac:AbyssShackle","DoctorFetus+1","maniac:SeekerKnife","maniac:BladeShoot","maniac:BladesInCloak","maniac:ShatteredShield+1","maniac:MortalSteel","maniac:ReconstructWounds","maniac:SeeingDetails","maniac:HammerDown+1","maniac:Refine","maniac:MortalSteel","maniac:Whirlscythe+1","maniac:ShelteringEdge"],"relics":["maniac:DamagedAnvil","maniac:BrokenHorn","HushsDoor","DoctorsRemote","aspiration:Nostalgia","Burning Blood","Replay:Bandana","Meat on the Bone"],"acts_visited":["Exordium"],"potions_floor_usage":[18,18,18],"damage_taken":[{"damage":0,"enemies":"Cultist","floor":1,"turns":2},{"damage":0,"enemies":"Small Slimes","floor":2,"turns":3},{"damage":0,"enemies":"Jaw Worm","floor":4,"turns":1},{"damage":16,"enemies":"3 Sentries","floor":7,"turns":4},{"damage":0,"enemies":"Gremlin Gang","floor":8,"turns":1},{"damage":2,"enemies":"Blue Slaver","floor":13,"turns":5},{"damage":0,"enemies":"Red Slaver","floor":14,"turns":1},{"damage":21,"enemies":"Gremlin Gang","floor":16,"turns":5},{"damage":75,"enemies":"Hexaghost","floor":18,"turns":3}],"seed_played":"-6594550655075533087","potions_obtained":[{"floor":2,"key":"Adrenaline Potion"},{"floor":4,"key":"FearPotion"},{"floor":7,"key":"AttackPotion"},{"floor":14,"key":"ColorlessPotion"}],"is_trial":false,"path_per_floor":["M","M","$","M","?","R","E","M","PTL","PTL","T","$","M","M","?","M","R","B"],"character_chosen":"THE_MANIAC","items_purchased":["maniac:BladesInCloak","maniac:ShatteredShield","maniac:HammerDown+1"],"campfire_rested":0,"item_purchase_floors":[3,3,12],"current_hp_per_floor":[80,80,80,80,64,64,54,60,60,60,60,60,69,75,75,60,60,0,0],"gold":181,"neow_bonus":"NOSTALGIA","is_daily":false,"chose_seed":false,"campfire_upgraded":2,"win_rate":0.0,"timestamp":1607828789,"path_taken":["M","M","?","M","?","R","E","M","PTL","PTL","T","?","?","M","?","M","R","BOSS"],"items_purchased_type":["Card","Card","Card"],"build_version":"2020-11-30","purchased_purges":0,"victory":false,"max_hp_per_floor":[80,80,80,80,80,80,80,80,80,80,80,80,80,80,80,80,80,80,80],"card_choices":[{"not_picked":[],"picked":"DoctorFetus","floor":0},{"not_picked":["maniac:SpectralKnives","maniac:AlleviatingSorcery"],"picked":"maniac:SeekerKnife","floor":1},{"not_picked":["maniac:ObscuredAttack","maniac:DashForward"],"picked":"maniac:BladeShoot","floor":2},{"not_picked":["maniac:SpectralFlash","maniac:PanickyParry"],"picked":"maniac:MortalSteel","floor":4},{"not_picked":["maniac:TwistedEddies","maniac:Trap"],"picked":"maniac:ReconstructWounds","floor":7},{"not_picked":["maniac:AllOutAttack","maniac:MortalSteel"],"picked":"maniac:SeeingDetails","floor":8},{"not_picked":["maniac:MeleeStrike","Bomb"],"picked":"maniac:Refine","floor":13},{"not_picked":["maniac:DashForward","maniac:SeeingDetails"],"picked":"maniac:MortalSteel","floor":14},{"not_picked":["maniac:UntravelledPath","maniac:ShelteringEdge"],"picked":"maniac:Whirlscythe","floor":15},{"not_picked":["maniac:MeleeStrike","maniac:Infuriate"],"picked":"maniac:ShelteringEdge","floor":16}],"player_experience":104381,"relics_obtained":[{"floor":7,"key":"Replay:Bandana"},{"floor":11,"key":"Meat on the Bone"}],"event_choices":[{"damage_healed":0,"gold_gain":0,"player_choice":"Entered Light","damage_taken":16,"max_hp_gain":0,"max_hp_loss":0,"event_name":"Shining Light","floor":5,"gold_loss":0,"cards_upgraded":["maniac:Strike","maniac:ShatteredShield"]}],"is_beta":false,"boss_relics":[],"items_purged_floors":[],"is_endless":false,"potions_floor_spawned":[2,4,7,14],"killed_by":"Hexaghost","ascension_level":0}}