{"host":"utqe55yv0jihe4d6","time":1607834236,"event":{"mods":["2.2 Compatiblity","AchievementEnabler","BaseMod","Block Reminder","Colored Map","Colored Powertips","Minty Spire (QoL Compilation)","Quick Restart","Rare Cards Sparkle","Relic Stats","SuperFastMode"],"gold_per_floor":[369,29,29,44,59,59,71,71,95,14,14,32,49,84,84,162,162,178,154,154,154,166,200,200,219,219,251,267,284,143,193,193,193,193],"floor_reached":33,"playtime":989,"items_purged":["Doubt","Strike_R"],"score":628,"play_id":"c08c3227-63a9-4bde-9949-299947d45498","local_time":"20201212233716","is_ascension_mode":true,"campfire_choices":[{"data":"Apotheosis","floor":6.0,"key":"SMITH"},{"floor":8.0,"key":"RECALL"},{"data":"Battle Trance","floor":11.0,"key":"SMITH"},{"data":"Inflame","floor":15.0,"key":"SMITH"},{"floor":24.0,"key":"REST"},{"floor":32.0,"key":"REST"}],"circlet_count":0,"master_deck":["AscendersBane","Strike_R","Strike_R","Strike_R","Defend_R","Defend_R","Defend_R","Defend_R","Bash","Battle Trance+1","Apotheosis+1","Wild Strike","Flame Barrier","Shrug It Off","Combust","Inflame+1","Uppercut","Clothesline","True Grit","Fiend Fire","Dark Embrace+1","Feel No Pain","Necronomicurse","Shrug It Off","Battle Trance","Dual Wield","Shrug It Off+1","Pommel Strike+1","Feel No Pain"],"relics":["Burning Blood","Blood Vial","Strawberry","Mark of Pain","Necronomicon","PreservedInsect","Matryoshka"],"acts_visited":["Exordium","TheCity"],"potions_floor_usage":[33],"damage_taken":[{"damage":9.0,"enemies":"2 Louse","floor":1.0,"turns":3.0},{"damage":0.0,"enemies":"Cultist","floor":4.0,"turns":4.0},{"damage":1.0,"enemies":"Jaw Worm","floor":5.0,"turns":4.0},{"damage":0.0,"enemies":"Red Slaver","floor":7.0,"turns":7.0},{"damage":15.0,"enemies":"Exordium Thugs","floor":12.0,"turns":5.0},{"damage":1.0,"enemies":"2 Fungi Beasts","floor":13.0,"turns":4.0},{"damage":10.0,"enemies":"3 Sentries","floor":14.0,"turns":5.0},{"damage":50.0,"enemies":"Slime Boss","floor":16.0,"turns":8.0},{"damage":11.0,"enemies":"Shell Parasite","floor":18.0,"turns":8.0},{"damage":24.0,"enemies":"2 Thieves","floor":19.0,"turns":4.0},{"damage":7.0,"enemies":"Centurion and Healer","floor":22.0,"turns":5.0},{"damage":25.0,"enemies":"Book of Stabbing","floor":23.0,"turns":5.0},{"damage":13.0,"enemies":"Cultist and Chosen","floor":25.0,"turns":5.0},{"damage":0.0,"enemies":"Gremlin Leader","floor":27.0,"turns":5.0},{"damage":11.0,"enemies":"3 Cultists","floor":28.0,"turns":6.0},{"damage":10.0,"enemies":"Snake Plant","floor":29.0,"turns":4.0},{"damage":79,"enemies":"Automaton","floor":33,"turns":7}],"seed_played":"447827806337194130","potions_obtained":[{"floor":5.0,"key":"Fire Potion"},{"floor":14.0,"key":"BloodPotion"},{"floor":21.0,"key":"SteroidPotion"},{"floor":29.0,"key":"Energy Potion"}],"is_trial":false,"path_per_floor":["M","$","?","M","M","R","M","R","T","$","R","M","M","E","R","B",null,"M","M","?","?","M","E","R","M","T","E","M","M","$","?","R","B"],"character_chosen":"IRONCLAD","items_purchased":["Apotheosis","Wild Strike","AttackPotion","Inflame","Feel No Pain"],"campfire_rested":2,"item_purchase_floors":[2,2,2,10,30],"current_hp_per_floor":[65,65,65,71,75,75,75,75,75,75,75,66,73,78,78,36,71,68,68,47,47,48,31,55,50,50,58,55,53,53,53,77,0,0],"gold":193,"neow_bonus":"TWO_FIFTY_GOLD","is_daily":false,"chose_seed":false,"campfire_upgraded":3,"win_rate":0.0,"timestamp":1607834236,"path_taken":["M","$","?","M","?","R","M","R","T","$","R","?","M","E","R","BOSS","M","M","?","?","M","E","R","M","T","E","M","?","?","?","R","BOSS"],"items_purchased_type":["Card","Card","Potion","Card","Card"],"build_version":"2020-11-30","purchased_purges":2,"victory":false,"max_hp_per_floor":[75,75,75,75,75,75,75,75,75,75,75,75,75,82,82,82,82,82,82,82,82,82,82,82,82,82,82,82,82,82,82,82,82,82],"relic_stats":{"Blood Vial":24,"counters":[17,89],"PreservedInsect":47,"Necronomicon":[24],"obtain_stats":[{"Blood Vial":9,"Matryoshka":26,"Strawberry":14,"Mark of Pain":17,"PreservedInsect":23,"Necronomicon":20,"Burning Blood":0},{"Blood Vial":4,"Matryoshka":13,"Strawberry":7,"Mark of Pain":8,"PreservedInsect":12,"Necronomicon":10,"Burning Blood":0},{"Blood Vial":18,"Matryoshka":67,"Strawberry":32,"Mark of Pain":40,"PreservedInsect":62,"Necronomicon":52,"Burning Blood":0}],"Burning Blood":89},"card_choices":[{"not_picked":["Perfected Strike","Hemokinesis"],"picked":"Battle Trance","floor":1.0},{"not_picked":["Wild Strike","Entrench"],"picked":"Flame Barrier","floor":4.0},{"not_picked":["Seeing Red","Warcry"],"picked":"Shrug It Off","floor":5.0},{"not_picked":["Havoc","Anger"],"picked":"Combust","floor":7.0},{"not_picked":["Clash","Thunderclap"],"picked":"Uppercut","floor":12.0},{"not_picked":["Anger","Twin Strike"],"picked":"Clothesline","floor":13.0},{"not_picked":["Sentinel","Havoc"],"picked":"True Grit","floor":14.0},{"not_picked":["Exhume","Double Tap"],"picked":"Fiend Fire","floor":16.0},{"not_picked":["Warcry","Sword Boomerang"],"picked":"Dark Embrace+1","floor":18.0},{"not_picked":["Iron Wave","Twin Strike+1"],"picked":"Feel No Pain","floor":19.0},{"not_picked":["Twin Strike","Headbutt+1"],"picked":"Shrug It Off","floor":22.0},{"not_picked":["Pummel","Metallicize","Body Slam+1"],"picked":"SKIP","floor":23.0},{"not_picked":["Thunderclap","Clash"],"picked":"Battle Trance","floor":25.0},{"not_picked":["Sever Soul","Impervious"],"picked":"Dual Wield","floor":27.0},{"not_picked":["Warcry","Searing Blow+1"],"picked":"Shrug It Off+1","floor":28.0},{"not_picked":["Iron Wave","Flex"],"picked":"Pommel Strike+1","floor":29.0}],"player_experience":2745302,"relics_obtained":[{"floor":9.0,"key":"Blood Vial"},{"floor":14.0,"key":"Strawberry"},{"floor":20.0,"key":"Necronomicon"},{"floor":23.0,"key":"PreservedInsect"},{"floor":26.0,"key":"Matryoshka"}],"event_choices":[{"cards_removed":["Strike_R"],"damage_healed":0.0,"max_hp_gain":0.0,"max_hp_loss":0.0,"gold_gain":0.0,"event_name":"Wheel of Change","player_choice":"Card Removal","floor":3.0,"gold_loss":0.0,"damage_taken":0.0},{"damage_healed":0.0,"max_hp_gain":0.0,"max_hp_loss":0.0,"gold_gain":0.0,"event_name":"Cursed Tome","player_choice":"Obtained Book","floor":20.0,"gold_loss":0.0,"damage_taken":21.0},{"damage_healed":0.0,"max_hp_gain":0.0,"max_hp_loss":0.0,"gold_gain":0.0,"event_name":"Lab","player_choice":"Got Potions","floor":21.0,"gold_loss":0.0,"damage_taken":0.0},{"damage_healed":0.0,"max_hp_gain":0.0,"max_hp_loss":0.0,"gold_gain":50.0,"event_name":"Nest","player_choice":"Stole From Cult","floor":31.0,"gold_loss":0.0,"damage_taken":0.0}],"is_beta":false,"boss_relics":[{"not_picked":["Ectoplasm","Calling Bell"],"picked":"Mark of Pain"}],"items_purged_floors":[2,30],"is_endless":false,"potions_floor_spawned":[5,7,14,25,29],"killed_by":"Automaton","ascension_level":20}}