{"host":"aovv4e73998kgan0","time":1607828674,"event":{"mods":["BaseMod","Minty Spire (QoL Compilation)","StSLib"],"gold_per_floor":[114,125,26,43,53,53,78,78,101,101,101,127,127,127,127,231,231,246,264,281,181,192,192,192],"floor_reached":23,"playtime":1353,"items_purged":["Strike_B","Strike_B"],"score":201,"play_id":"2e88d747-506f-41be-94f0-f9c853a6e4e9","local_time":"20201212220434","is_ascension_mode":true,"campfire_choices":[{"data":"Fission","floor":6,"key":"SMITH"},{"data":"Zap","floor":10,"key":"SMITH"},{"data":"Dualcast","floor":13,"key":"SMITH"},{"data":"Beam Cell","floor":15,"key":"SMITH"}],"circlet_count":0,"master_deck":["Strike_B","Defend_B+1","Defend_B","Defend_B+1","Defend_B","Zap+1","Dualcast+1","Cold Snap","Sweeping Beam","Leap","Beam Cell+1","Fission+1","Consume","Machine Learning","Leap+1","Barrage","Go for the Eyes","Streamline+1","Coolheaded+1","Gash+1"],"relics":["Cracked Core","War Paint","PreservedInsect","Omamori","Ancient Tea Set","Calling Bell","Nunchaku","Mummified Hand","Prayer Wheel"],"acts_visited":["Exordium","TheCity"],"potions_floor_usage":[7],"damage_taken":[{"damage":1,"enemies":"Cultist","floor":1,"turns":3},{"damage":1,"enemies":"Jaw Worm","floor":2,"turns":4},{"damage":3,"enemies":"Small Slimes","floor":4,"turns":3},{"damage":11,"enemies":"Gremlin Gang","floor":5,"turns":5},{"damage":12,"enemies":"Gremlin Nob","floor":7,"turns":5},{"damage":16,"enemies":"The Guardian","floor":16,"turns":14},{"damage":0,"enemies":"Spheric Guardian","floor":18,"turns":4},{"damage":13,"enemies":"2 Thieves","floor":19,"turns":5},{"damage":19,"enemies":"Centurion and Healer","floor":20,"turns":5},{"damage":14,"enemies":"Chosen and Byrds","floor":22,"turns":8},{"damage":14,"enemies":"Slavers","floor":23,"turns":2}],"seed_played":"5216748748030669047","potions_obtained":[{"floor":5,"key":"BlessingOfTheForge"},{"floor":22,"key":"GamblersBrew"}],"is_trial":false,"path_per_floor":["M","M","$","M","M","R","E","$","T","R","?","T","R","?","R","B",null,"M","M","M","$","M","E"],"character_chosen":"DEFECT","items_purchased":["Leap"],"campfire_rested":0,"item_purchase_floors":[3],"current_hp_per_floor":[74,73,73,70,59,59,47,47,47,47,72,72,72,72,72,56,75,75,62,43,43,29,15,15],"gold":192,"neow_bonus":"RANDOM_COMMON_RELIC","is_daily":false,"chose_seed":false,"campfire_upgraded":4,"win_rate":0.0,"timestamp":1607828674,"path_taken":["M","M","?","M","M","R","E","$","T","R","?","?","R","?","R","BOSS","M","M","M","$","M","E"],"items_purchased_type":["Card"],"build_version":"2020-11-30","purchased_purges":2,"victory":false,"max_hp_per_floor":[75,75,75,75,75,75,75,75,75,75,75,75,75,75,75,75,75,75,75,75,75,75,75,75],"card_choices":[{"not_picked":["Barrage","Undo"],"picked":"Cold Snap","floor":1},{"not_picked":["Skim","Double Energy"],"picked":"Sweeping Beam","floor":2},{"not_picked":["Conserve Battery","Gash"],"picked":"Beam Cell","floor":4},{"not_picked":["Sweeping Beam","Skim"],"picked":"Fission","floor":5},{"not_picked":["Reinforced Body","Compile Driver"],"picked":"Consume","floor":7},{"not_picked":["All For One","Buffer"],"picked":"Machine Learning","floor":16},{"not_picked":["Recycle+1","Sweeping Beam"],"picked":"Leap+1","floor":18},{"not_picked":["Streamline","Conserve Battery"],"picked":"Barrage","floor":18},{"not_picked":["Melter","Stack"],"picked":"Go for the Eyes","floor":19},{"not_picked":["Go for the Eyes+1","Amplify"],"picked":"Streamline+1","floor":19},{"not_picked":["Redo","Go for the Eyes"],"picked":"Coolheaded+1","floor":20},{"not_picked":["Go for the Eyes+1","Rebound+1","Streamline"],"picked":"SKIP","floor":20},{"not_picked":["Sweeping Beam","Steam"],"picked":"Gash+1","floor":22},{"not_picked":["Reinforced Body+1","Go for the Eyes","Leap+1"],"picked":"SKIP","floor":22}],"player_experience":132769,"relics_obtained":[{"floor":7,"key":"PreservedInsect"},{"floor":9,"key":"Omamori"},{"floor":12,"key":"Ancient Tea Set"},{"floor":17,"key":"Nunchaku"},{"floor":17,"key":"Mummified Hand"},{"floor":17,"key":"Prayer Wheel"}],"event_choices":[{"damage_healed":25,"gold_gain":0,"player_choice":"Banana","damage_taken":0,"max_hp_gain":0,"max_hp_loss":0,"event_name":"Big Fish","floor":11,"gold_loss":0},{"cards_removed":["Strike_B"],"damage_healed":0,"gold_gain":0,"player_choice":"Offered Basic","damage_taken":0,"max_hp_gain":0,"max_hp_loss":0,"event_name":"Bonfire Elementals","floor":14,"gold_loss":0}],"is_beta":false,"boss_relics":[{"not_picked":["SlaversCollar","Runic Dome"],"picked":"Calling Bell"}],"items_purged_floors":[3,21],"is_endless":false,"potions_floor_spawned":[5,22],"killed_by":"Slavers","ascension_level":1}}