{"host":"k6qwgpygxbgz06bg","time":1607818878,"event":{"mods":["BaseMod","Beaked The Cultist","Better Third Choice","BetterRewards","Clockwork Mod","Colored Map","Friendly Minions","Infinite Spire","Marisa????????","Minty Spire (QoL Compilation)","Replay The Spire","StSLib","The Administrix","The Bug Knight","The Cursed","The Gatherer","The Mystic","The Witch"],"gold_per_floor":[117,65,65,78,91,91,9,9,58,0,0,10,28,48,48,147,147,170,24,123,48,66,99,118,118,118,118,131,131,131,149,149,254,254,284,334,354,370,387,387,387,387,387,413,413,413,437,439,439,544,544,544,219,247,352],"floor_reached":56,"playtime":3416,"items_purged":["Strike_P","Strike_P","Parasite"],"score":1410,"play_id":"8c382cc6-46a0-4dd6-9cf8-4a6dc1f95e8a","local_time":"20201213012118","is_ascension_mode":false,"campfire_choices":[{"data":"PathToVictory","floor":6,"key":"SMITH"},{"data":"DevaForm","floor":11,"key":"SMITH"},{"data":"Enlightenment","floor":15,"key":"SMITH"},{"data":"Vault","floor":25,"key":"SMITH"},{"data":"After Image","floor":27,"key":"SMITH"},{"data":"infinitespire:Punishment","floor":29,"key":"SMITH"},{"data":"Strike_P","floor":32,"key":"PURGE"},{"data":"LessonLearned","floor":40,"key":"SMITH"},{"data":"infinitespire:UltimateForm","floor":42,"key":"SMITH"},{"data":"infinitespire:NeuralNetwork","floor":45,"key":"SMITH"},{"floor":49,"key":"RECALL"},{"data":"Replay:LoomingThreat","floor":52,"key":"SMITH"}],"circlet_count":0,"master_deck":["Strike_P","Defend_P","Eruption","Vigilance","FlurryOfBlows","PathToVictory","Wireheading+1","FlurryOfBlows","BattleHymn+1","PathToVictory+1","ClearTheMind","DevaForm+1","After Image+1","Enlightenment+1","Replay:Hum+1","LessonLearned+1","ThirdEye","Devotion+1","Languid","AdministrixMod:RedCloak","Devotion+1","Specialist","infinitespire:Punishment+1","JustLucky+1","MentalFortress+1","Study","Swivel","Vault+1","Wireheading+1","Study","DeceiveReality","MasterReality+1","Protect+1","CrushJoints+1","FollowUp+1","FlurryOfBlows+1","ReachHeaven+1","Protect+1","infinitespire:UltimateForm+1","infinitespire:NeuralNetwork+1","Madness","Madness","Replay:LoomingThreat+1","Fasting2","Nirvana+1","Alpha"],"relics":["PureWater","Prayer Wheel","ReplayTheSpireMod:Ring of Collecting","Ring of Searing","infinitespire:Midas Blood","Ring of Peace","Replay:Rubber Ducky","ReplayTheSpireMod:SealedPack","Tiny Chest","Potion Belt","Mummified Hand","ChewingGum","Simple Rune","Replay:Grab Bag","Sozu","ReplayTheSpireMod:Onyx Gauntlets","SlaversCollar","Astrolabe","CaptainsWheel","ReplayTheSpireMod:Ring of Challenge","Gambling Chip","Replay:PocketPolymizer","Oddly Smooth Stone","Philosopher\u0027s Stone","Guide Book","White Beast Statue"],"acts_visited":["Exordium","TheCity","TheBeyond","TheEnding"],"potions_floor_usage":[23,28],"damage_taken":[{"damage":2,"enemies":"Cultist","floor":1,"turns":5},{"damage":5,"enemies":"2 Louse","floor":4,"turns":2},{"damage":5,"enemies":"Small Slimes","floor":5,"turns":2},{"damage":0,"enemies":"3 Louse","floor":12,"turns":5},{"damage":0,"enemies":"Exordium Wildlife","floor":13,"turns":4},{"damage":0,"enemies":"Blue Slaver","floor":14,"turns":3},{"damage":0,"enemies":"Hexaghost","floor":16,"turns":6},{"damage":10,"enemies":"Chosen","floor":18,"turns":4},{"damage":10,"enemies":"Shell Parasite","floor":22,"turns":5},{"damage":0,"enemies":"Book of Stabbing","floor":23,"turns":7},{"damage":0,"enemies":"3 Cultists","floor":24,"turns":7},{"damage":0,"enemies":"Snecko","floor":28,"turns":4},{"damage":5,"enemies":"Centurion and Healer","floor":31,"turns":5},{"damage":0,"enemies":"Automaton","floor":33,"turns":6},{"damage":25,"enemies":"3 Darklings","floor":35,"turns":7},{"damage":0,"enemies":"Mind Bloom Boss Battle","floor":36,"turns":7},{"damage":0,"enemies":"3 Shapes","floor":37,"turns":6},{"damage":0,"enemies":"Transient","floor":38,"turns":5},{"damage":0,"enemies":"Writhing Mass","floor":39,"turns":7},{"damage":0,"enemies":"Nightmare","floor":44,"turns":7},{"damage":0,"enemies":"Replay:Hell Engine","floor":50,"turns":6},{"damage":0,"enemies":"Shield and Spear","floor":54,"turns":1},{"damage":22,"enemies":"The Heart","floor":55,"turns":7}],"seed_played":"-8474533059956311144","potions_obtained":[{"floor":5,"key":"Venom Potion"},{"floor":13,"key":"FairyPotion"},{"floor":16,"key":"Block Potion"},{"floor":24,"key":"Ancient Potion"},{"floor":28,"key":"Fruit Juice"}],"is_trial":false,"path_per_floor":["M","$","?","M","M","R","$","?","T","?","R","M","M","M","R","B",null,"M","$","?","$","M","E","M","R","T","R","M","R","AVR","M","R_BF","B",null,"M","?","M","M","M","R","AVR","R","T","NM","R","?","T","?","R","B",null,"R","$","E","B",null],"character_chosen":"WATCHER","items_purchased":["Prayer Wheel","Wireheading+1","DevaForm","Tiny Chest","Guide Book","Fasting2"],"campfire_rested":0,"item_purchase_floors":[0,2,7,19,53,53],"current_hp_per_floor":[60,60,60,55,50,50,50,41,41,47,47,47,47,47,47,47,78,68,68,68,68,58,58,58,58,58,58,63,63,63,58,58,58,83,58,58,58,58,58,58,58,58,58,58,58,58,58,48,48,48,83,83,80,80,58],"gold":352,"neow_bonus":"","is_daily":false,"chose_seed":false,"campfire_upgraded":10,"win_rate":0.0,"timestamp":1607818878,"path_taken":["M","$","?","M","M","R","$","?","T","?","R","M","M","M","R","BOSS","M","$","?","$","M","E","M","R","T","R","M","R","AVR","M","R_BF","BOSS","M","?","M","M","M","R","AVR","R","T","NM","R","?","?","?","R","BOSS","R","$","E","BOSS"],"items_purchased_type":["Relic","Card","Card","Relic","Relic","Card"],"build_version":"2020-11-30","purchased_purges":3,"victory":true,"max_hp_per_floor":[72,72,72,72,72,72,72,72,72,78,78,78,78,78,78,78,78,78,78,78,78,78,78,78,78,78,78,83,83,83,83,83,83,83,83,83,83,83,83,83,83,83,83,83,83,83,83,83,83,83,83,83,80,80,80],"card_choices":[{"not_picked":["CutThroughFate","Conclude"],"picked":"FlurryOfBlows","floor":1},{"not_picked":["InnerPeace","Collect"],"picked":"PathToVictory","floor":1},{"not_picked":["Meditate","FollowUp"],"picked":"FlurryOfBlows","floor":4},{"not_picked":["JustLucky","Adaptation"],"picked":"BattleHymn","floor":4},{"not_picked":["WheelKick","Replay:ManipulateFuture"],"picked":"PathToVictory","floor":5},{"not_picked":["EmptyFist","Wallop"],"picked":"ClearTheMind","floor":5},{"not_picked":["Halt","BowlingBash"],"picked":"Replay:Hum","floor":12},{"not_picked":["Replay:AllIn","Evaluate","Replay:BluntJabs"],"picked":"SKIP","floor":12},{"not_picked":["FollowUp","CarveReality","FlurryOfBlows"],"picked":"SKIP","floor":13},{"not_picked":["EmptyMind","ClearTheMind","BowlingBash"],"picked":"SKIP","floor":13},{"not_picked":["PathToVictory","ThirdEye"],"picked":"LessonLearned","floor":14},{"not_picked":["WheelKick","FlyingSleeves"],"picked":"ThirdEye","floor":14},{"not_picked":["LessonLearned","Establishment"],"picked":"Devotion","floor":16},{"not_picked":["AdministrixMod:Nightfall","Clockwork:Tinker"],"picked":"AdministrixMod:RedCloak","floor":17},{"not_picked":["Scrawl","Replay:AllIn"],"picked":"Devotion","floor":17},{"not_picked":["Dramatic Entrance","Purity"],"picked":"Specialist","floor":17},{"not_picked":["infinitespire:TheBestDefense","infinitespire:Menacing"],"picked":"infinitespire:Punishment","floor":17},{"not_picked":["Replay:Hum+1","Replay:AtTheReady+1"],"picked":"JustLucky+1","floor":18},{"not_picked":["LikeWater","WindmillStrike"],"picked":"MentalFortress+1","floor":18},{"not_picked":["Perseverance","BowlingBash+1"],"picked":"Study","floor":22},{"not_picked":["Crescendo","SashWhip"],"picked":"Swivel","floor":22},{"not_picked":["Weave","Perseverance"],"picked":"Vault","floor":23},{"not_picked":["EmptyBody+1","DeceiveReality"],"picked":"Wireheading+1","floor":24},{"not_picked":["SignatureMove","Consecrate"],"picked":"Study","floor":24},{"not_picked":["Consecrate","BowlingBash"],"picked":"DeceiveReality","floor":28},{"not_picked":["Replay:DivineShield","Replay:AtTheReady","ThirdEye"],"picked":"SKIP","floor":28},{"not_picked":["BowlingBash+1","ClearTheMind","Halt"],"picked":"SKIP","floor":31},{"not_picked":["Evaluate","InnerPeace","BowlingBash"],"picked":"SKIP","floor":31},{"not_picked":["Vault","Wish"],"picked":"MasterReality","floor":33},{"not_picked":["EmptyFist","Swivel+1"],"picked":"FlurryOfBlows+1","floor":35},{"not_picked":["JustLucky","Replay:Vibes","EmptyBody+1"],"picked":"SKIP","floor":35},{"not_picked":["CrushJoints","ClearTheMind+1"],"picked":"ReachHeaven+1","floor":36},{"not_picked":["Replay:BluntJabs+1","Swivel+1"],"picked":"Protect+1","floor":37},{"not_picked":["Meditate","Replay:DivineShield","Judgement"],"picked":"SKIP","floor":37},{"not_picked":["Halt+1","Meditate+1","SashWhip+1"],"picked":"SKIP","floor":38},{"not_picked":["Worship","Replay:Cycle","Protect+1"],"picked":"SKIP","floor":38},{"not_picked":["EmptyFist+1","Evaluate+1","EmptyMind+1"],"picked":"SKIP","floor":39},{"not_picked":["Indignation+1","Replay:Cycle+1","EmptyFist+1"],"picked":"SKIP","floor":39},{"not_picked":["infinitespire:Starlight","infinitespire:DeathsTouch"],"picked":"infinitespire:NeuralNetwork","floor":44},{"not_picked":["Halt","Replay:Vibes+1","Worship"],"picked":"SKIP","floor":44},{"not_picked":["Judgement","Ragnarok"],"picked":"Replay:LoomingThreat","floor":50},{"not_picked":["FlyingSleeves+1","MasterReality"],"picked":"Nirvana+1","floor":54},{"not_picked":["Judgement","Omniscience"],"picked":"Alpha","floor":55}],"player_experience":175414,"relics_obtained":[{"floor":3,"key":"ReplayTheSpireMod:Ring of Collecting"},{"floor":3,"key":"Ring of Searing"},{"floor":9,"key":"Ring of Peace"},{"floor":9,"key":"Replay:Rubber Ducky"},{"floor":23,"key":"Potion Belt"},{"floor":26,"key":"Mummified Hand"},{"floor":36,"key":"CaptainsWheel"},{"floor":43,"key":"ReplayTheSpireMod:Ring of Challenge"},{"floor":43,"key":"Gambling Chip"},{"floor":44,"key":"Replay:PocketPolymizer"},{"floor":47,"key":"Oddly Smooth Stone"},{"floor":54,"key":"White Beast Statue"}],"event_choices":[{"damage_healed":0,"gold_gain":0,"player_choice":"RENOUNCE","damage_taken":58,"max_hp_gain":0,"max_hp_loss":0,"event_name":"betterThird:BetterSerpent","floor":10,"gold_loss":58,"cards_obtained":["Enlightenment"]},{"damage_healed":0,"gold_gain":99,"player_choice":"Steal","damage_taken":0,"max_hp_gain":0,"max_hp_loss":0,"event_name":"betterThird:BetterNest","floor":20,"gold_loss":0},{"damage_healed":0,"gold_gain":0,"player_choice":"Fight","damage_taken":0,"max_hp_gain":0,"max_hp_loss":0,"event_name":"MindBloom","floor":36,"gold_loss":0},{"damage_healed":0,"gold_gain":0,"player_choice":"Got Potions","damage_taken":0,"max_hp_gain":0,"max_hp_loss":0,"event_name":"Lab","floor":46,"gold_loss":0},{"damage_healed":0,"gold_gain":0,"player_choice":"Embrace Madness","damage_taken":10,"max_hp_gain":0,"max_hp_loss":0,"event_name":"Winding Halls","floor":48,"gold_loss":0,"cards_obtained":["Madness","Madness"]}],"is_beta":false,"boss_relics":[{"not_picked":["Honey Jar","VioletLotus"],"picked":"ReplayTheSpireMod:SealedPack"},{"not_picked":["Abe\u0027s Treasure","infinitespire:Cupcake"],"picked":"Replay:Grab Bag"},{"not_picked":["Replay:Wanted Poster","beaked:MawFillet"],"picked":"Sozu"},{"not_picked":["Replay:Bronze Core","Fusion Hammer"],"picked":"ReplayTheSpireMod:Onyx Gauntlets"},{"not_picked":["Runic Pyramid","SacredBark"],"picked":"SlaversCollar"},{"not_picked":["Calling Bell","Ring of Chaos"],"picked":"Astrolabe"},{"not_picked":["Painkiller Herb","Snecko Eye"],"picked":"Philosopher\u0027s Stone"}],"items_purged_floors":[21,30,53],"is_endless":true,"potions_floor_spawned":[5,13,16,22,24,28,35,36,37,50,55],"ascension_level":0}}