{"host":"ehwj6oc29l3x8nvc","time":1607895400,"event":{"mods":["BaseMod","BetterRewards","Colored Map","Colored Powertips","Minty Spire (QoL Compilation)","StSLib","Transform Curses"],"gold_per_floor":[212,222,222,233,249,249,249,249,300,78,91,91,102,33,33,131,131,146,159,174,84,95,95,115,115,115],"floor_reached":25,"playtime":1745,"items_purged":[],"score":247,"play_id":"c4918340-fd1d-40e6-86ed-4cdae1445318","local_time":"20201213143640","is_ascension_mode":false,"campfire_choices":[{"data":"Riddle With Holes","floor":6,"key":"SMITH"},{"floor":8,"key":"REST"},{"floor":15,"key":"REST"},{"floor":23,"key":"REST"}],"circlet_count":0,"master_deck":["Strike_G","Strike_G","Strike_G","Strike_G","Defend_G","Defend_G","Defend_G","Defend_G+1","Defend_G","Survivor","Neutralize","Riddle With Holes+1","Noxious Fumes","Slice","PiercingWail","Footwork","Noxious Fumes","Deflect","Noxious Fumes","Corpse Explosion","Deflect+1","Flying Knee","Deadly Poison","Noxious Fumes"],"relics":["Ring of the Snake","Tiny Chest","Regal Pillow","Juzu Bracelet","InkBottle","SacredBark"],"acts_visited":["Exordium","TheCity"],"potions_floor_usage":[16,16,19,24],"damage_taken":[{"damage":1,"enemies":"2 Louse","floor":1,"turns":4},{"damage":1,"enemies":"Cultist","floor":2,"turns":4},{"damage":11,"enemies":"Jaw Worm","floor":4,"turns":4},{"damage":13,"enemies":"Large Slime","floor":5,"turns":6},{"damage":13,"enemies":"Red Slaver","floor":11,"turns":3},{"damage":3,"enemies":"Looter","floor":13,"turns":4},{"damage":24,"enemies":"The Guardian","floor":16,"turns":10},{"damage":3,"enemies":"Chosen","floor":18,"turns":6},{"damage":10,"enemies":"3 Byrds","floor":19,"turns":4},{"damage":20,"enemies":"Centurion and Healer","floor":20,"turns":8},{"damage":33,"enemies":"Sentry and Sphere","floor":22,"turns":6},{"damage":13,"enemies":"Snake Plant","floor":24,"turns":6},{"damage":28,"enemies":"Cultist and Chosen","floor":25,"turns":6}],"seed_played":"-982016062934170170","potions_obtained":[{"floor":1,"key":"Swift Potion"},{"floor":2,"key":"EssenceOfSteel"},{"floor":16,"key":"AttackPotion"},{"floor":20,"key":"DuplicationPotion"},{"floor":22,"key":"Ancient Potion"}],"is_trial":false,"path_per_floor":["M","M","?","M","M","R","?","R","T","$","M","?","M","$","R","B",null,"M","M","M","?","M","R","M","M"],"character_chosen":"THE_SILENT","items_purchased":["Juzu Bracelet","Footwork","Noxious Fumes"],"campfire_rested":3,"item_purchase_floors":[10,10,14],"current_hp_per_floor":[69,68,68,57,44,44,32,53,53,53,40,40,37,37,70,46,70,67,57,37,37,4,40,27,0,0],"gold":115,"neow_bonus":"HUNDRED_GOLD","is_daily":false,"chose_seed":false,"campfire_upgraded":1,"win_rate":0.0,"timestamp":1607895400,"path_taken":["M","M","?","?","M","R","?","R","T","$","M","?","M","$","R","BOSS","M","M","M","?","M","R","M","M"],"items_purchased_type":["Relic","Card","Card"],"build_version":"2020-11-30","purchased_purges":0,"victory":false,"max_hp_per_floor":[70,70,70,70,70,70,70,70,70,70,70,70,70,70,70,70,70,70,70,70,70,70,70,70,70,70],"card_choices":[{"not_picked":["Prepared","PiercingWail"],"picked":"Riddle With Holes","floor":1},{"not_picked":["Dodge and Roll","Backflip"],"picked":"Noxious Fumes","floor":2},{"not_picked":["Dash","Dagger Throw"],"picked":"Slice","floor":4},{"not_picked":["Backflip","Flechettes"],"picked":"PiercingWail","floor":5},{"not_picked":["Dagger Spray","Caltrops"],"picked":"Noxious Fumes","floor":11},{"not_picked":["Quick Slash","Wraith Form v2"],"picked":"Deflect","floor":13},{"not_picked":["Doppelganger","Die Die Die"],"picked":"Corpse Explosion","floor":16},{"not_picked":["Underhanded Strike","Flechettes"],"picked":"Deflect+1","floor":18},{"not_picked":["Prepared","Blade Dance"],"picked":"Flying Knee","floor":19},{"not_picked":["Backflip","Flechettes","Acrobatics"],"picked":"SKIP","floor":20},{"not_picked":["Poisoned Stab+1","Dagger Spray"],"picked":"Deadly Poison","floor":22},{"not_picked":["Predator","Well Laid Plans"],"picked":"Noxious Fumes","floor":24}],"player_experience":25502,"relics_obtained":[{"floor":9,"key":"Regal Pillow"}],"event_choices":[{"damage_healed":0,"gold_gain":0,"player_choice":"Ignored","damage_taken":0,"max_hp_gain":0,"max_hp_loss":0,"event_name":"NoteForYourself","floor":3,"gold_loss":0},{"damage_healed":0,"gold_gain":0,"player_choice":"Success","damage_taken":12,"relics_obtained":["Tiny Chest"],"max_hp_gain":0,"max_hp_loss":0,"event_name":"Scrap Ooze","floor":7,"gold_loss":0},{"damage_healed":0,"gold_gain":0,"player_choice":"Searched \u00271\u0027 times","damage_taken":0,"relics_obtained":["InkBottle"],"max_hp_gain":0,"max_hp_loss":0,"event_name":"Dead Adventurer","floor":12,"gold_loss":0},{"cards_removed":["Strike_G"],"damage_healed":0,"gold_gain":0,"player_choice":"Upgrade and Remove","damage_taken":0,"max_hp_gain":0,"max_hp_loss":0,"event_name":"Designer","floor":21,"gold_loss":90,"cards_upgraded":["Defend_G"]}],"is_beta":false,"boss_relics":[{"not_picked":["WristBlade","Runic Dome"],"picked":"SacredBark"}],"items_purged_floors":[],"is_endless":false,"potions_floor_spawned":[1,2,16,20,22],"killed_by":"Cultist and Chosen","ascension_level":0}}