{"host":"8xp52u5o8fcssvzz","time":1607841360,"event":{"mods":["2.2 Compatiblity","AchievementEnabler","Act Like it!","Aspiration","BaseMod","Better Altar","Better Match","Better Note","Better Sensory Stone","Better Skull","Better Third Choice","BetterRewards","Colored Map","Conspire","Downfall","GifTheSpireLib","Googly Eyes","Halation","Hallownest","Highlight Path","Hubris","Infinite Spire","Jorbs\u0027s Wanderer Trilogy","Lobotomy","Marisa????????","Mimic Mod","Minty Spire (QoL Compilation)","Remilia_Scarlet Moed?????·?????3.3.5","Remilia??????","Replay The Spire","Spicy Shops","StSLib","Stuff the Spire","The Administrix","The Alterego","The Blackbeard","The Bladedancer","The Cursed","The Gatherer","The Necromancer","The Runesmith","The Servant 0.9.4","TheFirefly","TheSwordswoman","Unceasing Turn Reminder","everything is the same but u backflip on backflip"],"gold_per_floor":[118,118,168,187,57,90,101,101,101,101,120,120,46,65,65,167,167,185,0,0,14,14,47,47,47],"floor_reached":24,"playtime":820,"items_purged":["Strike_S","Injury","Starlight"],"score":277,"play_id":"ef2f8431-ffe1-42a8-af34-37e22a6cfb20","local_time":"20201212223600","is_ascension_mode":true,"campfire_choices":[{"data":"Luminosity","floor":10.0,"key":"SMITH"},{"data":"DoubleEdge","floor":12.0,"key":"SMITH"},{"data":"TimeWarp","floor":15.0,"key":"PURGE"}],"circlet_count":0,"master_deck":["Strike_S+1","Strike_S+1","Strike_S+1","Defend_S+1","Defend_S+1","Defend_S+1","Defend_S+1","KidneyShot+1","Exchange","DoubleEdge+1","Ricochet","Luminosity+1","MoonPhase","Barrier+1","PendulumOfEternity+1","WasteNot","DualDimension+1"],"relics":["Uniform","NeowsBlessing","hubris:Towel","Smiling Mask","Blue Doll","Toxic Egg 2","Replay:Grab Bag","hubris:RunicObelisk","halation:IncompleteEncyclopedia","halation:HeavySnake","aspiration:MobileForge","halation:Diary","infinitespire:Lychee Nut","CaptainsWheel","Whetstone"],"acts_visited":["Exordium","TheCity"],"potions_floor_usage":[],"damage_taken":[{"damage":0.0,"enemies":"Small Slimes","floor":1.0,"turns":1.0},{"damage":0.0,"enemies":"Jaw Worm","floor":4.0,"turns":1.0},{"damage":0.0,"enemies":"Gremlin Nob","floor":6.0,"turns":1.0},{"damage":0.0,"enemies":"Cultist","floor":7.0,"turns":3.0},{"damage":0.0,"enemies":"Looter","floor":11.0,"turns":4.0},{"damage":2.0,"enemies":"Blue Slaver","floor":14.0,"turns":2.0},{"damage":7.0,"enemies":"The Guardian","floor":16.0,"turns":14.0},{"damage":41.0,"enemies":"3 Byrds","floor":18.0,"turns":9.0},{"damage":0.0,"enemies":"Spheric Guardian","floor":21.0,"turns":4.0},{"damage":0.0,"enemies":"Book of Stabbing","floor":23.0,"turns":7.0}],"seed_played":"-284817154159299127","potions_obtained":[{"floor":1.0,"key":"Guardian:BlockOnCardUsePotion"},{"floor":7.0,"key":"SpeedPotion"},{"floor":11.0,"key":"GamblersBrew"},{"floor":16.0,"key":"sneckomod:MuddlingPotion"},{"floor":18.0,"key":"SkillPotion"},{"floor":23.0,"key":"Dexterity Potion"}],"is_trial":false,"path_per_floor":["M","?","T","M","$","E","M","?","T","R","M","R","$","M","R_BF","B",null,"M","$","?","M","?","E","R"],"character_chosen":"THE_SERVANT","items_purchased":["Luminosity","MoonPhase","halation:Diary","infinitespire:Lychee Nut"],"campfire_rested":0,"item_purchase_floors":[5,13,19,19],"current_hp_per_floor":[65,65,65,65,65,65,65,65,65,65,65,65,65,63,63,56,65,24,24,24,30,26,32,32,32],"gold":47,"neow_bonus":"THREE_ENEMY_KILL","is_daily":false,"chose_seed":false,"campfire_upgraded":2,"win_rate":0.0,"timestamp":1607841360,"path_taken":["M","?","?","?","$","E","M","?","T","R","M","R","$","M","R_BF","BOSS","M","$","?","M","?","E","R"],"items_purchased_type":["Card","Card","Relic","Relic"],"build_version":"2020-11-30","purchased_purges":3,"victory":false,"max_hp_per_floor":[65,65,65,65,65,65,65,65,65,65,65,65,65,65,65,65,65,65,48,48,48,48,48,48,48],"card_choices":[{"not_picked":["ShiftingGears","Alleviate"],"picked":"DoubleEdge","floor":1.0},{"not_picked":["Shuttle","Manipulate"],"picked":"Ricochet","floor":4.0},{"not_picked":["Replace","DoubleEdge","Defy"],"picked":"SKIP","floor":6.0},{"not_picked":["Contraction","Revamp","Replace"],"picked":"SKIP","floor":7.0},{"not_picked":["Desolation","Ricochet"],"picked":"TimeWarp","floor":11.0},{"not_picked":["SpecialFormula+1","ShatteredReality"],"picked":"Barrier+1","floor":14.0},{"not_picked":["FlawlessForm","MurderousAura"],"picked":"PendulumOfEternity","floor":16.0},{"not_picked":["ReturningBlade","Revamp+1"],"picked":"Starlight","floor":18.0},{"not_picked":["DoubleEdge","Spin+1"],"picked":"WasteNot","floor":21.0},{"not_picked":["Contraction+1","Defy+1"],"picked":"DualDimension+1","floor":23.0}],"player_experience":415658,"relics_obtained":[{"floor":3.0,"key":"Smiling Mask"},{"floor":6.0,"key":"Blue Doll"},{"floor":23.0,"key":"Whetstone"}],"event_choices":[{"damage_healed":0.0,"max_hp_gain":0.0,"max_hp_loss":7.0,"gold_gain":0.0,"event_name":"betterThird:BetterWriting","player_choice":"Simplicity","floor":20.0,"gold_loss":0.0,"damage_taken":0.0},{"damage_healed":0.0,"max_hp_gain":0.0,"max_hp_loss":0.0,"gold_gain":0.0,"event_name":"blackbeard:ShipwreckEvent","player_choice":"CaptainsWheel","floor":22.0,"gold_loss":0.0,"damage_taken":0.0,"relics_obtained":["CaptainsWheel"]}],"is_beta":false,"boss_relics":[{"not_picked":["halation:SmartPhone","Runic Dome"],"picked":"Replay:Grab Bag"},{"not_picked":["Replay:Wanted Poster","ChewingGum"],"picked":"hubris:RunicObelisk"},{"not_picked":["infinitespire:Cupcake","hubris:GrandSneckoEye"],"picked":"halation:IncompleteEncyclopedia"},{"not_picked":["Snecko Eye","halation:PinkAlligatorPlush"],"picked":"halation:HeavySnake"},{"not_picked":["hubris:Stopwatch","Replay:Drink Me"],"picked":"aspiration:MobileForge"}],"items_purged_floors":[5,13,19],"is_endless":false,"potions_floor_spawned":[1,7,11,16,18,23],"ascension_level":1}}