{"host":"qrt7o4dq2qslzw13","time":1607883994,"event":{"mods":["AchievementEnabler","BaseMod","Colored Map","Colored Powertips","Minty Spire (QoL Compilation)","Quick Restart","Rare Cards Sparkle","StSLib","SuperFastMode"],"gold_per_floor":[18,18,36,12,12,12,25,41,68,14,34,34,34,48,48,127,127,146,158,169,86,86,86,103,121,121,121,34,52,65,65,65,65,65],"floor_reached":33,"playtime":877,"items_purged":[],"score":470,"play_id":"612561f5-137d-46ba-87c0-b6eb6637fc62","local_time":"20201213132634","is_ascension_mode":true,"campfire_choices":[{"data":"Armaments","floor":6.0,"key":"SMITH"},{"floor":15,"key":"REST"},{"floor":23,"key":"REST"},{"floor":27,"key":"RECALL"},{"floor":32,"key":"REST"}],"circlet_count":0,"master_deck":["AscendersBane","Strike_R","Strike_R","Strike_R","Defend_R","Defend_R","Defend_R","Bash","Bloodletting","Havoc","Rupture","Carnage","Armaments+1","Shrug It Off","Impervious","Twin Strike","Flex","Blood for Blood","Reaper","Cleave+1","Rupture+1","Shockwave","Pummel","RitualDagger","Combust","Warcry","Flame Barrier","Warcry","Spot Weakness","Writhe"],"relics":["Burning Blood","Smiling Mask","Bronze Scales","Fusion Hammer","Singing Bowl","Ancient Tea Set"],"acts_visited":["Exordium","TheCity"],"potions_floor_usage":[8,8,14,16,20,24,33],"damage_taken":[{"damage":1.0,"enemies":"Cultist","floor":1.0,"turns":3.0},{"damage":11.0,"enemies":"2 Louse","floor":3.0,"turns":4.0},{"damage":9.0,"enemies":"Jaw Worm","floor":7.0,"turns":4.0},{"damage":14,"enemies":"Exordium Thugs","floor":8,"turns":5},{"damage":12,"enemies":"2 Fungi Beasts","floor":11,"turns":4},{"damage":3,"enemies":"3 Louse","floor":14,"turns":3},{"damage":31,"enemies":"Hexaghost","floor":16,"turns":9},{"damage":0,"enemies":"Chosen","floor":18,"turns":5},{"damage":22,"enemies":"Spheric Guardian","floor":19,"turns":4},{"damage":22,"enemies":"Shelled Parasite and Fungi","floor":20,"turns":4},{"damage":21,"enemies":"Centurion and Healer","floor":24,"turns":7},{"damage":11,"enemies":"3 Cultists","floor":25,"turns":4},{"damage":51,"enemies":"Snake Plant","floor":29,"turns":3},{"damage":7,"enemies":"Centurion and Healer","floor":30,"turns":5},{"damage":56,"enemies":"Champ","floor":33,"turns":5}],"seed_played":"1178894916959847471","potions_obtained":[{"floor":1.0,"key":"DistilledChaos"},{"floor":7.0,"key":"EntropicBrew"},{"floor":14,"key":"DistilledChaos"},{"floor":20,"key":"EssenceOfSteel"},{"floor":25,"key":"FearPotion"},{"floor":30,"key":"GamblersBrew"}],"is_trial":false,"path_per_floor":["M","$","M","$","?","R","M","M","T","$","M","?","$","M","R","B",null,"M","M","M","$","?","R","M","M","T","R","$","M","M","?","R","B"],"character_chosen":"IRONCLAD","items_purchased":["Armaments","Twin Strike","Pummel","Flame Barrier","Warcry"],"campfire_rested":3,"item_purchase_floors":[4,10,21,28,28],"current_hp_per_floor":[73,73,68,68,68,68,65,57,57,57,51,40,40,43,65,40,66,75,59,49,49,43,65,58,71,71,71,71,26,27,27,50,0,0],"gold":65,"neow_bonus":"TRANSFORM_TWO_CARDS","is_daily":false,"chose_seed":false,"campfire_upgraded":1,"win_rate":0.0,"timestamp":1607883994,"path_taken":["M","$","M","$","?","R","?","M","T","?","M","?","?","?","R","BOSS","M","M","M","$","?","R","M","M","T","R","$","M","M","?","R","BOSS"],"items_purchased_type":["Card","Card","Card","Card","Card"],"build_version":"2020-11-30","purchased_purges":0,"victory":false,"max_hp_per_floor":[75,75,75,75,75,75,75,75,75,75,75,75,75,75,75,75,75,75,75,75,75,75,75,75,75,75,75,75,75,77,77,77,77,77],"card_choices":[{"not_picked":["Perfected Strike","Searing Blow"],"picked":"Rupture","floor":1.0},{"not_picked":["Perfected Strike","Pommel Strike"],"picked":"Carnage","floor":3.0},{"not_picked":["Uppercut","Carnage"],"picked":"Shrug It Off","floor":7.0},{"not_picked":["Havoc","Sword Boomerang"],"picked":"Impervious","floor":8},{"not_picked":["True Grit","Iron Wave"],"picked":"Flex","floor":11},{"not_picked":["Headbutt","Warcry"],"picked":"Blood for Blood","floor":14},{"not_picked":["Feed","Exhume"],"picked":"Reaper","floor":16},{"not_picked":["Heavy Blade","Sentinel"],"picked":"Cleave+1","floor":18},{"not_picked":["Warcry","Flex"],"picked":"Rupture+1","floor":19},{"not_picked":["Twin Strike","Battle Trance"],"picked":"Shockwave","floor":20},{"not_picked":["Rage","Carnage"],"picked":"Combust","floor":24},{"not_picked":["Entrench","Sword Boomerang"],"picked":"Warcry","floor":25},{"not_picked":["Flex","Warcry"],"picked":"Spot Weakness","floor":29},{"not_picked":["Sword Boomerang","Heavy Blade","Reckless Charge"],"picked":"Singing Bowl","floor":30}],"player_experience":444799,"relics_obtained":[{"floor":9,"key":"Smiling Mask"},{"floor":26,"key":"Singing Bowl"}],"event_choices":[{"cards_removed":["Strike_R"],"damage_healed":0.0,"max_hp_gain":0.0,"max_hp_loss":0.0,"gold_gain":0.0,"event_name":"Purifier","player_choice":"Purged","floor":5.0,"gold_loss":0.0,"damage_taken":0.0},{"damage_healed":0,"gold_gain":0,"player_choice":"Success","damage_taken":11,"relics_obtained":["Bronze Scales"],"max_hp_gain":0,"max_hp_loss":0,"event_name":"Scrap Ooze","floor":12,"gold_loss":0},{"damage_healed":0,"gold_gain":0,"player_choice":"Joined the Cult","damage_taken":6,"max_hp_gain":0,"max_hp_loss":0,"event_name":"Nest","floor":22,"gold_loss":0,"cards_obtained":["RitualDagger"]},{"damage_healed":0,"gold_gain":0,"player_choice":"Opened","damage_taken":0,"relics_obtained":["Ancient Tea Set"],"max_hp_gain":0,"max_hp_loss":0,"event_name":"The Mausoleum","floor":31,"gold_loss":0,"cards_obtained":["Writhe"]}],"is_beta":false,"boss_relics":[{"not_picked":["Empty Cage","Runic Pyramid"],"picked":"Fusion Hammer"}],"items_purged_floors":[],"is_endless":false,"potions_floor_spawned":[1,7,8,14,20,25,30],"killed_by":"Champ","ascension_level":19}}