{"host":"6vv0uythevi5qk1w","time":1607860216,"event":{"mods":["Act Like it!","BaseMod","Downfall","Gensokyo","Minty Spire (QoL Compilation)","Remilia£®¿Ÿ√◊¿Ú—«£©","Replay The Spire","StSLib"],"gold_per_floor":[116,40,40,215,215,248,248,273,273,293,99,130,143,155,155,254,254,274,274,274,373,373,373,408,408,434,450,478,114,125,142,142,240,240,252,303,303,303,95,95,105,139,158,191,191,224,23,50,68,95,95,121,121,121,12,63,95],"floor_reached":58,"playtime":3185,"items_purged":["Doubt","Defend_G+1","Defend_G+1"],"score":1824,"play_id":"4f14a3c5-cba8-4c7d-9291-a9362dea73fb","local_time":"20201213195016","is_ascension_mode":true,"campfire_choices":[{"data":"Tools of the Trade","floor":15.0,"key":"SMITH"},{"data":"Phantasmal Killer","floor":23.0,"key":"SMITH"},{"floor":32.0,"key":"RECALL"},{"floor":51,"key":"DIG"},{"data":"ReplayTheSpireMod:Scrap Shanks","floor":54,"key":"SMITH"}],"circlet_count":0,"master_deck":["Strike_G+1","Strike_G+1","Strike_G+1","Strike_G+1","Strike_G+1","Defend_G+1","Defend_G+1","Defend_G+1","Survivor","Neutralize","Backstab","ReplayTheSpireMod:Scrap Shanks+1","Prepared","Tools of the Trade+1","Phantasmal Killer+1","Reflex","Burst","Accuracy","Replay:Bag of Tricks","Hidden Blade+1","Madness","Madness","Accuracy","Reflex+1","Tactician","Apotheosis"],"relics":["Ring of the Snake","NeowsBlessing","ReplayTheSpireMod:Lightbulb","ReplayTheSpireMod:Ring of Addiction","SacredBark","Ring of Fury","Chameleon Ring","MealTicket","CaptainsWheel","Vampiric Spirits","Membership Card","Bag of Marbles","expansioncontent:StudyCardRelic","Enchiridion","Vajra","Replay:Wax Seal","Replay:Bottled Snecko","Sling","Tiny Chest","ReplayTheSpireMod:Ninjato","WristBlade","Unceasing Top","Basket Of Snakes","Mercury Hourglass","Gremlin Horn","The Specimen","Bronze Scales","Mummified Hand","OrangePellets","Replay:Rubber Ducky","Pet Ghost","Replay:Bandana","Blue Doll"],"acts_visited":["Exordium","TheCity","TheBeyond","TheEnding"],"potions_floor_usage":[52,56,57,57,57],"damage_taken":[{"damage":0.0,"enemies":"2 Louse","floor":1.0,"turns":1.0},{"damage":0.0,"enemies":"Lagavulin","floor":6.0,"turns":1.0},{"damage":0.0,"enemies":"3 Sentries","floor":8.0,"turns":1.0},{"damage":0.0,"enemies":"Jaw Worm","floor":10.0,"turns":1.0},{"damage":9.0,"enemies":"Lagavulin","floor":12.0,"turns":5.0},{"damage":0.0,"enemies":"Small Slimes","floor":13.0,"turns":1.0},{"damage":0.0,"enemies":"2 Fungi Beasts","floor":14.0,"turns":2.0},{"damage":68.0,"enemies":"The Guardian","floor":16.0,"turns":9.0},{"damage":3.0,"enemies":"Spheric Guardian","floor":18.0,"turns":3.0},{"damage":18.0,"enemies":"Replay:Snechameleon","floor":24.0,"turns":3.0},{"damage":12.0,"enemies":"Chosen","floor":27.0,"turns":2.0},{"damage":9.0,"enemies":"Gremlin Leader","floor":28.0,"turns":2.0},{"damage":17.0,"enemies":"Centurion and Healer","floor":30.0,"turns":3.0},{"damage":0.0,"enemies":"3 Cultists","floor":31.0,"turns":2.0},{"damage":17.0,"enemies":"Automaton","floor":33.0,"turns":5.0},{"damage":9.0,"enemies":"3 Darklings","floor":35.0,"turns":3.0},{"damage":32.0,"enemies":"2 Orb Walkers","floor":36.0,"turns":3.0},{"damage":16.0,"enemies":"Orb Walker","floor":41.0,"turns":2.0},{"damage":0.0,"enemies":"Reptomancer","floor":42.0,"turns":2.0},{"damage":6.0,"enemies":"4 Shapes","floor":43.0,"turns":2.0},{"damage":1.0,"enemies":"Giant Head","floor":44.0,"turns":3.0},{"damage":12.0,"enemies":"R_Hoarder","floor":46.0,"turns":3.0},{"damage":0.0,"enemies":"Nemesis","floor":48.0,"turns":1.0},{"damage":0.0,"enemies":"3 Darklings","floor":49.0,"turns":2.0},{"damage":23,"enemies":"Time Eater","floor":52,"turns":3},{"damage":0,"enemies":"Shield and Spear","floor":56,"turns":2},{"damage":34,"enemies":"The Heart","floor":57,"turns":4}],"seed_played":"-2405737730614731605","potions_obtained":[{"floor":1.0,"key":"champ:CounterPotion"},{"floor":5.0,"key":"BlessingOfTheForge"},{"floor":5.0,"key":"champ:CounterPotion"},{"floor":13.0,"key":"Fruit Juice"},{"floor":30.0,"key":"Energy Potion"},{"floor":31.0,"key":"GamblersBrew"},{"floor":33.0,"key":"Ancient Potion"},{"floor":36.0,"key":"Fire Potion"},{"floor":42.0,"key":"Swift Potion"},{"floor":43.0,"key":"Strength Potion"},{"floor":48.0,"key":"GamblersBrew"},{"floor":49.0,"key":"SpeedPotion"},{"floor":56,"key":"FearPotion"}],"is_trial":false,"path_per_floor":["M","$","?","?","?","E","?","E","T","M","$","E","M","M","R","B",null,"M","?","T","?","?","R","E","?","T","M","E","$","M","M","R","B",null,"M","?","PTL","PTL","$","?","M","E","M","E","T","E","$","E","M","T","R","B",null,"R","$","E","B",null],"character_chosen":"THE_SILENT","items_purchased":["ReplayTheSpireMod:Scrap Shanks","Membership Card","Sling","Tiny Chest","ReplayTheSpireMod:Ninjato","Accuracy","Basket Of Snakes","Mummified Hand","OrangePellets","Apotheosis","Dexterity Potion"],"campfire_rested":0,"item_purchase_floors":[2,11,29,29,29,29,39,47,47,55,55],"current_hp_per_floor":[70,70,37,37,37,37,23,23,23,33,48,44,55,80,80,13,64,61,45,45,45,45,45,41,41,41,46,48,63,56,67,67,54,67,60,37,37,37,52,44,44,57,61,66,66,55,67,65,65,65,65,42,59,59,65,63,30],"gold":95,"neow_bonus":"THREE_ENEMY_KILL","is_daily":false,"chose_seed":false,"campfire_upgraded":3,"win_rate":0.0,"timestamp":1607860216,"path_taken":["M","$","?","?","?","E","?","E","T","M","?","E","M","M","R","BOSS","M","?","?","?","?","R","E","?","T","M","E","$","M","M","R","BOSS","M","?","PTL","PTL","$","?","M","E","M","E","T","E","?","E","M","?","R","BOSS","R","$","E","BOSS"],"items_purchased_type":["Card","Relic","Relic","Relic","Relic","Card","Relic","Relic","Relic","Card","Potion"],"build_version":"2020-11-30","purchased_purges":3,"victory":true,"max_hp_per_floor":[70,70,70,70,70,70,70,70,68,68,68,66,66,81,81,81,81,79,79,79,77,77,77,75,75,75,73,73,73,73,73,71,71,71,69,69,69,69,69,67,67,67,67,67,67,67,67,65,65,65,65,65,65,65,65,63,63],"card_choices":[{"not_picked":["Cloak And Dagger","Deadly Poison"],"picked":"Backstab","floor":1.0},{"not_picked":["Catalyst","Bane","Underhanded Strike"],"picked":"SKIP","floor":6.0},{"not_picked":["Slice","Sucker Punch"],"picked":"Prepared","floor":8.0},{"not_picked":["PiercingWail","Dagger Spray","Flying Knee"],"picked":"SKIP","floor":10.0},{"not_picked":["Bane","Prepared"],"picked":"Tools of the Trade","floor":12.0},{"not_picked":["Backflip","PiercingWail","Deadly Poison"],"picked":"SKIP","floor":13.0},{"not_picked":["Quick Slash","ReplayTheSpireMod:Tripwire","Underhanded Strike"],"picked":"SKIP","floor":14.0},{"not_picked":["Unload","Storm of Steel"],"picked":"Phantasmal Killer","floor":16.0},{"not_picked":["Cloak And Dagger","Predator"],"picked":"Reflex","floor":18.0},{"not_picked":["Expertise","Catalyst","Envenom"],"picked":"SKIP","floor":24.0},{"not_picked":["Outmaneuver","Masterful Stab+1","Well Laid Plans+1"],"picked":"SKIP","floor":27.0},{"not_picked":["Terror","ReplayTheSpireMod:The Works"],"picked":"Burst","floor":28.0},{"not_picked":["Sucker Punch+1","PiercingWail","Bouncing Flask"],"picked":"SKIP","floor":30.0},{"not_picked":["Toxin Wave","Finisher","Deadly Poison"],"picked":"SKIP","floor":31.0},{"not_picked":["Doppelganger","A Thousand Cuts"],"picked":"Replay:Bag of Tricks","floor":33.0},{"not_picked":["Dodge and Roll","Underhanded Strike"],"picked":"Hidden Blade+1","floor":35.0},{"not_picked":["Backflip+1","Riddle With Holes+1"],"picked":"Accuracy","floor":41.0},{"not_picked":["Glass Knife","Blur","ReplayTheSpireMod:Speed Training"],"picked":"SKIP","floor":42.0},{"not_picked":["Cloak And Dagger","Flying Knee+1"],"picked":"Reflex+1","floor":43.0},{"not_picked":["Underhanded Strike+1","All Out Attack","Sucker Punch"],"picked":"SKIP","floor":44.0},{"not_picked":["Bouncing Flask","Dagger Throw","Flying Knee"],"picked":"SKIP","floor":46.0},{"not_picked":["Riddle With Holes+1","Bane+1","Eviscerate"],"picked":"SKIP","floor":48.0},{"not_picked":["Reflex+1","Deadly Poison"],"picked":"Tactician","floor":49.0},{"not_picked":["Deadly Poison+1","Cloak And Dagger","Poisoned Stab+1"],"picked":"SKIP","floor":56}],"player_experience":336079,"relics_obtained":[{"floor":5.0,"key":"ReplayTheSpireMod:Ring of Addiction"},{"floor":5.0,"key":"SacredBark"},{"floor":5.0,"key":"Ring of Fury"},{"floor":5.0,"key":"Chameleon Ring"},{"floor":6.0,"key":"MealTicket"},{"floor":8.0,"key":"CaptainsWheel"},{"floor":9.0,"key":"Vampiric Spirits"},{"floor":12.0,"key":"Bag of Marbles"},{"floor":19.0,"key":"Enchiridion"},{"floor":24.0,"key":"Vajra"},{"floor":26.0,"key":"Replay:Wax Seal"},{"floor":28.0,"key":"Replay:Bottled Snecko"},{"floor":36.0,"key":"Unceasing Top"},{"floor":42.0,"key":"Mercury Hourglass"},{"floor":44.0,"key":"Gremlin Horn"},{"floor":45.0,"key":"The Specimen"},{"floor":46.0,"key":"Bronze Scales"},{"floor":48.0,"key":"Replay:Rubber Ducky"},{"floor":50.0,"key":"Pet Ghost"},{"floor":51,"key":"Replay:Bandana"},{"floor":56,"key":"Blue Doll"}],"event_choices":[{"damage_healed":0.0,"max_hp_gain":0.0,"max_hp_loss":0.0,"gold_gain":0.0,"event_name":"Scrap Ooze","player_choice":"Success","floor":3.0,"gold_loss":0.0,"damage_taken":33.0,"relics_obtained":["ReplayTheSpireMod:Lightbulb"]},{"damage_healed":0.0,"max_hp_gain":0.0,"max_hp_loss":0.0,"gold_gain":175.0,"event_name":"Liars Game","player_choice":"AGREE","floor":4.0,"gold_loss":0.0,"damage_taken":0.0,"cards_obtained":["Doubt"]},{"damage_healed":0.0,"max_hp_gain":0.0,"max_hp_loss":0.0,"gold_gain":0.0,"event_name":"Shining Light","player_choice":"Entered Light","floor":7.0,"gold_loss":0.0,"damage_taken":14.0,"cards_upgraded":["Strike_G","Strike_G"]},{"damage_healed":0.0,"max_hp_gain":0.0,"max_hp_loss":0.0,"gold_gain":0.0,"event_name":"Cursed Tome","player_choice":"Obtained Book","floor":19.0,"gold_loss":0.0,"damage_taken":16.0},{"damage_healed":0.0,"max_hp_gain":0.0,"max_hp_loss":0.0,"gold_gain":99.0,"event_name":"Nest","player_choice":"Stole From Cult","floor":21.0,"gold_loss":0.0,"damage_taken":0.0},{"damage_healed":0.0,"max_hp_gain":0.0,"max_hp_loss":0.0,"gold_gain":0.0,"event_name":"Back to Basics","player_choice":"Simplicity","floor":25.0,"gold_loss":0.0,"damage_taken":0.0,"cards_upgraded":["Strike_G","Strike_G","Strike_G","Defend_G","Defend_G","Defend_G","Defend_G","Defend_G"]},{"damage_healed":0.0,"max_hp_gain":0.0,"max_hp_loss":0.0,"gold_gain":0.0,"event_name":"Mysterious Sphere","player_choice":"Fight","floor":36.0,"gold_loss":0.0,"damage_taken":0.0},{"damage_healed":0.0,"max_hp_gain":0.0,"max_hp_loss":0.0,"gold_gain":0.0,"event_name":"Winding Halls","player_choice":"Embrace Madness","floor":40.0,"gold_loss":0.0,"damage_taken":8.0,"cards_obtained":["Madness","Madness"]}],"is_beta":false,"boss_relics":[{"not_picked":["Sozu","Painkiller Herb"],"picked":"expansioncontent:StudyCardRelic"},{"not_picked":["Runic Dome","Replay:Wanted Poster"],"picked":"WristBlade"}],"items_purged_floors":[11,29,39],"is_endless":false,"potions_floor_spawned":[1,10,13,30,31,33,36,42,43,48,49,56],"ascension_level":5}}