{"host":"2pffx5rqbod9ds0c","time":1607820126,"event":{"mods":["BaseMod","Better Altar","Better Match","Better Note","Better Sensory Stone","Better Skull","Better Third Choice","Custom Start","Hubris","Minty Spire (QoL Compilation)","Quick Restart","Relic Stats","Robot Space Explorer","Spicy Shops","StSLib"],"gold_per_floor":[118,128,128,147,167,200,200,225,278,105,140,140,140,165,177,285,297,322,354,378,409,440,481,570,602,614,626,668,699,711,748,760,874,886,911,999,1014,1027,1046,1046,1078,1097,1097,1097,1097,1097,997,1012,1012,1012,1012,1012,1012,1046,1046],"floor_reached":56,"playtime":1483,"items_purged":["RobotSpaceExplorer:Strike","RobotSpaceExplorer:Strike","RobotSpaceExplorer:Strike","RobotSpaceExplorer:Strike","RobotSpaceExplorer:Defend","RobotSpaceExplorer:Defend","RobotSpaceExplorer:Defend","RobotSpaceExplorer:Defend","RobotSpaceExplorer:Scan"],"score":1865,"play_id":"02b9353c-6fcf-47b9-a619-658e28ce2e9b","local_time":"20201212164206","is_ascension_mode":true,"campfire_choices":[{"data":"RobotSpaceExplorer:ChargingLaser","floor":7,"key":"SMITH"},{"floor":12,"key":"RECALL"},{"floor":15,"key":"REST"},{"floor":30,"key":"REST"},{"floor":32,"key":"REST"},{"floor":40,"key":"REST"},{"data":"Madness","floor":49,"key":"SMITH"},{"data":"Madness","floor":52,"key":"SMITH"}],"circlet_count":0,"master_deck":["RobotSpaceExplorer:ChargingLaser+1","RobotSpaceExplorer:PowerCollector+1","Madness+1","Madness+1","RobotSpaceExplorer:Jetpack+1","RobotSpaceExplorer:FranticSearch+1"],"relics":["RobotSpaceExplorer:TurboCore","hubris:FruitBowl","hubris:EvacipatedBox","hubris:PeanutButter","Orichalcum","hubris:BundleOfHerbs","Thread and Needle","Smiling Mask","Medical Kit","FossilizedHelix","OrangePellets","Letter Opener","Incense Burner","Bag of Marbles","Frozen Egg 2","Unceasing Top","Nunchaku","Bottled Flame","Toy Ornithopter","Bag of Preparation","Ginger","Mummified Hand","hubris:OldNail","Art of War","Prayer Wheel","MawBank","Black Star","hubris:GlazedTorus","hubris:MedicalManual","TungstenRod","hubris:FunFungus","Boot","Tiny Chest","Vajra","hubris:ToyBattleship","Cauldron","hubris:NiceRug","Strawberry","Potion Belt","StrikeDummy","Pocketwatch","Happy Flower"],"acts_visited":["Exordium","TheCity","TheBeyond","TheEnding"],"potions_floor_usage":[],"damage_taken":[{"damage":0,"enemies":"Cultist","floor":1,"turns":3},{"damage":1,"enemies":"Jaw Worm","floor":2,"turns":3},{"damage":0,"enemies":"Small Slimes","floor":4,"turns":1},{"damage":0,"enemies":"2 Fungi Beasts","floor":5,"turns":1},{"damage":0,"enemies":"Lagavulin","floor":6,"turns":2},{"damage":0,"enemies":"Gremlin Nob","floor":8,"turns":1},{"damage":0,"enemies":"3 Sentries","floor":11,"turns":1},{"damage":0,"enemies":"Lagavulin","floor":14,"turns":1},{"damage":0,"enemies":"Slime Boss","floor":16,"turns":1},{"damage":0,"enemies":"Spheric Guardian","floor":18,"turns":1},{"damage":0,"enemies":"Shell Parasite","floor":19,"turns":1},{"damage":0,"enemies":"Cultist and Chosen","floor":20,"turns":1},{"damage":0,"enemies":"Snecko","floor":21,"turns":1},{"damage":0,"enemies":"Centurion and Healer","floor":22,"turns":1},{"damage":0,"enemies":"Book of Stabbing","floor":23,"turns":1},{"damage":0,"enemies":"Shelled Parasite and Fungi","floor":25,"turns":1},{"damage":0,"enemies":"Slavers","floor":28,"turns":1},{"damage":0,"enemies":"3 Cultists","floor":29,"turns":1},{"damage":0,"enemies":"Book of Stabbing","floor":31,"turns":1},{"damage":0,"enemies":"Automaton","floor":33,"turns":2},{"damage":0,"enemies":"3 Shapes","floor":35,"turns":1},{"damage":0,"enemies":"hubris:Merchant","floor":36,"turns":2},{"damage":0,"enemies":"3 Darklings","floor":37,"turns":1},{"damage":0,"enemies":"Maw","floor":38,"turns":2},{"damage":0,"enemies":"Sphere and 2 Shapes","floor":39,"turns":2},{"damage":0,"enemies":"Nemesis","floor":41,"turns":3},{"damage":0,"enemies":"Transient","floor":42,"turns":5},{"damage":0,"enemies":"Spire Growth","floor":48,"turns":1},{"damage":0,"enemies":"Donu and Deca","floor":50,"turns":1},{"damage":0,"enemies":"Shield and Spear","floor":54,"turns":1},{"damage":0,"enemies":"The Heart","floor":55,"turns":3}],"seed_played":"3624952368489839042","potions_obtained":[{"floor":5,"key":"LiquidMemories"},{"floor":6,"key":"ColorlessPotion"},{"floor":18,"key":"Strength Potion"},{"floor":36,"key":"DuplicationPotion"},{"floor":41,"key":"Dexterity Potion"},{"floor":48,"key":"Dexterity Potion"}],"is_trial":false,"path_per_floor":["M","M","$","M","M","E","R","E","T","$","E","R","?","E","R","B",null,"M","M","M","M","M","E","T","M","T","?","E","M","R","E","R","B",null,"M","$","M","M","M","R","E","M","T","?","$","?","NS","M","R","B",null,"R","$","E","B",null],"character_chosen":"RobotSpaceExplorer","items_purchased":["hubris:FruitBowl","hubris:EvacipatedBox","hubris:PeanutButter","Orichalcum","hubris:BundleOfHerbs","Thread and Needle","Smiling Mask","Medical Kit","FossilizedHelix","OrangePellets","Letter Opener","Incense Burner","Bag of Marbles","Frozen Egg 2","Unceasing Top","Nunchaku","Bottled Flame","Toy Ornithopter","Bag of Preparation","Ginger","RobotSpaceExplorer:MiniBoosters+1","hubris:ToyBattleship","Cauldron"],"campfire_rested":4,"item_purchase_floors":[3,3,3,3,3,3,3,3,3,3,3,3,3,3,3,3,3,3,3,3,10,36,36],"current_hp_per_floor":[75,74,74,74,74,74,74,74,74,74,74,74,75,75,75,75,75,75,75,75,75,75,75,75,75,75,73,73,73,75,75,75,75,75,75,75,75,75,75,75,85,85,85,75,75,75,75,75,75,75,85,85,85,85,85],"gold":1046,"neow_bonus":"ONE_RANDOM_RARE_CARD","is_daily":false,"chose_seed":false,"campfire_upgraded":3,"win_rate":0.0,"timestamp":1607820126,"path_taken":["M","?","?","M","M","E","R","E","T","$","E","R","?","E","R","BOSS","M","M","?","M","M","E","?","M","T","?","E","M","R","E","R","BOSS","M","$","M","M","M","R","E","M","T","?","$","?","NS","M","R","BOSS","R","$","E","BOSS"],"items_purchased_type":["Relic","Relic","Relic","Relic","Relic","Relic","Relic","Relic","Relic","Relic","Relic","Relic","Relic","Relic","Relic","Relic","Relic","Relic","Relic","Relic","Card","Relic","Relic"],"build_version":"2020-11-30","purchased_purges":9,"victory":true,"max_hp_per_floor":[75,75,75,75,75,75,75,75,75,75,75,75,75,75,75,75,75,75,75,75,75,75,75,75,75,75,75,75,75,75,75,75,75,75,75,75,75,75,75,75,85,85,85,85,85,85,85,85,85,85,85,85,85,85,85],"relic_stats":{"Happy Flower":[1],"counters":[31,48],"Bag of Preparation":[0],"Letter Opener":[75],"Ginger":[5],"Orichalcum":[72],"Smiling Mask":25,"Medical Kit":[5],"MawBank":264,"Boot":[20],"OrangePellets":[7],"Nunchaku":[22],"Mummified Hand":[3],"Prayer Wheel":13,"Tiny Chest":0,"Art of War":[0],"Black Star":5,"obtain_stats":[{"Vajra":31,"Incense Burner":3,"Bag of Preparation":3,"Ginger":3,"Smiling Mask":3,"Boot":28,"hubris:EvacipatedBox":3,"Nunchaku":3,"Mummified Hand":6,"Strawberry":41,"Prayer Wheel":11,"Tiny Chest":31,"hubris:FunFungus":28,"hubris:GlazedTorus":23,"Potion Belt":41,"Happy Flower":54,"RobotSpaceExplorer:RoboCore":0,"hubris:FruitBowl":3,"Thread and Needle":3,"hubris:MedicalManual":23,"Letter Opener":3,"Orichalcum":3,"Frozen Egg 2":3,"Medical Kit":3,"MawBank":14,"RobotSpaceExplorer:TurboCore":34,"OrangePellets":3,"Cauldron":36,"Bottled Flame":3,"hubris:PeanutButter":3,"hubris:BundleOfHerbs":3,"Bag of Marbles":3,"Art of War":9,"Black Star":17,"hubris:ToyBattleship":36,"StrikeDummy":43,"FossilizedHelix":3,"Unceasing Top":3,"Toy Ornithopter":3,"hubris:OldNail":8,"TungstenRod":26,"hubris:NiceRug":36,"Pocketwatch":54},{"Vajra":19,"Incense Burner":2,"Bag of Preparation":2,"Ginger":2,"Smiling Mask":2,"Boot":17,"hubris:EvacipatedBox":2,"Nunchaku":2,"Mummified Hand":5,"Strawberry":26,"Prayer Wheel":7,"Tiny Chest":19,"hubris:FunFungus":17,"hubris:GlazedTorus":15,"Potion Belt":26,"Happy Flower":30,"RobotSpaceExplorer:RoboCore":0,"hubris:FruitBowl":2,"Thread and Needle":2,"hubris:MedicalManual":15,"Letter Opener":2,"Orichalcum":2,"Frozen Egg 2":2,"Medical Kit":2,"MawBank":8,"RobotSpaceExplorer:TurboCore":20,"OrangePellets":2,"Cauldron":21,"Bottled Flame":2,"hubris:PeanutButter":2,"hubris:BundleOfHerbs":2,"Bag of Marbles":2,"Art of War":6,"Black Star":9,"hubris:ToyBattleship":21,"StrikeDummy":27,"FossilizedHelix":2,"Unceasing Top":2,"Toy Ornithopter":2,"hubris:OldNail":6,"TungstenRod":16,"hubris:NiceRug":22,"Pocketwatch":30},{"Vajra":24,"Incense Burner":6,"Bag of Preparation":6,"Ginger":6,"Smiling Mask":6,"Boot":22,"hubris:EvacipatedBox":6,"Nunchaku":6,"Mummified Hand":10,"Strawberry":37,"Prayer Wheel":12,"Tiny Chest":24,"hubris:FunFungus":22,"hubris:GlazedTorus":20,"Potion Belt":37,"Happy Flower":45,"RobotSpaceExplorer:RoboCore":0,"hubris:FruitBowl":6,"Thread and Needle":6,"hubris:MedicalManual":20,"Letter Opener":6,"Orichalcum":6,"Frozen Egg 2":6,"Medical Kit":6,"MawBank":13,"RobotSpaceExplorer:TurboCore":26,"OrangePellets":6,"Cauldron":27,"Bottled Flame":6,"hubris:PeanutButter":6,"hubris:BundleOfHerbs":6,"Bag of Marbles":6,"Art of War":11,"Black Star":14,"hubris:ToyBattleship":27,"StrikeDummy":42,"FossilizedHelix":6,"Unceasing Top":6,"Toy Ornithopter":6,"hubris:OldNail":11,"TungstenRod":21,"hubris:NiceRug":29,"Pocketwatch":45}],"Unceasing Top":[199],"Toy Ornithopter":0,"TungstenRod":2,"Pocketwatch":[0]},"card_choices":[{"not_picked":["RobotSpaceExplorer:Probe","RobotSpaceExplorer:FreezingShield","RobotSpaceExplorer:SlimeMissile"],"picked":"SKIP","floor":1},{"not_picked":["RobotSpaceExplorer:SlimeMissile","RobotSpaceExplorer:RigExplosive","RobotSpaceExplorer:GearShield"],"picked":"SKIP","floor":2},{"not_picked":["RobotSpaceExplorer:Ammunition","RobotSpaceExplorer:ShovelStrike","RobotSpaceExplorer:MiniDrones"],"picked":"SKIP","floor":4},{"not_picked":["RobotSpaceExplorer:GlueShot","RobotSpaceExplorer:ScrapMissile","RobotSpaceExplorer:SurgingStrike"],"picked":"SKIP","floor":5},{"not_picked":["RobotSpaceExplorer:Ammunition","RobotSpaceExplorer:JunkDive"],"picked":"RobotSpaceExplorer:Wormhole","floor":6},{"not_picked":["RobotSpaceExplorer:TurboDodge","RobotSpaceExplorer:ExhaustFan+1","RobotSpaceExplorer:Ammunition"],"picked":"SKIP","floor":8},{"not_picked":["RobotSpaceExplorer:StarLightning","RobotSpaceExplorer:Discharger+1","RobotSpaceExplorer:FranticSearch"],"picked":"SKIP","floor":11},{"not_picked":["RobotSpaceExplorer:ShovelStrike","RobotSpaceExplorer:SelfCleaning","RobotSpaceExplorer:Counterblock"],"picked":"SKIP","floor":14},{"not_picked":["RobotSpaceExplorer:SurgingShield","RobotSpaceExplorer:StunGrenade","RobotSpaceExplorer:FreezeRay+1"],"picked":"SKIP","floor":18},{"not_picked":["RobotSpaceExplorer:Blitz+1","RobotSpaceExplorer:DualCore+1","RobotSpaceExplorer:FrostMissile"],"picked":"SKIP","floor":18},{"not_picked":["RobotSpaceExplorer:IronShell+1","RobotSpaceExplorer:ImprovisedAttack+1","RobotSpaceExplorer:MetalStrike+1"],"picked":"SKIP","floor":19},{"not_picked":["RobotSpaceExplorer:Probe+1","RobotSpaceExplorer:ExhaustFan+1","RobotSpaceExplorer:Fix"],"picked":"SKIP","floor":19},{"not_picked":["RobotSpaceExplorer:SurgingShield+1","RobotSpaceExplorer:MetalStrike+1","RobotSpaceExplorer:Smokescreen"],"picked":"SKIP","floor":20},{"not_picked":["RobotSpaceExplorer:SelfCleaning","RobotSpaceExplorer:SurgingStrike","RobotSpaceExplorer:LuckyStrike"],"picked":"SKIP","floor":20},{"not_picked":["RobotSpaceExplorer:MiniDrones+1","RobotSpaceExplorer:TurboDodge","RobotSpaceExplorer:MetalStrike"],"picked":"SKIP","floor":21},{"not_picked":["RobotSpaceExplorer:SurgingStrike","RobotSpaceExplorer:TurboDodge","RobotSpaceExplorer:GlueShot"],"picked":"SKIP","floor":21},{"not_picked":["RobotSpaceExplorer:Pulsar","RobotSpaceExplorer:SurgingShield+1","RobotSpaceExplorer:Blitz+1"],"picked":"SKIP","floor":22},{"not_picked":["RobotSpaceExplorer:Fix","RobotSpaceExplorer:SurgingShield","RobotSpaceExplorer:TurboDodge"],"picked":"SKIP","floor":22},{"not_picked":["RobotSpaceExplorer:GlueShot","RobotSpaceExplorer:ExhaustFan+1","RobotSpaceExplorer:ShovelStrike"],"picked":"SKIP","floor":23},{"not_picked":["RobotSpaceExplorer:ShockKick","RobotSpaceExplorer:StarDust+1","RobotSpaceExplorer:PowerGlove+1"],"picked":"SKIP","floor":25},{"not_picked":["RobotSpaceExplorer:SurgingShield+1","RobotSpaceExplorer:Wormhole","RobotSpaceExplorer:GlueShot"],"picked":"SKIP","floor":25},{"not_picked":["RobotSpaceExplorer:FreezeRay+1","RobotSpaceExplorer:FrostMissile+1","RobotSpaceExplorer:StarLightning"],"picked":"SKIP","floor":28},{"not_picked":["RobotSpaceExplorer:FreezeRay+1","RobotSpaceExplorer:ShovelStrike","RobotSpaceExplorer:ScrapMissile"],"picked":"SKIP","floor":29},{"not_picked":["RobotSpaceExplorer:FrostMissile+1","RobotSpaceExplorer:SurgingShield","RobotSpaceExplorer:FreezingShield"],"picked":"SKIP","floor":29},{"not_picked":["RobotSpaceExplorer:ScrapMissile","RobotSpaceExplorer:FrostMissile","RobotSpaceExplorer:Blitz"],"picked":"SKIP","floor":31},{"not_picked":["RobotSpaceExplorer:Electropulse+1","RobotSpaceExplorer:MetalStrike+1","RobotSpaceExplorer:GlueShot"],"picked":"SKIP","floor":35},{"not_picked":["RobotSpaceExplorer:SlimeMissile","RobotSpaceExplorer:TurboDodge+1","RobotSpaceExplorer:ShockKick"],"picked":"SKIP","floor":35},{"not_picked":["RobotSpaceExplorer:SlimeMissile"],"picked":"SKIP","floor":36},{"not_picked":["RobotSpaceExplorer:MakeshiftVolley"],"picked":"SKIP","floor":36},{"not_picked":["RobotSpaceExplorer:FranticSearch"],"picked":"SKIP","floor":36},{"not_picked":["RobotSpaceExplorer:Ammunition"],"picked":"SKIP","floor":36},{"not_picked":["RobotSpaceExplorer:StarDust+1"],"picked":"SKIP","floor":36},{"not_picked":["hubris:Ssssneak"],"picked":"SKIP","floor":36},{"not_picked":["Metamorphosis"],"picked":"SKIP","floor":36},{"not_picked":["RobotSpaceExplorer:LaserBurst+1","RobotSpaceExplorer:FranticSearch+1"],"picked":"RobotSpaceExplorer:PowerCollector+1","floor":37},{"not_picked":["RobotSpaceExplorer:ShockKick","RobotSpaceExplorer:Ammunition+1"],"picked":"RobotSpaceExplorer:MakeshiftVolley+1","floor":37},{"not_picked":["RobotSpaceExplorer:FranticSearch","RobotSpaceExplorer:FrostMissile","RobotSpaceExplorer:DoubleFind"],"picked":"SKIP","floor":38},{"not_picked":["RobotSpaceExplorer:MetalStrike+1","RobotSpaceExplorer:Jetpack+1","RobotSpaceExplorer:StarDust+1"],"picked":"SKIP","floor":38},{"not_picked":["RobotSpaceExplorer:Pulsar","RobotSpaceExplorer:IronShell","RobotSpaceExplorer:StunGrenade+1"],"picked":"SKIP","floor":39},{"not_picked":["RobotSpaceExplorer:SurgingStrike+1","RobotSpaceExplorer:ImprovisedAttack","RobotSpaceExplorer:ShockKick+1"],"picked":"SKIP","floor":39},{"not_picked":["RobotSpaceExplorer:StarLightning+1","RobotSpaceExplorer:ImprovisedAttack","RobotSpaceExplorer:FreezingShield"],"picked":"SKIP","floor":41},{"not_picked":["RobotSpaceExplorer:SurgingStrike","RobotSpaceExplorer:SwiftStep"],"picked":"RobotSpaceExplorer:Autoloader+1","floor":42},{"not_picked":["RobotSpaceExplorer:ImprovisedAttack+1","RobotSpaceExplorer:ScrapMissile","RobotSpaceExplorer:Counterblock"],"picked":"SKIP","floor":42},{"not_picked":["RobotSpaceExplorer:FranticSearch+1","RobotSpaceExplorer:Explosion"],"picked":"RobotSpaceExplorer:Jetpack+1","floor":48},{"not_picked":["RobotSpaceExplorer:ScrapShield","RobotSpaceExplorer:Counterblock+1","RobotSpaceExplorer:SelfCleaning"],"picked":"SKIP","floor":48},{"not_picked":["RobotSpaceExplorer:SlimeMissile","RobotSpaceExplorer:FreezingShield"],"picked":"RobotSpaceExplorer:FranticSearch+1","floor":54}],"player_experience":754598,"relics_obtained":[{"floor":6,"key":"Mummified Hand"},{"floor":8,"key":"hubris:OldNail"},{"floor":9,"key":"Art of War"},{"floor":11,"key":"Prayer Wheel"},{"floor":14,"key":"MawBank"},{"floor":23,"key":"hubris:GlazedTorus"},{"floor":23,"key":"hubris:MedicalManual"},{"floor":26,"key":"TungstenRod"},{"floor":28,"key":"hubris:FunFungus"},{"floor":28,"key":"Boot"},{"floor":31,"key":"Tiny Chest"},{"floor":31,"key":"Vajra"},{"floor":41,"key":"Strawberry"},{"floor":41,"key":"Potion Belt"},{"floor":43,"key":"StrikeDummy"},{"floor":54,"key":"Pocketwatch"},{"floor":54,"key":"Happy Flower"}],"event_choices":[{"cards_removed":["RobotSpaceExplorer:MiniBoosters"],"damage_healed":1,"gold_gain":0,"player_choice":"Offered Uncommon","damage_taken":0,"max_hp_gain":0,"max_hp_loss":0,"event_name":"Bonfire Elementals","floor":13,"gold_loss":0},{"damage_healed":0,"gold_gain":0,"player_choice":"Punched","damage_taken":3,"max_hp_gain":0,"max_hp_loss":0,"event_name":"Designer","floor":27,"gold_loss":0},{"damage_healed":0,"gold_gain":0,"player_choice":"Embrace Madness","damage_taken":11,"max_hp_gain":0,"max_hp_loss":0,"event_name":"Winding Halls","floor":44,"gold_loss":0,"cards_obtained":["Madness","Madness"]},{"damage_healed":0,"gold_gain":0,"player_choice":"Ignored","damage_taken":0,"max_hp_gain":0,"max_hp_loss":0,"event_name":"Tomb of Lord Red Mask","floor":46,"gold_loss":0}],"is_beta":false,"boss_relics":[{"not_picked":["Cursed Key","Pandora\u0027s Box","Ectoplasm"],"picked":"Black Star"},{"not_picked":["RobotSpaceExplorer:SearchSpecs","hubris:TerracottaHorce","SlaversCollar"],"picked":"RobotSpaceExplorer:TurboCore"}],"items_purged_floors":[3,3,3,3,3,3,3,3,10],"is_endless":false,"potions_floor_spawned":[5,6,18,19,21,22,25,31,33,35,39,41,48,54],"ascension_level":1}}