{"host":"a3oe3gstxz77c7qu","time":1607869455,"event":{"mods":["2.2 Compatiblity","Act Like it!","BaseMod","Bestiary","Better Altar","Better Match","Better Note","Better Sensory Stone","Better Skull","Better Third Choice","Block Reminder","Conspire","Curses Come First","Custom Start","Friendly Minions","GifTheSpireLib","Humility","Infinite Spire","Lobotomy","LobotomyExtend","Marisa????????","Minty Spire (QoL Compilation)","Permanent Neow","Quick Restart","Relic Stats","Replay The Spire","Robot Space Explorer","StSLib","The Blue Laboratory","Uncapped","Wandering Minibosses"],"gold_per_floor":[109,145,145,209,209,209,268,268,292,361,420,492,600,700,712,958,970,1087,1087],"floor_reached":18,"playtime":1002,"items_purged":[],"score":293,"play_id":"ba0b4bf4-213c-4057-bd06-a683073b1240","local_time":"20201213142415","is_ascension_mode":true,"campfire_choices":[{"data":"Carnage","floor":6.0,"key":"SMITH"},{"data":"Shockwave","floor":8.0,"key":"SMITH"},{"floor":15,"key":"REST"}],"circlet_count":0,"master_deck":["AscendersBane","Strike_R","Strike_R","Strike_R","Strike_R","Strike_R","Defend_R","Defend_R","Defend_R","Defend_R","Bash","Anger","Scorched","Pot Of Greed","Pot Of Greed","Carnage+1","Decay","Shockwave+1","Metallicize"],"relics":["Black Blood","CogitoBucket","RabbitCall","LetterFromLob","Grinning Jar","ReplayTheSpireMod:Ring of Challenge","Ring of Panic","MawBank","MealTicket","Omamori","ChangeAnything","Replay:Rubber Ducky","Replay:Grab Bag","infinitespire:Cupcake","conspire:SlowCooker","SlaversCollar"],"acts_visited":["Exordium","TheCity"],"potions_floor_usage":[12,14],"damage_taken":[{"damage":6.0,"enemies":"2 Louse","floor":1.0,"turns":4.0},{"damage":13.0,"enemies":"conspire:MimicChest","floor":2.0,"turns":3.0},{"damage":5.0,"enemies":"Small Slimes","floor":4.0,"turns":2.0},{"damage":0.0,"enemies":"Cultist","floor":7.0,"turns":2.0},{"damage":14.0,"enemies":"Exordium Wildlife","floor":10.0,"turns":2.0},{"damage":11,"enemies":"3 Louse","floor":12,"turns":3},{"damage":15,"enemies":"Red Slaver","floor":13,"turns":5},{"damage":26,"enemies":"Exordium Thugs","floor":14,"turns":4},{"damage":62,"enemies":"Fading Forest","floor":16,"turns":11},{"damage":63,"enemies":"Shell Parasite","floor":18,"turns":6}],"seed_played":"2194104226315436592","potions_obtained":[{"floor":7.0,"key":"blueLaboratory:BottleOfRum"},{"floor":10.0,"key":"blueLaboratory:IronCompound"},{"floor":13,"key":"SkillPotion"},{"floor":14,"key":"SteroidPotion"}],"is_trial":false,"path_per_floor":["M","?","?","M","?","R","M","R","T","M","T","M","M","M","R","B",null,"M"],"character_chosen":"IRONCLAD","items_purchased":[],"campfire_rested":1,"item_purchase_floors":[],"current_hp_per_floor":[68,61,61,62,62,62,68,68,68,60,60,55,46,26,48,10,59,0,0],"gold":1087,"neow_bonus":"","is_daily":false,"chose_seed":false,"campfire_upgraded":2,"win_rate":0.0,"timestamp":1607869455,"path_taken":["M","?","?","M","?","R","?","R","T","M","?","M","M","M","R","BOSS","M"],"items_purchased_type":[],"build_version":"2020-11-30","purchased_purges":0,"victory":false,"max_hp_per_floor":[75,75,75,75,75,75,75,75,75,75,75,75,75,75,75,75,75,75,75],"relic_stats":{"counters":[11,43],"Black Blood":54,"MealTicket":0,"MawBank":108,"obtain_stats":[{"RabbitCall":0,"Replay:Grab Bag":17,"Black Blood":17,"conspire:SlowCooker":17,"Omamori":12,"MawBank":9,"Burning Blood":0,"Replay:Rubber Ducky":16,"SlaversCollar":17,"CogitoBucket":0,"MealTicket":11,"LetterFromLob":1,"Grinning Jar":2,"ReplayTheSpireMod:Ring of Challenge":3,"Ring of Panic":3,"ChangeAnything":12,"infinitespire:Cupcake":17},{"RabbitCall":0,"Replay:Grab Bag":10,"Black Blood":10,"conspire:SlowCooker":10,"Omamori":7,"MawBank":4,"Burning Blood":0,"Replay:Rubber Ducky":10,"SlaversCollar":10,"CogitoBucket":0,"MealTicket":5,"LetterFromLob":1,"Grinning Jar":2,"ReplayTheSpireMod:Ring of Challenge":2,"Ring of Panic":2,"ChangeAnything":7,"infinitespire:Cupcake":10},{"RabbitCall":0,"Replay:Grab Bag":37,"Black Blood":37,"conspire:SlowCooker":37,"Omamori":17,"MawBank":11,"Burning Blood":0,"Replay:Rubber Ducky":37,"SlaversCollar":37,"CogitoBucket":0,"MealTicket":13,"LetterFromLob":4,"Grinning Jar":7,"ReplayTheSpireMod:Ring of Challenge":7,"Ring of Panic":7,"ChangeAnything":17,"infinitespire:Cupcake":37}]},"card_choices":[{"not_picked":["Perfected Strike","Run Through"],"picked":"Anger","floor":1.0},{"not_picked":["CherryBlossoms","PunishingBird"],"picked":"Scorched","floor":1.0},{"not_picked":["BigBadWolf","OSAHOGD","Wellcheers"],"picked":"Singing Bowl","floor":2.0},{"not_picked":["ReplayTheSpireMod:Limb From Limb","Warcry"],"picked":"Carnage","floor":4.0},{"not_picked":["Wellcheers","WallGazer","BigBadWolf"],"picked":"Singing Bowl","floor":4.0},{"not_picked":["Inflame","Spot Weakness"],"picked":"Shockwave","floor":7.0},{"not_picked":["Murderer","Bloodbath","SpiderBud"],"picked":"Singing Bowl","floor":7.0},{"not_picked":["CherryBlossoms","WallGazer","OldLady"],"picked":"Singing Bowl","floor":10.0},{"not_picked":["True Grit","Run Through","Sentinel"],"picked":"SKIP","floor":10.0},{"not_picked":["Bloodbath","SingingMachine","GalaxyChild"],"picked":"Singing Bowl","floor":12},{"not_picked":["Twin Strike","ReplayTheSpireMod:Muscle Training","Pommel Strike"],"picked":"SKIP","floor":12},{"not_picked":["Wellcheers","VoidDream","BigBadWolf"],"picked":"Singing Bowl","floor":13},{"not_picked":["Seeing Red","Replay:Undeath\u0027s Touch","Sword Boomerang"],"picked":"SKIP","floor":13},{"not_picked":["Clash","Whirlwind"],"picked":"Metallicize","floor":14},{"not_picked":["Murderer","Yin","Bloodbath"],"picked":"Singing Bowl","floor":14},{"not_picked":["Bloodbath","CherryBlossoms","UniverseFragment"],"picked":"Singing Bowl","floor":16}],"player_experience":700719,"relics_obtained":[{"floor":1.0,"key":"LetterFromLob"},{"floor":2.0,"key":"Grinning Jar"},{"floor":3.0,"key":"ReplayTheSpireMod:Ring of Challenge"},{"floor":3.0,"key":"Ring of Panic"},{"floor":9.0,"key":"MawBank"},{"floor":11.0,"key":"MealTicket"},{"floor":12,"key":"Omamori"},{"floor":16,"key":"Replay:Rubber Ducky"}],"event_choices":[{"damage_healed":0.0,"max_hp_gain":0.0,"max_hp_loss":0.0,"gold_gain":0.0,"event_name":"Wheel of Change","player_choice":"Cursed","floor":5.0,"gold_loss":0.0,"damage_taken":0.0,"cards_obtained":["Decay"]}],"is_beta":false,"boss_relics":[{"not_picked":["ReplayTheSpireMod:SealedPack","SacredBark"],"picked":"Replay:Grab Bag"},{"not_picked":["Velvet Choker","Philosopher\u0027s Stone"],"picked":"infinitespire:Cupcake"},{"not_picked":["Replay:Bronze Core","Sozu"],"picked":"conspire:SlowCooker"},{"not_picked":["Black Star","Runic Cube"],"picked":"SlaversCollar"},{"not_picked":["Ring of Chaos","Astrolabe"],"picked":"Black Blood"}],"items_purged_floors":[],"is_endless":false,"potions_floor_spawned":[7,10,13,14],"killed_by":"Shell Parasite","ascension_level":18}}