{"host":"a1bw7lw6d0kskskg","time":1607893922,"event":{"mods":["AchievementEnabler","BaseMod","Better Note","Better Skull","Block Reminder","Colored Map","Colored Powertips","Downfall","Koishi","Minty Spire (QoL Compilation)","Quick Restart","Rare Cards Sparkle","Relic Stats","StSLib","The IronCluck","Waifu the Spire","everything is the same but u backflip on backflip","slay the spire mod where everything is the same but ironclad has a cowboy hat"],"gold_per_floor":[116,58,74,93,43,43,73,73,73,73,23,48,48,76,76,172,172,182,63,63,63,63,63,63],"floor_reached":23,"playtime":793,"items_purged":["Strike_R","Strike_R","Strike_R"],"score":212,"play_id":"be6111b1-2d8f-41e5-a3e7-be4fc862e515","local_time":"20201213221202","is_ascension_mode":true,"campfire_choices":[{"data":"Bash","floor":6.0,"key":"SMITH"},{"data":"Rampage","floor":8.0,"key":"SMITH"},{"data":"Strike_R","floor":15.0,"key":"PURGE"}],"circlet_count":0,"master_deck":["Strike_R","Defend_R","Defend_R","Bash+1","Shrug It Off","Dropkick","Rampage+1","Dropkick"],"relics":["Black Blood","Smiling Mask","Odd Mushroom","Pantograph","Mummified Hand","Peace Pipe","InkBottle"],"acts_visited":["Exordium","TheCity"],"potions_floor_usage":[],"damage_taken":[{"damage":12.0,"enemies":"Jaw Worm","floor":1.0,"turns":4.0},{"damage":0.0,"enemies":"Cultist","floor":3.0,"turns":4.0},{"damage":4.0,"enemies":"2 Louse","floor":4.0,"turns":4.0},{"damage":7.0,"enemies":"The Mushroom Lair","floor":7.0,"turns":5.0},{"damage":7.0,"enemies":"Lagavulin","floor":12.0,"turns":7.0},{"damage":8.0,"enemies":"Gremlin Nob","floor":14.0,"turns":3.0},{"damage":30.0,"enemies":"Slime Boss","floor":16.0,"turns":8.0},{"damage":50.0,"enemies":"3 Byrds","floor":18.0,"turns":7.0},{"damage":25,"enemies":"Book of Stabbing","floor":23,"turns":3}],"seed_played":"-562111022075185513","potions_obtained":[{"floor":1.0,"key":"EntropicBrew"},{"floor":7.0,"key":"Explosive Potion"},{"floor":12.0,"key":"Ancient Potion"},{"floor":16.0,"key":"Strength Potion"}],"is_trial":false,"path_per_floor":["M","?","M","M","$","R","?","R","T","?","$","E","$","E","R","B",null,"M","$","?","?","?","E"],"character_chosen":"IRONCLAD","items_purchased":["Dropkick"],"campfire_rested":0,"item_purchase_floors":[19],"current_hp_per_floor":[74,74,80,80,80,80,79,79,79,61,61,60,60,58,58,56,80,42,42,42,42,42,17,17],"gold":63,"neow_bonus":"REMOVE_CARD","is_daily":false,"chose_seed":false,"campfire_upgraded":2,"win_rate":0.0,"timestamp":1607893922,"path_taken":["M","?","?","M","$","R","?","R","T","?","?","E","$","E","R","BOSS","M","$","?","?","?","E"],"items_purchased_type":["Card"],"build_version":"2020-11-30","purchased_purges":3,"victory":false,"max_hp_per_floor":[80,80,80,80,80,80,80,80,80,80,80,80,80,80,80,80,80,80,80,80,80,80,80,80],"relic_stats":{"Peace Pipe":1,"counters":[9,45],"Mummified Hand":[0],"Pantograph":22,"Black Blood":52,"Smiling Mask":150,"obtain_stats":[{"Peace Pipe":12,"Mummified Hand":10,"Pantograph":9,"Black Blood":17,"Odd Mushroom":7,"Smiling Mask":2,"Burning Blood":0,"InkBottle":14},{"Peace Pipe":5,"Mummified Hand":4,"Pantograph":4,"Black Blood":7,"Odd Mushroom":4,"Smiling Mask":1,"Burning Blood":0,"InkBottle":6},{"Peace Pipe":24,"Mummified Hand":17,"Pantograph":17,"Black Blood":35,"Odd Mushroom":17,"Smiling Mask":4,"Burning Blood":0,"InkBottle":27}],"InkBottle":[5]},"card_choices":[{"not_picked":["Combust","Thunderclap"],"picked":"Shrug It Off","floor":1.0},{"not_picked":["Disarm","Searing Blow"],"picked":"Dropkick","floor":3.0},{"not_picked":["Headbutt","Wild Strike","Armaments"],"picked":"SKIP","floor":4.0},{"not_picked":["Armaments","Whirlwind"],"picked":"Rampage","floor":7.0},{"not_picked":["Twin Strike","Armaments","Pommel Strike"],"picked":"SKIP","floor":12.0},{"not_picked":["Exhume","Blood for Blood","Shrug It Off"],"picked":"SKIP","floor":14.0},{"not_picked":["Havoc","Headbutt","Armaments+1"],"picked":"SKIP","floor":18.0}],"player_experience":181827,"relics_obtained":[{"floor":7.0,"key":"Odd Mushroom"},{"floor":9.0,"key":"Pantograph"},{"floor":12.0,"key":"Peace Pipe"},{"floor":14.0,"key":"InkBottle"}],"event_choices":[{"damage_healed":0.0,"max_hp_gain":0.0,"max_hp_loss":0.0,"gold_gain":0.0,"event_name":"WeMeetAgain","player_choice":"Paid Gold","floor":2.0,"gold_loss":58.0,"damage_taken":0.0,"relics_obtained":["Smiling Mask"]},{"damage_healed":0.0,"max_hp_gain":0.0,"max_hp_loss":0.0,"gold_gain":0.0,"event_name":"Mushrooms","player_choice":"Fought Mushrooms","floor":7.0,"gold_loss":0.0,"damage_taken":0.0},{"damage_healed":0.0,"max_hp_gain":0.0,"max_hp_loss":0.0,"gold_gain":0.0,"event_name":"Scrap Ooze","player_choice":"Success","floor":10.0,"gold_loss":0.0,"damage_taken":18.0,"relics_obtained":["Mummified Hand"]},{"damage_healed":0.0,"max_hp_gain":0.0,"max_hp_loss":0.0,"gold_gain":0.0,"event_name":"Cursed Tome","player_choice":"Ignored","floor":20.0,"gold_loss":0.0,"damage_taken":0.0},{"cards_removed":["Defend_R"],"damage_healed":0.0,"max_hp_gain":0.0,"max_hp_loss":0.0,"gold_gain":0.0,"event_name":"Back to Basics","player_choice":"Elegance","floor":22.0,"gold_loss":0.0,"damage_taken":0.0}],"is_beta":false,"boss_relics":[{"not_picked":["Fusion Hammer","Cursed Key"],"picked":"Black Blood"}],"items_purged_floors":[5,11,19],"is_endless":false,"potions_floor_spawned":[1,7,12,16],"killed_by":"Book of Stabbing","ascension_level":2}}