{"host":"ykruzxakfolvqoa7","time":1607867386,"event":{"mods":["Act Like it!","BaseMod","Colored Powertips","Downfall","Hubris","Ironclad Rager","Minty Spire (QoL Compilation)","StSLib","Swap Starting Deck Mod","Wandering Minibosses"],"gold_per_floor":[114,133,152,169,186,215,232,232,232,262,281,281,281,281,281,380,380,380,380,380],"floor_reached":19,"playtime":953,"items_purged":[],"score":306,"play_id":"f6447cb0-b1bd-40b6-83e7-02b2082b7eca","local_time":"20201213134946","is_ascension_mode":false,"campfire_choices":[{"data":"White Noise","floor":8,"key":"SMITH"},{"floor":13,"key":"RECALL"},{"floor":15,"key":"REST"}],"circlet_count":0,"master_deck":["Meteor Strike","Streamline","Streamline","Streamline","Streamline+1","Conserve Battery","Conserve Battery","Conserve Battery","Double Energy","Recycle","White Noise+1","Auto Shields+1","hubris:SpecializedCircuitry","Conserve Battery","ICR:Serenity"],"relics":["Cracked Core","swapstartingdeckmod:DeadBlossom","Omamori","Meat on the Bone","Boot","Ectoplasm"],"acts_visited":["Exordium","TheCity"],"potions_floor_usage":[10],"damage_taken":[{"damage":0,"enemies":"Cultist","floor":1,"turns":3},{"damage":4,"enemies":"Jaw Worm","floor":2,"turns":3},{"damage":0,"enemies":"2 Louse","floor":3,"turns":2},{"damage":0,"enemies":"2 Fungi Beasts","floor":4,"turns":2},{"damage":4,"enemies":"3 Louse","floor":5,"turns":2},{"damage":17,"enemies":"3 Sentries","floor":6,"turns":6},{"damage":0,"enemies":"Looter","floor":7,"turns":2},{"damage":0,"enemies":"Lagavulin","floor":10,"turns":5},{"damage":5,"enemies":"Large Slime","floor":11,"turns":5},{"damage":0,"enemies":"Slime Boss","floor":16,"turns":6},{"damage":3,"enemies":"Spheric Guardian","floor":18,"turns":3}],"seed_played":"6621388314369801451","potions_obtained":[{"floor":1,"key":"SpeedPotion"},{"floor":4,"key":"Explosive Potion"},{"floor":7,"key":"ColorlessPotion"},{"floor":11,"key":"Energy Potion"},{"floor":16,"key":"FairyPotion"}],"is_trial":false,"path_per_floor":["M","M","M","M","M","E","M","R","T","E","M","?","R","?","R","B",null,"M","?"],"character_chosen":"DEFECT","items_purchased":[],"campfire_rested":1,"item_purchase_floors":[],"current_hp_per_floor":[75,71,71,71,67,50,50,50,50,50,45,45,45,30,41,41,75,72,72,72],"gold":380,"neow_bonus":"","is_daily":false,"chose_seed":false,"campfire_upgraded":1,"win_rate":0.0,"timestamp":1607867386,"path_taken":["M","M","M","M","M","E","M","R","T","E","?","?","R","?","R","BOSS","M","?"],"items_purchased_type":[],"build_version":"2020-11-30","purchased_purges":0,"victory":false,"max_hp_per_floor":[75,75,75,75,75,75,75,75,75,75,75,75,75,75,75,75,75,75,75,75],"card_choices":[{"not_picked":["Cold Snap","Rebound"],"picked":"White Noise","floor":1},{"not_picked":["Gash","Steam","Barrage"],"picked":"SKIP","floor":2},{"not_picked":["Compile Driver","Storm","Stack"],"picked":"SKIP","floor":3},{"not_picked":["Reinforced Body","Coolheaded","Turbo"],"picked":"SKIP","floor":4},{"not_picked":["Glacier","Redo","Rebound"],"picked":"SKIP","floor":5},{"not_picked":["hubris:PowerSurge","Buffer"],"picked":"Auto Shields","floor":6},{"not_picked":["Skim","Recycle","Stack"],"picked":"SKIP","floor":7},{"not_picked":["Glacier","Redo","Auto Shields"],"picked":"SKIP","floor":10},{"not_picked":["Storm","Cold Snap","Sweeping Beam"],"picked":"SKIP","floor":11},{"not_picked":["Thunder Strike","Amplify"],"picked":"hubris:SpecializedCircuitry","floor":16},{"not_picked":["Steam","Sweeping Beam"],"picked":"Conserve Battery","floor":18}],"player_experience":340053,"relics_obtained":[{"floor":6,"key":"Omamori"},{"floor":10,"key":"Meat on the Bone"}],"event_choices":[{"damage_healed":0,"gold_gain":0,"player_choice":"Box","damage_taken":0,"relics_obtained":["Boot"],"max_hp_gain":0,"max_hp_loss":0,"event_name":"Big Fish","floor":12,"gold_loss":0,"cards_obtained":["Regret"]},{"damage_healed":0,"gold_gain":0,"player_choice":"Entered Light","damage_taken":15,"max_hp_gain":0,"max_hp_loss":0,"event_name":"Shining Light","floor":14,"gold_loss":0,"cards_upgraded":["Streamline","Auto Shields"]},{"damage_healed":0,"gold_gain":0,"player_choice":"Read","damage_taken":0,"max_hp_gain":0,"max_hp_loss":0,"event_name":"The Library","floor":19,"gold_loss":0,"cards_obtained":["ICR:Serenity"]}],"is_beta":false,"boss_relics":[{"not_picked":["Runic Pyramid","Fusion Hammer"],"picked":"Ectoplasm"}],"items_purged_floors":[],"is_endless":false,"potions_floor_spawned":[1,4,7,11,16],"ascension_level":0}}