{"host":"jgqxb38yl0c1w101","time":1607826997,"event":{"mods":["2.2 Compatiblity","AchievementEnabler","BaseMod","Beaked The Cultist","Colored Map","Downfall","Hermit","Hubris","Infinite Spire","Minty Spire (QoL Compilation)","StSLib"],"gold_per_floor":[99,99,125,50,64,90,115,115,146,71,84,45,59,119,132,132,132],"floor_reached":16,"playtime":1378,"items_purged":[],"score":124,"play_id":"ec7c9651-eebe-407f-b866-8dafe4abd82f","local_time":"20201212213637","is_ascension_mode":true,"campfire_choices":[{"floor":1,"key":"RECALL"},{"floor":4,"key":"REST"},{"floor":10,"key":"REST"}],"circlet_count":0,"master_deck":["champ:Strike","champ:Strike+1","champ:Strike+1","champ:Strike","champ:Defend","champ:Defend","champ:Defend","champ:Defend","champ:Execute","champ:Taunt","champ:FocusedGladiator","champ:Haymaker","champ:DeathBlow","champ:Shatter","champ:BringItOn+1","champ:PreciseThrust","champ:PerfectedStrike","champ:FocusedGladiator+1","champ:Balance","champ:FlashCut"],"relics":["champ:ChampionCrown","infinitespire:Joker Card","hubris:Towel","infinitespire:PuzzleCube","downfall:HeartBlessingRed","Art of War","Akabeko","Whetstone","downfall:HeartBlessingGreen","War Paint"],"acts_visited":["Exordium"],"potions_floor_usage":[9,16,16,16],"damage_taken":[{"damage":56,"enemies":"Lagavulin","floor":3,"turns":10},{"damage":4,"enemies":"2 Louse","floor":5,"turns":2},{"damage":68,"enemies":"3 Sentries","floor":6,"turns":13},{"damage":58,"enemies":"Lagavulin","floor":9,"turns":5},{"damage":1,"enemies":"Small Slimes","floor":11,"turns":3},{"damage":40,"enemies":"downfall:FleeingMerchant","floor":12,"turns":4},{"damage":20,"enemies":"Cultist","floor":13,"turns":3},{"damage":32,"enemies":"3 Sentries","floor":14,"turns":5},{"damage":0,"enemies":"Blue Slaver","floor":15,"turns":2},{"damage":32,"enemies":"downfall:Silent","floor":16,"turns":6}],"seed_played":"-8806387545287040274","potions_obtained":[{"floor":5,"key":"SkillPotion"},{"floor":6,"key":"Guardian:BlockOnCardUsePotion"},{"floor":13,"key":"champ:TechniquePotion"},{"floor":14,"key":"SkillPotion"},{"floor":15,"key":"Block Potion"}],"is_trial":false,"path_per_floor":["R","?","E","R","M","E","T","?","E","R","M","$","M","?","M","B"],"character_chosen":"THE_CHAMP","items_purchased":["champ:PerfectedStrike"],"campfire_rested":2,"item_purchase_floors":[12],"current_hp_per_floor":[90,90,57,84,80,32,32,32,18,45,44,44,44,32,32,0,0],"gold":132,"neow_bonus":"ONE_RARE_RELIC","is_daily":false,"chose_seed":false,"campfire_upgraded":0,"win_rate":0.0,"timestamp":1607826997,"path_taken":["R","?","E","R","M","E","T","?","E","R","M","$","M","?","M","BOSS"],"items_purchased_type":["Card"],"build_version":"2020-11-30","purchased_purges":0,"victory":false,"max_hp_per_floor":[90,90,90,90,90,90,90,90,90,90,90,90,90,90,90,90,90],"card_choices":[{"not_picked":["champ:FalseCounter","champ:RageSigil"],"picked":"champ:FocusedGladiator","floor":3},{"not_picked":["champ:DefensiveShout","champ:Circumvent"],"picked":"champ:Haymaker","floor":5},{"not_picked":["champ:TornadoPunch","champ:HeartStrike"],"picked":"champ:DeathBlow","floor":6},{"not_picked":["champ:GutPunch","champ:ShieldSigil"],"picked":"champ:Shatter","floor":9},{"not_picked":["champ:RapidStrikes","champ:AdrenalArmor"],"picked":"champ:BringItOn","floor":11},{"not_picked":["champ:EnragedBash","champ:RecklessLeap"],"picked":"champ:PreciseThrust","floor":12},{"not_picked":["champ:StanceDance","champ:TornadoPunch"],"picked":"champ:FocusedGladiator","floor":13},{"not_picked":["champ:CrookedStrike","champ:Circumvent"],"picked":"champ:Balance","floor":14},{"not_picked":["champ:Shatter","champ:Backstep"],"picked":"champ:FlashCut","floor":15}],"player_experience":62846,"relics_obtained":[{"floor":3,"key":"infinitespire:PuzzleCube"},{"floor":6,"key":"Art of War"},{"floor":7,"key":"Akabeko"},{"floor":9,"key":"Whetstone"}],"event_choices":[{"cards_removed":["Doubt"],"damage_healed":0,"gold_gain":0,"player_choice":"Forget","damage_taken":0,"max_hp_gain":0,"max_hp_loss":0,"event_name":"Living Wall","floor":8,"gold_loss":0}],"is_beta":false,"boss_relics":[],"items_purged_floors":[],"is_endless":false,"potions_floor_spawned":[5,6,13,14,15],"killed_by":"downfall:Silent","ascension_level":1}}