{"host":"ow9msrs9p2ctkx99","time":1607850768,"event":{"mods":["AchievementEnabler","BaseMod","Colored Map","Colored Powertips","Minty Spire (QoL Compilation)","Permanent Neow","Quick Restart","SuperFastMode"],"gold_per_floor":[11,27,43,62,72,107,107,118,118,96,96,122,149,169,169,169,169],"floor_reached":16,"playtime":228,"items_purged":[],"score":171,"play_id":"4c17be4f-c06c-4709-bde7-3790bef20510","local_time":"20201213101248","is_ascension_mode":true,"campfire_choices":[{"floor":11.0,"key":"REST"},{"data":"Turbo","floor":15.0,"key":"SMITH"}],"circlet_count":0,"master_deck":["AscendersBane","Strike_B","Strike_B","Defend_B","Defend_B","Defend_B","Defend_B","Zap","Dualcast","Electrodynamics","Hyperbeam","Compile Driver","Sunder","Ball Lightning","Self Repair","Coolheaded","Turbo+1","Rainbow","Redo","Melter"],"relics":["Cracked Core","Bronze Scales","Shuriken","Du-Vu Doll","Incense Burner","Omamori"],"acts_visited":["Exordium"],"potions_floor_usage":[],"damage_taken":[{"damage":1.0,"enemies":"Cultist","floor":1.0,"turns":3.0},{"damage":7.0,"enemies":"Jaw Worm","floor":2.0,"turns":2.0},{"damage":0.0,"enemies":"Small Slimes","floor":3.0,"turns":1.0},{"damage":13.0,"enemies":"Blue Slaver","floor":4.0,"turns":2.0},{"damage":14.0,"enemies":"Red Slaver","floor":5.0,"turns":2.0},{"damage":25.0,"enemies":"Lagavulin","floor":6.0,"turns":6.0},{"damage":2.0,"enemies":"Exordium Wildlife","floor":8.0,"turns":3.0},{"damage":16.0,"enemies":"3 Sentries","floor":12.0,"turns":5.0},{"damage":1.0,"enemies":"3 Louse","floor":14.0,"turns":2.0},{"damage":36,"enemies":"Slime Boss","floor":16,"turns":3}],"seed_played":"-4425966170852074838","potions_obtained":[{"floor":2.0,"key":"GamblersBrew"},{"floor":3.0,"key":"SpeedPotion"},{"floor":6.0,"key":"Weak Potion"}],"is_trial":false,"path_per_floor":["M","M","M","M","M","E","?","M","T","?","R","E","T","M","R","B"],"character_chosen":"DEFECT","items_purchased":[],"campfire_rested":1,"item_purchase_floors":[],"current_hp_per_floor":[67,60,60,47,33,15,3,8,8,8,30,21,21,27,27,0,0],"gold":169,"neow_bonus":"TRANSFORM_TWO_CARDS","is_daily":false,"chose_seed":false,"campfire_upgraded":1,"win_rate":0.0,"timestamp":1607850768,"path_taken":["M","?","M","M","M","E","?","M","T","?","R","E","?","M","R","BOSS"],"items_purchased_type":[],"build_version":"2020-11-30","purchased_purges":0,"victory":false,"max_hp_per_floor":[75,75,75,75,75,75,75,75,75,75,75,75,75,75,75,75,75],"card_choices":[{"not_picked":["Ball Lightning","Rip and Tear"],"picked":"Compile Driver","floor":1.0},{"not_picked":["Cold Snap","Coolheaded"],"picked":"Sunder","floor":2.0},{"not_picked":["Genetic Algorithm","Rip and Tear"],"picked":"Ball Lightning","floor":3.0},{"not_picked":["Consume","Ball Lightning"],"picked":"Self Repair","floor":4.0},{"not_picked":["Chaos","Hologram"],"picked":"Coolheaded","floor":5.0},{"not_picked":["Stack","Consume"],"picked":"Turbo","floor":6.0},{"not_picked":["Stack","Leap"],"picked":"Rainbow","floor":8.0},{"not_picked":["Beam Cell","Streamline"],"picked":"Redo","floor":12.0},{"not_picked":["Chill","Leap"],"picked":"Melter","floor":14.0}],"player_experience":997736,"relics_obtained":[{"floor":6.0,"key":"Bronze Scales"},{"floor":9.0,"key":"Du-Vu Doll"},{"floor":12.0,"key":"Incense Burner"},{"floor":13.0,"key":"Omamori"}],"event_choices":[{"damage_healed":0.0,"max_hp_gain":0.0,"max_hp_loss":0.0,"gold_gain":0.0,"event_name":"Scrap Ooze","player_choice":"Success","floor":7.0,"gold_loss":0.0,"damage_taken":12.0,"relics_obtained":["Shuriken"]},{"damage_healed":0.0,"max_hp_gain":0.0,"max_hp_loss":0.0,"gold_gain":0.0,"event_name":"World of Goop","player_choice":"Left Gold","floor":10.0,"gold_loss":22.0,"damage_taken":0.0}],"is_beta":false,"boss_relics":[],"items_purged_floors":[],"is_endless":false,"potions_floor_spawned":[2,3,6],"killed_by":"Slime Boss","ascension_level":10}}