{"host":"2pffx5rqbod9ds0c","time":1607836812,"event":{"mods":["BaseMod","Better Altar","Better Match","Better Note","Better Sensory Stone","Better Skull","Better Third Choice","Custom Start","Hubris","Minty Spire (QoL Compilation)","Quick Restart","Relic Stats","Robot Space Explorer","Spicy Shops","StSLib"],"gold_per_floor":[115,65,80,80,97,129,139,139,139,139,152,776781,776800,776832,776832,776937,776937,776948,776948,776967,776987,776011,776011,776041,776041,776041,776041,775123,775153,775153,775181,775181,775283,775283,775295,775307,775607,774527,774539,774574,774574,774609,774634,774647,774047,774063,774063,773402,773402,773402],"floor_reached":51,"playtime":1597,"items_purged":["Regret","RobotSpaceExplorer:Strike","RobotSpaceExplorer:Defend","RobotSpaceExplorer:Defend","RobotSpaceExplorer:Defend","RobotSpaceExplorer:Defend"],"score":1172,"play_id":"34b97072-dbdf-4403-a90d-29bca03eec75","local_time":"20201212212012","is_ascension_mode":true,"campfire_choices":[{"data":"RobotSpaceExplorer:ShovelStrike","floor":10,"key":"SMITH"},{"data":"RobotSpaceExplorer:ChargingLaser","floor":15,"key":"SMITH"},{"data":"RobotSpaceExplorer:TrailblazerForm","floor":23,"key":"SMITH"},{"data":"RobotSpaceExplorer:MiniBoosters","floor":25,"key":"SMITH"},{"data":"RobotSpaceExplorer:PowerCollector","floor":30,"key":"SMITH"},{"data":"RobotSpaceExplorer:PowerCollector","floor":32,"key":"SMITH"},{"data":"RobotSpaceExplorer:PowerCollector","floor":41,"key":"SMITH"},{"data":"RobotSpaceExplorer:PowerCollector","floor":49,"key":"SMITH"}],"circlet_count":0,"master_deck":["RobotSpaceExplorer:LuckyStrike+1","RobotSpaceExplorer:Scan","RobotSpaceExplorer:MiniLasers","RobotSpaceExplorer:ShovelStrike+1","RobotSpaceExplorer:PowerCollector+1","RobotSpaceExplorer:PowerCollector+1","RobotSpaceExplorer:ChargingLaser+1","RobotSpaceExplorer:Blaster","RobotSpaceExplorer:TrailblazerForm+1","RobotSpaceExplorer:PowerCollector+1","RobotSpaceExplorer:MiniBoosters+1","Apotheosis+1","RobotSpaceExplorer:Discharger","RobotSpaceExplorer:TrailblazerForm","RobotSpaceExplorer:MiniBoosters+1","RobotSpaceExplorer:PowerCollector+1","RobotSpaceExplorer:PowerGlove"],"relics":["RobotSpaceExplorer:RoboCore","Bronze Scales","White Beast Statue","Bag of Preparation","Boot","Vajra","Akabeko","hubris:SphereOfDissonance","Toolbox","DollysMirror","Darkstone Periapt","hubris:ScarierMask","RobotSpaceExplorer:SlideRule","Medical Kit","RobotSpaceExplorer:BottledGravity","Kunai","Mummified Hand","hubris:BottledRain","Pen Nib","hubris:PeanutButter","Matryoshka","Orrery","hubris:MysteriousPyramids","Bottled Flame","Runic Dome","Chemical X","Centennial Puzzle","Nunchaku","Dream Catcher","Omamori","RobotSpaceExplorer:PlasmaHourglass","Pear","Mercury Hourglass","Strawberry","Membership Card","PrismaticShard","MealTicket","Sundial","Orichalcum","Potion Belt","hubris:Towel","Oddly Smooth Stone","Regal Pillow","hubris:CuriousFeather","Lantern","OrangePellets","hubris:EmptyBottle"],"acts_visited":["Exordium","TheCity","TheBeyond"],"potions_floor_usage":[6,6],"damage_taken":[{"damage":0,"enemies":"2 Louse","floor":1,"turns":3},{"damage":0,"enemies":"Small Slimes","floor":3,"turns":3},{"damage":1,"enemies":"Jaw Worm","floor":5,"turns":2},{"damage":20,"enemies":"Lagavulin","floor":6,"turns":6},{"damage":14,"enemies":"Red Slaver","floor":7,"turns":4},{"damage":9,"enemies":"Exordium Wildlife","floor":11,"turns":3},{"damage":0,"enemies":"Looter","floor":13,"turns":1},{"damage":0,"enemies":"Gremlin Nob","floor":14,"turns":2},{"damage":0,"enemies":"Slime Boss","floor":16,"turns":4},{"damage":1,"enemies":"3 Byrds","floor":18,"turns":2},{"damage":0,"enemies":"Spheric Guardian","floor":20,"turns":3},{"damage":0,"enemies":"Snake Plant","floor":21,"turns":1},{"damage":8,"enemies":"Book of Stabbing","floor":24,"turns":4},{"damage":0,"enemies":"Gremlin Leader","floor":29,"turns":2},{"damage":0,"enemies":"Book of Stabbing","floor":31,"turns":3},{"damage":0,"enemies":"Automaton","floor":33,"turns":3},{"damage":0,"enemies":"3 Darklings","floor":35,"turns":1},{"damage":0,"enemies":"Orb Walker","floor":36,"turns":1},{"damage":0,"enemies":"3 Darklings","floor":39,"turns":1},{"damage":0,"enemies":"Giant Head","floor":40,"turns":2},{"damage":0,"enemies":"Reptomancer","floor":42,"turns":1},{"damage":2,"enemies":"4 Shapes","floor":44,"turns":1},{"damage":0,"enemies":"Transient","floor":46,"turns":3},{"damage":2,"enemies":"hubris:GrandSnecko","floor":50,"turns":2}],"seed_played":"2129633374113080582","potions_obtained":[{"floor":1,"key":"Fire Potion"},{"floor":3,"key":"Fire Potion"},{"floor":6,"key":"SmokeBomb"},{"floor":7,"key":"Fire Potion"},{"floor":11,"key":"Explosive Potion"},{"floor":16,"key":"PowerPotion"}],"is_trial":false,"path_per_floor":["M","?","M","?","M","E","M","?","T","R","M","$","M","E","R","B",null,"M","?","M","M","$","R","E","R","T","?","$","E","R","E","R","B",null,"M","M","?","$","M","E","R","E","T","M","$","M","?","$","R","B",null],"character_chosen":"RobotSpaceExplorer","items_purchased":["Boot","Vajra","Akabeko","hubris:SphereOfDissonance","Toolbox","DollysMirror","SteroidPotion","RobotSpaceExplorer:PowerCollector","RobotSpaceExplorer:SlideRule","Medical Kit","RobotSpaceExplorer:BottledGravity","Kunai","Pen Nib","hubris:PeanutButter","Matryoshka","Orrery","Chemical X","Centennial Puzzle","Nunchaku","Dream Catcher","Omamori","Membership Card","PrismaticShard","MealTicket","Sundial","Orichalcum","Potion Belt","Block Potion","RobotSpaceExplorer:RecyclePotion","Oddly Smooth Stone","Regal Pillow","hubris:CuriousFeather","Lantern","OrangePellets","hubris:EmptyBottle","RobotSpaceExplorer:PowerGlove"],"campfire_rested":0,"item_purchase_floors":[12,12,12,12,12,12,12,22,22,22,22,22,28,28,28,28,38,38,38,38,38,45,45,45,45,45,45,45,45,48,48,48,48,48,48,48],"current_hp_per_floor":[75,75,75,75,74,54,40,40,40,40,31,31,31,31,31,31,75,74,74,74,74,74,74,66,66,66,66,66,66,66,66,66,66,75,75,75,75,75,75,75,75,85,92,90,90,90,90,92,92,90],"gold":773402,"neow_bonus":"REMOVE_CARD","is_daily":false,"chose_seed":false,"campfire_upgraded":8,"win_rate":0.0,"timestamp":1607836812,"path_taken":["M","?","M","?","M","E","M","?","T","R","M","?","M","E","R","BOSS","M","?","M","?","?","R","E","R","T","?","$","E","R","E","R","BOSS","M","M","?","$","M","E","R","E","T","M","?","?","?","$","R","BOSS"],"items_purchased_type":["Relic","Relic","Relic","Relic","Relic","Relic","Potion","Card","Relic","Relic","Relic","Relic","Relic","Relic","Relic","Relic","Relic","Relic","Relic","Relic","Relic","Relic","Relic","Relic","Relic","Relic","Relic","Potion","Potion","Relic","Relic","Relic","Relic","Relic","Relic","Card"],"build_version":"2020-11-30","purchased_purges":6,"victory":true,"max_hp_per_floor":[75,75,75,75,75,75,75,75,75,75,75,75,75,75,75,75,75,75,75,75,75,75,75,75,75,75,75,75,75,75,75,75,75,75,75,75,75,75,75,75,75,85,92,92,92,92,92,92,92,92],"relic_stats":{"Darkstone Periapt":0,"Regal Pillow":0,"counters":[24,58],"Pen Nib":[6],"Bag of Preparation":[38],"Orichalcum":[12],"Boot":[10],"Medical Kit":[1],"Mercury Hourglass":[24],"OrangePellets":[1],"Centennial Puzzle":[3],"Nunchaku":[3],"Dream Catcher":0,"Mummified Hand":[92],"Sundial":[0],"Bronze Scales":[81],"MealTicket":2,"Kunai":[16],"Chemical X":[1],"obtain_stats":[{"Darkstone Periapt":14,"Regal Pillow":48,"Lantern":48,"RobotSpaceExplorer:SlideRule":22,"RobotSpaceExplorer:PlasmaHourglass":40,"Vajra":12,"Bag of Preparation":9,"hubris:MysteriousPyramids":29,"hubris:EmptyBottle":48,"Boot":12,"PrismaticShard":45,"Centennial Puzzle":38,"Nunchaku":38,"Dream Catcher":38,"Matryoshka":28,"DollysMirror":12,"RobotSpaceExplorer:BottledGravity":22,"Mummified Hand":24,"Sundial":45,"Strawberry":43,"Toolbox":12,"hubris:ScarierMask":17,"MealTicket":45,"hubris:CuriousFeather":48,"Kunai":22,"Chemical X":38,"Potion Belt":45,"Pear":42,"hubris:SphereOfDissonance":12,"Oddly Smooth Stone":48,"RobotSpaceExplorer:RoboCore":0,"Pen Nib":28,"Omamori":38,"Orichalcum":45,"hubris:Towel":47,"Medical Kit":22,"White Beast Statue":6,"Akabeko":12,"Mercury Hourglass":43,"Runic Dome":34,"OrangePellets":48,"Bottled Flame":31,"Bronze Scales":4,"Orrery":28,"hubris:PeanutButter":28,"Membership Card":45,"hubris:BottledRain":26},{"Darkstone Periapt":8,"Regal Pillow":23,"Lantern":23,"RobotSpaceExplorer:SlideRule":12,"RobotSpaceExplorer:PlasmaHourglass":20,"Vajra":6,"Bag of Preparation":5,"hubris:MysteriousPyramids":14,"hubris:EmptyBottle":23,"Boot":6,"PrismaticShard":22,"Centennial Puzzle":18,"Nunchaku":18,"Dream Catcher":18,"Matryoshka":13,"DollysMirror":6,"RobotSpaceExplorer:BottledGravity":12,"Mummified Hand":13,"Sundial":22,"Strawberry":21,"Toolbox":6,"hubris:ScarierMask":9,"MealTicket":22,"hubris:CuriousFeather":23,"Kunai":12,"Chemical X":18,"Potion Belt":22,"Pear":21,"hubris:SphereOfDissonance":6,"Oddly Smooth Stone":23,"RobotSpaceExplorer:RoboCore":0,"Pen Nib":13,"Omamori":18,"Orichalcum":22,"hubris:Towel":23,"Medical Kit":12,"White Beast Statue":4,"Akabeko":6,"Mercury Hourglass":21,"Runic Dome":16,"OrangePellets":23,"Bottled Flame":15,"Bronze Scales":2,"Orrery":13,"hubris:PeanutButter":13,"Membership Card":22,"hubris:BottledRain":13},{"Darkstone Periapt":24,"Regal Pillow":56,"Lantern":56,"RobotSpaceExplorer:SlideRule":34,"RobotSpaceExplorer:PlasmaHourglass":51,"Vajra":21,"Bag of Preparation":18,"hubris:MysteriousPyramids":40,"hubris:EmptyBottle":56,"Boot":21,"PrismaticShard":53,"Centennial Puzzle":48,"Nunchaku":48,"Dream Catcher":48,"Matryoshka":38,"DollysMirror":21,"RobotSpaceExplorer:BottledGravity":34,"Mummified Hand":38,"Sundial":53,"Strawberry":52,"Toolbox":21,"hubris:ScarierMask":28,"MealTicket":53,"hubris:CuriousFeather":56,"Kunai":34,"Chemical X":48,"Potion Belt":53,"Pear":52,"hubris:SphereOfDissonance":21,"Oddly Smooth Stone":56,"RobotSpaceExplorer:RoboCore":0,"Pen Nib":38,"Omamori":48,"Orichalcum":53,"hubris:Towel":56,"Medical Kit":34,"White Beast Statue":14,"Akabeko":21,"Mercury Hourglass":52,"Runic Dome":46,"OrangePellets":56,"Bottled Flame":43,"Bronze Scales":6,"Orrery":38,"hubris:PeanutButter":38,"Membership Card":53,"hubris:BottledRain":38}]},"card_choices":[{"not_picked":["RobotSpaceExplorer:Electroshield","RobotSpaceExplorer:LaserBurst","RobotSpaceExplorer:ScrapShield"],"picked":"SKIP","floor":1},{"not_picked":["RobotSpaceExplorer:Blitz","RobotSpaceExplorer:Counterblock","RobotSpaceExplorer:ImprovisedAttack"],"picked":"SKIP","floor":3},{"not_picked":["RobotSpaceExplorer:GlueShot","RobotSpaceExplorer:Blitz","RobotSpaceExplorer:StarLightning"],"picked":"SKIP","floor":5},{"not_picked":["RobotSpaceExplorer:Electroshield","RobotSpaceExplorer:FrostMissile"],"picked":"RobotSpaceExplorer:ShovelStrike","floor":6},{"not_picked":["RobotSpaceExplorer:ImprovisedAttack","RobotSpaceExplorer:Blitz","RobotSpaceExplorer:Probe"],"picked":"SKIP","floor":7},{"not_picked":["RobotSpaceExplorer:Ammunition","RobotSpaceExplorer:Probe","RobotSpaceExplorer:ShovelStrike"],"picked":"SKIP","floor":11},{"not_picked":["RobotSpaceExplorer:FreezingShield","RobotSpaceExplorer:SurgingShield"],"picked":"RobotSpaceExplorer:ChargingLaser","floor":13},{"not_picked":["RobotSpaceExplorer:Ammunition","RobotSpaceExplorer:StunGrenade","RobotSpaceExplorer:Counterblock"],"picked":"SKIP","floor":14},{"not_picked":["RobotSpaceExplorer:Asteroid","RobotSpaceExplorer:Multitool"],"picked":"RobotSpaceExplorer:Blaster","floor":16},{"not_picked":["RobotSpaceExplorer:Counterblock","RobotSpaceExplorer:Fix","RobotSpaceExplorer:SurgingStrike"],"picked":"SKIP","floor":18},{"not_picked":["RobotSpaceExplorer:ScrapMissile","RobotSpaceExplorer:SurgingStrike","RobotSpaceExplorer:MetalStrike"],"picked":"SKIP","floor":20},{"not_picked":["RobotSpaceExplorer:SurgingShield+1","RobotSpaceExplorer:LaserBurst+1","RobotSpaceExplorer:MiniDrones"],"picked":"SKIP","floor":21},{"not_picked":["RobotSpaceExplorer:ShovelStrike","RobotSpaceExplorer:SelfCleaning+1"],"picked":"RobotSpaceExplorer:MiniBoosters","floor":24},{"not_picked":["RobotSpaceExplorer:BigMissile+1","RobotSpaceExplorer:DoubleBlock"],"picked":"RobotSpaceExplorer:Discharger","floor":29},{"not_picked":["RobotSpaceExplorer:Probe","RobotSpaceExplorer:Counterblock+1","RobotSpaceExplorer:DoubleFind+1"],"picked":"SKIP","floor":31},{"not_picked":["RobotSpaceExplorer:Multitool","RobotSpaceExplorer:Scanner"],"picked":"RobotSpaceExplorer:TrailblazerForm","floor":33},{"not_picked":["RobotSpaceExplorer:Pulsar","RobotSpaceExplorer:Blitz","RobotSpaceExplorer:SlimeMissile"],"picked":"SKIP","floor":35},{"not_picked":["RobotSpaceExplorer:ShockKick","RobotSpaceExplorer:MetalStrike+1","RobotSpaceExplorer:StunGrenade+1"],"picked":"SKIP","floor":36},{"not_picked":["RobotSpaceExplorer:TurboDodge+1","RobotSpaceExplorer:ShovelStrike+1"],"picked":"RobotSpaceExplorer:MiniBoosters+1","floor":39},{"not_picked":["RobotSpaceExplorer:DoubleFind+1","RobotSpaceExplorer:Scanner"],"picked":"RobotSpaceExplorer:PowerCollector","floor":40},{"not_picked":["RobotSpaceExplorer:SelfCleaning","RobotSpaceExplorer:Blitz+1","RobotSpaceExplorer:MetalStrike"],"picked":"SKIP","floor":42},{"not_picked":["RobotSpaceExplorer:ScrapToss+1","RobotSpaceExplorer:MetalStrike","RobotSpaceExplorer:Counterblock"],"picked":"SKIP","floor":44},{"not_picked":["Evaluate","RobotSpaceExplorer:Electroshield","CrushJoints"],"picked":"SKIP","floor":46}],"player_experience":757076,"relics_obtained":[{"floor":6,"key":"White Beast Statue"},{"floor":9,"key":"Bag of Preparation"},{"floor":14,"key":"Darkstone Periapt"},{"floor":24,"key":"Mummified Hand"},{"floor":26,"key":"hubris:BottledRain"},{"floor":29,"key":"hubris:MysteriousPyramids"},{"floor":31,"key":"Bottled Flame"},{"floor":40,"key":"RobotSpaceExplorer:PlasmaHourglass"},{"floor":42,"key":"Pear"},{"floor":43,"key":"Mercury Hourglass"},{"floor":43,"key":"Strawberry"}],"event_choices":[{"cards_removed":["RobotSpaceExplorer:Strike"],"damage_healed":0,"gold_gain":0,"player_choice":"Card Removal","damage_taken":0,"max_hp_gain":0,"max_hp_loss":0,"event_name":"The Cleric","floor":2,"gold_loss":50},{"damage_healed":0,"gold_gain":0,"player_choice":"Box","damage_taken":0,"relics_obtained":["Bronze Scales"],"max_hp_gain":0,"max_hp_loss":0,"event_name":"Big Fish","floor":4,"gold_loss":0,"cards_obtained":["Regret"]},{"damage_healed":0,"gold_gain":0,"cards_transformed":["RobotSpaceExplorer:Strike"],"player_choice":"Transformed","damage_taken":0,"max_hp_gain":0,"max_hp_loss":0,"event_name":"Transmorgrifier","floor":19,"gold_loss":0,"cards_obtained":["RobotSpaceExplorer:TrailblazerForm"]},{"cards_removed":["RobotSpaceExplorer:ChargingLaser"],"damage_healed":0,"gold_gain":0,"player_choice":"Take \u0026 Give","damage_taken":0,"max_hp_gain":0,"max_hp_loss":0,"event_name":"betterNote:BetterNote","floor":27,"gold_loss":0,"cards_obtained":["Apotheosis"]},{"damage_healed":0,"gold_gain":300,"player_choice":"Gold","damage_taken":0,"max_hp_gain":0,"max_hp_loss":0,"event_name":"Wheel of Change","floor":37,"gold_loss":0}],"is_beta":false,"boss_relics":[{"not_picked":["hubris:VirtuousBlindfold","hubris:GrandSneckoEye"],"picked":"hubris:ScarierMask"},{"not_picked":["Cursed Key","Calling Bell"],"picked":"Runic Dome"}],"items_purged_floors":[12,22,28,38,38,48],"is_endless":false,"potions_floor_spawned":[1,3,6,7,11,13,14,16,18,20,21,24,29,31,33,35,36,39,40,42,44,46],"ascension_level":1}}