{"host":"j4g6ia6asvpyu2b0","time":1607870519,"event":{"mods":["BaseMod","Colored Map","Minty Spire (QoL Compilation)","Permanent Neow","Quick Restart","Relic Stats","StSLib","Unceasing Turn Reminder"],"gold_per_floor":[153,153,173,207,243,303,303,356,379,420,438,438,472,522,522,643,643,658,658,658,672,223,292,292,353,353,384,384,424,488,537,537,663,663,676,576,620,139,472,472,472,472],"floor_reached":41,"playtime":1450,"items_purged":["Strike_G","Strike_G"],"score":592,"play_id":"95836aee-5233-484b-8005-6179ec381028","local_time":"20201213074159","is_ascension_mode":true,"campfire_choices":[{"floor":7.0,"key":"REST"},{"data":"HandOfGreed","floor":12.0,"key":"SMITH"},{"data":"Noxious Fumes","floor":15.0,"key":"SMITH"},{"floor":28.0,"key":"REST"},{"data":"Envenom","floor":32.0,"key":"SMITH"},{"data":"Outmaneuver","floor":40.0,"key":"SMITH"}],"circlet_count":0,"master_deck":["Strike_G","Strike_G","Strike_G","Defend_G","Defend_G","Defend_G","Defend_G","Defend_G","Survivor","Neutralize","HandOfGreed+1","Blade Dance","Predator","All Out Attack","Blade Dance","Terror","Corpse Explosion","Cloak And Dagger","Backflip","Noxious Fumes+1","Catalyst","After Image+1","Sucker Punch+1","Flechettes","Blur","Envenom+1","Outmaneuver+1","Dodge and Roll","Deflect","PiercingWail+1","PiercingWail+1","Backflip+1","Deflect","After Image","Sucker Punch+1","Caltrops+1","Bullet Time","Footwork"],"relics":["Ring of the Snake","Bottled Flame","Lantern","PreservedInsect","Strawberry","Runic Pyramid","Omamori","Toy Ornithopter","Darkstone Periapt","Orichalcum","Paper Crane","Tough Bandages","Potion Belt","Runic Dome","Ice Cream"],"acts_visited":["Exordium","TheCity","TheBeyond"],"potions_floor_usage":[41],"damage_taken":[{"damage":2.0,"enemies":"2 Louse","floor":1.0,"turns":5.0},{"damage":1.0,"enemies":"Jaw Worm","floor":3.0,"turns":5.0},{"damage":0.0,"enemies":"Cultist","floor":4.0,"turns":2.0},{"damage":1.0,"enemies":"Red Slaver","floor":5.0,"turns":3.0},{"damage":24.0,"enemies":"Lagavulin","floor":6.0,"turns":7.0},{"damage":23.0,"enemies":"3 Sentries","floor":8.0,"turns":8.0},{"damage":0.0,"enemies":"Blue Slaver","floor":10.0,"turns":1.0},{"damage":2.0,"enemies":"Looter","floor":11.0,"turns":2.0},{"damage":2.0,"enemies":"Lagavulin","floor":13.0,"turns":3.0},{"damage":5.0,"enemies":"Exordium Wildlife","floor":14.0,"turns":5.0},{"damage":7.0,"enemies":"Hexaghost","floor":16.0,"turns":7.0},{"damage":0.0,"enemies":"3 Byrds","floor":18.0,"turns":4.0},{"damage":23.0,"enemies":"Spheric Guardian","floor":21.0,"turns":6.0},{"damage":17.0,"enemies":"Slavers","floor":23.0,"turns":4.0},{"damage":0.0,"enemies":"Gremlin Leader","floor":25.0,"turns":4.0},{"damage":3.0,"enemies":"Book of Stabbing","floor":27.0,"turns":5.0},{"damage":3.0,"enemies":"Chosen and Byrds","floor":29.0,"turns":6.0},{"damage":1.0,"enemies":"Gremlin Leader","floor":30.0,"turns":5.0},{"damage":0.0,"enemies":"Snake Plant","floor":31.0,"turns":6.0},{"damage":19.0,"enemies":"Champ","floor":33.0,"turns":14.0},{"damage":5.0,"enemies":"3 Darklings","floor":35.0,"turns":5.0},{"damage":4.0,"enemies":"3 Shapes","floor":37.0,"turns":7.0},{"damage":0,"enemies":"Reptomancer","floor":41,"turns":2}],"seed_played":"-6081953877988883828","potions_obtained":[{"floor":5.0,"key":"ColorlessPotion"},{"floor":8.0,"key":"DuplicationPotion"},{"floor":10.0,"key":"Dexterity Potion"},{"floor":13.0,"key":"Explosive Potion"},{"floor":14.0,"key":"Dexterity Potion"},{"floor":16.0,"key":"EntropicBrew"},{"floor":25.0,"key":"PowerPotion"},{"floor":29.0,"key":"Poison Potion"},{"floor":30.0,"key":"FairyPotion"},{"floor":33.0,"key":"LiquidMemories"},{"floor":35.0,"key":"CultistPotion"}],"is_trial":false,"path_per_floor":["M","?","M","M","M","E","R","E","T","M","M","R","E","M","R","B",null,"M","?","?","M","$","E","?","E","T","E","R","M","E","M","R","B",null,"M","$","M","$","?","R","E"],"character_chosen":"THE_SILENT","items_purchased":["Omamori","Blur","Envenom","Outmaneuver","Ice Cream","Bullet Time","Footwork"],"campfire_rested":2,"item_purchase_floors":[22,22,22,22,38,38,38],"current_hp_per_floor":[47,47,46,46,45,21,40,17,17,17,15,15,20,15,15,8,72,72,59,59,36,36,19,19,19,19,21,44,41,40,40,40,21,77,72,72,68,68,68,68,73,73],"gold":472,"neow_bonus":"RANDOM_COLORLESS_2","is_daily":false,"chose_seed":false,"campfire_upgraded":4,"win_rate":0.0,"timestamp":1607870519,"path_taken":["M","?","M","M","M","E","R","E","T","M","M","R","E","M","R","BOSS","M","?","?","?","?","E","?","E","T","E","R","M","E","M","R","BOSS","M","$","M","$","?","R","E"],"items_purchased_type":["Relic","Card","Card","Card","Relic","Card","Card"],"build_version":"2020-11-30","purchased_purges":2,"victory":false,"max_hp_per_floor":[70,65,65,65,65,65,65,65,65,65,65,65,72,72,72,72,72,72,77,77,77,77,77,77,77,77,77,77,77,77,77,77,77,77,77,77,77,77,77,77,77,77],"relic_stats":{"Darkstone Periapt":0,"Tough Bandages":[30],"counters":[23,116],"PreservedInsect":259,"Orichalcum":[0],"obtain_stats":[{"Darkstone Periapt":24,"Potion Belt":30,"Ice Cream":38,"Lantern":8,"Golden Idol":2,"PreservedInsect":9,"Omamori":22,"Orichalcum":25,"Paper Crane":26,"Runic Dome":34,"Bottled Flame":6,"Tough Bandages":27,"Strawberry":13,"Toy Ornithopter":23,"Ring of the Snake":0,"Runic Pyramid":17},{"Darkstone Periapt":14,"Potion Belt":18,"Ice Cream":22,"Lantern":6,"Golden Idol":1,"PreservedInsect":6,"Omamori":13,"Orichalcum":15,"Paper Crane":15,"Runic Dome":20,"Bottled Flame":5,"Tough Bandages":16,"Strawberry":9,"Toy Ornithopter":14,"Ring of the Snake":0,"Runic Pyramid":11},{"Darkstone Periapt":62,"Potion Belt":82,"Ice Cream":114,"Lantern":30,"Golden Idol":5,"PreservedInsect":30,"Omamori":58,"Orichalcum":66,"Paper Crane":66,"Runic Dome":102,"Bottled Flame":22,"Tough Bandages":71,"Strawberry":36,"Toy Ornithopter":62,"Ring of the Snake":0,"Runic Pyramid":48}],"Toy Ornithopter":10,"Ring of the Snake":[46]},"card_choices":[{"not_picked":["Secret Weapon","Mayhem"],"picked":"HandOfGreed","floor":0.0},{"not_picked":["Cloak And Dagger","Acrobatics"],"picked":"Blade Dance","floor":1.0},{"not_picked":["Bouncing Flask","Underhanded Strike"],"picked":"Predator","floor":3.0},{"not_picked":["Quick Slash","Cloak And Dagger"],"picked":"All Out Attack","floor":4.0},{"not_picked":["Poisoned Stab","Catalyst"],"picked":"Blade Dance","floor":5.0},{"not_picked":["Footwork","Blade Dance"],"picked":"Terror","floor":6.0},{"not_picked":["All Out Attack","Quick Slash"],"picked":"Corpse Explosion","floor":8.0},{"not_picked":["Acrobatics","Riddle With Holes"],"picked":"Cloak And Dagger","floor":10.0},{"not_picked":["Eviscerate","Dagger Throw"],"picked":"Backflip","floor":11.0},{"not_picked":["Heel Hook","Prepared"],"picked":"Noxious Fumes","floor":13.0},{"not_picked":["Bane","PiercingWail"],"picked":"Catalyst","floor":14.0},{"not_picked":["Tools of the Trade","Burst"],"picked":"After Image","floor":16.0},{"not_picked":["Deflect","Cloak And Dagger"],"picked":"Sucker Punch+1","floor":18.0},{"not_picked":["Bane+1","Expertise"],"picked":"Flechettes","floor":21.0},{"not_picked":["Heel Hook","Deadly Poison"],"picked":"Dodge and Roll","floor":23.0},{"not_picked":["Acrobatics","Riddle With Holes"],"picked":"Deflect","floor":25.0},{"not_picked":["Grand Finale","Eviscerate"],"picked":"PiercingWail+1","floor":27.0},{"not_picked":["Flying Knee","Poisoned Stab"],"picked":"PiercingWail+1","floor":29.0},{"not_picked":["Glass Knife","Flying Knee"],"picked":"Backflip+1","floor":30.0},{"not_picked":["Backflip","Prepared"],"picked":"Deflect","floor":31.0},{"not_picked":["Wraith Form v2","Die Die Die"],"picked":"After Image","floor":33.0},{"not_picked":["Finisher","Dash"],"picked":"Sucker Punch+1","floor":35.0},{"not_picked":["PiercingWail+1","Acrobatics+1"],"picked":"Caltrops+1","floor":37.0}],"player_experience":627333,"relics_obtained":[{"floor":6.0,"key":"Bottled Flame"},{"floor":8.0,"key":"Lantern"},{"floor":9.0,"key":"PreservedInsect"},{"floor":13.0,"key":"Strawberry"},{"floor":23.0,"key":"Toy Ornithopter"},{"floor":25.0,"key":"Orichalcum"},{"floor":26.0,"key":"Paper Crane"},{"floor":27.0,"key":"Tough Bandages"},{"floor":30.0,"key":"Potion Belt"}],"event_choices":[{"damage_healed":0.0,"max_hp_gain":0.0,"max_hp_loss":5.0,"gold_gain":0.0,"event_name":"Golden Idol","player_choice":"Lose Max HP","floor":2.0,"gold_loss":0.0,"damage_taken":0.0,"relics_obtained":["Golden Idol"]},{"damage_healed":0.0,"max_hp_gain":5.0,"max_hp_loss":0.0,"gold_gain":0.0,"event_name":"Forgotten Altar","player_choice":"Shed Blood","floor":19.0,"gold_loss":0.0,"damage_taken":18.0},{"damage_healed":0.0,"max_hp_gain":0.0,"max_hp_loss":0.0,"gold_gain":0.0,"event_name":"Upgrade Shrine","player_choice":"Upgraded","floor":20.0,"gold_loss":0.0,"damage_taken":0.0,"cards_upgraded":["After Image"]},{"damage_healed":0.0,"max_hp_gain":0.0,"max_hp_loss":0.0,"gold_gain":0.0,"event_name":"The Mausoleum","player_choice":"Opened","floor":24.0,"gold_loss":0.0,"damage_taken":0.0,"relics_obtained":["Darkstone Periapt"]},{"damage_healed":0.0,"max_hp_gain":0.0,"max_hp_loss":0.0,"gold_gain":333.0,"event_name":"The Moai Head","player_choice":"Gave Idol","floor":39.0,"relics_lost":["Golden Idol"],"gold_loss":0.0,"damage_taken":0.0}],"is_beta":false,"boss_relics":[{"not_picked":["Ring of the Serpent","SlaversCollar"],"picked":"Runic Pyramid"},{"not_picked":["Snecko Eye","Tiny House"],"picked":"Runic Dome"}],"items_purged_floors":[22,36],"is_endless":false,"potions_floor_spawned":[5,8,10,13,14,16,25,29,30,33,35,37],"killed_by":"Reptomancer","ascension_level":1}}