{"host":"glov7fr9isr0b8g3","time":1607892785,"event":{"mods":["BaseMod","Downfall","Hubris","Infinite Spire","Mimic Mod","Minty Spire (QoL Compilation)","StSLib","The Construct"],"gold_per_floor":[99,99,126,126,126,161,186,186,196,224,224,209,44,58,119,221,221,71,71,84,99,118,118,118,118,184,215,229,229,229,229,243,343,343,268,268,268],"floor_reached":36,"playtime":3858,"items_purged":[],"score":463,"play_id":"effae025-5f11-48dd-ad58-75e2f7f6de2e","local_time":"20201213125305","is_ascension_mode":false,"campfire_choices":[{"floor":1,"key":"RECALL"},{"data":"Slimebound:Split","floor":18,"key":"SMITH"},{"floor":23,"key":"REST"},{"data":"expansioncontent:AwakenDeath","floor":25,"key":"SMITH"},{"data":"infinitespire:TheBestDefense","floor":35,"key":"SMITH"}],"circlet_count":0,"master_deck":["Slimebound:Tackle+1","Slimebound:Defend_Slimebound","Slimebound:Defend_Slimebound","Slimebound:Defend_Slimebound","Slimebound:Defend_Slimebound","Slimebound:Split+1","Slimebound:CorrosiveSpit","Slimebound:SplitAcid","Slimebound:SplitLeeching","Slimebound:Schlurp","Slimebound:LevelUp+1","Slimebound:FormOfPuddle","Slimebound:RejuvenatingLick","Regret","Slimebound:HauntingLick","Slimebound:Prepare","expansioncontent:AwakenDeath+1","Slimebound:LeadByExample","Slimebound:Schlurp","Slimebound:PressTheAttack","Slimebound:Overexert","infinitespire:Punishment","Slimebound:SamplingLick","Slimebound:RejuvenatingLick","Slimebound:Equalize","Slimebound:LeechEnergy","Slimebound:OneTwoCombo","Writhe","Bite","Bite","Bite","Bite","Bite","hubris:Lust","Shame","infinitespire:TheBestDefense+1","Slimebound:LeechEnergy+1","Slimebound:OneTwoCombo"],"relics":["Slimebound:AbsorbEndCombat","downfall:HeartsMalice","Pen Nib","Happy Flower","Whetstone","hubris:MobiusCoin","SlaversCollar","downfall:HeartBlessingBlue","downfall:HeartBlessingRed","infinitespire:CheckeredPen","Pear","MealTicket","hubris:RunicObelisk","downfall:HeartBlessingGreen"],"acts_visited":["Exordium","TheCity","TheBeyond"],"potions_floor_usage":[12,16,16,22,27,33,36],"damage_taken":[{"damage":0,"enemies":"3 Sentries","floor":3,"turns":1},{"damage":0,"enemies":"Small Slimes","floor":4,"turns":1},{"damage":0,"enemies":"Cultist","floor":5,"turns":1},{"damage":18,"enemies":"2 Louse","floor":6,"turns":5},{"damage":16,"enemies":"2 Louse","floor":9,"turns":2},{"damage":34,"enemies":"Lagavulin","floor":10,"turns":5},{"damage":17,"enemies":"downfall:FleeingMerchant","floor":12,"turns":4},{"damage":29,"enemies":"downfall:FleeingMerchant","floor":13,"turns":4},{"damage":13,"enemies":"Blue Slaver","floor":14,"turns":3},{"damage":23,"enemies":"Exordium Wildlife","floor":15,"turns":3},{"damage":28,"enemies":"downfall:Watcher","floor":16,"turns":8},{"damage":17,"enemies":"Chosen","floor":20,"turns":3},{"damage":23,"enemies":"Snecko","floor":21,"turns":4},{"damage":37,"enemies":"Centurion and Healer","floor":22,"turns":4},{"damage":19,"enemies":"Snake Plant","floor":26,"turns":2},{"damage":43,"enemies":"Slavers","floor":27,"turns":3},{"damage":50,"enemies":"Shelled Parasite and Fungi","floor":28,"turns":4},{"damage":28,"enemies":"Cultist and Chosen","floor":32,"turns":4},{"damage":50,"enemies":"downfall:Ironclad","floor":33,"turns":6},{"damage":4,"enemies":"infinitespire:Three Voidlings","floor":36,"turns":3},{"damage":84,"enemies":"Nightmare_Alpha","floor":36,"turns":5}],"seed_played":"-2368815549655678703","potions_obtained":[{"floor":10,"key":"DistilledChaos"},{"floor":14,"key":"FearPotion"},{"floor":15,"key":"AttackPotion"},{"floor":16,"key":"champ:CounterPotion"},{"floor":20,"key":"DistilledChaos"},{"floor":27,"key":"Swift Potion"},{"floor":32,"key":"champ:CounterPotion"}],"is_trial":false,"path_per_floor":["R","?","E","M","M","MIM","T","?","M","E","?","$","$","M","M","B",null,"R","AVR","M","M","M","R","T","R","M","E","M","?","?","?","M","B",null,"R","?"],"character_chosen":"SLIMEBOUND","items_purchased":["expansioncontent:AwakenDeath","Slimebound:LeadByExample"],"campfire_rested":1,"item_purchase_floors":[13,13],"current_hp_per_floor":[60,60,60,60,60,57,57,57,53,39,39,40,27,24,11,13,60,70,70,69,57,42,63,63,63,54,45,27,27,27,27,23,40,56,56,0,0],"gold":268,"neow_bonus":"THREE_ENEMY_KILL","is_daily":false,"chose_seed":false,"campfire_upgraded":3,"win_rate":0.0,"timestamp":1607892785,"path_taken":["R","?","E","M","M","?","T","?","?","E","?","?","$","?","M","BOSS","R","AVR","M","M","M","R","T","R","M","E","?","?","?","?","M","BOSS","R","?"],"items_purchased_type":["Card","Card"],"build_version":"2020-11-30","purchased_purges":0,"victory":false,"max_hp_per_floor":[60,60,60,60,60,60,60,60,60,60,60,60,60,60,60,60,60,70,70,70,70,70,70,70,70,70,80,80,80,56,56,56,56,56,56,56,56],"card_choices":[{"not_picked":["Slimebound:ViciousTackle","Slimebound:Schlurp"],"picked":"Slimebound:SplitAcid","floor":3},{"not_picked":["Slimebound:Prepare","Slimebound:GrowthPunch"],"picked":"Slimebound:SplitLeeching","floor":4},{"not_picked":["Slimebound:LivingWall","Slimebound:BestDefense"],"picked":"Slimebound:Schlurp","floor":5},{"not_picked":["Slimebound:FinishingTackle","Slimebound:GoopTackle"],"picked":"Slimebound:LevelUp","floor":6},{"not_picked":["Slimebound:Schlurp","Slimebound:ViciousTackle"],"picked":"Slimebound:FormOfPuddle","floor":9},{"not_picked":["Slimebound:BestDefense","Slimebound:FlameTackle"],"picked":"Slimebound:RejuvenatingLick","floor":10},{"not_picked":["Slimebound:SplitBruiser","Slimebound:Prepare"],"picked":"Slimebound:HauntingLick","floor":12},{"not_picked":["Slimebound:SlimeTap","Slimebound:MinionMaster"],"picked":"Slimebound:Prepare","floor":13},{"not_picked":["Slimebound:ViciousTackle","Slimebound:GoopSpray"],"picked":"Slimebound:Schlurp","floor":14},{"not_picked":["Slimebound:Schlurp","Slimebound:SplitBruiser"],"picked":"Slimebound:PressTheAttack","floor":15},{"not_picked":["Slimebound:MassFeed","Slimebound:WasteNot"],"picked":"Slimebound:Overexert","floor":16},{"not_picked":["Slimebound:Chomp+1","Slimebound:Equalize"],"picked":"Slimebound:SamplingLick","floor":20},{"not_picked":["Slimebound:GrowthPunch","Slimebound:SplitLeeching"],"picked":"Slimebound:RejuvenatingLick","floor":21},{"not_picked":["Slimebound:SplitAcid","Slimebound:BestDefense"],"picked":"Slimebound:Equalize","floor":22},{"not_picked":["Slimebound:ViciousTackle+1","Slimebound:FinishingTackle+1"],"picked":"Slimebound:LeechEnergy","floor":26},{"not_picked":["Slimebound:SplitLeeching","Slimebound:SplitMire","Slimebound:BestDefense"],"picked":"SKIP","floor":27},{"not_picked":["Slimebound:LeadByExample","Slimebound:ComboTackle"],"picked":"Slimebound:OneTwoCombo","floor":28},{"not_picked":["infinitespire:FinalStrike","infinitespire:Menacing"],"picked":"infinitespire:TheBestDefense","floor":31},{"not_picked":["Slimebound:Nibble","Slimebound:HauntingLick"],"picked":"Slimebound:LeechEnergy+1","floor":32},{"not_picked":["Slimebound:SelfFormingGoo","Slimebound:Overexert"],"picked":"Slimebound:OneTwoCombo","floor":33}],"player_experience":130211,"relics_obtained":[{"floor":3,"key":"Pen Nib"},{"floor":7,"key":"Happy Flower"},{"floor":10,"key":"Whetstone"},{"floor":24,"key":"infinitespire:CheckeredPen"},{"floor":27,"key":"Pear"}],"event_choices":[{"damage_healed":0,"gold_gain":0,"player_choice":"Box","damage_taken":0,"relics_obtained":["hubris:MobiusCoin"],"max_hp_gain":0,"max_hp_loss":0,"event_name":"Big Fish","floor":11,"gold_loss":0,"cards_obtained":["Regret"]},{"damage_healed":0,"gold_gain":0,"player_choice":"Became a vampire","damage_taken":0,"max_hp_gain":0,"max_hp_loss":24,"event_name":"Vampires","floor":30,"gold_loss":0,"cards_obtained":["Bite","Bite","Bite","Bite","Bite"]}],"is_beta":false,"boss_relics":[{"not_picked":["Runic Pyramid","infinitespire:Cupcake"],"picked":"SlaversCollar"},{"not_picked":["Snecko Eye","Fusion Hammer"],"picked":"hubris:RunicObelisk"}],"items_purged_floors":[],"is_endless":false,"potions_floor_spawned":[10,14,15,16,20,27,32],"killed_by":"Nightmare_Alpha","ascension_level":0}}