{"host":"rcanb95qz4o6v6pp","time":1607875082,"event":{"mods":["AchievementEnabler","BaseMod","Better Third Choice","BetterRewards","Colored Map","Downfall","Googly Eyes","Hermit","Infinite Spire","Minty Spire (QoL Compilation)","Replay The Spire","Spicy Shops","StSLib","The Blue Laboratory"],"gold_per_floor":[118,134,134,146,165,165,191,202,202,6,24,54,54,0,0,103,103,120,90,101,117,127,127,155,155,155,155,155,155,182,200,200,303,303,320,77,87,102,102,135,147,177,177,177,12,23,23,43,43,43],"floor_reached":51,"playtime":32789,"items_purged":[],"score":824,"play_id":"24d65a80-7303-4cfa-bbbc-5c5384a3272d","local_time":"20201213105802","daily_mods":["Draft","downfall:Jewelcrafting"],"is_ascension_mode":false,"campfire_choices":[{"floor":23,"key":"REST"},{"floor":28,"key":"REST"},{"floor":32,"key":"REST"},{"floor":44,"key":"REST"},{"floor":47,"key":"REST"},{"floor":49,"key":"REST"}],"circlet_count":0,"master_deck":["Guardian:ExploitGems","Guardian:ExploitGems","Replay:Undeath\u0027s Touch","ReplayReversal","Wild Strike","Guardian:ChargeCore","Hemokinesis","Guardian:VentSteam","Guardian:PrismaticBarrier+1","Guardian:ShieldSpikes","Guardian:TemporalShield","Thunderclap","Clash","Guardian:DonusPower","Sword Boomerang","Fire Breathing","Pommel Strike","Seeing Red","Sword Boomerang+1","Armaments+1","Enlightenment+1","Limit Break+1","Metallicize","Pommel Strike+1","Run Through+1","Power Through","Shrug It Off","ReplayReversal+1","Guardian:DonusPower","Demon Form+1","Flex+1","Flex+1","Bloodletting+1","Rage+1","Slimebound:Icky","Guardian:FloatingOrbs+1","Guardian:Gem_Red"],"relics":["Burning Blood","Guardian:PickAxe","Golden Egg","The Courier","King of Hearts","ReplayTheSpireMod:TigerMarble","Philosopher\u0027s Stone","Unceasing Top","Question Card","Bag of Marbles","Oddly Smooth Stone","Mark of Pain","Pear","Replay:WaspNest","Blue Candle","Molten Egg 2","ReplayTheSpireMod:CursedCoin","Membership Card","Onion Ring","Toy Ornithopter"],"acts_visited":["Exordium","TheCity","TheBeyond"],"potions_floor_usage":[18,20,21,24,30,33,33,50,50,50,50],"damage_taken":[{"damage":6.0,"enemies":"Jaw Worm","floor":1.0,"turns":2.0},{"damage":4.0,"enemies":"Cultist","floor":2.0,"turns":4.0},{"damage":2.0,"enemies":"Small Slimes","floor":4.0,"turns":1.0},{"damage":3.0,"enemies":"Exordium Wildlife","floor":5.0,"turns":4.0},{"damage":0.0,"enemies":"Lagavulin","floor":7.0,"turns":5.0},{"damage":2.0,"enemies":"Lots of Slimes","floor":8.0,"turns":3.0},{"damage":6.0,"enemies":"2 Fungi Beasts","floor":11.0,"turns":3.0},{"damage":34.0,"enemies":"Hexaghost","floor":16.0,"turns":8.0},{"damage":0,"enemies":"3 Byrds","floor":18,"turns":3},{"damage":10,"enemies":"2 Thieves","floor":20,"turns":3},{"damage":17,"enemies":"3 Cultists","floor":21,"turns":5},{"damage":31,"enemies":"Snecko","floor":22,"turns":5},{"damage":39,"enemies":"Gremlin Leader","floor":24,"turns":7},{"damage":34,"enemies":"Slavers","floor":30,"turns":6},{"damage":8,"enemies":"Sentry and Sphere","floor":31,"turns":5},{"damage":38,"enemies":"Champ","floor":33,"turns":6},{"damage":22,"enemies":"3 Shapes","floor":35,"turns":5},{"damage":17,"enemies":"Orb Walker","floor":37,"turns":3},{"damage":5,"enemies":"4 Shapes","floor":38,"turns":4},{"damage":2,"enemies":"Giant Head","floor":40,"turns":1},{"damage":33,"enemies":"Spire Growth","floor":41,"turns":4},{"damage":23,"enemies":"Reptomancer","floor":42,"turns":4},{"damage":6,"enemies":"Jaw Worm Horde","floor":46,"turns":1},{"damage":13,"enemies":"4 Shapes","floor":48,"turns":2},{"damage":35,"enemies":"infinitespire:MassOfShapes","floor":50,"turns":7}],"seed_played":"-209901430121856479","potions_obtained":[{"floor":1.0,"key":"HeartOfIron"},{"floor":2.0,"key":"SkillPotion"},{"floor":5.0,"key":"EssenceOfSteel"},{"floor":8.0,"key":"sneckomod:MuddlingPotion"},{"floor":16.0,"key":"PowerPotion"},{"floor":19,"key":"blueLaboratory:BottleOfRum"},{"floor":21,"key":"Elixir"},{"floor":24,"key":"blueLaboratory:Moonshine"},{"floor":29,"key":"blueLaboratory:EmptyBottle"},{"floor":29,"key":"DuplicationPotion"},{"floor":30,"key":"blueLaboratory:NullPotion"},{"floor":31,"key":"DistilledChaos"},{"floor":35,"key":"Reflective Coating"},{"floor":38,"key":"Energy Potion"},{"floor":41,"key":"blueLaboratory:BottleOfVodka"}],"is_trial":true,"path_per_floor":["M","M","?","M","M","R","E","M","T","$","M","?","$","?","R","B",null,"M","?","M","M","M","R","E","?","T","?","R","?","E","M","R","B",null,"M","$","M","M","?","E","M","E","T","R","$","M","R","M","R","B",null],"character_chosen":"IRONCLAD","items_purchased":["King of Hearts","Sword Boomerang","Armaments","Flex","Pear","ReplayTheSpireMod:CursedCoin","Membership Card","Onion Ring","Toy Ornithopter","Guardian:FloatingOrbs"],"campfire_rested":6,"item_purchase_floors":[10,10,10,36,36,45,45,45,45,45],"current_hp_per_floor":[80,80,80,80,80,80,80,80,80,80,80,80,80,86,86,58,86,86,86,82,71,46,71,38,38,38,38,63,63,35,33,58,36,86,70,80,69,70,70,74,47,30,30,58,58,58,86,79,96,77],"gold":43,"neow_bonus":"","is_daily":false,"chose_seed":false,"campfire_upgraded":0,"win_rate":0.0,"timestamp":1607875082,"path_taken":["M","M","?","M","M","R","E","M","T","$","?","?","$","?","R","BOSS","M","?","?","M","M","R","E","?","T","?","R","?","E","M","R","BOSS","M","?","M","M","?","E","M","E","T","R","$","M","R","M","R","BOSS"],"items_purchased_type":["Relic","Card","Card","Card","Relic","Relic","Relic","Relic","Relic","Card"],"build_version":"2020-11-30","purchased_purges":0,"victory":true,"max_hp_per_floor":[80,80,80,80,80,80,80,80,80,80,80,80,80,86,86,86,86,86,86,86,86,86,86,86,86,86,86,86,86,86,86,86,86,86,86,96,96,96,96,96,96,96,96,96,96,96,96,96,96,96],"card_choices":[{"not_picked":["Carnage","Guardian:PrismaticBeam"],"picked":"Replay:Undeath\u0027s Touch","floor":0.0},{"not_picked":["Clothesline","Replay:Undeath\u0027s Touch"],"picked":"Guardian:Gem_Red","floor":0.0},{"not_picked":["Flex","Guardian:BronzeArmor"],"picked":"ReplayReversal","floor":0.0},{"not_picked":["Guardian:RefractedBeam","Guardian:CrystalBeam"],"picked":"Wild Strike","floor":0.0},{"not_picked":["Guardian:FuturePlans","Dark Embrace"],"picked":"Guardian:ChargeCore","floor":0.0},{"not_picked":["Twin Strike","Sword Boomerang"],"picked":"Guardian:Gem_Fragmented","floor":0.0},{"not_picked":["Reckless Charge","Ghostly Armor"],"picked":"Guardian:Gem_Cyan","floor":0.0},{"not_picked":["Headbutt","Reckless Charge"],"picked":"Hemokinesis","floor":0.0},{"not_picked":["Warcry","Guardian:RollAttack"],"picked":"Guardian:VentSteam","floor":0.0},{"not_picked":["Guardian:PrismaticBeam","Armaments"],"picked":"Guardian:PrismaticBarrier","floor":0.0},{"not_picked":["Guardian:Suspension","Cleave"],"picked":"Guardian:ShieldSpikes","floor":0.0},{"not_picked":["Guardian:ChargeCore","Guardian:ShieldCharger"],"picked":"Guardian:TemporalShield","floor":0.0},{"not_picked":["Guardian:Gem_Red","Twin Strike"],"picked":"Thunderclap","floor":0.0},{"not_picked":["Guardian:CrystalBeam","Dual Wield"],"picked":"Clash","floor":0.0},{"not_picked":["Rage","Sword Boomerang"],"picked":"Guardian:Gem_Lightblue","floor":0.0},{"not_picked":["Anger","Bloodletting"],"picked":"Guardian:DonusPower","floor":1.0},{"not_picked":["Guardian:GuardianWhirl","Guardian:PrimingBeam"],"picked":"Sword Boomerang","floor":2.0},{"not_picked":["Armaments","Headbutt"],"picked":"Fire Breathing","floor":4.0},{"not_picked":["Clash","Guardian:DonusPower"],"picked":"Pommel Strike","floor":5.0},{"not_picked":["ReplayTheSpireMod:Strike From Hell","Guardian:GuardianWhirl"],"picked":"Seeing Red","floor":7.0},{"not_picked":["Guardian:MultiBeam","Guardian:ChargeCore","Guardian:Reroute"],"picked":"SKIP","floor":8.0},{"not_picked":["Cleave","Guardian:CrystalBeam","Sentinel"],"picked":"SKIP","floor":11.0},{"not_picked":["Guardian:CompilePackage","Guardian:GatlingBeam"],"picked":"Limit Break","floor":16.0},{"not_picked":["ReplayTheSpireMod:Strike From Hell+1","Guardian:Suspension"],"picked":"Metallicize","floor":18},{"not_picked":["Guardian:Recover","Anger"],"picked":"Pommel Strike+1","floor":20},{"not_picked":["Armaments","Run Through+1","Guardian:Suspension"],"picked":"SKIP","floor":21},{"not_picked":["Armaments","Guardian:Suspension"],"picked":"Run Through+1","floor":21},{"not_picked":["Guardian:TemporalShield","Body Slam"],"picked":"Power Through","floor":22},{"not_picked":["Sever Soul","True Grit+1"],"picked":"Shrug It Off","floor":24},{"not_picked":["Burning Pact+1","Guardian:ShieldCharger+1","Guardian:PrimingBeam+1"],"picked":"ReplayReversal","floor":30},{"not_picked":["infinitespire:OneForAll","Replay:Many Hands","Sentinel"],"picked":"Guardian:DonusPower","floor":31},{"not_picked":["Guardian:FierceBash","Guardian:Gem_Synthetic","Offering"],"picked":"Demon Form","floor":33},{"not_picked":["Headbutt+1","Replay:Undeath\u0027s Touch+1","Guardian:VentSteam","Heavy Blade+1"],"picked":"SKIP","floor":35},{"not_picked":["Guardian:Gem_Lightblue","Headbutt+1","Sword Boomerang","Guardian:ChargeUp+1"],"picked":"SKIP","floor":37},{"not_picked":["Guardian:PiercingHide","Fiend Fire","Disarm+1"],"picked":"Bloodletting+1","floor":38},{"not_picked":["Guardian:SpikerProtocol","Run Through","Guardian:Preprogram+1","Immolate"],"picked":"SKIP","floor":40},{"not_picked":["Flex","ReplayTheSpireMod:Strike From Hell","Armaments"],"picked":"Guardian:Gem_Green","floor":41},{"not_picked":["Flex","Anger","Blood for Blood+1"],"picked":"Rage+1","floor":42},{"not_picked":["ReplayTheSpireMod:Limb From Limb+1","Guardian:Planning","Sentinel","Burning Pact+1"],"picked":"SKIP","floor":46},{"not_picked":["Armaments","Demonic Infusion","Guardian:ChargeCore+1"],"picked":"Guardian:Gem_Red","floor":48}],"player_experience":1633386,"relics_obtained":[{"floor":7.0,"key":"Golden Egg"},{"floor":9.0,"key":"The Courier"},{"floor":24,"key":"Unceasing Top"},{"floor":26,"key":"Question Card"},{"floor":30,"key":"Oddly Smooth Stone"},{"floor":40,"key":"Replay:WaspNest"},{"floor":42,"key":"Blue Candle"},{"floor":43,"key":"Molten Egg 2"}],"event_choices":[{"damage_healed":0.0,"max_hp_gain":0.0,"max_hp_loss":0.0,"gold_gain":0.0,"event_name":"Upgrade Shrine","player_choice":"Upgraded","floor":3.0,"gold_loss":0.0,"damage_taken":0.0,"cards_upgraded":["Guardian:PrismaticBarrier"]},{"damage_healed":0.0,"max_hp_gain":0.0,"max_hp_loss":0.0,"gold_gain":30.0,"event_name":"Dead Adventurer","player_choice":"Searched \u00273\u0027 times","floor":12.0,"gold_loss":0.0,"damage_taken":0.0,"relics_obtained":["ReplayTheSpireMod:TigerMarble"]},{"damage_healed":0.0,"max_hp_gain":0.0,"max_hp_loss":0.0,"gold_gain":0.0,"event_name":"betterThird:BetterSerpent","player_choice":"RENOUNCE","floor":14.0,"gold_loss":54.0,"damage_taken":54.0,"cards_obtained":["Enlightenment"]},{"damage_healed":0,"gold_gain":0,"player_choice":"Bought 2 Potions","damage_taken":0,"max_hp_gain":0,"max_hp_loss":0,"event_name":"The Woman in Blue","floor":19,"gold_loss":0},{"damage_healed":0,"gold_gain":0,"player_choice":"Serpent","damage_taken":0,"max_hp_gain":0,"max_hp_loss":0,"event_name":"BanditSerpent","floor":25,"gold_loss":0},{"damage_healed":0,"gold_gain":0,"player_choice":"Opened","damage_taken":0,"relics_obtained":["Bag of Marbles"],"max_hp_gain":0,"max_hp_loss":0,"event_name":"The Mausoleum","floor":27,"gold_loss":0},{"damage_healed":0,"gold_gain":0,"player_choice":"Got Potions","damage_taken":0,"max_hp_gain":0,"max_hp_loss":0,"event_name":"Lab","floor":29,"gold_loss":0},{"damage_healed":0,"gold_gain":0,"player_choice":"Upgraded","damage_taken":0,"max_hp_gain":0,"max_hp_loss":0,"event_name":"Upgrade Shrine","floor":39,"gold_loss":0,"cards_upgraded":["ReplayReversal"]}],"is_beta":false,"boss_relics":[{"not_picked":["Empty Cage","Painkiller Herb"],"picked":"Philosopher\u0027s Stone"},{"not_picked":["Replay:Wanted Poster","Electric Blood"],"picked":"Mark of Pain"}],"items_purged_floors":[],"is_endless":false,"potions_floor_spawned":[1,2,5,8,16,21,24,30,31,35,38,41,42,48],"ascension_level":0}}