{"host":"vm8b3ptwl81uq21f","time":1607897886,"event":{"mods":["BaseMod","BetterRewards","Colored Powertips","Downfall","GifTheSpireLib","Googly Eyes","GungeonMod","Halation","Hubris","Minty Spire (QoL Compilation)","Quick Restart","Rare Cards Sparkle","Replay The Spire","Shop Mod","StSLib","Stuff the Spire","The Bug Knight","The IronCluck","[IsaacMod]????"],"gold_per_floor":[99,112,112,287,305,317,317,345,345,378,393,393,393,126,143,245,245,245,275,300,317,317,342,342,390,390,424,436,449,462,478,509,608,608,533,549,565,575,575,593,593,624,624,672,687,697,449,349,413,413],"floor_reached":51,"playtime":3139,"items_purged":["Slimebound:Defend_Slimebound","Slimebound:Defend_Slimebound"],"score":1070,"play_id":"5e75889f-7e12-4183-a348-a0d30d72e9a0","local_time":"20201213171806","is_ascension_mode":false,"campfire_choices":[{"data":"Slimebound:Strike_Slimebound","floor":1,"key":"PURGE"},{"data":"Slimebound:Split","floor":3,"key":"SMITH"},{"data":"Replay:Sssssssssshield","floor":18,"key":"SMITH"},{"data":"Pot Of Greed","floor":26,"key":"SMITH"},{"data":"Pot Of Greed","floor":35,"key":"SMITH"}],"circlet_count":0,"master_deck":["Slimebound:Strike_Slimebound","Slimebound:Strike_Slimebound","Slimebound:Tackle","Slimebound:Defend_Slimebound","Slimebound:Defend_Slimebound","Slimebound:Split+1","Slimebound:CorrosiveSpit","BettingIsNotGood","Replay:Sssssssssshield+1","Slimebound:Recollect","Doubt","Slimebound:SlimeTap","Slimebound:Recollect","Slimebound:MegaLick","Slimebound:HungryTackle+1","Regret","Slimebound:MassRepurpose","Slimebound:Teamwork","Slimebound:WasteNot","Slimebound:DouseInSlime","Slimebound:PrepareCrush","Slimebound:LevelUp+1","Pot Of Greed+1","Pot Of Greed+1","Pot Of Greed","Slimebound:HungryTackle+1","Slimebound:GoopSpray+1","Slimebound:WasteNot","Slimebound:LevelUp+1","Slimebound:RainOfGoop+1"],"relics":["StuffTheSpire:OccultApparatus","HushsDoor","Void","Eternal Feather","StuffTheSpire:RedRose","hubris:Towel","DemoMod:GnawedKey","Centennial Puzzle","hubris:BlackHole","Bag of Preparation","Grinning Jar","DemoMod:OrangeGuonStone","DemoMod:Metronome","halation:LettersToHer","StuffTheSpire:RunicHypercube","downfall:HeartBlessingGreen","TuHaoJin","Dream Catcher","hubris:MysteriousPyramids","Durian","HollowMod:StagPassRelic"],"acts_visited":["Exordium","TheCity","TheBeyond"],"potions_floor_usage":[16,50,50,50],"damage_taken":[{"damage":4,"enemies":"Jaw Worm","floor":2,"turns":3},{"damage":16,"enemies":"Small Slimes","floor":5,"turns":5},{"damage":16,"enemies":"2 Louse","floor":6,"turns":2},{"damage":32,"enemies":"Blue Slaver","floor":8,"turns":5},{"damage":15,"enemies":"Gremlin Nob","floor":10,"turns":4},{"damage":16,"enemies":"Exordium Wildlife","floor":11,"turns":2},{"damage":30,"enemies":"downfall:FleeingMerchant","floor":14,"turns":4},{"damage":34,"enemies":"3 Louse","floor":15,"turns":3},{"damage":61,"enemies":"downfall:Silent","floor":16,"turns":6},{"damage":7,"enemies":"Gremlin Leader","floor":19,"turns":2},{"damage":0,"enemies":"Spheric Guardian","floor":20,"turns":2},{"damage":8,"enemies":"Chosen","floor":21,"turns":2},{"damage":10,"enemies":"Book of Stabbing","floor":23,"turns":2},{"damage":31,"enemies":"Gremlin Leader","floor":25,"turns":2},{"damage":0,"enemies":"Slavers","floor":27,"turns":2},{"damage":23,"enemies":"Centurion and Healer","floor":28,"turns":3},{"damage":3,"enemies":"Snecko","floor":29,"turns":1},{"damage":12,"enemies":"Cultist and Chosen","floor":30,"turns":3},{"damage":8,"enemies":"Shelled Parasite and Fungi","floor":31,"turns":2},{"damage":10,"enemies":"Snake Plant","floor":32,"turns":3},{"damage":30,"enemies":"downfall:Defect","floor":33,"turns":3},{"damage":16,"enemies":"Orb Walker","floor":36,"turns":1},{"damage":0,"enemies":"3 Darklings","floor":37,"turns":2},{"damage":18,"enemies":"4 Shapes","floor":38,"turns":1},{"damage":11,"enemies":"Spire Growth","floor":40,"turns":2},{"damage":0,"enemies":"Reptomancer","floor":42,"turns":1},{"damage":26,"enemies":"Giant Head","floor":44,"turns":2},{"damage":3,"enemies":"4 Shapes","floor":45,"turns":2},{"damage":11,"enemies":"Sphere and 2 Shapes","floor":46,"turns":1},{"damage":27,"enemies":"downfall:FleeingMerchant","floor":47,"turns":2},{"damage":4,"enemies":"Maw","floor":49,"turns":1},{"damage":8,"enemies":"downfall:Ironclad","floor":50,"turns":3}],"seed_played":"2051522630653525760","potions_obtained":[{"floor":10,"key":"BlessingOfTheForge"},{"floor":11,"key":"Ancient Potion"},{"floor":15,"key":"SkillPotion"},{"floor":16,"key":"EssenceOfSteel"},{"floor":21,"key":"DemoMod:LeadSkinPotion"},{"floor":30,"key":"BlessingOfTheForge"}],"is_trial":false,"path_per_floor":["R","M","R","?","M","M","T","M","?","E","M","?","?","$","M","B",null,"R","E","M","M","?","E","T","E","R","E","M","M","M","M","M","B",null,"R","M","M","M","?","M","T","E","T","E","M","M","$","$","M","B",null],"character_chosen":"SLIMEBOUND","items_purchased":["DemoMod:GnawedKey","Centennial Puzzle","Slimebound:WasteNot","Slimebound:DouseInSlime","Durian","HollowMod:StagPassRelic"],"campfire_rested":0,"item_purchase_floors":[14,14,17,17,47,47],"current_hp_per_floor":[60,60,60,60,60,60,60,60,60,53,53,53,53,47,45,40,53,53,46,53,53,53,51,51,44,53,53,53,50,53,53,53,50,53,53,49,49,36,36,38,38,38,38,48,52,49,51,51,58,58],"gold":413,"neow_bonus":"RANDOM_COLORLESS","is_daily":false,"chose_seed":false,"campfire_upgraded":4,"win_rate":0.0,"timestamp":1607897886,"path_taken":["R","M","R","?","M","M","T","M","?","E","?","?","?","?","M","BOSS","R","E","M","M","?","E","T","E","R","E","M","M","M","M","M","BOSS","R","M","M","?","?","M","T","E","?","E","?","M","$","$","M","BOSS"],"items_purchased_type":["Relic","Relic","Card","Card","Relic","Relic"],"build_version":"2020-11-30","purchased_purges":2,"victory":true,"max_hp_per_floor":[60,60,60,60,60,60,60,60,60,60,60,60,60,60,60,60,53,53,53,53,53,53,53,53,53,53,53,53,53,53,53,53,53,53,53,53,53,53,53,53,53,53,53,53,53,53,58,58,58,58],"card_choices":[{"not_picked":[],"picked":"BettingIsNotGood","floor":0},{"not_picked":["expansioncontent:Hexaburn","Replay:Bootleg Shield Generator"],"picked":"Replay:Sssssssssshield","floor":0},{"not_picked":["Slimebound:LeechEnergy","Slimebound:GoopSpray"],"picked":"Slimebound:Recollect","floor":2},{"not_picked":["Slimebound:Recollect","Slimebound:Schlurp"],"picked":"Slimebound:SlimeTap","floor":5},{"not_picked":["Slimebound:ComboTackle","Slimebound:LeechingTouch"],"picked":"Slimebound:Recollect","floor":6},{"not_picked":["Slimebound:Nibble","Slimebound:SlimeBrawl"],"picked":"Slimebound:MegaLick","floor":8},{"not_picked":["Slimebound:SlimeSpikes","Slimebound:PressTheAttack"],"picked":"Slimebound:HungryTackle","floor":10},{"not_picked":["Slimebound:Equalize","Slimebound:ViciousTackle"],"picked":"Bomb","floor":11},{"not_picked":["Slimebound:SlimeBarrage","Slimebound:ItLooksTasty"],"picked":"Slimebound:MassRepurpose","floor":14},{"not_picked":["Slimebound:GoopSpray","Slimebound:Schlurp"],"picked":"Bomb","floor":15},{"not_picked":["Slimebound:SlimeSlap","Slimebound:MinionMaster"],"picked":"Slimebound:Teamwork","floor":16},{"not_picked":["Slimebound:Schlurp+1","Slimebound:BestDefense"],"picked":"Slimebound:PrepareCrush","floor":19},{"not_picked":["Slimebound:Schlurp","Slimebound:LeechEnergy","Slimebound:PressTheAttack"],"picked":"SKIP","floor":20},{"not_picked":["Slimebound:SplitAcid","Slimebound:RejuvenatingLick"],"picked":"Slimebound:LevelUp+1","floor":21},{"not_picked":["Slimebound:LeechEnergy+1","Slimebound:LeechingTouch","Slimebound:LeechLife"],"picked":"SKIP","floor":23},{"not_picked":["Slimebound:GoopSpray+1","Slimebound:Chomp+1"],"picked":"Slimebound:HungryTackle","floor":25},{"not_picked":["Slimebound:PressTheAttack","Slimebound:Schlurp","Slimebound:RejuvenatingLick"],"picked":"SKIP","floor":27},{"not_picked":["Slimebound:RollThrough","Slimebound:ComboTackle+1","Slimebound:SplitAcid"],"picked":"SKIP","floor":28},{"not_picked":["Slimebound:SplitMire","Slimebound:DuplicatedForm","Slimebound:Grow"],"picked":"SKIP","floor":29},{"not_picked":["Slimebound:BestDefense+1","Slimebound:PressTheAttack","Slimebound:Schlurp+1"],"picked":"SKIP","floor":30},{"not_picked":["Slimebound:GoopSpray","Slimebound:Dissolve","Slimebound:LeechEnergy"],"picked":"SKIP","floor":31},{"not_picked":["Slimebound:BestDefense","Slimebound:FlameTackle+1"],"picked":"Slimebound:GoopSpray+1","floor":32},{"not_picked":["Slimebound:DuplicatedForm","Slimebound:PrepareCrush"],"picked":"Slimebound:WasteNot","floor":33},{"not_picked":["Slimebound:GoopSpray","Slimebound:LeechingTouch+1","Slimebound:Dissolve+1"],"picked":"SKIP","floor":36},{"not_picked":["Slimebound:ViciousTackle","Slimebound:PressTheAttack","Slimebound:SplitMire+1"],"picked":"SKIP","floor":37},{"not_picked":["Slimebound:Recollect","Slimebound:DisruptingSlam"],"picked":"Slimebound:LevelUp+1","floor":38},{"not_picked":["Slimebound:BestDefense+1","Slimebound:ViciousTackle","Slimebound:Schlurp"],"picked":"SKIP","floor":40},{"not_picked":["Slimebound:Nibble","Slimebound:ViciousTackle+1","Slimebound:Gluttony"],"picked":"SKIP","floor":42},{"not_picked":["Slimebound:SplitAcid","Slimebound:GoopTackle","Slimebound:GrowthPunch+1"],"picked":"SKIP","floor":44},{"not_picked":["Slimebound:FinishingTackle","Slimebound:ComboTackle","Slimebound:SlimeTap"],"picked":"SKIP","floor":45},{"not_picked":["Slimebound:SlimeSpikes","Slimebound:LeechLife","Slimebound:GoopSpray"],"picked":"SKIP","floor":46},{"not_picked":["Slimebound:SlimeSpikes","Slimebound:SplitMire"],"picked":"Slimebound:RainOfGoop+1","floor":47},{"not_picked":["Slimebound:GrowthPunch+1","Slimebound:SplitAcid","Slimebound:LeechingTouch"],"picked":"SKIP","floor":49}],"player_experience":291441,"relics_obtained":[{"floor":7,"key":"StuffTheSpire:RubySignet"},{"floor":10,"key":"Eternal Feather"},{"floor":19,"key":"Bag of Preparation"},{"floor":23,"key":"Grinning Jar"},{"floor":24,"key":"DemoMod:OrangeGuonStone"},{"floor":25,"key":"DemoMod:Metronome"},{"floor":27,"key":"halation:LettersToHer"},{"floor":41,"key":"halation:LettersToHer"},{"floor":41,"key":"Whetstone"},{"floor":42,"key":"TuHaoJin"},{"floor":43,"key":"Dream Catcher"},{"floor":43,"key":"hubris:MysteriousPyramids"},{"floor":44,"key":"Replay:Bottled Steam"}],"event_choices":[],"is_beta":false,"boss_relics":[{"not_picked":["halation:Prosthetics","Tiny House"],"picked":"hubris:BlackHole"},{"not_picked":[]},{"not_picked":["Velvet Choker","Replay:Ancient Bell"],"picked":"StuffTheSpire:RunicHypercube"},{"not_picked":[]}],"items_purged_floors":[47,48],"is_endless":false,"potions_floor_spawned":[10,11,15,16,21,27,30,31,33,37,42,44,45,46],"ascension_level":0}}