{"host":"3rixevx6n8b56xaj","time":1607851327,"event":{"mods":["2.2 Compatiblity","AchievementEnabler","BaseMod","Better Third Choice","Colored Map","DeckTracker","Friendly Minions","Minty Spire (QoL Compilation)","StSLib","SuperFastMode"],"gold_per_floor":[119,134,149,165,185,185,218,218,218,228,239,58,58,70,70,170,170,190,204,81,92,104,137,149,178,226,226,239,239,239,268,268,372,372,392,442,494,494,170,198,298,325,400,417,417,448,489,150,150,180,180,180,30,63,63],"floor_reached":56,"playtime":2438,"items_purged":["Defend_P","Strike_P","Defend_P","Strike_P"],"score":1374,"play_id":"de1acac4-96ca-4193-acb0-b4ef7604443f","local_time":"20201213182207","is_ascension_mode":false,"campfire_choices":[{"data":"Eruption","floor":6.0,"key":"SMITH"},{"data":"Apotheosis","floor":15.0,"key":"SMITH"},{"data":"MentalFortress","floor":30,"key":"SMITH"},{"data":"Devotion","floor":32,"key":"SMITH"},{"floor":45,"key":"REST"},{"floor":49,"key":"RECALL"},{"data":"Adaptation","floor":52,"key":"SMITH"}],"circlet_count":0,"master_deck":["Strike_P","Defend_P","Defend_P","Eruption+1","Vigilance","CrushJoints","MentalFortress+1","Tantrum","FollowUp","FollowUp","EmptyMind","Apotheosis+1","Conclude","Devotion+1","Prostrate","EmptyFist","Wallop","Worship","MentalFortress+1","Perseverance","TalkToTheHand+1","Halt+1","SpiritShield","ClearTheMind+1","Violence","Purity","Wish+1","EmptyBody+1","Evaluate+1","Adaptation+1"],"relics":["PureWater","Regal Pillow","Thread and Needle","Runic Pyramid","Yang","Dream Catcher","Bronze Scales","SlaversCollar","Pocketwatch","Mango","Pen Nib","Toxic Egg 2","Anchor","TeardropLocket","Kunai","Medical Kit","Nunchaku"],"acts_visited":["Exordium","TheCity","TheBeyond","TheEnding"],"potions_floor_usage":[23,25,25,37,37,40,55,55,55],"damage_taken":[{"damage":4.0,"enemies":"Jaw Worm","floor":1.0,"turns":5.0},{"damage":7.0,"enemies":"Cultist","floor":2.0,"turns":3.0},{"damage":0.0,"enemies":"Small Slimes","floor":3.0,"turns":3.0},{"damage":10.0,"enemies":"Exordium Wildlife","floor":4.0,"turns":5.0},{"damage":0.0,"enemies":"Red Slaver","floor":5.0,"turns":3.0},{"damage":0.0,"enemies":"Gremlin Nob","floor":7.0,"turns":2.0},{"damage":0.0,"enemies":"Looter","floor":10.0,"turns":2.0},{"damage":0.0,"enemies":"3 Louse","floor":11.0,"turns":3.0},{"damage":3.0,"enemies":"Blue Slaver","floor":14.0,"turns":3.0},{"damage":8.0,"enemies":"Slime Boss","floor":16.0,"turns":5.0},{"damage":0,"enemies":"Spheric Guardian","floor":18,"turns":3},{"damage":0,"enemies":"Chosen","floor":19,"turns":3},{"damage":0,"enemies":"Snecko","floor":21,"turns":2},{"damage":4,"enemies":"3 Cultists","floor":22,"turns":4},{"damage":9,"enemies":"Book of Stabbing","floor":23,"turns":4},{"damage":21,"enemies":"Shelled Parasite and Fungi","floor":24,"turns":4},{"damage":9,"enemies":"Slavers","floor":25,"turns":4},{"damage":0,"enemies":"Chosen and Byrds","floor":28,"turns":5},{"damage":0,"enemies":"Book of Stabbing","floor":31,"turns":5},{"damage":29,"enemies":"Collector","floor":33,"turns":8},{"damage":8,"enemies":"3 Darklings","floor":35,"turns":6},{"damage":3,"enemies":"Mind Bloom Boss Battle","floor":36,"turns":4},{"damage":29,"enemies":"2 Orb Walkers","floor":37,"turns":7},{"damage":15,"enemies":"Reptomancer","floor":40,"turns":5},{"damage":11,"enemies":"Giant Head","floor":42,"turns":7},{"damage":0,"enemies":"Orb Walker","floor":44,"turns":1},{"damage":8,"enemies":"Reptomancer","floor":46,"turns":5},{"damage":0,"enemies":"Maw","floor":47,"turns":6},{"damage":12,"enemies":"Time Eater","floor":50,"turns":11},{"damage":8,"enemies":"Shield and Spear","floor":54,"turns":7},{"damage":78,"enemies":"The Heart","floor":55,"turns":8}],"seed_played":"2535405790000932185","potions_obtained":[{"floor":3.0,"key":"Regen Potion"},{"floor":7.0,"key":"LiquidBronze"},{"floor":10.0,"key":"Block Potion"},{"floor":11.0,"key":"PowerPotion"},{"floor":18,"key":"AttackPotion"},{"floor":23,"key":"Ancient Potion"},{"floor":25,"key":"PowerPotion"},{"floor":31,"key":"LiquidMemories"},{"floor":36,"key":"Swift Potion"},{"floor":37,"key":"ColorlessPotion"},{"floor":42,"key":"Regen Potion"},{"floor":47,"key":"DistilledChaos"}],"is_trial":false,"path_per_floor":["M","M","M","M","M","R","E","?","T","M","M","$","?","M","R","B",null,"M","M","$","M","M","E","M","E","T","?","M","?","R","E","R","B",null,"M","?","?","?","$","E","?","E","T","M","R","E","M","$","R","B",null,"R","$","E","B",null],"character_chosen":"WATCHER","items_purchased":["Apotheosis","EmptyFist","Purity","Pen Nib","Adaptation","Medical Kit"],"campfire_rested":1,"item_purchase_floors":[12,20,39,39,48,48],"current_hp_per_floor":[68,61,61,51,51,51,51,51,51,51,51,51,51,48,48,40,72,72,72,72,72,68,59,38,41,41,41,41,41,41,41,41,12,72,64,61,46,46,46,31,31,20,20,20,60,52,52,52,52,40,86,86,86,78,14],"gold":63,"neow_bonus":"RANDOM_COMMON_RELIC","is_daily":false,"chose_seed":false,"campfire_upgraded":5,"win_rate":0.0,"timestamp":1607851327,"path_taken":["M","M","M","M","M","R","E","?","T","M","?","$","?","M","R","BOSS","M","M","$","M","M","E","M","E","T","?","M","?","R","E","R","BOSS","M","?","?","?","?","E","?","E","T","?","R","E","M","?","R","BOSS","R","$","E","BOSS"],"items_purchased_type":["Card","Card","Card","Relic","Card","Relic"],"build_version":"2020-11-30","purchased_purges":4,"victory":true,"max_hp_per_floor":[72,72,72,72,72,72,72,72,72,72,72,72,72,72,72,72,72,72,72,72,72,72,72,72,72,72,72,72,72,72,72,72,72,72,72,72,86,86,86,86,86,86,86,86,86,86,86,86,86,86,86,86,86,86,86],"card_choices":[{"not_picked":["PathToVictory","DeceiveReality","WreathOfFlame"],"picked":"SKIP","floor":1.0},{"not_picked":["ThirdEye","Halt","Sanctity"],"picked":"SKIP","floor":2.0},{"not_picked":["PathToVictory","SignatureMove"],"picked":"CrushJoints","floor":3.0},{"not_picked":["Wireheading","Crescendo"],"picked":"MentalFortress","floor":4.0},{"not_picked":["InnerPeace","ClearTheMind"],"picked":"Tantrum","floor":5.0},{"not_picked":["WreathOfFlame","Establishment"],"picked":"FollowUp","floor":7.0},{"not_picked":["Swivel","SignatureMove"],"picked":"EmptyMind","floor":10.0},{"not_picked":["ReachHeaven","FollowUp","WaveOfTheHand"],"picked":"SKIP","floor":11.0},{"not_picked":["SashWhip","BattleHymn","Conclude"],"picked":"SKIP","floor":14.0},{"not_picked":["SashWhip","BattleHymn"],"picked":"Conclude","floor":14.0},{"not_picked":["Alpha","Brilliance"],"picked":"Devotion","floor":16.0},{"not_picked":["Perseverance","CrushJoints"],"picked":"Prostrate","floor":18},{"not_picked":["ThirdEye","Crescendo","Establishment"],"picked":"SKIP","floor":19},{"not_picked":["EmptyBody","Protect"],"picked":"Wallop","floor":21},{"not_picked":["Conclude","Consecrate"],"picked":"Worship","floor":22},{"not_picked":["Protect+1","FollowUp+1","ForeignInfluence+1"],"picked":"SKIP","floor":23},{"not_picked":["Evaluate","EmptyFist"],"picked":"MentalFortress+1","floor":24},{"not_picked":["ForeignInfluence","PathToVictory"],"picked":"Perseverance","floor":25},{"not_picked":["EmptyFist","FlurryOfBlows+1"],"picked":"Halt+1","floor":28},{"not_picked":["SandsOfTime+1","FlyingSleeves+1","BowlingBash"],"picked":"SKIP","floor":31},{"not_picked":["DeusExMachina","Ragnarok"],"picked":"SpiritShield","floor":33},{"not_picked":["SashWhip","FlurryOfBlows","MentalFortress+1"],"picked":"SKIP","floor":35},{"not_picked":["WindmillStrike+1","Protect+1"],"picked":"ClearTheMind+1","floor":36},{"not_picked":["Impatience","The Bomb"],"picked":"Violence","floor":38},{"not_picked":["Conclude","BattleHymn+1"],"picked":"Wish+1","floor":40},{"not_picked":["ForeignInfluence+1","EmptyFist","CutThroughFate"],"picked":"SKIP","floor":42},{"not_picked":["Conclude+1","PathToVictory+1"],"picked":"EmptyBody+1","floor":44},{"not_picked":["CutThroughFate+1","Vengeance+1","Evaluate+1"],"picked":"SKIP","floor":46},{"not_picked":["CutThroughFate+1","Vengeance+1"],"picked":"Evaluate+1","floor":46},{"not_picked":["FlyingSleeves","Indignation+1","Prostrate+1"],"picked":"SKIP","floor":47},{"not_picked":["Indignation+1","BowlingBash","WreathOfFlame+1"],"picked":"SKIP","floor":54}],"player_experience":512693,"relics_obtained":[{"floor":7.0,"key":"Thread and Needle"},{"floor":25,"key":"Yang"},{"floor":26,"key":"Dream Catcher"},{"floor":31,"key":"Bronze Scales"},{"floor":36,"key":"Pocketwatch"},{"floor":37,"key":"Mango"},{"floor":40,"key":"Toxic Egg 2"},{"floor":42,"key":"Anchor"},{"floor":43,"key":"TeardropLocket"},{"floor":46,"key":"Kunai"},{"floor":54,"key":"Nunchaku"}],"event_choices":[{"damage_healed":0.0,"max_hp_gain":0.0,"max_hp_loss":0.0,"gold_gain":0.0,"cards_transformed":["Strike_P"],"event_name":"Transmorgrifier","player_choice":"Transformed","floor":8.0,"gold_loss":0.0,"damage_taken":0.0,"cards_obtained":["FollowUp"]},{"damage_healed":51.0,"max_hp_gain":0.0,"max_hp_loss":72.0,"gold_gain":0.0,"event_name":"betterThird:BetterShining","player_choice":"Leave","floor":13.0,"gold_loss":0.0,"damage_taken":0.0},{"damage_healed":0,"gold_gain":0,"player_choice":"Read","damage_taken":0,"max_hp_gain":0,"max_hp_loss":0,"event_name":"The Library","floor":27,"gold_loss":0,"cards_obtained":["TalkToTheHand"]},{"damage_healed":0,"gold_gain":0,"player_choice":"Forge","damage_taken":0,"max_hp_gain":0,"max_hp_loss":0,"event_name":"Accursed Blacksmith","floor":29,"gold_loss":0,"cards_upgraded":["TalkToTheHand"]},{"damage_healed":0,"gold_gain":0,"player_choice":"Fight","damage_taken":0,"max_hp_gain":0,"max_hp_loss":0,"event_name":"MindBloom","floor":36,"gold_loss":0},{"damage_healed":0,"gold_gain":0,"player_choice":"Fight","damage_taken":0,"max_hp_gain":0,"max_hp_loss":0,"event_name":"Mysterious Sphere","floor":37,"gold_loss":0},{"damage_healed":0,"gold_gain":0,"player_choice":"Memory 1","damage_taken":0,"max_hp_gain":0,"max_hp_loss":0,"event_name":"SensoryStone","floor":38,"gold_loss":0},{"damage_healed":0,"gold_gain":100,"player_choice":"Pray","damage_taken":0,"max_hp_gain":0,"max_hp_loss":0,"event_name":"Golden Shrine","floor":41,"gold_loss":0}],"is_beta":false,"boss_relics":[{"not_picked":["SacredBark","Coffee Dripper"],"picked":"Runic Pyramid"},{"not_picked":["Busted Crown","Runic Dome"],"picked":"SlaversCollar"}],"items_purged_floors":[20,39,48,53],"is_endless":false,"potions_floor_spawned":[3,7,10,11,14,18,19,23,25,31,36,37,42,47],"ascension_level":0}}