{"host":"91khxi50xqrb7fb5","time":1607885436,"event":{"mods":["BaseMod","Hermit","Minty Spire (QoL Compilation)","StSLib"],"gold_per_floor":[110,128,148,166,166,166,195,42,90,125,125,141,141,173,173,268,268,280,280,280,297,297,297,324,343,393,393,393,393,407,419,419,524,524,535,535,604,604,232,232,248,95,95,113,113,124,47,47,47,47],"floor_reached":51,"playtime":2415,"items_purged":["Bite"],"score":743,"play_id":"5ac54fe5-01e3-4ab0-8a28-76ef2c54140f","local_time":"20201213135036","is_ascension_mode":true,"campfire_choices":[{"data":"hermit:GoldenBullet","floor":6,"key":"SMITH"},{"floor":11,"key":"REST"},{"data":"hermit:Snapshot","floor":13,"key":"SMITH"},{"floor":15,"key":"REST"},{"data":"hermit:FatalDesire","floor":23,"key":"SMITH"},{"data":"hermit:FlashPowder","floor":28,"key":"SMITH"},{"data":"hermit:DeadMansHand","floor":32,"key":"SMITH"},{"data":"hermit:WideOpen","floor":40,"key":"SMITH"},{"data":"hermit:Adapt","floor":45,"key":"SMITH"},{"data":"hermit:GhostlyPresence","floor":49,"key":"SMITH"}],"circlet_count":0,"master_deck":["hermit:Defend_Hermit+1","hermit:Defend_Hermit+1","hermit:Defend_Hermit+1","hermit:Snapshot+1","hermit:Covet","hermit:GoldenBullet+1","hermit:GoldenBullet","hermit:FlashPowder+1","hermit:FatalDesire+1","hermit:WideOpen+1","hermit:GhostlyPresence+1","hermit:LowProfile+1","Bite","Bite","Bite","hermit:Maintenance+1","hermit:DeadMansHand+1","hermit:HighCaliber+1","hermit:Adapt+1","hermit:CursedWeapon+1","hermit:Brawl+1"],"relics":["hermit:Momento","NeowsBlessing","InkBottle","Potion Belt","Tiny Chest","Centennial Puzzle","Incense Burner","Bag of Marbles","Sozu","Toy Ornithopter","HornCleat","hermit:RyeStalk","hermit:CharredGlove","Empty Cage","Molten Egg 2","Blood Vial","ClockworkSouvenir","Frozen Egg 2"],"acts_visited":["Exordium","TheCity","TheBeyond"],"potions_floor_usage":[7,14,48],"damage_taken":[{"damage":0,"enemies":"Small Slimes","floor":1,"turns":1},{"damage":0,"enemies":"Cultist","floor":2,"turns":1},{"damage":1,"enemies":"Jaw Worm","floor":3,"turns":2},{"damage":5,"enemies":"Looter","floor":4,"turns":3},{"damage":35,"enemies":"Lagavulin","floor":7,"turns":6},{"damage":21,"enemies":"3 Sentries","floor":10,"turns":7},{"damage":5,"enemies":"3 Louse","floor":12,"turns":3},{"damage":0,"enemies":"Lagavulin","floor":14,"turns":4},{"damage":51,"enemies":"The Guardian","floor":16,"turns":15},{"damage":3,"enemies":"Shell Parasite","floor":18,"turns":3},{"damage":5,"enemies":"3 Byrds","floor":21,"turns":5},{"damage":27,"enemies":"Slavers","floor":24,"turns":4},{"damage":0,"enemies":"Snake Plant","floor":25,"turns":3},{"damage":5,"enemies":"Shelled Parasite and Fungi","floor":30,"turns":3},{"damage":2,"enemies":"Centurion and Healer","floor":31,"turns":5},{"damage":24,"enemies":"Champ","floor":33,"turns":24},{"damage":3,"enemies":"3 Shapes","floor":35,"turns":3},{"damage":4,"enemies":"Orb Walker","floor":41,"turns":2},{"damage":0,"enemies":"4 Shapes","floor":44,"turns":6},{"damage":7,"enemies":"Sphere and 2 Shapes","floor":46,"turns":6},{"damage":7,"enemies":"3 Darklings","floor":48,"turns":3},{"damage":36,"enemies":"Time Eater","floor":50,"turns":14}],"seed_played":"-3712590346582665","potions_obtained":[{"floor":2,"key":"SmokeBomb"},{"floor":4,"key":"SteroidPotion"},{"floor":7,"key":"GamblersBrew"},{"floor":10,"key":"SteroidPotion"},{"floor":14,"key":"LiquidMemories"}],"is_trial":false,"path_per_floor":["M","M","M","M","?","R","E","$","T","E","R","M","R","E","R","B",null,"M","?","?","M","?","R","E","M","T","T","R","?","M","M","R","B",null,"M","?","T","?","$","R","M","$","T","M","R","M","$","M","R","B",null],"character_chosen":"HERMIT","items_purchased":["Tiny Chest","Blood Vial","ClockworkSouvenir","hermit:Adapt","hermit:Brawl+1"],"campfire_rested":2,"item_purchase_floors":[8,39,39,42,47],"current_hp_per_floor":[75,75,74,69,69,69,34,34,34,13,35,30,30,30,52,1,75,72,72,72,67,52,52,35,41,41,41,41,41,46,52,52,52,52,52,52,52,52,52,52,48,48,48,52,52,49,49,52,52,20],"gold":47,"neow_bonus":"THREE_ENEMY_KILL","is_daily":false,"chose_seed":false,"campfire_upgraded":8,"win_rate":0.0,"timestamp":1607885436,"path_taken":["M","M","M","M","?","R","E","?","T","E","R","M","R","E","R","BOSS","M","?","?","M","?","R","E","M","T","?","R","?","M","?","R","BOSS","M","?","?","?","$","R","M","?","T","M","R","M","$","M","R","BOSS"],"items_purchased_type":["Relic","Relic","Relic","Card","Card"],"build_version":"2020-11-30","purchased_purges":1,"victory":true,"max_hp_per_floor":[75,75,75,75,75,75,75,75,75,75,75,75,75,75,75,75,75,75,75,75,75,52,52,52,52,52,52,52,52,52,52,52,52,52,52,52,52,52,52,52,52,52,52,52,52,52,52,52,52,52],"card_choices":[{"not_picked":["hermit:Misfire","hermit:LowProfile"],"picked":"hermit:Glare","floor":1},{"not_picked":["hermit:Vantage","hermit:Scavenge"],"picked":"hermit:GoldenBullet","floor":2},{"not_picked":["hermit:Quickdraw","hermit:Roulette","hermit:CalledShot"],"picked":"SKIP","floor":3},{"not_picked":["hermit:SprayPray","hermit:CursedWeapon"],"picked":"hermit:GoldenBullet","floor":4},{"not_picked":["hermit:Roulette","hermit:TakeAim","hermit:PistolWhip"],"picked":"SKIP","floor":7},{"not_picked":["hermit:TrackingShot","hermit:Misfire","hermit:Dive"],"picked":"SKIP","floor":10},{"not_picked":["hermit:CalledShot","hermit:ItchyTrigger","hermit:SprayPray"],"picked":"SKIP","floor":12},{"not_picked":["hermit:Roulette","hermit:Dive"],"picked":"hermit:FlashPowder","floor":14},{"not_picked":["hermit:OverwhelmingPower","hermit:FinalCanter"],"picked":"hermit:FatalDesire","floor":16},{"not_picked":["hermit:Misfire","hermit:Ricochet"],"picked":"hermit:WideOpen","floor":18},{"not_picked":["hermit:CursedWeapon","hermit:Ricochet+1"],"picked":"hermit:LowProfile+1","floor":21},{"not_picked":["hermit:Quickdraw","hermit:GoldenBullet"],"picked":"hermit:Maintenance+1","floor":24},{"not_picked":["hermit:Quickdraw","hermit:GhostlyPresence","hermit:Cheat"],"picked":"SKIP","floor":25},{"not_picked":["hermit:Coalescence+1","hermit:Desperado"],"picked":"hermit:DeadMansHand","floor":30},{"not_picked":["hermit:Maintenance","hermit:GoldenBullet","hermit:BodyArmor"],"picked":"SKIP","floor":31},{"not_picked":["hermit:Coalescence+1","hermit:Quickdraw+1","hermit:Enervate"],"picked":"SKIP","floor":35},{"not_picked":["hermit:TakeAim","hermit:Cheat"],"picked":"hermit:HighCaliber+1","floor":41},{"not_picked":["hermit:Cheat","hermit:Roulette+1"],"picked":"hermit:CursedWeapon+1","floor":44},{"not_picked":["hermit:Horror+1","hermit:WideOpen+1","hermit:Maintenance"],"picked":"SKIP","floor":46}],"player_experience":95758,"relics_obtained":[{"floor":7,"key":"Potion Belt"},{"floor":9,"key":"Centennial Puzzle"},{"floor":10,"key":"Incense Burner"},{"floor":14,"key":"Bag of Marbles"},{"floor":24,"key":"HornCleat"},{"floor":26,"key":"hermit:RyeStalk"},{"floor":27,"key":"hermit:CharredGlove"},{"floor":37,"key":"Molten Egg 2"},{"floor":43,"key":"Frozen Egg 2"}],"event_choices":[{"cards_removed":["hermit:Glare"],"damage_healed":0,"gold_gain":0,"player_choice":"Gave Card","damage_taken":0,"relics_obtained":["InkBottle"],"max_hp_gain":0,"max_hp_loss":0,"event_name":"WeMeetAgain","floor":5,"gold_loss":0},{"damage_healed":0,"gold_gain":0,"player_choice":"Opened","damage_taken":0,"relics_obtained":["Toy Ornithopter"],"max_hp_gain":0,"max_hp_loss":0,"event_name":"The Mausoleum","floor":19,"gold_loss":0},{"damage_healed":0,"gold_gain":0,"player_choice":"Read","damage_taken":0,"max_hp_gain":0,"max_hp_loss":0,"event_name":"The Library","floor":20,"gold_loss":0,"cards_obtained":["hermit:GhostlyPresence"]},{"damage_healed":0,"gold_gain":0,"player_choice":"Became a vampire","damage_taken":0,"max_hp_gain":0,"max_hp_loss":23,"event_name":"Vampires","floor":22,"gold_loss":0,"cards_obtained":["Bite","Bite","Bite","Bite","Bite"]},{"damage_healed":0,"gold_gain":0,"player_choice":"Simplicity","damage_taken":0,"max_hp_gain":0,"max_hp_loss":0,"event_name":"Back to Basics","floor":29,"gold_loss":0,"cards_upgraded":["hermit:Defend_Hermit","hermit:Defend_Hermit","hermit:Defend_Hermit","hermit:Defend_Hermit"]},{"damage_healed":0,"gold_gain":0,"player_choice":"Memory 1","damage_taken":0,"max_hp_gain":0,"max_hp_loss":0,"event_name":"SensoryStone","floor":36,"gold_loss":0},{"damage_healed":0,"gold_gain":0,"player_choice":"Ignored","damage_taken":0,"max_hp_gain":0,"max_hp_loss":0,"event_name":"Tomb of Lord Red Mask","floor":38,"gold_loss":0}],"is_beta":false,"boss_relics":[{"not_picked":["Coffee Dripper","Tiny House"],"picked":"Sozu"},{"not_picked":["Runic Pyramid","Philosopher\u0027s Stone"],"picked":"Empty Cage"}],"items_purged_floors":[39],"is_endless":false,"potions_floor_spawned":[2,4,7,10,14,24,25,31,41,48],"ascension_level":1}}