{"host":"ilxricga2547gmyy","time":1607898705,"event":{"mods":["AchievementEnabler","BaseMod","Minty Spire (QoL Compilation)","Quick Restart","StSLib"],"gold_per_floor":[99,99,99,24,4,4,4,4,4,4,4,4,4,4],"floor_reached":13,"playtime":313,"items_purged":["Strike_R"],"score":116,"play_id":"80f63952-6fb1-4dbc-81e7-bfc60b1789b6","local_time":"20201213233145","is_ascension_mode":true,"campfire_choices":[{"floor":7,"key":"REST"}],"circlet_count":0,"master_deck":["Strike_R","Strike_R","Strike_R","Strike_R","Defend_R","Defend_R","Defend_R","Defend_R","Bash","Havoc","Shockwave","Headbutt","Whirlwind+1","Spot Weakness","Inflame"],"relics":["Ectoplasm","Bottled Flame","Odd Mushroom","Question Card"],"acts_visited":["Exordium"],"potions_floor_usage":[],"damage_taken":[{"damage":4,"enemies":"2 Louse","floor":1,"turns":3},{"damage":0,"enemies":"Small Slimes","floor":2,"turns":3},{"damage":0,"enemies":"Cultist","floor":3,"turns":3},{"damage":50,"enemies":"3 Sentries","floor":6,"turns":9},{"damage":6,"enemies":"The Mushroom Lair","floor":8,"turns":3},{"damage":11,"enemies":"Exordium Wildlife","floor":10,"turns":3},{"damage":18,"enemies":"Lagavulin","floor":13,"turns":5}],"seed_played":"-8371331706403193383","potions_obtained":[{"floor":8,"key":"LiquidBronze"},{"floor":10,"key":"ElixirPotion"}],"is_trial":false,"path_per_floor":["M","M","M","$","?","E","R","?","T","M","?","?","E"],"character_chosen":"IRONCLAD","items_purchased":[],"campfire_rested":1,"item_purchase_floors":[],"current_hp_per_floor":[68,68,68,68,68,18,42,36,36,25,25,17,0,0],"gold":4,"neow_bonus":"BOSS_RELIC","is_daily":false,"chose_seed":false,"campfire_upgraded":0,"win_rate":0.0,"timestamp":1607898705,"path_taken":["M","M","M","$","?","E","R","?","T","M","?","?","E"],"items_purchased_type":[],"build_version":"2020-11-30","purchased_purges":1,"victory":false,"max_hp_per_floor":[80,80,80,80,80,80,80,80,80,80,80,80,80,80],"card_choices":[{"not_picked":["Pommel Strike","Perfected Strike"],"picked":"Havoc","floor":1},{"not_picked":["Flex","Rupture"],"picked":"Shockwave","floor":2},{"not_picked":["Body Slam","True Grit"],"picked":"Headbutt","floor":3},{"not_picked":["Sever Soul","Corruption"],"picked":"Whirlwind","floor":6},{"not_picked":["Rupture","Heavy Blade"],"picked":"Spot Weakness","floor":8},{"not_picked":["Battle Trance","Clothesline","Whirlwind"],"picked":"Inflame","floor":10}],"player_experience":217403,"relics_obtained":[{"floor":6,"key":"Bottled Flame"},{"floor":8,"key":"Odd Mushroom"},{"floor":9,"key":"Question Card"}],"event_choices":[{"damage_healed":0,"gold_gain":0,"player_choice":"Left Gold","damage_taken":0,"max_hp_gain":0,"max_hp_loss":0,"event_name":"World of Goop","floor":5,"gold_loss":20},{"damage_healed":0,"gold_gain":0,"player_choice":"Fought Mushrooms","damage_taken":0,"max_hp_gain":0,"max_hp_loss":0,"event_name":"Mushrooms","floor":8,"gold_loss":0},{"damage_healed":0,"gold_gain":0,"player_choice":"Grow","damage_taken":0,"max_hp_gain":0,"max_hp_loss":0,"event_name":"Living Wall","floor":11,"gold_loss":0,"cards_upgraded":["Whirlwind"]},{"damage_healed":0,"gold_gain":0,"player_choice":"Damaged","damage_taken":8,"max_hp_gain":0,"max_hp_loss":0,"event_name":"Wheel of Change","floor":12,"gold_loss":0}],"is_beta":false,"boss_relics":[],"items_purged_floors":[4],"is_endless":false,"potions_floor_spawned":[8,10],"killed_by":"Lagavulin","ascension_level":8}}