{"host":"cvi30shpqg1ukvbr","time":1607901316,"event":{"mods":["Act Like it!","BaseMod","Better Altar","Better Match","Better Note","Better Sensory Stone","Better Skull","Better Third Choice","Conspire","GifTheSpireLib","Hubris","Infinite Spire","Minty Spire (QoL Compilation)","Relic Stats","Replay The Spire","Shop Mod","Spicy Shops","StSLib","Stuff the Spire"],"gold_per_floor":[362,375,375,387,8,37,37,37,60,60,87,103,133,143,143,143,143],"floor_reached":16,"playtime":487,"items_purged":[],"score":152,"play_id":"8430ac8f-b346-4b1c-9912-f9cd484bcb19","local_time":"20201214081516","is_ascension_mode":true,"campfire_choices":[{"data":"Armaments","floor":8,"key":"SMITH"},{"data":"conspire:Banana","floor":10,"key":"SMITH"},{"data":"Carnage","floor":15,"key":"SMITH"}],"circlet_count":0,"master_deck":["Strike_R","Strike_R","Strike_R","Strike_R","Strike_R","Defend_R+1","Defend_R","Defend_R+1","Defend_R","Bash","Wild Strike","Sword Boomerang","Regret","Sever Soul","conspire:Banana+1","Armaments+1","Flame Barrier","Carnage+1","True Grit","Body Slam+1"],"relics":["Burning Blood","War Paint","Champion Belt","infinitespire:Lucky Rock","StuffTheSpire:GrapeVine","Smiling Mask","Molten Egg 2"],"acts_visited":["Exordium"],"potions_floor_usage":[11,11,16],"damage_taken":[{"damage":5,"enemies":"Small Slimes","floor":1,"turns":3},{"damage":3,"enemies":"conspire:RoseBush","floor":2,"turns":2},{"damage":11,"enemies":"Jaw Worm","floor":4,"turns":2},{"damage":42,"enemies":"3 Sentries","floor":6,"turns":10},{"damage":0,"enemies":"Gremlin Nob","floor":11,"turns":2},{"damage":4,"enemies":"Blue Slaver","floor":12,"turns":3},{"damage":27,"enemies":"3 Sentries","floor":13,"turns":9},{"damage":8,"enemies":"conspire:2 RoseBushes","floor":14,"turns":5},{"damage":47,"enemies":"Slime Boss","floor":16,"turns":7}],"seed_played":"1572193254491165854","potions_obtained":[{"floor":4,"key":"FearPotion"},{"floor":6,"key":"SteroidPotion"},{"floor":13,"key":"SpeedPotion"},{"floor":14,"key":"Regen Potion"}],"is_trial":false,"path_per_floor":["M","M","?","M","$","E","?","R","T","R","E","M","E","M","R","B"],"character_chosen":"IRONCLAD","items_purchased":["Champion Belt","conspire:Banana"],"campfire_rested":0,"item_purchase_floors":[5,5],"current_hp_per_floor":[72,72,72,67,67,32,32,32,32,32,40,44,25,25,25,0,0],"gold":143,"neow_bonus":"TWO_FIFTY_GOLD","is_daily":false,"chose_seed":false,"campfire_upgraded":3,"win_rate":0.0,"timestamp":1607901316,"path_taken":["M","M","?","M","$","E","?","R","T","R","E","M","E","M","R","BOSS"],"items_purchased_type":["Relic","Card"],"build_version":"2020-11-30","purchased_purges":0,"victory":false,"max_hp_per_floor":[72,72,72,72,72,73,73,73,73,73,75,77,79,81,81,83,83],"relic_stats":{"counters":[9,43],"Champion Belt":[5],"War Paint":["Defend_R","Defend_R"],"Smiling Mask":0,"obtain_stats":[{"Molten Egg 2":13,"StuffTheSpire:GrapeVine":9,"Champion Belt":5,"infinitespire:Lucky Rock":6,"War Paint":3,"Smiling Mask":11,"Burning Blood":0},{"Molten Egg 2":7,"StuffTheSpire:GrapeVine":4,"Champion Belt":3,"infinitespire:Lucky Rock":4,"War Paint":2,"Smiling Mask":5,"Burning Blood":0},{"Molten Egg 2":31,"StuffTheSpire:GrapeVine":17,"Champion Belt":7,"infinitespire:Lucky Rock":17,"War Paint":5,"Smiling Mask":19,"Burning Blood":0}],"Burning Blood":44},"card_choices":[{"not_picked":["Perfected Strike","Iron Wave"],"picked":"Wild Strike","floor":1},{"not_picked":["Clash","True Grit"],"picked":"Sword Boomerang","floor":2},{"not_picked":["Replay:Undeath\u0027s Touch","Demonic Infusion"],"picked":"Sever Soul","floor":4},{"not_picked":["Replay:Undeath\u0027s Touch","Sword Boomerang"],"picked":"Armaments","floor":6},{"not_picked":["Pommel Strike","conspire:Charge"],"picked":"Flame Barrier","floor":11},{"not_picked":["Searing Blow","Warcry"],"picked":"Carnage","floor":12},{"not_picked":["StuffTheSpire:Pyroclast+1","Warcry"],"picked":"True Grit","floor":13},{"not_picked":["Armaments","Infernal Blade"],"picked":"Body Slam+1","floor":14}],"player_experience":1743142,"relics_obtained":[{"floor":6,"key":"infinitespire:Lucky Rock"},{"floor":9,"key":"StuffTheSpire:GrapeVine"},{"floor":11,"key":"Smiling Mask"},{"floor":13,"key":"Molten Egg 2"}],"event_choices":[{"damage_healed":0,"gold_gain":0,"player_choice":"Box","damage_taken":0,"relics_obtained":["War Paint"],"max_hp_gain":0,"max_hp_loss":0,"event_name":"Big Fish","floor":3,"gold_loss":0,"cards_obtained":["Regret"]}],"is_beta":false,"boss_relics":[],"items_purged_floors":[],"is_endless":false,"potions_floor_spawned":[4,6,13,14],"killed_by":"Slime Boss","ascension_level":1}}