{"host":"d43m95u7l79th215","time":1607880861,"event":{"mods":["BaseMod","Colored Map","Downfall","Friendly Minions","GungeonMod","Hermit","Hubris","Hunter ??","Jorbs\u0027s Wanderer Trilogy","Marisa????????","Minty Spire (QoL Compilation)","Quick Restart","Replay The Spire","StSLib","The Cursed","The Necromancer","The Servant 0.9.4","[IsaacMod]????","vexMod"],"gold_per_floor":[114,126,138,138,148,148,148],"floor_reached":6,"playtime":472,"items_purged":[],"score":40,"play_id":"41f9d2c8-0ad4-470f-9724-c9e3cfd8268c","local_time":"20201213183421","is_ascension_mode":true,"campfire_choices":[],"circlet_count":0,"master_deck":["Strike_G","Strike_G","Strike_G","Strike_G","Strike_G","Defend_G","Defend_G","Defend_G","Defend_G","Defend_G","Survivor","Neutralize","Dash","Deflect","Burst","Slice","Hidden Blade"],"relics":["Ring of the Snake","HushsDoor","Damocles","Guardian:PocketSentry","ReplayTheSpireMod:Ninjato","Omamori","Dead Branch"],"acts_visited":["Exordium"],"potions_floor_usage":[6],"damage_taken":[{"damage":0,"enemies":"Cultist","floor":1,"turns":4},{"damage":0,"enemies":"2 Louse","floor":2,"turns":3},{"damage":0,"enemies":"Small Slimes","floor":3,"turns":4},{"damage":0,"enemies":"Red Slaver","floor":5,"turns":3},{"damage":11,"enemies":"3 Sentries","floor":6,"turns":6}],"seed_played":"-5024568277607933095","potions_obtained":[{"floor":3,"key":"ColorlessPotion"}],"is_trial":false,"path_per_floor":["M","M","M","$","M","E"],"character_chosen":"THE_SILENT","items_purchased":[],"campfire_rested":0,"item_purchase_floors":[],"current_hp_per_floor":[70,70,70,70,70,0,0],"gold":148,"neow_bonus":"THREE_CARDS","is_daily":false,"chose_seed":false,"campfire_upgraded":0,"win_rate":0.0,"timestamp":1607880861,"path_taken":["M","M","M","?","M","E"],"items_purchased_type":[],"build_version":"2020-11-30","purchased_purges":0,"victory":false,"max_hp_per_floor":[70,70,70,70,70,70,70],"card_choices":[{"not_picked":["Blur","Underhanded Strike"],"picked":"Dash","floor":0},{"not_picked":["Dagger Throw","Slice"],"picked":"Deflect","floor":1},{"not_picked":["Sucker Punch","Flechettes"],"picked":"Burst","floor":2},{"not_picked":["Terror","Blur"],"picked":"Slice","floor":3},{"not_picked":["hubris:SlightOfHand","Outmaneuver"],"picked":"Hidden Blade","floor":5}],"player_experience":415269,"relics_obtained":[{"floor":1,"key":"Guardian:PocketSentry"},{"floor":2,"key":"ReplayTheSpireMod:Ninjato"},{"floor":3,"key":"Omamori"},{"floor":5,"key":"Dead Branch"}],"event_choices":[],"is_beta":false,"boss_relics":[],"items_purged_floors":[],"is_endless":false,"potions_floor_spawned":[3],"killed_by":"3 Sentries","ascension_level":1}}