{"host":"jak4ncvfzor9mys0","time":1607894708,"event":{"mods":["2.2 Compatiblity","AchievementEnabler","BaseMod","Better Altar","Better Match","Better Note","Better Sensory Stone","Better Skull","Better Third Choice","BetterRewards","Block Reminder","Colored Map","Colored Powertips","Energized Spire","Gold Saver","Hubris","Infinite Spire","Key Reminder","Minty Spire (QoL Compilation)","Rare Cards Sparkle","Red Circlet Mod","Relic Sorter","Relic Stats","Replay The Spire","Retaliation","StSLib","SuperFastMode","The Blue Laboratory"],"gold_per_floor":[427,124,134,9,74,74,87,87,157,157,157,168,188,220,220,316,316,330,43,57,57,74,74,74],"floor_reached":23,"playtime":583,"items_purged":["Strike_P","Strike_P","Strike_P"],"score":366,"play_id":"7ddd6024-8bac-4e51-ba0c-6c3e0d68b8b3","local_time":"20201213132508","is_ascension_mode":false,"campfire_choices":[{"data":"Eruption","floor":6,"key":"SMITH"},{"data":"BowlingBash","floor":8,"key":"SMITH"},{"data":"Consecrate","floor":10,"key":"SMITH"},{"data":"Vigilance","floor":15,"key":"SMITH"}],"circlet_count":0,"master_deck":["Strike_P","Defend_P","Defend_P","Defend_P","Defend_P","Eruption+1","Vigilance+1","BowlingBash+1","Consecrate+1","FearNoEvil+1","Replay:DivineShield","FlurryOfBlows"],"relics":["PureWater","Shuriken","HandDrill","Mummified Hand","energizedSpire:BlackCloud","Lizard Tail"],"acts_visited":["Exordium","TheCity"],"potions_floor_usage":[14,14,14,23,23],"damage_taken":[{"damage":0,"enemies":"Cultist","floor":1,"turns":2},{"damage":6,"enemies":"Jaw Worm","floor":3,"turns":3},{"damage":0,"enemies":"Small Slimes","floor":7,"turns":2},{"damage":0,"enemies":"3 Louse","floor":12,"turns":1},{"damage":2,"enemies":"Blue Slaver","floor":13,"turns":4},{"damage":0,"enemies":"Lagavulin","floor":14,"turns":2},{"damage":0,"enemies":"Fading Forest","floor":16,"turns":11},{"damage":0,"enemies":"Spheric Guardian","floor":18,"turns":3},{"damage":0,"enemies":"3 Byrds","floor":20,"turns":6},{"damage":4,"enemies":"Sentry and Sphere","floor":22,"turns":4},{"damage":116,"enemies":"Nightmare","floor":23,"turns":6}],"seed_played":"3663600200277687169","potions_obtained":[{"floor":11,"key":"Adrenaline Potion"},{"floor":11,"key":"blueLaboratory:EnragingPotion"},{"floor":11,"key":"LiquidBronze"},{"floor":16,"key":"BlessingOfTheForge"},{"floor":18,"key":"Ancient Potion"}],"is_trial":false,"path_per_floor":["M","$","M","$","?","R","M","R","T","R","?","M","M","E","R","B",null,"M","$","M","?","M","NM"],"character_chosen":"WATCHER","items_purchased":["BowlingBash","Consecrate","FearNoEvil+1","HandDrill","Lizard Tail"],"campfire_rested":0,"item_purchase_floors":[0,0,2,2,19],"current_hp_per_floor":[72,72,66,66,66,66,66,66,66,66,66,66,64,64,64,72,72,72,72,72,72,68,0,0],"gold":74,"neow_bonus":"","is_daily":false,"chose_seed":false,"campfire_upgraded":4,"win_rate":0.0,"timestamp":1607894708,"path_taken":["M","$","M","$","?","R","M","R","T","R","?","M","?","E","R","BOSS","M","$","M","?","?","NM"],"items_purchased_type":["Card","Card","Card","Relic","Relic"],"build_version":"2020-11-30","purchased_purges":3,"victory":false,"max_hp_per_floor":[72,72,72,72,72,72,72,72,72,72,72,72,72,72,72,72,72,72,72,72,72,72,72,72],"relic_stats":{"Lizard Tail":36,"counters":[37,160],"Shuriken":[11],"Mummified Hand":[0],"HandDrill":[10],"obtain_stats":[{"Incense Burner":12,"hubris:SlimyHat":14,"TeardropLocket":0,"ClockworkSouvenir":3,"Mercury Hourglass":9,"energizedSpire:BlackCloud":17,"Replay:Ringing Soul":19,"Lizard Tail":19,"infinitespire:Lychee Nut":28,"Mummified Hand":3,"Shuriken":14,"HolyWater":17,"Coffee Dripper":17,"HandDrill":2,"Membership Card":0,"PureWater":0,"Toxic Egg 2":26,"Kintsugi":34,"Replay:Wax Seal":10,"InkBottle":7,"hubris:Reverence":9,"hubris:BottledRain":3},{"Incense Burner":4,"hubris:SlimyHat":19,"TeardropLocket":12,"ClockworkSouvenir":14,"Mercury Hourglass":16,"energizedSpire:BlackCloud":33,"Replay:Ringing Soul":6,"Lizard Tail":34,"infinitespire:Lychee Nut":8,"Mummified Hand":14,"Shuriken":32,"HolyWater":20,"Coffee Dripper":5,"HandDrill":27,"Membership Card":12,"PureWater":0,"Toxic Egg 2":8,"Kintsugi":11,"Replay:Wax Seal":16,"InkBottle":16,"hubris:Reverence":3,"hubris:BottledRain":14},{"Incense Burner":11,"hubris:SlimyHat":89,"TeardropLocket":66,"ClockworkSouvenir":72,"Mercury Hourglass":80,"energizedSpire:BlackCloud":141,"Replay:Ringing Soul":26,"Lizard Tail":144,"infinitespire:Lychee Nut":36,"Mummified Hand":72,"Shuriken":130,"HolyWater":100,"Coffee Dripper":21,"HandDrill":118,"Membership Card":66,"PureWater":0,"Toxic Egg 2":36,"Kintsugi":62,"Replay:Wax Seal":80,"InkBottle":80,"hubris:Reverence":8,"hubris:BottledRain":72}]},"card_choices":[{"not_picked":["Replay:BluntJabs","Replay:ManipulateFuture","Collect"],"picked":"SKIP","floor":1},{"not_picked":["Indignation","WheelKick","Consecrate"],"picked":"SKIP","floor":3},{"not_picked":["Replay:ManipulateFuture","Prostrate","Replay:Cycle"],"picked":"SKIP","floor":7},{"not_picked":["FlyingSleeves","WaveOfTheHand","Ragnarok"],"picked":"SKIP","floor":12},{"not_picked":["FlyingSleeves","WheelKick","CrushJoints"],"picked":"SKIP","floor":13},{"not_picked":["Evaluate","CrushJoints","WheelKick"],"picked":"SKIP","floor":14},{"not_picked":["Replay:AtTheReady","Protect"],"picked":"Replay:DivineShield","floor":18},{"not_picked":["ThirdEye","Crescendo"],"picked":"FlurryOfBlows","floor":20},{"not_picked":["CutThroughFate","BowlingBash","Vengeance"],"picked":"SKIP","floor":22}],"player_experience":2596503,"relics_obtained":[{"floor":9,"key":"Mummified Hand"},{"floor":14,"key":"Shuriken"}],"event_choices":[{"damage_healed":0,"gold_gain":65,"player_choice":"Gained Gold","damage_taken":0,"max_hp_gain":0,"max_hp_loss":0,"event_name":"Golden Wing","floor":5,"gold_loss":0},{"damage_healed":0,"gold_gain":0,"player_choice":"Got Potions","damage_taken":0,"max_hp_gain":0,"max_hp_loss":0,"event_name":"Lab","floor":11,"gold_loss":0},{"cards_removed":["Strike_P"],"damage_healed":0,"gold_gain":0,"player_choice":"Give","damage_taken":0,"max_hp_gain":0,"max_hp_loss":0,"event_name":"betterNote:BetterNote","floor":21,"gold_loss":0,"cards_obtained":["Strike_P"]}],"is_beta":false,"boss_relics":[{"not_picked":["hubris:RunicObelisk","Calling Bell"],"picked":"energizedSpire:BlackCloud"}],"items_purged_floors":[0,2,4],"is_endless":false,"potions_floor_spawned":[3,12,16,18],"killed_by":"Nightmare","ascension_level":0}}