{"host":"6qo42zgaknezulyg","time":1607868711,"event":{"mods":["2.2 Compatiblity","BaseMod","Keyboard Shortcuts","Minty Spire (QoL Compilation)","Permanent Neow","Quick Restart","StSLib","SuperFastMode","The Cursed"],"gold_per_floor":[110,124,23,41,116,116,147,166,193,227,244,244,271,171,171,247,247,266,6,6,26,26,60,60,97,178,47,47,70,105,116,116,199,199,223,248,32,32,52,88,88,0,27,27,53,94,94,119,119,119],"floor_reached":51,"playtime":2421,"items_purged":["Writhe","TheCursedMod:Strike_TheCursed","TheCursedMod:Strike_TheCursed","TheCursedMod:Strike_TheCursed"],"score":1505,"play_id":"02c4925a-8161-4bce-b484-291e47e9ef0c","local_time":"20201213231151","is_ascension_mode":true,"campfire_choices":[{"data":"Apotheosis","floor":6.0,"key":"SMITH"},{"floor":12.0,"key":"REST"},{"data":"TheCursedMod:DoubleShield","floor":15.0,"key":"SMITH"},{"floor":24.0,"key":"REST"},{"floor":28.0,"key":"REST"},{"data":"TheCursedMod:VoidForm","floor":32.0,"key":"SMITH"},{"floor":41.0,"key":"REST"},{"floor":47.0,"key":"REST"},{"floor":49.0,"key":"REST"}],"circlet_count":0,"master_deck":["AscendersBane","TheCursedMod:Defend_TheCursed","TheCursedMod:Defend_TheCursed","TheCursedMod:Defend_TheCursed+1","TheCursedMod:Defend_TheCursed","TheCursedMod:CursedWand+1","TheCursedMod:CleanUpWorkshop","TheCursedMod:Dregs","Apotheosis+1","TheCursedMod:CursedAmulet","TheCursedMod:DoubleShield+1","TheCursedMod:SpitefulStrike","TheCursedMod:ReleasedStrength","TheCursedMod:TroublousMinions","TheCursedMod:ReleasedStrength","TheCursedMod:CursedStaff","TheCursedMod:VoidForm+1","TheCursedMod:SpitefulPlan","TheCursedMod:CursedArmor","TheCursedMod:CursedSpellbook+1","TheCursedMod:AbyssShockwave+1","TheCursedMod:Grudge+1","TheCursedMod:CursedRelics","TheCursedMod:Obscuration","TheCursedMod:CursedAmulet","TheCursedMod:WearCloak","TheCursedMod:BlessingInDisguise+1","TheCursedMod:RapidMovement+1","TheCursedMod:SoulCrush","TheCursedMod:CursedSpellbook+1","TheCursedMod:SpitefulPray+1"],"relics":["TheCursedMod:BlackMagic101","Bag of Marbles","Happy Flower","Centennial Puzzle","Potion Belt","Runic Dome","Membership Card","CeramicFish","War Paint","Letter Opener","Bottled Tornado","PreservedInsect","Whetstone","SlaversCollar","Blue Candle","Toxic Egg 2","Red Mask","Blood Vial","Question Card"],"acts_visited":["Exordium","TheCity","TheBeyond"],"potions_floor_usage":[50,50,50,50],"damage_taken":[{"damage":12.0,"enemies":"Small Slimes","floor":1.0,"turns":4.0},{"damage":3.0,"enemies":"Cultist","floor":2.0,"turns":6.0},{"damage":0.0,"enemies":"2 Louse","floor":4.0,"turns":3.0},{"damage":18.0,"enemies":"Gremlin Nob","floor":7.0,"turns":4.0},{"damage":9.0,"enemies":"Exordium Thugs","floor":8.0,"turns":6.0},{"damage":0.0,"enemies":"3 Sentries","floor":10.0,"turns":7.0},{"damage":0.0,"enemies":"Exordium Wildlife","floor":11.0,"turns":2.0},{"damage":0.0,"enemies":"Lagavulin","floor":13.0,"turns":6.0},{"damage":19.0,"enemies":"Slime Boss","floor":16.0,"turns":8.0},{"damage":5.0,"enemies":"Shell Parasite","floor":18.0,"turns":4.0},{"damage":2.0,"enemies":"Spheric Guardian","floor":21.0,"turns":4.0},{"damage":10.0,"enemies":"Book of Stabbing","floor":23.0,"turns":6.0},{"damage":19.0,"enemies":"Slavers","floor":25.0,"turns":5.0},{"damage":19.0,"enemies":"Book of Stabbing","floor":30.0,"turns":4.0},{"damage":6.0,"enemies":"Snake Plant","floor":31.0,"turns":3.0},{"damage":0.0,"enemies":"Collector","floor":33.0,"turns":6.0},{"damage":7.0,"enemies":"Orb Walker","floor":35.0,"turns":4.0},{"damage":6.0,"enemies":"3 Shapes","floor":36.0,"turns":4.0},{"damage":6.0,"enemies":"Spire Growth","floor":39.0,"turns":5.0},{"damage":24.0,"enemies":"Giant Head","floor":40.0,"turns":6.0},{"damage":1.0,"enemies":"Jaw Worm Horde","floor":45.0,"turns":3.0},{"damage":12.0,"enemies":"Nemesis","floor":46.0,"turns":7.0},{"damage":5.0,"enemies":"Writhing Mass","floor":48.0,"turns":5.0},{"damage":19,"enemies":"Donu and Deca","floor":50,"turns":6}],"seed_played":"314696661863675408","potions_obtained":[{"floor":7.0,"key":"SpeedPotion"},{"floor":10.0,"key":"Explosive Potion"},{"floor":11.0,"key":"EssenceOfSteel"},{"floor":20.0,"key":"LiquidBronze"},{"floor":20.0,"key":"Block Potion"},{"floor":20.0,"key":"EssenceOfSteel"},{"floor":21.0,"key":"CultistPotion"},{"floor":25.0,"key":"DuplicationPotion"},{"floor":30.0,"key":"Block Potion"},{"floor":39.0,"key":"Strength Potion"}],"is_trial":false,"path_per_floor":["M","M","$","M","?","R","E","M","T","E","M","R","E","$","R","B",null,"M","$","?","M","?","E","R","E","T","$","R","T","E","M","R","B",null,"M","M","$","?","M","E","R","?","T","?","M","E","R","M","R","B",null],"character_chosen":"THE_CURSED","items_purchased":["TheCursedMod:SpitefulStrike","Membership Card","TheCursedMod:SpitefulPlan","TheCursedMod:CursedArmor","Bottled Tornado","Blue Candle","TheCursedMod:WearCloak"],"campfire_rested":6,"item_purchase_floors":[3,19,19,19,27,37,37],"current_hp_per_floor":[52,49,49,49,38,38,20,11,11,11,11,32,32,32,32,13,57,52,52,52,50,50,40,61,42,42,42,63,63,44,38,38,38,63,56,50,50,50,44,20,40,40,40,40,41,31,51,48,67,48],"gold":119,"neow_bonus":"RANDOM_COLORLESS_2","is_daily":false,"chose_seed":false,"campfire_upgraded":3,"win_rate":0.0,"timestamp":1607868711,"path_taken":["M","M","$","M","?","R","E","M","T","E","M","R","E","$","R","BOSS","M","$","?","?","?","E","R","E","T","?","R","?","E","M","R","BOSS","M","M","$","?","M","E","R","?","T","?","?","E","R","M","R","BOSS"],"items_purchased_type":["Card","Relic","Card","Card","Relic","Relic","Card"],"build_version":"2020-11-30","purchased_purges":4,"victory":true,"max_hp_per_floor":[71,71,71,71,71,71,71,71,71,71,71,71,71,71,71,71,71,71,71,71,71,71,71,71,71,71,71,71,71,71,71,71,71,71,71,71,71,67,67,67,67,67,67,67,67,67,67,67,67,67],"card_choices":[{"not_picked":["Thinking Ahead","Master of Strategy"],"picked":"Apotheosis","floor":0.0},{"not_picked":["TheCursedMod:Evocation","TheCursedMod:SmokeScreen"],"picked":"TheCursedMod:CursedAmulet","floor":1.0},{"not_picked":["TheCursedMod:CursedBlade","TheCursedMod:SpitefulPray"],"picked":"TheCursedMod:DoubleShield","floor":2.0},{"not_picked":["TheCursedMod:PrepareRite","TheCursedMod:Stretching"],"picked":"TheCursedMod:ReleasedStrength","floor":4.0},{"not_picked":["TheCursedMod:FleshFromBone","TheCursedMod:ManaBullet","TheCursedMod:ParallelWorld"],"picked":"SKIP","floor":7.0},{"not_picked":["TheCursedMod:FleshFromBone","TheCursedMod:CircleOfCorruption","TheCursedMod:CircleOfFocus"],"picked":"SKIP","floor":8.0},{"not_picked":["TheCursedMod:FleshFromBone","TheCursedMod:CircleOfCorruption","TheCursedMod:CircleOfFocus"],"picked":"SKIP","floor":8.0},{"not_picked":["TheCursedMod:FleshFromBone","TheCursedMod:CircleOfCorruption","TheCursedMod:CircleOfFocus"],"picked":"SKIP","floor":8.0},{"not_picked":["TheCursedMod:RavingStaff","TheCursedMod:RapidMovement"],"picked":"TheCursedMod:TroublousMinions","floor":10.0},{"not_picked":["TheCursedMod:Stretching","TheCursedMod:SpitefulStrike"],"picked":"TheCursedMod:ReleasedStrength","floor":11.0},{"not_picked":["TheCursedMod:CircleOfCorruption","TheCursedMod:CursedArmor"],"picked":"TheCursedMod:CursedStaff","floor":13.0},{"not_picked":["TheCursedMod:Neurasthenia","TheCursedMod:UltimatePain"],"picked":"TheCursedMod:VoidForm","floor":16.0},{"not_picked":["TheCursedMod:CircleOfFocus","TheCursedMod:SmokeScreen","TheCursedMod:Evocation"],"picked":"SKIP","floor":18.0},{"not_picked":["TheCursedMod:HellsGateOpen","TheCursedMod:SmokeScreen"],"picked":"TheCursedMod:CursedSpellbook","floor":21.0},{"not_picked":["TheCursedMod:TroublousMinions","TheCursedMod:FuryStrike","TheCursedMod:HellfireBreathing"],"picked":"SKIP","floor":23.0},{"not_picked":["TheCursedMod:CursedAmulet","TheCursedMod:CursedShiv"],"picked":"TheCursedMod:AbyssShockwave+1","floor":25.0},{"not_picked":["TheCursedMod:RapidMovement","TheCursedMod:Obscuration"],"picked":"TheCursedMod:Grudge+1","floor":30.0},{"not_picked":["TheCursedMod:Mangle","TheCursedMod:Torture","TheCursedMod:CursedBlade"],"picked":"SKIP","floor":31.0},{"not_picked":["TheCursedMod:CircleOfAbyss","TheCursedMod:ParallelWorld"],"picked":"TheCursedMod:CursedRelics","floor":33.0},{"not_picked":["TheCursedMod:Stretching","TheCursedMod:Wield"],"picked":"TheCursedMod:Obscuration","floor":35.0},{"not_picked":["TheCursedMod:Torture","TheCursedMod:RavingStaff"],"picked":"TheCursedMod:CursedAmulet","floor":36.0},{"not_picked":["TheCursedMod:AbyssShockwave","TheCursedMod:TacticalStrike"],"picked":"TheCursedMod:BlessingInDisguise+1","floor":39.0},{"not_picked":["TheCursedMod:Stretching+1","TheCursedMod:ParallelWorld+1"],"picked":"TheCursedMod:RapidMovement+1","floor":40.0},{"not_picked":["TheCursedMod:FleshFromBone+1","TheCursedMod:VitalStrike"],"picked":"TheCursedMod:SoulCrush","floor":45.0},{"not_picked":["TheCursedMod:BlessingInDisguise+1","TheCursedMod:SurpriseAttack+1"],"picked":"TheCursedMod:CursedSpellbook+1","floor":46.0},{"not_picked":["TheCursedMod:Torture+1","TheCursedMod:CircleOfFocus+1","TheCursedMod:BloodBarrier+1"],"picked":"TheCursedMod:SpitefulPray+1","floor":48.0}],"player_experience":771071,"relics_obtained":[{"floor":7.0,"key":"Bag of Marbles"},{"floor":9.0,"key":"Happy Flower"},{"floor":10.0,"key":"Centennial Puzzle"},{"floor":13.0,"key":"Potion Belt"},{"floor":23.0,"key":"CeramicFish"},{"floor":25.0,"key":"War Paint"},{"floor":26.0,"key":"Letter Opener"},{"floor":29.0,"key":"PreservedInsect"},{"floor":30.0,"key":"Whetstone"},{"floor":40.0,"key":"Toxic Egg 2"},{"floor":43.0,"key":"Blood Vial"},{"floor":46.0,"key":"Question Card"}],"event_choices":[{"damage_healed":0.0,"max_hp_gain":0.0,"max_hp_loss":0.0,"gold_gain":75.0,"event_name":"World of Goop","player_choice":"Gather Gold","floor":5.0,"gold_loss":0.0,"damage_taken":11.0},{"damage_healed":0.0,"max_hp_gain":0.0,"max_hp_loss":0.0,"gold_gain":0.0,"event_name":"Lab","player_choice":"Got Potions","floor":20.0,"gold_loss":0.0,"damage_taken":0.0},{"damage_healed":0.0,"max_hp_gain":0.0,"max_hp_loss":0.0,"gold_gain":0.0,"event_name":"The Mausoleum","player_choice":"Ignored","floor":22.0,"gold_loss":0.0,"damage_taken":0.0},{"damage_healed":0.0,"max_hp_gain":0.0,"max_hp_loss":4.0,"gold_gain":0.0,"event_name":"Winding Halls","player_choice":"Max HP","floor":38.0,"gold_loss":0.0,"damage_taken":0.0},{"damage_healed":0.0,"max_hp_gain":0.0,"max_hp_loss":0.0,"gold_gain":0.0,"event_name":"Tomb of Lord Red Mask","player_choice":"Paid","floor":42.0,"gold_loss":88.0,"damage_taken":0.0,"relics_obtained":["Red Mask"]},{"cards_removed":["TheCursedMod:Strike_TheCursed"],"damage_healed":0.0,"max_hp_gain":0.0,"max_hp_loss":0.0,"gold_gain":0.0,"event_name":"Purifier","player_choice":"Purged","floor":44.0,"gold_loss":0.0,"damage_taken":0.0}],"is_beta":false,"boss_relics":[{"not_picked":["Runic Pyramid","Coffee Dripper"],"picked":"Runic Dome"},{"not_picked":["Snecko Eye","TheCursedMod:FourLeafCloverCharm"],"picked":"SlaversCollar"}],"items_purged_floors":[3,14,19,37],"is_endless":false,"potions_floor_spawned":[7,10,11,21,25,30,36,39,46],"ascension_level":14}}