{"host":"ljavmhyz2e552xgo","time":1607847083,"event":{"mods":["BaseMod","Better Third Choice","Downfall","Friendly Minions","Minty Spire (QoL Compilation)","Permanent Neow","Spicy Shops","StSLib"],"gold_per_floor":[99,113,133,146,156,156,156,156,256,289,301,301,476,476,494,597,597,522,534,549,583,599,3,3,3,23,23,12,12,27,37,47,146,146,146,196,121,152,164,191,191,191,211,211,211,264,274,285,299,299],"floor_reached":51,"playtime":6330,"items_purged":["Doubt"],"score":883,"play_id":"142ac00f-f17e-4804-ac18-e5c9feea33b8","local_time":"20201213021123","is_ascension_mode":false,"campfire_choices":[{"data":"sneckomod:TailWhip","floor":1.0,"key":"SMITH"},{"data":"sneckomod:SnekBite","floor":6.0,"key":"SMITH"},{"data":"sneckomod:SoulDraw","floor":8.0,"key":"SMITH"},{"data":"sneckomod:MorePower","floor":18.0,"key":"SMITH"},{"floor":27.0,"key":"REST"},{"floor":35,"key":"RECALL"},{"data":"sneckomod:UnknownRarePower","floor":37,"key":"SMITH"},{"floor":44,"key":"REST"}],"circlet_count":0,"master_deck":["sneckomod:Strike","sneckomod:Defend","sneckomod:Defend","sneckomod:TailWhip+1","sneckomod:SnekBite+1","sneckomod:Unknown","sneckomod:Unknown","sneckomod:UnknownBlock","sneckomod:UnknownUncommonSkill+1","sneckomod:SoulDraw+1","sneckomod:Mudshield","sneckomod:UnknownRareSkill+1","sneckomod:UnknownClassGREEN+1","sneckomod:UnknownBlock+1","sneckomod:MorePower+1","sneckomod:UnknownColorless+1","sneckomod:QuickMove+1","sneckomod:SnakeSap+1","sneckomod:UnknownRareSkill+1","sneckomod:SnakeSap+1","sneckomod:UnknownUncommonAttack+1","sneckomod:QuickMove+1","sneckomod:Unknown3Cost+1","sneckomod:CheapStock+1","expansioncontent:Collect","sneckomod:Nope+1","sneckomod:UnknownRarePower+1","sneckomod:UnknownRareAttack+1","sneckomod:UnknownBlock+1","sneckomod:SnekBeam","sneckomod:CheapStock","sneckomod:UnknownRarePower+1","sneckomod:Unknown3Cost+1","sneckomod:UnknownDexterity+1","sneckomod:Unknown2Cost+1","sneckomod:Restock+1","sneckomod:SoulRoll+1","sneckomod:UnknownRarePower+1","sneckomod:UnknownRareSkill+1","sneckomod:UnknownRarePower","sneckomod:QuickMove+1","sneckomod:SoulDraw+1","sneckomod:MorePower"],"relics":["sneckomod:SneckoSoul","Happy Flower","Shuriken","Toxic Egg 2","Snecko Eye","downfall:HeartBlessingGreen","Regal Pillow","HandDrill","Mercury Hourglass","downfall:KnowingSkull","sneckomod:ConfusingCodex","Empty Cage","Pocketwatch","downfall:HeartBlessingRed","Thread and Needle","Anchor","Lizard Tail"],"acts_visited":["Exordium","TheCity","TheBeyond"],"potions_floor_usage":[33,33,36,36,40,45,50,50],"damage_taken":[{"damage":7.0,"enemies":"Jaw Worm","floor":2.0,"turns":3.0},{"damage":0.0,"enemies":"Small Slimes","floor":3.0,"turns":3.0},{"damage":0.0,"enemies":"2 Louse","floor":4.0,"turns":3.0},{"damage":9.0,"enemies":"Red Slaver","floor":5.0,"turns":3.0},{"damage":55.0,"enemies":"3 Sentries","floor":10.0,"turns":13.0},{"damage":3.0,"enemies":"Large Slime","floor":11.0,"turns":3.0},{"damage":2.0,"enemies":"2 Fungi Beasts","floor":15.0,"turns":4.0},{"damage":14.0,"enemies":"downfall:Ironclad","floor":16.0,"turns":6.0},{"damage":0.0,"enemies":"3 Byrds","floor":19.0,"turns":7.0},{"damage":27.0,"enemies":"Spheric Guardian","floor":20.0,"turns":5.0},{"damage":9.0,"enemies":"Book of Stabbing","floor":21.0,"turns":7.0},{"damage":10.0,"enemies":"Shelled Parasite and Fungi","floor":22.0,"turns":5.0},{"damage":0.0,"enemies":"downfall:FleeingMerchant","floor":23.0,"turns":4.0},{"damage":7.0,"enemies":"3 Cultists","floor":26.0,"turns":3.0},{"damage":5.0,"enemies":"downfall:FleeingMerchant","floor":28.0,"turns":2.0},{"damage":4.0,"enemies":"Snake Plant","floor":30.0,"turns":3.0},{"damage":5.0,"enemies":"Chosen and Byrds","floor":31.0,"turns":3.0},{"damage":4.0,"enemies":"Shelled Parasite and Fungi","floor":32.0,"turns":3.0},{"damage":20,"enemies":"downfall:Silent","floor":33,"turns":6},{"damage":5,"enemies":"Mind Bloom Boss Battle","floor":36,"turns":3},{"damage":5,"enemies":"Reptomancer","floor":38,"turns":5},{"damage":7,"enemies":"3 Darklings","floor":39,"turns":2},{"damage":21,"enemies":"Giant Head","floor":40,"turns":8},{"damage":1,"enemies":"3 Shapes","floor":43,"turns":3},{"damage":1,"enemies":"Sphere and 2 Shapes","floor":45,"turns":3},{"damage":5,"enemies":"Transient","floor":47,"turns":5},{"damage":1,"enemies":"3 Darklings","floor":48,"turns":1},{"damage":1,"enemies":"Jaw Worm Horde","floor":49,"turns":2},{"damage":4,"enemies":"downfall:Watcher","floor":50,"turns":5}],"seed_played":"8903259858651577389","potions_obtained":[{"floor":10.0,"key":"Block Potion"},{"floor":11.0,"key":"AttackPotion"},{"floor":15.0,"key":"SpeedPotion"},{"floor":20.0,"key":"Swift Potion"},{"floor":21.0,"key":"SteroidPotion"},{"floor":32.0,"key":"SmokeBomb"},{"floor":33,"key":"hexamod:EctoCoolerPotion"},{"floor":36,"key":"Fruit Juice"}],"is_trial":false,"path_per_floor":["R","M","M","M","M","R","T","R","?","E","M","?","?","?","M","B",null,"R","M","M","E","M","$","T","?","M","R","$","$","M","M","M","B",null,"R","?","R","E","M","E","T","?","M","R","M","?","M","M","M","B",null],"character_chosen":"THE_SNECKO","items_purchased":["HandDrill","Swift Potion","EssenceOfSteel","expansioncontent:Collect","sneckomod:Nope+1","sneckomod:UnknownRarePower","sneckomod:ConfusingCodex","sneckomod:CheapStock"],"campfire_rested":2,"item_purchase_floors":[23,23,23,23,23,23,28,28],"current_hp_per_floor":[90,84,85,85,76,76,76,76,76,22,20,51,51,51,50,36,95,95,96,74,82,73,75,75,68,63,102,97,97,93,89,86,68,106,106,106,106,107,100,81,81,82,89,118,117,117,112,111,110,106],"gold":299,"neow_bonus":"RANDOM_COMMON_RELIC","is_daily":false,"chose_seed":false,"campfire_upgraded":5,"win_rate":0.0,"timestamp":1607847083,"path_taken":["R","M","M","M","M","R","T","R","?","E","M","?","?","?","M","BOSS","R","M","M","E","M","?","T","?","M","R","$","$","M","?","M","BOSS","R","?","R","E","M","E","T","?","M","R","?","?","M","M","M","BOSS"],"items_purchased_type":["Relic","Potion","Potion","Card","Card","Card","Relic","Card"],"build_version":"2020-11-30","purchased_purges":1,"victory":true,"max_hp_per_floor":[90,91,92,92,92,92,92,92,92,93,94,94,94,94,95,95,95,95,96,96,97,98,100,100,100,102,102,102,102,102,103,104,106,106,106,111,111,111,111,113,113,114,118,118,118,118,118,118,118,118],"card_choices":[{"not_picked":["sneckomod:DiceCrush","sneckomod:DiceBoulder"],"picked":"sneckomod:UnknownBlock","floor":2.0},{"not_picked":["sneckomod:UnknownVulnerable","sneckomod:DiceBlock"],"picked":"sneckomod:UnknownUncommonSkill","floor":3.0},{"not_picked":["sneckomod:SoulCleanse","sneckomod:ImprovisedGuard"],"picked":"sneckomod:SoulDraw","floor":4.0},{"not_picked":["sneckomod:SlitherStrike","sneckomod:UnknownCommonAttack"],"picked":"sneckomod:Mudshield","floor":5.0},{"not_picked":["sneckomod:IronFang","sneckomod:UnknownWeak+1"],"picked":"sneckomod:UnknownRareSkill+1","floor":10.0},{"not_picked":["sneckomod:DefensiveFlair+1","sneckomod:Unknown1Cost+1"],"picked":"sneckomod:UnknownClassGREEN+1","floor":11.0},{"not_picked":["sneckomod:UnknownClassTHE_CHAMP_GRAY+1","sneckomod:MasterEye"],"picked":"sneckomod:UnknownBlock+1","floor":15.0},{"not_picked":["sneckomod:UnknownRareAttack","sneckomod:SoulExchange+1"],"picked":"sneckomod:MorePower","floor":16.0},{"not_picked":["sneckomod:UnknownExhaust+1","sneckomod:UnknownEthereal+1"],"picked":"sneckomod:UnknownColorless+1","floor":19.0},{"not_picked":["sneckomod:IronFang+1","sneckomod:UnknownVulnerable+1"],"picked":"sneckomod:QuickMove+1","floor":19.0},{"not_picked":["sneckomod:UnknownBlock+1","sneckomod:UnknownWeak+1"],"picked":"sneckomod:SnakeSap+1","floor":20.0},{"not_picked":["sneckomod:UnknownStrength+1","sneckomod:UnknownClassRED+1"],"picked":"sneckomod:UnknownRareSkill+1","floor":21.0},{"not_picked":["sneckomod:Unknown2Cost+1","sneckomod:QuickMove+1"],"picked":"sneckomod:SnakeSap+1","floor":21.0},{"not_picked":["sneckomod:UnknownCommonAttack+1","sneckomod:Unknown+1"],"picked":"sneckomod:UnknownUncommonAttack+1","floor":22.0},{"not_picked":["sneckomod:UnknownClassRED+1","sneckomod:Unknown0Cost+1"],"picked":"sneckomod:QuickMove+1","floor":22.0},{"not_picked":["sneckomod:UnknownDexterity+1","sneckomod:UnknownClassGREEN+1"],"picked":"sneckomod:Unknown3Cost+1","floor":23.0},{"not_picked":["sneckomod:UnknownClassGREEN+1","sneckomod:UnknownEthereal+1"],"picked":"sneckomod:CheapStock+1","floor":23.0},{"not_picked":["sneckomod:UnknownDexterity+1","sneckomod:UnknownEthereal+1"],"picked":"sneckomod:UnknownRareAttack+1","floor":26.0},{"not_picked":["sneckomod:UnknownCommonSkill+1","sneckomod:UnknownX+1"],"picked":"sneckomod:UnknownBlock+1","floor":26.0},{"not_picked":["sneckomod:Unknown1Cost+1","sneckomod:UnknownStrike+1"],"picked":"sneckomod:SnekBeam","floor":28.0},{"not_picked":["sneckomod:Unknown0Cost+1","sneckomod:SlitherStrike","sneckomod:UnknownClassSLIMEBOUND+1"],"picked":"SKIP","floor":30.0},{"not_picked":["sneckomod:UnknownVulnerable+1","sneckomod:UnknownCommonSkill+1"],"picked":"sneckomod:UnknownRarePower+1","floor":31.0},{"not_picked":["sneckomod:UnknownStrike","sneckomod:UnknownClassTHE_CHAMP_GRAY+1"],"picked":"sneckomod:Unknown3Cost+1","floor":32.0},{"not_picked":["sneckomod:UnknownUncommonAttack+1","sneckomod:UnknownClassPURPLE+1"],"picked":"sneckomod:UnknownDexterity+1","floor":33},{"not_picked":["sneckomod:UnknownClassTHE_CHAMP_GRAY+1","sneckomod:UnknownUncommonSkill+1"],"picked":"sneckomod:Unknown2Cost+1","floor":33},{"not_picked":["sneckomod:UnknownRarePower","sneckomod:Unknown3Cost+1"],"picked":"sneckomod:Restock+1","floor":33},{"not_picked":["sneckomod:UnknownCommonSkill+1","sneckomod:UnknownClassHEXA_GHOST_PURPLE+1","sneckomod:UnknownUncommonAttack"],"picked":"SKIP","floor":38},{"not_picked":["sneckomod:Nope+1","sneckomod:SnakeSap"],"picked":"sneckomod:SoulRoll+1","floor":39},{"not_picked":["sneckomod:Unknown+1","sneckomod:UnknownUncommonSkill+1"],"picked":"sneckomod:UnknownRarePower+1","floor":40},{"not_picked":["sneckomod:UnknownClassGREEN+1","sneckomod:UnknownCommonAttack"],"picked":"sneckomod:UnknownRareSkill+1","floor":40},{"not_picked":["sneckomod:UnknownClassHEXA_GHOST_PURPLE+1","sneckomod:UnknownWeak+1"],"picked":"sneckomod:QuickMove+1","floor":43},{"not_picked":["sneckomod:UnknownWeak+1","sneckomod:UnknownExhaust+1"],"picked":"sneckomod:SoulDraw+1","floor":47},{"not_picked":["sneckomod:UnknownCommonSkill+1","sneckomod:UnknownClassBLUE+1","sneckomod:UnknownClassTHE_CHAMP_GRAY+1"],"picked":"SKIP","floor":47},{"not_picked":["sneckomod:Unknown0Cost+1","sneckomod:SoulRoll+1"],"picked":"sneckomod:MorePower","floor":48},{"not_picked":["sneckomod:UnknownVulnerable+1","sneckomod:DiceCrush+1","sneckomod:SoulRoll+1"],"picked":"SKIP","floor":49}],"player_experience":1386322,"relics_obtained":[{"floor":7.0,"key":"Shuriken"},{"floor":10.0,"key":"Toxic Egg 2"},{"floor":21.0,"key":"Regal Pillow"},{"floor":24.0,"key":"Mercury Hourglass"},{"floor":36,"key":"Pocketwatch"},{"floor":38,"key":"Thread and Needle"},{"floor":40,"key":"Anchor"},{"floor":41,"key":"Lizard Tail"}],"event_choices":[{"damage_healed":31.0,"max_hp_gain":0.0,"max_hp_loss":0.0,"gold_gain":0.0,"event_name":"Big Fish","player_choice":"Banana","floor":12.0,"gold_loss":0.0,"damage_taken":0.0},{"damage_healed":0.0,"max_hp_gain":0.0,"max_hp_loss":0.0,"gold_gain":0.0,"event_name":"Accursed Blacksmith","player_choice":"Forge","floor":14.0,"gold_loss":0.0,"damage_taken":0.0,"cards_upgraded":["sneckomod:UnknownUncommonSkill"]},{"damage_healed":0,"gold_gain":0,"cards_transformed":["sneckomod:Strike"],"player_choice":"Transformed","damage_taken":0,"max_hp_gain":0,"max_hp_loss":0,"event_name":"Transmorgrifier","floor":42,"gold_loss":0,"cards_obtained":["sneckomod:UnknownRarePower"]}],"is_beta":false,"boss_relics":[{"not_picked":["Philosopher\u0027s Stone","Runic Dome"],"picked":"Snecko Eye"},{"not_picked":["Calling Bell","Astrolabe"],"picked":"Empty Cage"}],"items_purged_floors":[23],"is_endless":false,"potions_floor_spawned":[10,11,15,20,21,31,32,33,36,40,45,48,49],"ascension_level":0}}