{"host":"q9718omregw4er46","time":1607891099,"event":{"mods":["BaseMod","Bestiary","Colored Powertips","Custom Start","Highlight Path","Minty Spire (QoL Compilation)","Practice Mode","Quick Restart","Relic Stats"],"gold_per_floor":[109,109,184,197,197,231,231,259,306,316,316,146,162,176,176,250,250,263,278,278,278,291,302,302,46,99,24,57,57,91,101,101,172,172,216,258,294,294,294,322,322,378,378,422,462,462,516,94,94,94,94,94,16,41,41],"floor_reached":56,"playtime":2910,"items_purged":["Defend_P","Strike_P+1"],"score":2392,"play_id":"54e7304a-1ee2-4726-8c5f-36b9f57f6242","local_time":"20201214012459","is_ascension_mode":true,"campfire_choices":[{"data":"Eruption","floor":7.0,"key":"SMITH"},{"data":"Conclude","floor":11,"key":"SMITH"},{"floor":15,"key":"REST"},{"floor":24,"key":"REST"},{"floor":29,"key":"REST"},{"floor":32,"key":"RECALL"},{"floor":41,"key":"REST"},{"floor":46,"key":"REST"},{"floor":49,"key":"REST"},{"floor":52,"key":"REST"}],"circlet_count":0,"master_deck":["AscendersBane","Strike_P+1","Defend_P+1","Eruption+1","Vigilance+1","Halt+1","Consecrate+1","Blasphemy+1","Conclude+1","EmptyMind+1","FlurryOfBlows","LessonLearned+1","DevaForm+1","Ghostly+1","Ghostly","Ghostly+1","DeceiveReality+1","LessonLearned+1","Judgement+1","TalkToTheHand","Wallop+1","LikeWater+1","FlurryOfBlows+1","PathToVictory+1","Omniscience","TalkToTheHand+1","Fasting2+1","Wish","CutThroughFate","Bandage Up","Worship","Fasting2+1","Fasting2+1","Scrawl","Fasting2+1","Wireheading"],"relics":["Runic Pyramid","Regal Pillow","Ancient Tea Set","Dream Catcher","Fusion Hammer","Nunchaku","MealTicket","StrikeDummy","SlaversCollar","Mummified Hand","TungstenRod","Mercury Hourglass","Sling","Strawberry"],"acts_visited":["Exordium","TheCity","TheBeyond","TheEnding"],"potions_floor_usage":[8,16,16,23,30,35,44,50,55],"damage_taken":[{"damage":0.0,"enemies":"2 Louse","floor":1.0,"turns":4.0},{"damage":2.0,"enemies":"Jaw Worm","floor":4.0,"turns":3.0},{"damage":0.0,"enemies":"Lagavulin","floor":6.0,"turns":5.0},{"damage":0,"enemies":"Gremlin Nob","floor":8,"turns":2},{"damage":0,"enemies":"Small Slimes","floor":10,"turns":3},{"damage":0,"enemies":"2 Fungi Beasts","floor":13,"turns":2},{"damage":0,"enemies":"Exordium Thugs","floor":14,"turns":3},{"damage":31,"enemies":"The Guardian","floor":16,"turns":9},{"damage":7,"enemies":"2 Thieves","floor":18,"turns":2},{"damage":7,"enemies":"3 Byrds","floor":19,"turns":4},{"damage":3,"enemies":"3 Cultists","floor":22,"turns":5},{"damage":6,"enemies":"Snake Plant","floor":23,"turns":5},{"damage":5,"enemies":"Gremlin Leader","floor":28,"turns":7},{"damage":0,"enemies":"Book of Stabbing","floor":30,"turns":7},{"damage":3,"enemies":"Cultist and Chosen","floor":31,"turns":6},{"damage":29,"enemies":"Collector","floor":33,"turns":11},{"damage":10,"enemies":"Orb Walker","floor":35,"turns":4},{"damage":5,"enemies":"3 Shapes","floor":36,"turns":8},{"damage":3,"enemies":"Jaw Worm Horde","floor":37,"turns":5},{"damage":1,"enemies":"Giant Head","floor":40,"turns":10},{"damage":4,"enemies":"Nemesis","floor":42,"turns":7},{"damage":2,"enemies":"Transient","floor":44,"turns":6},{"damage":0,"enemies":"3 Darklings","floor":45,"turns":6},{"damage":0,"enemies":"Giant Head","floor":47,"turns":7},{"damage":10,"enemies":"Donu and Deca","floor":50,"turns":8},{"damage":11,"enemies":"Shield and Spear","floor":54,"turns":6},{"damage":5,"enemies":"The Heart","floor":55,"turns":9}],"seed_played":"8131116619441032050","potions_obtained":[{"floor":1.0,"key":"BottledMiracle"},{"floor":4.0,"key":"Explosive Potion"},{"floor":14,"key":"SteroidPotion"},{"floor":16,"key":"Dexterity Potion"},{"floor":22,"key":"ColorlessPotion"},{"floor":28,"key":"DistilledChaos"},{"floor":33,"key":"ColorlessPotion"},{"floor":35,"key":"LiquidBronze"},{"floor":40,"key":"AttackPotion"},{"floor":45,"key":"SkillPotion"},{"floor":47,"key":"FearPotion"},{"floor":54,"key":"DuplicationPotion"}],"is_trial":false,"path_per_floor":["M","?","?","M","?","E","R","E","T","M","R","$","M","M","R","B",null,"M","M","?","?","M","M","R","$","T","?","E","R","E","M","R","B",null,"M","M","M","?","?","E","R","E","T","M","M","R","E","$","R","B",null,"R","$","E","B",null],"character_chosen":"WATCHER","items_purchased":["EmptyMind","FlurryOfBlows","Wallop","LikeWater","Sling","Scrawl","Fasting2","Wireheading"],"campfire_rested":7,"item_purchase_floors":[12,12,25,25,48,48,48,53],"current_hp_per_floor":[61,41,30,28,21,21,21,21,21,21,21,21,21,21,56,25,57,50,43,34,34,31,25,34,34,34,34,29,34,34,31,31,2,26,16,11,8,8,8,11,34,34,34,34,34,34,34,34,34,28,33,34,34,30,29],"gold":41,"neow_bonus":"BOSS_RELIC","is_daily":false,"chose_seed":false,"campfire_upgraded":2,"win_rate":0.0,"timestamp":1607891099,"path_taken":["M","?","?","M","?","E","R","E","T","M","R","$","M","M","R","BOSS","M","M","?","?","M","M","R","$","T","?","E","R","E","M","R","BOSS","M","M","M","?","?","E","R","E","T","?","M","R","E","$","R","BOSS","R","$","E","BOSS"],"items_purchased_type":["Card","Card","Card","Card","Relic","Card","Card","Card"],"build_version":"2020-11-30","purchased_purges":2,"victory":true,"max_hp_per_floor":[68,68,68,68,68,68,68,68,68,68,68,68,68,68,68,68,68,68,68,34,34,34,34,34,34,34,34,34,34,34,34,34,34,34,34,34,34,34,34,34,34,34,34,34,34,34,34,34,34,34,34,34,34,41,41],"relic_stats":{"Regal Pillow":28,"Dream Catcher":7,"Nunchaku":[25],"counters":[27,154],"Mummified Hand":[46],"MealTicket":0,"obtain_stats":[{"Regal Pillow":6,"Ancient Tea Set":8,"Sling":48,"Mercury Hourglass":47,"SlaversCollar":34,"Dream Catcher":9,"Nunchaku":26,"Mummified Hand":40,"Strawberry":54,"MealTicket":28,"Fusion Hammer":17,"PureWater":0,"StrikeDummy":30,"TungstenRod":42,"Runic Pyramid":0},{"Regal Pillow":3,"Ancient Tea Set":4,"Sling":24,"Mercury Hourglass":24,"SlaversCollar":16,"Dream Catcher":4,"Nunchaku":12,"Mummified Hand":20,"Strawberry":26,"MealTicket":13,"Fusion Hammer":8,"PureWater":0,"StrikeDummy":14,"TungstenRod":21,"Runic Pyramid":0},{"Regal Pillow":12,"Ancient Tea Set":14,"Sling":131,"Mercury Hourglass":131,"SlaversCollar":78,"Dream Catcher":14,"Nunchaku":47,"Mummified Hand":105,"Strawberry":145,"MealTicket":54,"Fusion Hammer":31,"PureWater":0,"StrikeDummy":61,"TungstenRod":112,"Runic Pyramid":0}],"TungstenRod":26,"Mercury Hourglass":[58]},"card_choices":[{"not_picked":["Meditate","PathToVictory"],"picked":"Halt","floor":1.0},{"not_picked":["CutThroughFate","DeceiveReality"],"picked":"Consecrate","floor":4.0},{"not_picked":["ClearTheMind","Consecrate"],"picked":"Blasphemy","floor":6.0},{"not_picked":["PathToVictory","FlyingSleeves","ClearTheMind"],"picked":"SKIP","floor":8},{"not_picked":["FlyingSleeves","Protect"],"picked":"Conclude","floor":10},{"not_picked":["WaveOfTheHand","Prostrate","Evaluate"],"picked":"SKIP","floor":13},{"not_picked":["ClearTheMind","WaveOfTheHand"],"picked":"LessonLearned","floor":14},{"not_picked":["EmptyBody","Halt"],"picked":"SignatureMove","floor":15},{"not_picked":["Scrawl","Brilliance"],"picked":"DevaForm","floor":16},{"not_picked":["FlurryOfBlows","Collect","CrushJoints"],"picked":"SKIP","floor":18},{"not_picked":["ThirdEye","FlurryOfBlows","ClearTheMind"],"picked":"SKIP","floor":19},{"not_picked":["WindmillStrike","FlyingSleeves","BowlingBash+1"],"picked":"SKIP","floor":22},{"not_picked":["JustLucky","Crescendo"],"picked":"Judgement","floor":23},{"not_picked":["FollowUp","InnerPeace"],"picked":"TalkToTheHand","floor":24},{"not_picked":["Wallop+1","EmptyFist"],"picked":"Omniscience","floor":28},{"not_picked":["Protect","Halt"],"picked":"TalkToTheHand","floor":29},{"not_picked":["JustLucky+1","ReachHeaven","SandsOfTime"],"picked":"SKIP","floor":30},{"not_picked":["Conclude","Prostrate"],"picked":"Fasting2","floor":31},{"not_picked":["DeusExMachina","Blasphemy"],"picked":"Wish","floor":33},{"not_picked":["ClearTheMind","EmptyBody"],"picked":"CutThroughFate","floor":35},{"not_picked":["ThirdEye","Pray","Vengeance"],"picked":"SKIP","floor":36},{"not_picked":["CutThroughFate","Consecrate+1","Evaluate"],"picked":"SKIP","floor":37},{"not_picked":["Impatience","Flash of Steel"],"picked":"Bandage Up","floor":39},{"not_picked":["CrushJoints+1","Consecrate"],"picked":"Worship","floor":40},{"not_picked":["Meditate","InnerPeace"],"picked":"Fasting2+1","floor":42},{"not_picked":["WaveOfTheHand","Prostrate","EmptyFist+1"],"picked":"SKIP","floor":44},{"not_picked":["CarveReality+1","ThirdEye","Weave"],"picked":"SKIP","floor":45},{"not_picked":["FollowUp","Sanctity"],"picked":"Fasting2+1","floor":47},{"not_picked":["BattleHymn","CarveReality","BowlingBash+1"],"picked":"SKIP","floor":54}],"player_experience":1006434,"relics_obtained":[{"floor":6.0,"key":"Regal Pillow"},{"floor":8,"key":"Ancient Tea Set"},{"floor":9,"key":"Dream Catcher"},{"floor":26,"key":"Nunchaku"},{"floor":28,"key":"MealTicket"},{"floor":30,"key":"StrikeDummy"},{"floor":40,"key":"Mummified Hand"},{"floor":42,"key":"TungstenRod"},{"floor":47,"key":"Mercury Hourglass"},{"floor":54,"key":"Strawberry"}],"event_choices":[{"damage_healed":0.0,"max_hp_gain":0.0,"max_hp_loss":0.0,"gold_gain":0.0,"event_name":"Shining Light","player_choice":"Entered Light","floor":2.0,"gold_loss":0.0,"damage_taken":20.0,"cards_upgraded":["Strike_P","Vigilance"]},{"damage_healed":0.0,"max_hp_gain":0.0,"max_hp_loss":0.0,"gold_gain":75.0,"event_name":"World of Goop","player_choice":"Gather Gold","floor":3.0,"gold_loss":0.0,"damage_taken":11.0},{"cards_removed":["Strike_P"],"damage_healed":0.0,"max_hp_gain":0.0,"max_hp_loss":0.0,"gold_gain":0.0,"event_name":"Golden Wing","player_choice":"Card Removal","floor":5.0,"gold_loss":0.0,"damage_taken":7.0},{"damage_healed":0,"gold_gain":0,"player_choice":"Became a Ghost","damage_taken":0,"max_hp_gain":0,"max_hp_loss":34,"event_name":"Ghosts","floor":20,"gold_loss":0,"cards_obtained":["Ghostly","Ghostly","Ghostly"]},{"damage_healed":0,"gold_gain":0,"cards_transformed":["Defend_P","SignatureMove"],"player_choice":"Became Test Subject","damage_taken":0,"max_hp_gain":0,"max_hp_loss":0,"event_name":"Drug Dealer","floor":21,"gold_loss":0,"cards_obtained":["DeceiveReality","LessonLearned"]},{"damage_healed":0,"gold_gain":0,"cards_transformed":["Defend_P","Strike_P"],"player_choice":"Transformed Cards","damage_taken":0,"max_hp_gain":0,"max_hp_loss":0,"event_name":"Designer","floor":27,"gold_loss":75,"cards_obtained":["FlurryOfBlows","PathToVictory"]},{"damage_healed":0,"gold_gain":0,"player_choice":"Ignored","damage_taken":0,"max_hp_gain":0,"max_hp_loss":0,"event_name":"The Moai Head","floor":38,"gold_loss":0},{"damage_healed":0,"gold_gain":0,"player_choice":"Memory 1","damage_taken":0,"max_hp_gain":0,"max_hp_loss":0,"event_name":"SensoryStone","floor":39,"gold_loss":0}],"is_beta":false,"boss_relics":[{"not_picked":["VioletLotus","Coffee Dripper"],"picked":"Fusion Hammer"},{"not_picked":["Busted Crown","Black Star"],"picked":"SlaversCollar"}],"items_purged_floors":[12,25],"is_endless":false,"potions_floor_spawned":[1,4,14,16,22,28,33,35,40,45,47,54],"ascension_level":19}}