{"host":"a7kzx4u255enh074","time":1607870648,"event":{"mods":["AchievementEnabler","BaseMod","BetterRewards","Colored Map","Hubris","Infinite Spire","Marked Mod","Minty Spire (QoL Compilation)","Quick Restart","Rare Cards Sparkle","Replay The Spire","StSLib","The Jungle"],"gold_per_floor":[109,109,23,98,98,98,127,142,192,192,192,204,237,123,123,202,202,213,233,233,264,264,264,264],"floor_reached":23,"playtime":967,"items_purged":["Strike_B"],"score":590,"play_id":"ab8fff17-80b6-4999-be20-ffb35e32400e","local_time":"20201213154408","is_ascension_mode":true,"campfire_choices":[{"floor":6,"key":"REST"},{"data":"Reprogram","floor":10,"key":"SMITH"},{"data":"Zap","floor":15,"key":"SMITH"}],"circlet_count":0,"master_deck":["AscendersBane","Strike_B+1","Strike_B+1","Strike_B+1","Defend_B+1","Defend_B+1","Defend_B+1","Defend_B+1","Zap+1","Dualcast","Reprogram+1","White Noise","hubris:Fate","Gash","Hologram+1","White Noise","Pot Of Greed","Pot Of Greed","Coolheaded","Loop","All For One","Languid","Core Surge","ReplayTheSpireMod:Private Reserves","ReplayTheSpireMod:Black Plague","Pot Of Greed","Reprogram","Conserve Battery"],"relics":["Cracked Core","Bag of Preparation","Solar Panel","infinitespire:Golems Mask","hubris:BallOfYels","Grinning Jar","ReplayTheSpireMod:SealedPack","Red Mask"],"acts_visited":["Exordium","TheCity"],"potions_floor_usage":[],"damage_taken":[{"damage":4,"enemies":"Jaw Worm","floor":1,"turns":3},{"damage":25,"enemies":"Replay:BlueRogue","floor":7,"turns":5},{"damage":0,"enemies":"2 Louse","floor":8,"turns":2},{"damage":0,"enemies":"Small Slimes","floor":12,"turns":3},{"damage":0,"enemies":"Lagavulin","floor":13,"turns":2},{"damage":0,"enemies":"Hexaghost","floor":16,"turns":8},{"damage":33,"enemies":"3 Byrds","floor":18,"turns":4},{"damage":26,"enemies":"Shell Parasite","floor":19,"turns":7},{"damage":0,"enemies":"Masked Bandits","floor":21,"turns":2},{"damage":22,"enemies":"Slavers","floor":23,"turns":3}],"seed_played":"5498787923937040966","potions_obtained":[{"floor":1,"key":"Dexterity Potion"},{"floor":12,"key":"Dexterity Potion"},{"floor":21,"key":"FocusPotion"}],"is_trial":false,"path_per_floor":["M","?","$","?","?","R","E","M","T","R","?","M","E","$","R","B",null,"M","M","?","?","?","E"],"character_chosen":"DEFECT","items_purchased":["White Noise","Loop"],"campfire_rested":1,"item_purchase_floors":[3,14],"current_hp_per_floor":[60,60,60,49,31,52,41,43,43,43,43,47,49,49,49,55,67,36,16,16,20,20,0,0],"gold":264,"neow_bonus":"RANDOM_COMMON_RELIC","is_daily":false,"chose_seed":false,"campfire_upgraded":2,"win_rate":0.0,"timestamp":1607870648,"path_taken":["M","?","$","?","?","R","E","M","T","R","?","M","E","$","R","BOSS","M","M","?","?","?","E"],"items_purchased_type":["Card","Card"],"build_version":"2020-11-30","purchased_purges":1,"victory":false,"max_hp_per_floor":[71,71,71,71,71,71,71,71,71,71,71,71,71,71,71,71,71,71,71,71,71,71,71,71],"card_choices":[{"not_picked":["Hologram","Heatsinks"],"picked":"Reprogram","floor":1},{"not_picked":["infinitespire:SevenWalls","hubris:Rewind"],"picked":"hubris:Fate","floor":5},{"not_picked":["Crystallizer","hubris:PowerSurge"],"picked":"Gash","floor":7},{"not_picked":["Coolheaded","Rebound"],"picked":"Hologram","floor":8},{"not_picked":["Hologram","Fission"],"picked":"White Noise","floor":12},{"not_picked":["Panic Button","ReplayTheSpireMod:Calculation Training"],"picked":"Coolheaded","floor":13},{"not_picked":["Fission","Multi-Cast"],"picked":"All For One","floor":16},{"not_picked":["Meteor Strike","Mirror Shield"],"picked":"Core Surge","floor":17},{"not_picked":["Flash of Steel","PanicButton"],"picked":"ReplayTheSpireMod:Private Reserves","floor":17},{"not_picked":["infinitespire:Execution","infinitespire:NeuralNetwork"],"picked":"ReplayTheSpireMod:Black Plague","floor":17},{"not_picked":["Reinforced Body","Hologram"],"picked":"Reprogram","floor":18},{"not_picked":["Rebound","Panic Button","Compile Driver"],"picked":"SKIP","floor":19},{"not_picked":["Hologram","Barrage"],"picked":"Conserve Battery","floor":21}],"player_experience":178937,"relics_obtained":[{"floor":2,"key":"Solar Panel"},{"floor":7,"key":"infinitespire:Golems Mask"},{"floor":9,"key":"hubris:BallOfYels"},{"floor":13,"key":"Grinning Jar"},{"floor":21,"key":"Red Mask"}],"event_choices":[{"damage_healed":0,"gold_gain":75,"player_choice":"Gather Gold","damage_taken":11,"max_hp_gain":0,"max_hp_loss":0,"event_name":"World of Goop","floor":4,"gold_loss":0},{"damage_healed":0,"gold_gain":0,"player_choice":"Fought Bandits","damage_taken":0,"max_hp_gain":0,"max_hp_loss":0,"event_name":"Masked Bandits","floor":21,"gold_loss":0},{"damage_healed":0,"gold_gain":0,"player_choice":"Simplicity","damage_taken":0,"max_hp_gain":0,"max_hp_loss":0,"event_name":"Back to Basics","floor":22,"gold_loss":0,"cards_upgraded":["Strike_B","Strike_B","Strike_B","Defend_B","Defend_B","Defend_B","Defend_B"]}],"is_beta":false,"boss_relics":[{"not_picked":["Snecko Heart","Honey Jar"],"picked":"ReplayTheSpireMod:SealedPack"}],"items_purged_floors":[14],"is_endless":false,"potions_floor_spawned":[1,12,16,21],"killed_by":"Slavers","ascension_level":20}}