{"host":"ilxricga2547gmyy","time":1607879504,"event":{"mods":["AchievementEnabler","BaseMod","Minty Spire (QoL Compilation)","Quick Restart","StSLib"],"gold_per_floor":[112,112,36,36,60,93,93,109,109,109,109],"floor_reached":10,"playtime":411,"items_purged":[],"score":92,"play_id":"8d9bf8bb-d752-404f-955c-75c5bae93a5e","local_time":"20201213181144","is_ascension_mode":true,"campfire_choices":[{"data":"Pummel","floor":7,"key":"SMITH"}],"circlet_count":0,"master_deck":["Strike_R","Strike_R","Strike_R","Strike_R","Strike_R","Defend_R","Defend_R","Defend_R","Defend_R","Bash","Pummel+1","Impervious","Feel No Pain","Thunderclap","Fire Breathing"],"relics":["Burning Blood","Golden Idol","Shuriken","Nunchaku"],"acts_visited":["Exordium"],"potions_floor_usage":[10],"damage_taken":[{"damage":10,"enemies":"Cultist","floor":1,"turns":5},{"damage":0,"enemies":"2 Louse","floor":5,"turns":3},{"damage":17,"enemies":"3 Sentries","floor":6,"turns":17},{"damage":14,"enemies":"Jaw Worm","floor":8,"turns":4},{"damage":45,"enemies":"Lagavulin","floor":10,"turns":9}],"seed_played":"3730564124223210466","potions_obtained":[{"floor":6,"key":"Weak Potion"}],"is_trial":false,"path_per_floor":["M","?","$","?","M","E","R","M","T","E"],"character_chosen":"IRONCLAD","items_purchased":["Feel No Pain"],"campfire_rested":0,"item_purchase_floors":[3],"current_hp_per_floor":[76,76,76,54,60,49,49,41,41,0,0],"gold":109,"neow_bonus":"TEN_PERCENT_HP_BONUS","is_daily":false,"chose_seed":false,"campfire_upgraded":1,"win_rate":0.0,"timestamp":1607879504,"path_taken":["M","?","?","?","?","E","R","M","T","E"],"items_purchased_type":["Card"],"build_version":"2020-11-30","purchased_purges":0,"victory":false,"max_hp_per_floor":[88,88,88,88,88,88,88,88,88,88,88],"card_choices":[{"not_picked":["Pommel Strike","Wild Strike"],"picked":"Pummel","floor":1},{"not_picked":["Battle Trance","Wild Strike","Anger"],"picked":"SKIP","floor":5},{"not_picked":["Infernal Blade","Whirlwind"],"picked":"Thunderclap","floor":6},{"not_picked":["Thunderclap","Combust"],"picked":"Fire Breathing","floor":8}],"player_experience":214351,"relics_obtained":[{"floor":6,"key":"Shuriken"},{"floor":9,"key":"Nunchaku"}],"event_choices":[{"damage_healed":0,"gold_gain":0,"player_choice":"1 cards matched","damage_taken":0,"max_hp_gain":0,"max_hp_loss":0,"event_name":"Match and Keep!","floor":2,"gold_loss":0,"cards_obtained":["Impervious"]},{"damage_healed":0,"gold_gain":0,"player_choice":"Take Damage","damage_taken":22,"relics_obtained":["Golden Idol"],"max_hp_gain":0,"max_hp_loss":0,"event_name":"Golden Idol","floor":4,"gold_loss":0}],"is_beta":false,"boss_relics":[],"items_purged_floors":[],"is_endless":false,"potions_floor_spawned":[6],"killed_by":"Lagavulin","ascension_level":8}}