{"host":"aeidq2c3auzxo1yh","time":1607827747,"event":{"mods":["AchievementEnabler","BaseMod","Colored Map","Colored Powertips","Minty Spire (QoL Compilation)","Relic Stats","StSLib"],"gold_per_floor":[116,35,35,50,15,49,49,72,72,22,51,51,63,63,63,139,139,149,159,184,99,99,99,99,99],"floor_reached":24,"playtime":907,"items_purged":["Strike_G"],"score":450,"play_id":"ff56ec28-70d7-4b48-9055-e4c82fed2704","local_time":"20201213074907","is_ascension_mode":true,"campfire_choices":[{"data":"Noxious Fumes","floor":7,"key":"SMITH"},{"data":"Dagger Spray","floor":12,"key":"SMITH"},{"data":"Calculated Gamble","floor":15,"key":"SMITH"},{"floor":23,"key":"REST"}],"circlet_count":0,"master_deck":["AscendersBane","Strike_G","Strike_G","Strike_G","Strike_G","Defend_G","Defend_G","Defend_G","Defend_G","Defend_G","Survivor","Neutralize","Poisoned Stab","Noxious Fumes+1","Dash","Crippling Poison","Dagger Spray+1","Calculated Gamble+1","Corpse Explosion"],"relics":["Ring of the Snake","NeowsBlessing","Incense Burner","Bottled Tornado","Odd Mushroom","Smiling Mask","Pantograph","Black Star","Red Mask","StrikeDummy"],"acts_visited":["Exordium","TheCity"],"potions_floor_usage":[11,16,20],"damage_taken":[{"damage":0,"enemies":"Small Slimes","floor":1,"turns":1},{"damage":0,"enemies":"2 Louse","floor":4,"turns":1},{"damage":0,"enemies":"Lagavulin","floor":6,"turns":1},{"damage":14,"enemies":"The Mushroom Lair","floor":8,"turns":4},{"damage":9,"enemies":"3 Sentries","floor":11,"turns":6},{"damage":0,"enemies":"Jaw Worm","floor":13,"turns":3},{"damage":43,"enemies":"Slime Boss","floor":16,"turns":11},{"damage":11,"enemies":"Chosen","floor":18,"turns":5},{"damage":21,"enemies":"Shell Parasite","floor":19,"turns":6},{"damage":18,"enemies":"Masked Bandits","floor":20,"turns":3},{"damage":45,"enemies":"Book of Stabbing","floor":24,"turns":5}],"seed_played":"-4217262822034342988","potions_obtained":[{"floor":6,"key":"Regen Potion"},{"floor":13,"key":"ColorlessPotion"},{"floor":19,"key":"Poison Potion"}],"is_trial":false,"path_per_floor":["M","$","?","M","?","E","R","?","T","$","E","R","M","?","R","B",null,"M","M","?","?","?","R","E"],"character_chosen":"THE_SILENT","items_purchased":["Noxious Fumes"],"campfire_rested":1,"item_purchase_floors":[2],"current_hp_per_floor":[59,59,48,48,64,64,64,50,50,50,56,56,56,61,61,28,60,49,28,10,10,24,45,0,0],"gold":99,"neow_bonus":"THREE_ENEMY_KILL","is_daily":false,"chose_seed":false,"campfire_upgraded":3,"win_rate":0.0,"timestamp":1607827747,"path_taken":["M","$","?","M","?","E","R","?","T","?","E","R","?","?","R","BOSS","M","M","?","?","?","R","E"],"items_purchased_type":["Card"],"build_version":"2020-11-30","purchased_purges":1,"victory":false,"max_hp_per_floor":[66,66,66,66,66,66,66,66,66,66,66,66,66,71,71,71,71,71,71,71,71,71,71,71,71],"relic_stats":{"counters":[11,46],"Pantograph":10,"Black Star":0,"Smiling Mask":25,"obtain_stats":[{"NeowsBlessing":0,"Pantograph":11,"Incense Burner":3,"Black Star":17,"Red Mask":20,"Bottled Tornado":6,"Odd Mushroom":8,"Smiling Mask":9,"StrikeDummy":21,"Ring of the Snake":0},{"NeowsBlessing":0,"Pantograph":5,"Incense Burner":1,"Black Star":7,"Red Mask":10,"Bottled Tornado":3,"Odd Mushroom":4,"Smiling Mask":4,"StrikeDummy":10,"Ring of the Snake":0},{"NeowsBlessing":0,"Pantograph":13,"Incense Burner":1,"Black Star":27,"Red Mask":41,"Bottled Tornado":3,"Odd Mushroom":7,"Smiling Mask":7,"StrikeDummy":41,"Ring of the Snake":0}],"Ring of the Snake":[22]},"card_choices":[{"not_picked":["Sucker Punch","Deflect"],"picked":"Poisoned Stab","floor":1},{"not_picked":["Deflect","Backflip"],"picked":"Dash","floor":4},{"not_picked":["Dodge and Roll","Leg Sweep"],"picked":"Crippling Poison","floor":6},{"not_picked":["Flying Knee","Poisoned Stab"],"picked":"Dagger Spray","floor":8},{"not_picked":["Predator","Masterful Stab"],"picked":"Calculated Gamble","floor":11},{"not_picked":["Underhanded Strike","Dagger Throw","Quick Slash"],"picked":"SKIP","floor":13},{"not_picked":["Venomology","Wraith Form v2"],"picked":"Corpse Explosion","floor":16},{"not_picked":["Distraction","Poisoned Stab","Prepared"],"picked":"SKIP","floor":18},{"not_picked":["Flying Knee","Predator","All Out Attack"],"picked":"SKIP","floor":19}],"player_experience":853637,"relics_obtained":[{"floor":6,"key":"Bottled Tornado"},{"floor":8,"key":"Odd Mushroom"},{"floor":9,"key":"Smiling Mask"},{"floor":11,"key":"Pantograph"},{"floor":20,"key":"Red Mask"}],"event_choices":[{"damage_healed":0,"gold_gain":0,"player_choice":"Success","damage_taken":11,"relics_obtained":["Incense Burner"],"max_hp_gain":0,"max_hp_loss":0,"event_name":"Scrap Ooze","floor":3,"gold_loss":0},{"damage_healed":16,"gold_gain":0,"player_choice":"Healed","damage_taken":0,"max_hp_gain":0,"max_hp_loss":0,"event_name":"The Cleric","floor":5,"gold_loss":35},{"damage_healed":0,"gold_gain":0,"player_choice":"Fought Mushrooms","damage_taken":0,"max_hp_gain":0,"max_hp_loss":0,"event_name":"Mushrooms","floor":8,"gold_loss":0},{"damage_healed":0,"gold_gain":0,"player_choice":"Donut","damage_taken":0,"max_hp_gain":5,"max_hp_loss":0,"event_name":"Big Fish","floor":14,"gold_loss":0},{"damage_healed":0,"gold_gain":0,"player_choice":"Fought Bandits","damage_taken":0,"max_hp_gain":0,"max_hp_loss":0,"event_name":"Masked Bandits","floor":20,"gold_loss":0},{"damage_healed":0,"gold_gain":0,"player_choice":"Obtained Relic","damage_taken":0,"relics_obtained":["StrikeDummy"],"max_hp_gain":0,"max_hp_loss":0,"event_name":"Addict","floor":21,"gold_loss":85},{"damage_healed":14,"gold_gain":0,"player_choice":"Heal","damage_taken":0,"max_hp_gain":0,"max_hp_loss":0,"event_name":"The Library","floor":22,"gold_loss":0}],"is_beta":false,"boss_relics":[{"not_picked":["Snecko Eye","Fusion Hammer"],"picked":"Black Star"}],"items_purged_floors":[10],"is_endless":false,"potions_floor_spawned":[6,13,19],"killed_by":"Book of Stabbing","ascension_level":20}}