{"host":"qqjv58wfhopf6ysa","time":1607836072,"event":{"mods":["AchievementEnabler","Aspiration","BaseMod","Conspire","Hubris","Infinite Spire","Minty Spire (QoL Compilation)","Permanent Neow","Quick Restart","Replay The Spire","StSLib","SuperFastMode","vexMod"],"gold_per_floor":[113,128,145,64,164,198,198,209,209,184,184,184,27,27,27,130,130,150,150,150,6,6,6,22,40,40,73,91,91],"floor_reached":28,"playtime":956,"items_purged":["Strike_R"],"score":216,"play_id":"5227f25b-2577-46b2-9108-7731361ab40e","local_time":"20201213140752","is_ascension_mode":false,"campfire_choices":[{"data":"ReplayTheSpireMod:Private Reserves","floor":7,"key":"SMITH"},{"floor":11,"key":"DIG"},{"floor":15,"key":"DIG"},{"data":"Strike_R","floor":23,"key":"PURGE"}],"circlet_count":0,"master_deck":["Strike_R","Strike_R","Defend_R","Defend_R","Defend_R","Defend_R","Bash+1","ReplayTheSpireMod:Private Reserves+1","Offering","CurseOfTheBell","conspire:ExplosiveBarrier","infinitespire:NeuralNetwork","Shrug It Off","Power Through","Sentinel"],"relics":["hubris:Backtick","Dead Branch","Self Forming Clay","Replay:Multitool","Lantern","Ancient Tea Set","vexMod:Spyglass","aspiration:Lifesprig","Calling Bell","infinitespire:Lucky Rock","aspiration:StickyExplosives_weak","hubris:Spice","aspiration:AnachronicSnailShell","Orrery","hubris:Towel","vexMod:ConsolationPrize"],"acts_visited":["Exordium","TheCity"],"potions_floor_usage":[6],"damage_taken":[{"damage":1,"enemies":"Cultist","floor":1,"turns":3},{"damage":1,"enemies":"2 Louse","floor":2,"turns":3},{"damage":13,"enemies":"Jaw Worm","floor":3,"turns":3},{"damage":6,"enemies":"Gremlin Nob","floor":6,"turns":3},{"damage":4,"enemies":"Blue Slaver","floor":8,"turns":4},{"damage":36,"enemies":"Fading Forest","floor":16,"turns":11},{"damage":6,"enemies":"Chosen","floor":18,"turns":4},{"damage":6,"enemies":"Spheric Guardian","floor":24,"turns":2},{"damage":15,"enemies":"Snecko","floor":25,"turns":8},{"damage":13,"enemies":"Centurion and Healer","floor":27,"turns":9},{"damage":18,"enemies":"3 Cultists","floor":28,"turns":5}],"seed_played":"-8739011941218846307","potions_obtained":[{"floor":1,"key":"PowerPotion"},{"floor":3,"key":"ElixirPotion"},{"floor":8,"key":"Weak Potion"},{"floor":18,"key":"Elixir"}],"is_trial":false,"path_per_floor":["M","M","M","$","?","E","R","M","T","?","R","T","$","?","R","B",null,"M","?","AVR","$","?","R","M","M","T","M","M"],"character_chosen":"IRONCLAD","items_purchased":["ReplayTheSpireMod:Private Reserves","vexMod:Spyglass","Orrery"],"campfire_rested":0,"item_purchase_floors":[4,13,21],"current_hp_per_floor":[79,78,65,65,65,59,59,55,55,55,55,55,55,55,55,19,88,82,82,82,82,82,82,76,61,61,48,30,30],"gold":91,"neow_bonus":"BOSS_RELIC","is_daily":false,"chose_seed":false,"campfire_upgraded":1,"win_rate":0.0,"timestamp":1607836072,"path_taken":["M","?","M","$","?","E","R","?","T","?","R","?","$","?","R","BOSS","M","?","AVR","?","?","R","M","M","T","M","M"],"items_purchased_type":["Card","Relic","Relic"],"build_version":"2020-11-30","purchased_purges":1,"victory":false,"max_hp_per_floor":[80,80,80,80,80,80,80,80,80,80,80,80,80,80,80,80,88,88,88,88,88,88,88,88,88,88,88,88,88],"card_choices":[{"not_picked":["Shockwave","Battle Trance","Flex"],"picked":"SKIP","floor":1},{"not_picked":["Ghostly Armor","Uppercut","ReplayTheSpireMod:Strike From Hell"],"picked":"SKIP","floor":2},{"not_picked":["Battle Trance","Body Slam","Warcry"],"picked":"SKIP","floor":3},{"not_picked":["Intimidate","Cleave","Perfected Strike"],"picked":"SKIP","floor":6},{"not_picked":["Clash","Sword Boomerang","Double Tap"],"picked":"SKIP","floor":8},{"not_picked":["Feed","Double Tap"],"picked":"Offering","floor":16},{"not_picked":["Anger","Cleave+1"],"picked":"conspire:ExplosiveBarrier","floor":18},{"not_picked":["Cleave","Clothesline"],"picked":"Shrug It Off","floor":21},{"not_picked":["Iron Wave","Anger+1"],"picked":"Power Through","floor":21},{"not_picked":["Sever Soul","Pommel Strike"],"picked":"Sentinel","floor":21},{"not_picked":["Clothesline","Flex","Replay:Undeath\u0027s Touch"],"picked":"SKIP","floor":24},{"not_picked":["Run Through+1","Exhume","Heavy Blade"],"picked":"SKIP","floor":25},{"not_picked":["Searing Blow","Cleave+1","Armaments"],"picked":"SKIP","floor":27}],"player_experience":334453,"relics_obtained":[{"floor":6,"key":"Self Forming Clay"},{"floor":9,"key":"Replay:Multitool"},{"floor":11,"key":"Lantern"},{"floor":12,"key":"Ancient Tea Set"},{"floor":15,"key":"aspiration:Lifesprig"},{"floor":17,"key":"infinitespire:Lucky Rock"},{"floor":17,"key":"aspiration:StickyExplosives_weak"},{"floor":17,"key":"hubris:Spice"},{"floor":26,"key":"vexMod:ConsolationPrize"}],"event_choices":[{"damage_healed":0,"gold_gain":100,"player_choice":"Pray","damage_taken":0,"max_hp_gain":0,"max_hp_loss":0,"event_name":"Golden Shrine","floor":5,"gold_loss":0},{"damage_healed":0,"gold_gain":0,"player_choice":"Forge","damage_taken":0,"max_hp_gain":0,"max_hp_loss":0,"event_name":"Accursed Blacksmith","floor":14,"gold_loss":0,"cards_upgraded":["Bash"]},{"cards_removed":["Strike_R"],"damage_healed":0,"gold_gain":0,"player_choice":"Purged","damage_taken":0,"max_hp_gain":0,"max_hp_loss":0,"event_name":"Purifier","floor":19,"gold_loss":0}],"is_beta":false,"boss_relics":[{"not_picked":["Velvet Choker","Ectoplasm"],"picked":"Calling Bell"}],"items_purged_floors":[20],"is_endless":false,"potions_floor_spawned":[1,3,8,18,25],"killed_by":"3 Cultists","ascension_level":0}}