{"host":"y89x8uui45kcjy42","time":1607823202,"event":{"mods":["2.2 Compatiblity","BaseMod","Colored Map","Colored Powertips","Friendly Minions","Highlight Path","Keyboard Shortcuts","Minty Spire (QoL Compilation)","StSLib","SuperFastMode","The Bug Knight","Waifu the Spire"],"gold_per_floor":[117,137,155,155,155,183,183,215,267,267,267,267,267,0,0,73,73,91,0,9,9,20,20,20,55,55,55,55,55,95,95,95,168,168,197,30,255,255,255,255,288,288,362,425,317,317,317,353,353,353],"floor_reached":51,"playtime":1358,"items_purged":["HollowMod:QuickDashStart","HollowMod:QuickDashStart","HollowMod:QuickDashStart","HollowMod:NailStrikeStart","HollowMod:QuickDashStart+1"],"score":1359,"play_id":"71ca9bbc-0fcf-453f-b3e7-18ab65ac633e","local_time":"20201213103322","is_ascension_mode":true,"campfire_choices":[{"data":"HollowMod:SiblingsSouls","floor":7,"key":"SMITH"},{"data":"HollowMod:LifebloodCocoon","floor":10,"key":"SMITH"},{"data":"HollowMod:PogoStrike","floor":12,"key":"SMITH"},{"data":"HollowMod:NailStrikeStart","floor":13,"key":"SMITH"},{"data":"HollowMod:NewLastStag","floor":15,"key":"SMITH"},{"data":"HollowMod:SlysStrikes","floor":23,"key":"SMITH"},{"data":"HollowMod:MylasSalvation","floor":24,"key":"SMITH"},{"data":"HollowMod:ShadowDash","floor":28,"key":"SMITH"},{"data":"HollowMod:NailStrikeStart","floor":29,"key":"PURGE"},{"data":"HollowMod:SharpenedShadows","floor":32,"key":"SMITH"},{"data":"HollowMod:VengefulVoid","floor":40,"key":"SMITH"},{"data":"HollowMod:BlackTendrils","floor":49,"key":"SMITH"}],"circlet_count":0,"master_deck":["AscendersBane","HollowMod:NailStrikeStart+1","HollowMod:PogoStrike+1","HollowMod:SiblingsSouls+1","HollowMod:WraithStrike+1","HollowMod:LifebloodCocoon+1","HollowMod:NewLastStag+1","HollowMod:SlysStrikes+1","HollowMod:WraithStrike+1","HollowMod:ShadowDash+1","HollowMod:SharpenedShadows+1","HollowMod:VengefulVoid+1","HollowMod:DescendingDark","HollowMod:SoulMaster+1","HollowMod:BlackTendrils+1"],"relics":["HollowMod:VesselMask","Centennial Puzzle","Coffee Dripper","Vajra","Oddly Smooth Stone","TungstenRod","Torii","Boot","StrikeDummy","Membership Card","The Courier","Question Card","Juzu Bracelet","War Paint","HollowMod:KingsBrand","Regal Pillow","Omamori","Calling Bell","CeramicFish","HollowMod:MantisClawRelic","Incense Burner","HollowMod:LifeEnderRelic","Gambling Chip","Peace Pipe","DollysMirror","Nunchaku","HollowMod:LifeEnderRelic","FossilizedHelix","Bag of Marbles","HornCleat","Enchiridion","Coffee Dripper","SlaversCollar","Frozen Egg 2","WingedGreaves","Turnip","Ornamental Fan","Ice Cream","Meat on the Bone"],"acts_visited":["Exordium","TheCity","TheBeyond"],"potions_floor_usage":[8,8,30,41,48,50,50],"damage_taken":[{"damage":0,"enemies":"Cultist","floor":1,"turns":2},{"damage":0,"enemies":"Small Slimes","floor":2,"turns":2},{"damage":24,"enemies":"Lagavulin","floor":6,"turns":5},{"damage":0,"enemies":"Gremlin Nob","floor":8,"turns":2},{"damage":30,"enemies":"Slime Boss","floor":16,"turns":9},{"damage":0,"enemies":"Chosen","floor":18,"turns":3},{"damage":20,"enemies":"Book of Stabbing","floor":25,"turns":4},{"damage":17,"enemies":"Slavers","floor":30,"turns":3},{"damage":8,"enemies":"Collector","floor":33,"turns":6},{"damage":20,"enemies":"3 Shapes","floor":35,"turns":3},{"damage":7,"enemies":"Reptomancer","floor":41,"turns":5},{"damage":38,"enemies":"2 Orb Walkers","floor":44,"turns":5},{"damage":0,"enemies":"Nemesis","floor":48,"turns":3},{"damage":14,"enemies":"Donu and Deca","floor":50,"turns":5}],"seed_played":"-1649682199707369653","potions_obtained":[{"floor":2,"key":"Swift Potion"},{"floor":6,"key":"BlessingOfTheForge"},{"floor":8,"key":"EntropicBrew"},{"floor":25,"key":"AttackPotion"},{"floor":33,"key":"Explosive Potion"}],"is_trial":false,"path_per_floor":["M","M","$","?","?","E","R","E","T","R","?","R","R","?","R","B",null,"M","?","?","T","$","R","R","E","T","T","R","R","E","?","R","B",null,"M","$","$","?","?","R","E","?","T","?","$","?","?","E","R","B",null],"character_chosen":"THE_BUGKNIGHT","items_purchased":["Question Card","HollowMod:WraithStrike","Juzu Bracelet","War Paint","Peace Pipe","DollysMirror","Nunchaku","Frozen Egg 2","HollowMod:SoulMaster+1"],"campfire_rested":0,"item_purchase_floors":[3,3,3,3,22,22,22,36,45],"current_hp_per_floor":[74,74,74,74,74,56,56,56,56,56,56,56,56,56,56,38,66,66,66,66,66,66,66,66,46,46,46,46,46,75,63,63,61,72,52,52,52,52,52,52,55,55,55,75,75,75,71,71,71,57],"gold":353,"neow_bonus":"RANDOM_COMMON_RELIC","is_daily":false,"chose_seed":false,"campfire_upgraded":11,"win_rate":0.0,"timestamp":1607823202,"path_taken":["M","?","$","?","?","E","R","E","T","R","?","R","R","?","R","BOSS","M","?","?","?","$","R","R","E","T","?","R","R","E","?","R","BOSS","M","$","$","?","?","R","E","?","T","?","$","?","?","E","R","BOSS"],"items_purchased_type":["Relic","Card","Relic","Relic","Relic","Relic","Relic","Relic","Card"],"build_version":"2020-11-30","purchased_purges":5,"victory":true,"max_hp_per_floor":[75,75,75,75,75,75,75,75,75,75,75,75,75,75,75,75,75,75,75,75,75,75,75,75,75,75,75,75,75,75,75,75,75,75,75,75,75,75,75,75,75,75,75,75,75,75,71,71,71,71],"card_choices":[{"not_picked":["HollowMod:FastStrike","HollowMod:TaintedHusks"],"picked":"HollowMod:SiblingsSouls","floor":1},{"not_picked":["HollowMod:SoulStrike","HollowMod:InfectedAttack","HollowMod:LuriensSpire"],"picked":"SKIP","floor":2},{"not_picked":["HollowMod:MonarchWings","HollowMod:SharpenedNail","HollowMod:CrystalDash","HollowMod:MonomonsArchive"],"picked":"SKIP","floor":6},{"not_picked":["HollowMod:LuriensSpire","HollowMod:SharpenedNail","HollowMod:MonomonsArchive"],"picked":"HollowMod:LifebloodCocoon","floor":8},{"not_picked":["HollowMod:HerrahsAnger","HollowMod:NewInfectedGuardian","HollowMod:PureVessel"],"picked":"HollowMod:SlysStrikes","floor":16},{"not_picked":["HollowMod:FallenFury","HollowMod:SoulVessel","HollowMod:HeavyBlow","HollowMod:DreamGate"],"picked":"SKIP","floor":18},{"not_picked":["HollowMod:LifebloodCocoon","HollowMod:PaleKingsBlessing","HollowMod:RecoilStrike"],"picked":"HollowMod:ShadowDash","floor":25},{"not_picked":["HollowMod:VengefulVoid","HollowMod:NewJinnsSoul","HollowMod:Grubsong"],"picked":"HollowMod:SharpenedShadows","floor":30},{"not_picked":["HollowMod:HeavyBlow","HollowMod:CoiledNail","HollowMod:SharpenedNail+1"],"picked":"HollowMod:VengefulVoid","floor":35},{"not_picked":["HollowMod:CoiledNail","HollowMod:MonomonsArchive","HollowMod:InfectedAttack","HollowMod:RecoilStrike"],"picked":"SKIP","floor":41},{"not_picked":["HollowMod:SiblingsSouls","HollowMod:NewJinnsSoul","HollowMod:HowlingWraiths"],"picked":"HollowMod:DescendingDark","floor":44},{"not_picked":["HollowMod:GrimmsGift+1","HollowMod:WhiteLadysBlessing+1","HollowMod:ShadowDash"],"picked":"HollowMod:BlackTendrils","floor":48}],"player_experience":520700,"relics_obtained":[{"floor":6,"key":"HollowMod:KingsBrand"},{"floor":8,"key":"Regal Pillow"},{"floor":17,"key":"CeramicFish"},{"floor":17,"key":"HollowMod:MantisClawRelic"},{"floor":17,"key":"Incense Burner"},{"floor":21,"key":"Gambling Chip"},{"floor":25,"key":"HollowMod:LifeEnderRelic"},{"floor":26,"key":"FossilizedHelix"},{"floor":27,"key":"Bag of Marbles"},{"floor":30,"key":"HornCleat"},{"floor":31,"key":"Enchiridion"},{"floor":41,"key":"Turnip"},{"floor":43,"key":"Ornamental Fan"},{"floor":44,"key":"Ice Cream"},{"floor":48,"key":"Meat on the Bone"}],"event_choices":[{"damage_healed":0,"gold_gain":0,"player_choice":"0 cards matched","damage_taken":0,"max_hp_gain":0,"max_hp_loss":0,"event_name":"Match and Keep!","floor":4,"gold_loss":0,"cards_obtained":[]},{"damage_healed":0,"gold_gain":0,"player_choice":"Upgraded","damage_taken":0,"max_hp_gain":0,"max_hp_loss":0,"event_name":"Upgrade Shrine","floor":5,"gold_loss":0,"cards_upgraded":["HollowMod:WraithStrike"]},{"cards_removed":["HollowMod:NailStrikeStart"],"damage_healed":0,"gold_gain":0,"player_choice":"Card Removal","damage_taken":0,"max_hp_gain":0,"max_hp_loss":0,"event_name":"Wheel of Change","floor":11,"gold_loss":0},{"damage_healed":0,"gold_gain":0,"player_choice":"Obtained Book","damage_taken":16,"max_hp_gain":0,"max_hp_loss":0,"event_name":"Cursed Tome","floor":31,"gold_loss":0},{"cards_removed":["HollowMod:MylasSalvation"],"damage_healed":0,"gold_gain":0,"player_choice":"Removed Skill","damage_taken":0,"max_hp_gain":0,"max_hp_loss":0,"event_name":"Falling","floor":38,"gold_loss":0},{"damage_healed":0,"gold_gain":0,"player_choice":"Ignored","damage_taken":0,"max_hp_gain":0,"max_hp_loss":0,"event_name":"SecretPortal","floor":42,"gold_loss":0},{"damage_healed":0,"gold_gain":0,"player_choice":"Fight","damage_taken":0,"max_hp_gain":0,"max_hp_loss":0,"event_name":"Mysterious Sphere","floor":44,"gold_loss":0},{"cards_removed":["HollowMod:FocusHealStart"],"damage_healed":0,"gold_gain":0,"player_choice":"Offered Basic","damage_taken":0,"max_hp_gain":0,"max_hp_loss":0,"event_name":"Bonfire Elementals","floor":46,"gold_loss":0},{"damage_healed":0,"gold_gain":0,"player_choice":"Max HP","damage_taken":0,"max_hp_gain":0,"max_hp_loss":4,"event_name":"Winding Halls","floor":47,"gold_loss":0}],"is_beta":false,"boss_relics":[{"not_picked":["Runic Pyramid","Snecko Eye"],"picked":"Calling Bell"},{"not_picked":["Coffee Dripper","Pandora\u0027s Box"],"picked":"SlaversCollar"}],"items_purged_floors":[3,22,36,37,45],"is_endless":false,"potions_floor_spawned":[2,6,8,25,33,48],"ascension_level":13}}