{"host":"2s5c6uii15wgtvvf","time":1607891362,"event":{"mods":["Bard","BaseMod","Bestiary","CapriCore","Downfall","Friendly Minions","Hermit","HololiveMod","Jorbs\u0027s Wanderer Trilogy","Lobotomy","LobotomyExtend","Marisa????????","Minty Spire (QoL Compilation)","Remilia??????","Robot Space Explorer","Shade Mod","StSLib","Td1madao Mod","The Animator","The Cursed","The Gatherer","The Hayseed","The Hierophant","The Immortal","The Mystic","The Necromancer","The Runesmith","The Senshi","The Servant 0.9.4","TheHeartMod","WarShipGirlsR/????R mod","Yohane!","??????REMEMod"],"gold_per_floor":[119,119,130,130,149,184,184,204,204,220,220,84,115,128,128,233,233,250,270,285,285,285,285,285,300,300,300,300,300,300],"floor_reached":28,"playtime":1675,"items_purged":[],"score":305,"play_id":"50602191-e65f-4f03-9a93-cc03d6c3f512","local_time":"20201213202922","is_ascension_mode":false,"metric_token":2129,"campfire_choices":[{"data":"Gatherer:Pollute","floor":7,"key":"SMITH"},{"data":"Gatherer:HeartToFruit","floor":11,"key":"SMITH"},{"floor":15,"key":"REST"},{"floor":23,"key":"REST"},{"floor":27,"key":"REST"}],"circlet_count":0,"master_deck":["Gatherer:Strike_Gatherer","Gatherer:Strike_Gatherer","Gatherer:Strike_Gatherer","Gatherer:Defend_Gatherer","Gatherer:Defend_Gatherer","Gatherer:Defend_Gatherer","Gatherer:Defend_Gatherer","Gatherer:Defend_Gatherer+1","Gatherer:Centralize","Gatherer:FlowerWhip","Gatherer:Snatch+1","Gatherer:FlowerBeam","BigBird","Gatherer:Pollute+1","BeautyBeast","Gatherer:HeartToFruit+1","Gatherer:QuickSynthesis","Gatherer:MiningStrike","Gatherer:ScherryThrow","Gatherer:PotentialSlash","Gatherer:Overflowing","Gatherer:Convert","WallGazer","Gatherer:GlowingPlant","Gatherer:Shadow","Gatherer:Light","Gatherer:Bulldoze","Gatherer:ScentOfRosmari+1","Gatherer:Duplicator","Wellcheers","Gatherer:BigPouch+1","Gatherer:Duality","MeatLantern","Gatherer:RottenStipe+1","Gatherer:Duality","BlueStar","Writhe","Gluttony_TH","RedShoes","Gatherer:Snatch+1"],"relics":["Gatherer:AlchemyBag","REME_ComplimentaryCards","CogitoBucket","LetterFromLob","Prayer Wheel","Lizard Tail","AspirationHeart","Unceasing Top","LuminousBracelet","Potion Belt","Nloth\u0027s Gift","Juzu Bracelet"],"acts_visited":["Exordium","TheCity"],"potions_floor_usage":[13,16,25,25],"damage_taken":[{"damage":4,"enemies":"Small Slimes","floor":1,"turns":6},{"damage":0,"enemies":"2 Louse","floor":3,"turns":2},{"damage":1,"enemies":"Cultist","floor":5,"turns":3},{"damage":16,"enemies":"3 Sentries","floor":6,"turns":8},{"damage":0,"enemies":"2 Fungi Beasts","floor":8,"turns":3},{"damage":15,"enemies":"Gremlin Gang","floor":10,"turns":4},{"damage":20,"enemies":"Lagavulin","floor":13,"turns":5},{"damage":1,"enemies":"3 Louse","floor":14,"turns":3},{"damage":34,"enemies":"Hexaghost","floor":16,"turns":8},{"damage":38,"enemies":"3 Byrds","floor":18,"turns":6},{"damage":61,"enemies":"Shell Parasite","floor":19,"turns":8},{"damage":52,"enemies":"Cultist and Chosen","floor":20,"turns":4},{"damage":52,"enemies":"Snake Plant","floor":25,"turns":4},{"damage":46,"enemies":"Sentry and Sphere","floor":28,"turns":3}],"seed_played":"61068542327062431","potions_obtained":[{"floor":5,"key":"BottledMiracle"},{"floor":10,"key":"SpeedPotion"},{"floor":16,"key":"Dexterity Potion"},{"floor":18,"key":"Block Potion"}],"is_trial":false,"path_per_floor":["M","?","M","?","M","E","R","M","T","M","R","$","E","M","R","B",null,"M","M","M","?","?","R","?","M","T","R","M"],"character_chosen":"THE_GATHERER","items_purchased":["Gatherer:Overflowing"],"campfire_rested":3,"item_purchase_floors":[12],"current_hp_per_floor":[68,54,54,59,58,42,42,42,42,40,40,40,20,23,49,15,89,51,54,7,7,22,57,57,9,9,44,0,0,0],"gold":300,"neow_bonus":"","is_daily":false,"chose_seed":false,"campfire_upgraded":2,"win_rate":0.0,"timestamp":1607891362,"path_taken":["M","?","M","?","?","E","R","M","T","M","R","$","E","M","R","BOSS","M","M","M","?","?","R","?","?","T","R","M"],"items_purchased_type":["Card"],"build_version":"2020-11-30","purchased_purges":0,"victory":false,"max_hp_per_floor":[72,72,72,72,72,72,72,72,72,85,85,85,85,89,89,89,89,89,104,104,104,119,119,119,119,119,119,119,119,119],"card_choices":[{"not_picked":["Gatherer:Pollute","Gatherer:CollectorsShot"],"picked":"Gatherer:Snatch","floor":1},{"not_picked":["WallGazer","PunishingBird"],"picked":"OldLady","floor":1},{"not_picked":["Gatherer:AcidicSpray","Gatherer:FlowerPower"],"picked":"Gatherer:FlowerBeam","floor":3},{"not_picked":["CherryBlossoms","SpiderBud","Porccubus"],"picked":"Singing Bowl","floor":3},{"not_picked":["WallGazer","DreamingCurrent"],"picked":"BigBird","floor":3},{"not_picked":["Gatherer:WoolGloves","Gatherer:TacticalStrike"],"picked":"Gatherer:Pollute","floor":5},{"not_picked":["ShyLook","Murderer"],"picked":"BeautyBeast","floor":6},{"not_picked":["Gatherer:WoolGloves","Gatherer:GatherMaterial"],"picked":"Gatherer:HeartToFruit","floor":6},{"not_picked":["Gatherer:GatherMaterial","Gatherer:Pollute"],"picked":"Gatherer:QuickSynthesis","floor":8},{"not_picked":["Gatherer:Nutrients","Gatherer:FlowerShield"],"picked":"Gatherer:MiningStrike","floor":8},{"not_picked":["Gatherer:FragileHammer","Gatherer:Polymorphism"],"picked":"Gatherer:ScherryThrow","floor":10},{"not_picked":["Gatherer:Transmute","Gatherer:FlowerShield"],"picked":"Gatherer:PotentialSlash","floor":10},{"not_picked":["Gatherer:RecipeChange","Gatherer:UpgradeBag"],"picked":"Gatherer:Convert","floor":13},{"not_picked":["RedShoes","Yin"],"picked":"WallGazer","floor":14},{"not_picked":["Gatherer:UpgradeBag","Gatherer:BambuSword"],"picked":"Gatherer:GlowingPlant","floor":14},{"not_picked":["Gatherer:Frenzy","Gatherer:TreeGrowth","Gatherer:ScentOfRosmari"],"picked":"SKIP","floor":14},{"not_picked":["Gatherer:HeartToFruit","Gatherer:GrowBook"],"picked":"Gatherer:Bulldoze","floor":16},{"not_picked":["Gatherer:ScherryThrow","Gatherer:BambuSword"],"picked":"Gatherer:ScentOfRosmari+1","floor":18},{"not_picked":["Gatherer:PotentialSlash","Gatherer:CollectorsShot+1"],"picked":"Gatherer:Duplicator","floor":18},{"not_picked":["UniverseFragment","Mercenary"],"picked":"Wellcheers","floor":18},{"not_picked":["Gatherer:Convert+1","Gatherer:TacticalStrike"],"picked":"Gatherer:BigPouch+1","floor":19},{"not_picked":["Gatherer:FlowerShield","Gatherer:SaveValuables"],"picked":"Gatherer:Duality","floor":19},{"not_picked":["QueenOfHatred","Scarecrow"],"picked":"MeatLantern","floor":19},{"not_picked":["Gatherer:WoolGloves","Gatherer:Polymorphism"],"picked":"Gatherer:RottenStipe+1","floor":20},{"not_picked":["Gatherer:PotentialSlash","Gatherer:Convert"],"picked":"Gatherer:Duality","floor":20},{"not_picked":["PunishingBird","SpiderBud"],"picked":"BlueStar","floor":20},{"not_picked":["HappyTeddy","Variant"],"picked":"RedShoes","floor":25},{"not_picked":["Gatherer:Herbalism+1","Gatherer:FlowerFalling"],"picked":"Gatherer:Snatch+1","floor":25},{"not_picked":["Gatherer:SaveValuables","Gatherer:GatherMaterial","Gatherer:Uplift+1"],"picked":"SKIP","floor":25},{"not_picked":["Gatherer:SaveValuables","Gatherer:GatherMaterial","Gatherer:Uplift+1"],"picked":"SKIP","floor":25}],"player_experience":97009,"relics_obtained":[{"floor":1,"key":"LetterFromLob"},{"floor":6,"key":"Prayer Wheel"},{"floor":9,"key":"Lizard Tail"},{"floor":13,"key":"Unceasing Top"},{"floor":26,"key":"Juzu Bracelet"}],"event_choices":[{"damage_healed":0,"gold_gain":0,"player_choice":"Entered Light","damage_taken":14,"max_hp_gain":0,"max_hp_loss":0,"event_name":"Shining Light","floor":2,"gold_loss":0,"cards_upgraded":["Gatherer:Snatch","Gatherer:Defend_Gatherer"]},{"cards_removed":["OldLady"],"damage_healed":5,"gold_gain":0,"player_choice":"Offered Common","damage_taken":0,"max_hp_gain":0,"max_hp_loss":0,"event_name":"Bonfire Elementals","floor":4,"gold_loss":0},{"cards_removed":["OldLady"],"damage_healed":5,"gold_gain":0,"player_choice":"Offered Special","damage_taken":0,"max_hp_gain":0,"max_hp_loss":0,"event_name":"Bonfire Elementals","floor":4,"gold_loss":0},{"damage_healed":0,"gold_gain":0,"player_choice":"Opened","damage_taken":0,"relics_obtained":["Potion Belt"],"max_hp_gain":0,"max_hp_loss":0,"event_name":"The Mausoleum","floor":21,"gold_loss":0,"cards_obtained":["Writhe"]},{"damage_healed":0,"gold_gain":0,"player_choice":"Traded Relic","damage_taken":0,"relics_obtained":["Nloth\u0027s Gift"],"max_hp_gain":0,"max_hp_loss":0,"event_name":"N\u0027loth","floor":24,"relics_lost":["Empty Cage"],"gold_loss":0}],"is_beta":false,"boss_relics":[{"not_picked":["Coffee Dripper","Hololive_ChaosS"],"picked":"Empty Cage"}],"items_purged_floors":[],"is_endless":false,"potions_floor_spawned":[5,10,16,18],"killed_by":"Sentry and Sphere","ascension_level":0}}