{"host":"cz3p2o9n3b1gdmkz","time":1607867689,"event":{"mods":["AchievementEnabler","BaseMod","CapriCore","GungeonMod","Hermit","Lobotomy","Minty Spire (QoL Compilation)","Replay The Spire","Shop Mod","StSLib","SuperFastMode","The Cursed","The Dragon Tamer","The Gatherer","The Jungle","The Poker Player"],"gold_per_floor":[112,112,112,126,69,69,94,119,119,145,145,163,175,187,187,261,261,273,273,291,216,291,318,318,337,364,364,364,392,392,403,403,475,475,494,511,314,366,366,366,366,391,473,519,552,565,593,49,49,49,49],"floor_reached":52,"playtime":2499,"items_purged":["PokerPlayerMod:Spade1"],"score":1755,"play_id":"5fa40aba-6113-4192-a519-f2f9d8593bce","local_time":"20201213225449","is_ascension_mode":true,"metric_token":1054,"campfire_choices":[{"data":"PokerPlayerMod:DartThrow","floor":6.0,"key":"SMITH"},{"data":"PokerPlayerMod:DartThrow","floor":15.0,"key":"SMITH"},{"data":"PokerPlayerMod:StackedDeck","floor":24.0,"key":"SMITH"},{"data":"PokerPlayerMod:StackedDeck","floor":28.0,"key":"SMITH"},{"data":"PokerPlayerMod:DartThrow","floor":30.0,"key":"SMITH"},{"data":"PokerPlayerMod:Mulligan","floor":32.0,"key":"SMITH"},{"data":"PokerPlayerMod:HotShotCut","floor":40.0,"key":"SMITH"},{"data":"PokerPlayerMod:DartThrow","floor":49,"key":"SMITH"}],"circlet_count":0,"master_deck":["AscendersBane","PokerPlayerMod:Diamond2","PokerPlayerMod:Diamond3","PokerPlayerMod:Diamond4","PokerPlayerMod:Diamond5","PokerPlayerMod:Spade2","PokerPlayerMod:Spade3","PokerPlayerMod:Spade4","PokerPlayerMod:Club1","PokerPlayerMod:Club2","PokerPlayerMod:Heart2","PokerPlayerMod:TrumpStrike+1","PokerPlayerMod:BadJoker","PokerPlayerMod:Mulligan+1","PokerPlayerMod:Heart9","PokerPlayerMod:DartThrow+1","PokerPlayerMod:CardBurn","PokerPlayerMod:DartThrow+1","PokerPlayerMod:StackedDeck+1","PokerPlayerMod:StackedDeck+1","PokerPlayerMod:HotShotCut+1","PokerPlayerMod:DartThrow+1","PokerPlayerMod:Fold","Secret Weapon","Secret Weapon","Thinking Ahead","PokerPlayerMod:SecondChance+1","PokerPlayerMod:FillThePot","PokerPlayerMod:DartThrow+1"],"relics":["PokerPlayerMod:DeckCase","Pet Ghost","Vajra","Blood Vial","Omamori","DemoMod:AgedBell","Lantern","FossilizedHelix","DemoMod:WaxWing","Replay:Ringing Soul","Pondfish Scales","Regal Pillow","The Courier","DemoMod:GlassGuonStoneRelic","DemoMod:RiddleOfLead","PokerPlayerMod:PendantOfEscape","PokerPlayerMod:EnergeticBat","Mango","Eternal Feather","ReplayTheSpireMod:Shallot","Bronze Scales","Replay:Bottled Snecko","Whetstone","ClockworkSouvenir","Bag of Marbles"],"acts_visited":["Exordium","TheCity","TheBeyond"],"potions_floor_usage":[45,50,50],"damage_taken":[{"damage":0.0,"enemies":"2 Louse","floor":1.0,"turns":2.0},{"damage":0.0,"enemies":"Jaw Worm","floor":4.0,"turns":3.0},{"damage":11.0,"enemies":"Gremlin Nob","floor":7.0,"turns":4.0},{"damage":33.0,"enemies":"Lagavulin","floor":10.0,"turns":6.0},{"damage":0.0,"enemies":"Small Slimes","floor":12.0,"turns":2.0},{"damage":0.0,"enemies":"2 Fungi Beasts","floor":13.0,"turns":2.0},{"damage":0.0,"enemies":"Blue Slaver","floor":14.0,"turns":2.0},{"damage":14.0,"enemies":"Hexaghost","floor":16.0,"turns":8.0},{"damage":0.0,"enemies":"3 Byrds","floor":18.0,"turns":3.0},{"damage":0.0,"enemies":"Spheric Guardian","floor":20.0,"turns":3.0},{"damage":1.0,"enemies":"Slavers","floor":23.0,"turns":5.0},{"damage":0.0,"enemies":"Centurion and Healer","floor":25.0,"turns":4.0},{"damage":5.0,"enemies":"Gremlin Leader","floor":29.0,"turns":5.0},{"damage":4.0,"enemies":"Chosen and Byrds","floor":31.0,"turns":4.0},{"damage":0.0,"enemies":"Champ","floor":33.0,"turns":9.0},{"damage":0.0,"enemies":"Orb Walker","floor":35.0,"turns":2.0},{"damage":0.0,"enemies":"3 Darklings","floor":36.0,"turns":4.0},{"damage":0.0,"enemies":"2 Orb Walkers","floor":38.0,"turns":4.0},{"damage":0.0,"enemies":"Mind Bloom Boss Battle","floor":42.0,"turns":4.0},{"damage":0,"enemies":"R_Hoarder","floor":45,"turns":5},{"damage":0,"enemies":"4 Shapes","floor":46,"turns":5},{"damage":0,"enemies":"Giant Head","floor":47,"turns":7},{"damage":0,"enemies":"Donu and Deca","floor":50,"turns":7}],"seed_played":"-1413789851880870893","potions_obtained":[{"floor":1.0,"key":"SteroidPotion"},{"floor":12.0,"key":"SkillPotion"},{"floor":13.0,"key":"FearPotion"},{"floor":20.0,"key":"SteroidPotion"},{"floor":31.0,"key":"FearPotion"},{"floor":33.0,"key":"Block Potion"},{"floor":35.0,"key":"Block Potion"},{"floor":42.0,"key":"FearPotion"},{"floor":45,"key":"Weak Potion"},{"floor":47,"key":"AttackPotion"}],"is_trial":false,"path_per_floor":["M","?","$","M","$","R","E","T","T","E","?","M","M","M","R","B",null,"M","?","M","?","T","E","R","M","T","?","R","E","R","M","R","B",null,"M","M","$","?","?","R","?","?","T","?","E","M","E","$","R","B",null,null],"character_chosen":"THE_POKER_PLAYER","items_purchased":["PokerPlayerMod:DartThrow","PokerPlayerMod:PendantOfEscape","Whetstone","PowerPotion","ClockworkSouvenir","Bag of Marbles","PokerPlayerMod:FillThePot","PokerPlayerMod:DartThrow"],"campfire_rested":0,"item_purchase_floors":[5,37,48,48,48,48,48,48],"current_hp_per_floor":[48,37,37,37,37,37,37,37,37,15,15,21,26,28,28,29,43,45,45,48,48,48,50,50,51,51,54,54,49,49,47,47,54,64,64,67,67,67,67,67,60,84,84,84,84,84,87,90,90,90,90],"gold":49,"neow_bonus":"RANDOM_COMMON_RELIC","is_daily":false,"chose_seed":false,"campfire_upgraded":8,"win_rate":0.0,"timestamp":1607867689,"path_taken":["M","?","$","M","$","R","E","?","T","E","?","M","M","M","R","BOSS","M","?","M","?","?","E","R","?","T","?","R","E","R","M","R","BOSS","M","M","$","?","?","R","?","?","T","?","E","?","E","$","R","BOSS"],"items_purchased_type":["Card","Relic","Relic","Potion","Relic","Relic","Card","Card"],"build_version":"2020-11-30","purchased_purges":1,"victory":true,"max_hp_per_floor":[48,48,48,48,48,48,48,48,48,48,48,48,48,48,48,48,48,48,48,48,48,48,51,51,51,51,54,54,54,54,54,54,54,64,64,67,67,67,67,67,70,84,84,84,84,84,87,90,90,90,90],"card_choices":[{"not_picked":["PokerPlayerMod:Diamond2","PokerPlayerMod:Configure","PokerPlayerMod:ItsShowtime"],"picked":"SKIP","floor":1.0},{"not_picked":["PokerPlayerMod:Diamond3","PokerPlayerMod:Club2"],"picked":"PokerPlayerMod:Heart9","floor":4.0},{"not_picked":["PokerPlayerMod:ClubDance","PokerPlayerMod:Diamond10+","PokerPlayerMod:Diamond3"],"picked":"SKIP","floor":7.0},{"not_picked":["PokerPlayerMod:Diamond4","PokerPlayerMod:ClubsClub","PokerPlayerMod:ClubDance"],"picked":"SKIP","floor":10.0},{"not_picked":["PokerPlayerMod:Diamond2","PokerPlayerMod:Spade1"],"picked":"PokerPlayerMod:CardBurn","floor":12.0},{"not_picked":["PokerPlayerMod:CardBurn","PokerPlayerMod:MagicTrick"],"picked":"PokerPlayerMod:DartThrow","floor":13.0},{"not_picked":["PokerPlayerMod:Diamond4","PokerPlayerMod:Diamond2","PokerPlayerMod:Spade3"],"picked":"SKIP","floor":14.0},{"not_picked":["PokerPlayerMod:Spade9","PokerPlayerMod:Diamond7"],"picked":"PokerPlayerMod:StackedDeck","floor":16.0},{"not_picked":["PokerPlayerMod:CloakAndDiamond","PokerPlayerMod:Spade1"],"picked":"PokerPlayerMod:StackedDeck","floor":18.0},{"not_picked":["PokerPlayerMod:Spade5","PokerPlayerMod:Diamond4","PokerPlayerMod:CardBurn"],"picked":"SKIP","floor":20.0},{"not_picked":["PokerPlayerMod:Diamond7","PokerPlayerMod:Spade3"],"picked":"PokerPlayerMod:HotShotCut","floor":23.0},{"not_picked":["PokerPlayerMod:Configure","PokerPlayerMod:Raise","PokerPlayerMod:DiamondStrike"],"picked":"SKIP","floor":25.0},{"not_picked":["PokerPlayerMod:Spade6","PokerPlayerMod:Diamond3","PokerPlayerMod:Diamond6"],"picked":"SKIP","floor":29.0},{"not_picked":["PokerPlayerMod:Diamond2","PokerPlayerMod:Club2","PokerPlayerMod:Spade2"],"picked":"SKIP","floor":31.0},{"not_picked":["PokerPlayerMod:MagicTrick","PokerPlayerMod:HeartStrike","PokerPlayerMod:ClubsClub"],"picked":"SKIP","floor":35.0},{"not_picked":["PokerPlayerMod:Spade3","PokerPlayerMod:Diamond4"],"picked":"PokerPlayerMod:Fold","floor":36.0},{"not_picked":["DemoMod:Invincible","PanicButton"],"picked":"Secret Weapon","floor":41.0},{"not_picked":["ReplayTheSpireMod:Private Reserves","Specialist"],"picked":"Secret Weapon","floor":41.0},{"not_picked":["Chrysalis","ReplayTheSpireMod:Uncanny Aura"],"picked":"Thinking Ahead","floor":41.0},{"not_picked":["PokerPlayerMod:Diamond2","PokerPlayerMod:Raise","PokerPlayerMod:Configure"],"picked":"SKIP","floor":45},{"not_picked":["PokerPlayerMod:FlyingCard","PokerPlayerMod:SpadeStrike+1","PokerPlayerMod:Spade8"],"picked":"SKIP","floor":46},{"not_picked":["PokerPlayerMod:ClubDance+1","PokerPlayerMod:MagicTrick"],"picked":"PokerPlayerMod:SecondChance","floor":47}],"player_experience":883245,"relics_obtained":[{"floor":7.0,"key":"Blood Vial"},{"floor":8.0,"key":"Omamori"},{"floor":9.0,"key":"DemoMod:AgedBell"},{"floor":10.0,"key":"Lantern"},{"floor":22.0,"key":"Replay:Ringing Soul"},{"floor":23.0,"key":"Pondfish Scales"},{"floor":26.0,"key":"Regal Pillow"},{"floor":29.0,"key":"The Courier"},{"floor":38.0,"key":"PokerPlayerMod:EnergeticBat"},{"floor":42.0,"key":"Mango"},{"floor":43.0,"key":"Eternal Feather"},{"floor":44,"key":"ReplayTheSpireMod:Shallot"},{"floor":45,"key":"Bronze Scales"},{"floor":47,"key":"Replay:Bottled Snecko"}],"event_choices":[{"damage_healed":0.0,"max_hp_gain":0.0,"max_hp_loss":0.0,"gold_gain":0.0,"event_name":"Scrap Ooze","player_choice":"Success","floor":2.0,"gold_loss":0.0,"damage_taken":11.0,"relics_obtained":["Vajra"]},{"damage_healed":0.0,"max_hp_gain":0.0,"max_hp_loss":0.0,"gold_gain":0.0,"event_name":"Big Fish","player_choice":"Box","floor":11.0,"gold_loss":0.0,"damage_taken":0.0,"relics_obtained":["FossilizedHelix"],"cards_obtained":["Regret"]},{"damage_healed":0.0,"max_hp_gain":0.0,"max_hp_loss":0.0,"gold_gain":0.0,"event_name":"Ghosts","player_choice":"Ignored","floor":19.0,"gold_loss":0.0,"damage_taken":0.0},{"cards_removed":["PokerPlayerMod:Diamond1"],"damage_healed":0.0,"max_hp_gain":0.0,"max_hp_loss":0.0,"gold_gain":0.0,"event_name":"Beggar","player_choice":"Gave Gold","floor":21.0,"gold_loss":75.0,"damage_taken":0.0},{"damage_healed":0.0,"max_hp_gain":0.0,"max_hp_loss":0.0,"gold_gain":0.0,"event_name":"The Library","player_choice":"Read","floor":27.0,"gold_loss":0.0,"damage_taken":0.0,"cards_obtained":["PokerPlayerMod:DartThrow"]},{"damage_healed":0.0,"max_hp_gain":0.0,"max_hp_loss":0.0,"gold_gain":0.0,"event_name":"Mysterious Sphere","player_choice":"Fight","floor":38.0,"gold_loss":0.0,"damage_taken":0.0},{"damage_healed":0.0,"max_hp_gain":0.0,"max_hp_loss":0.0,"gold_gain":0.0,"event_name":"Tomb of Lord Red Mask","player_choice":"Ignored","floor":39.0,"gold_loss":0.0,"damage_taken":0.0},{"damage_healed":0.0,"max_hp_gain":0.0,"max_hp_loss":0.0,"gold_gain":0.0,"event_name":"SensoryStone","player_choice":"Memory 3","floor":41.0,"gold_loss":0.0,"damage_taken":10.0},{"damage_healed":0.0,"max_hp_gain":0.0,"max_hp_loss":0.0,"gold_gain":0.0,"event_name":"MindBloom","player_choice":"Fight","floor":42.0,"gold_loss":0.0,"damage_taken":0.0}],"is_beta":false,"boss_relics":[{"not_picked":["Replay:Bronze Core","Replay:Wanted Poster"],"picked":"DemoMod:WaxWing"},{"not_picked":["Abe\u0027s Treasure","Ring of Chaos"],"picked":"DemoMod:RiddleOfLead"}],"items_purged_floors":[37],"is_endless":false,"potions_floor_spawned":[1,12,13,14,20,31,33,35,42,45,47],"ascension_level":17}}