{"host":"fhujvjnj99vjue08","time":1607882329,"event":{"mods":["2.2 Compatiblity","AchievementEnabler","Aspiration","Astrologer","BaseMod","Beaked The Cultist","BetterRewards","CatGirl Mod","Colored Map","Colored Powertips","Conjunction","Conspire","Custom Start","Friendly Minions","GifTheSpireLib","Googly Eyes","Halation","Highlight Path","Hubris","Hyrulean Relics","Infinite Spire","Magitek Elite","Mimic Mod","Minty Spire (QoL Compilation)","Replay The Spire","Reworked Bosses","Shop Mod","StSLib","Strawberry Spire","Stuff the Spire","The Bug Knight","The Factory","The Gatherer","The Jungle","The Servant 0.9.4","TheBandit","TheFirefly","egg","thorton","vexMod"],"gold_per_floor":[118,132,132,92,92,92,117,117,147,147,147],"floor_reached":10,"playtime":474,"items_purged":[],"score":74,"play_id":"6722581c-2ec9-480e-adae-c6cc9e15f175","local_time":"20201213175849","is_ascension_mode":true,"campfire_choices":[{"data":"ReplayTheSpireMod:Scrap Shanks","floor":6,"key":"SMITH"},{"floor":8,"key":"REST"}],"circlet_count":0,"master_deck":["Strike_G+1","Strike_G","Strike_G","Strike_G","Strike_G+1","Defend_G","Defend_G","Defend_G","Defend_G","Defend_G","Survivor","Neutralize","Gatherer:Strike_Gatherer","Gatherer:Defend_Gatherer","Slice","Injury","ReplayTheSpireMod:Scrap Shanks+1","strawberrySpire:HopSkipAndJump+1","Dagger Spray"],"relics":["Ring of the Snake","halation:VictoryRuler","Toxic Egg 2","Bag of Marbles","Whetstone"],"acts_visited":["Exordium"],"potions_floor_usage":[],"damage_taken":[{"damage":18,"enemies":"Jaw Worm","floor":1,"turns":6},{"damage":0,"enemies":"2 Louse","floor":2,"turns":2},{"damage":45,"enemies":"Gremlin Nob","floor":7,"turns":6},{"damage":16,"enemies":"Small Slimes","floor":9,"turns":9},{"damage":19,"enemies":"3 Sentries","floor":10,"turns":8}],"seed_played":"6759495243634001855","potions_obtained":[],"is_trial":false,"path_per_floor":["M","M","?","$","?","R","E","R","MIM","E"],"character_chosen":"THE_SILENT","items_purchased":["ReplayTheSpireMod:Scrap Shanks"],"campfire_rested":1,"item_purchase_floors":[4],"current_hp_per_floor":[52,52,52,52,52,52,7,28,12,0,0],"gold":147,"neow_bonus":"ONE_RARE_RELIC","is_daily":false,"chose_seed":false,"campfire_upgraded":1,"win_rate":0.0,"timestamp":1607882329,"path_taken":["M","M","?","$","?","R","E","R","MIM","E"],"items_purchased_type":["Card"],"build_version":"2020-11-30","purchased_purges":0,"victory":false,"max_hp_per_floor":[70,70,70,70,70,70,70,70,70,70,70],"card_choices":[{"not_picked":["Underhanded Strike","ReplayTheSpireMod:Tripwire"],"picked":"Slice","floor":1},{"not_picked":["strawberrySpire:DeltaFlow","Escape Plan","Outmaneuver"],"picked":"SKIP","floor":2},{"not_picked":["strawberrySpire:KnifeParty","ReplayTheSpireMod:Exploit Weakness+1"],"picked":"strawberrySpire:HopSkipAndJump+1","floor":7},{"not_picked":["strawberrySpire:SpinKick","StuffTheSpire:Repulse+1"],"picked":"Dagger Spray","floor":9}],"player_experience":299695,"relics_obtained":[{"floor":7,"key":"Bag of Marbles"},{"floor":9,"key":"Whetstone"}],"event_choices":[],"is_beta":false,"boss_relics":[],"items_purged_floors":[],"is_endless":false,"potions_floor_spawned":[],"killed_by":"3 Sentries","ascension_level":3}}