{"host":"a3gl5es7j3fsfxu2","time":1607902969,"event":{"mods":["A Magickal Journey","AchievementEnabler","BaseMod","Better Third Choice","BetterRewards","Conspire","Custom Start","DeckTracker","Dio Mod","Gold Saver","GungeonMod","Halation","Hermit","Hubris","Infinite Spire","Jedi Mod","Jorbs\u0027s Wanderer Trilogy","Minty Spire (QoL Compilation)","Permanent Neow","Potionbrewer","Quick Restart","Relic Filter","Relic Sorter","Remove Card Discount Mod","Replay The Spire","Robot Space Explorer","Spicy Shops","StSLib","The Animator","The Bladedancer","The Dragon Tamer","The Exalted","The Poker Player","The Problem Sleuth","vexMod"],"gold_per_floor":[8596,8607,7093,7103,7103,7103,7120,7120,7167,7167,7183,7183,7212,6363,6363,6462,6462,6478,6497,6509,5160,5175,5203,5203,5203,5203,5203,5223,5244,5254,5266,5283,5283,5283,5384,5384,5394,4796,4812,4831,4845,4845,4865,4865,4916,4937,4954,4994,5048,5080,5080,5080,5080,5080,4681,4712,4712],"floor_reached":58,"playtime":5028,"items_purged":["Doubt","DemoMod:Strike_Huntress","DemoMod:Defend_Huntress","DemoMod:Strike_Huntress","DemoMod:Defend_Huntress","DemoMod:Defend_Huntress","DemoMod:Strike_Huntress","DemoMod:DirectionalPad","DemoMod:Desperate","DemoMod:RustySidearm","DemoMod:CrossBow","DemoMod:Roll","conspire:Banana+1","Pain","DemoMod:Elimentaler","DemoMod:BlankBullets"],"score":1067,"play_id":"4d663dfc-1ad7-41b9-a76e-577456bc66d9","local_time":"20201214004249","is_ascension_mode":false,"campfire_choices":[{"data":"conspire:Banana","floor":6,"key":"SMITH"},{"data":"Finesse","floor":8,"key":"SMITH"},{"data":"Finesse","floor":12,"key":"SMITH"},{"data":"DemoMod:HuntsMan","floor":15,"key":"SMITH"},{"floor":24,"key":"RECALL"},{"data":"DemoMod:DoubleVision","floor":27,"key":"SMITH"},{"data":"DemoMod:HardPowerCard","floor":33,"key":"SMITH"},{"data":"DemoMod:SpreadAmmo","floor":42,"key":"SMITH"},{"data":"DemoMod:FastSwitch","floor":44,"key":"SMITH"},{"data":"DemoMod:Behold!","floor":51,"key":"SMITH"},{"data":"DemoMod:CursedBullets","floor":54,"key":"SMITH"}],"circlet_count":0,"master_deck":["DemoMod:ManualReload","DemoMod:HungryBullets","DemoMod:SpreadAmmo+1","DemoMod:HardPowerCard","Secret Weapon","Finesse+1","Finesse+1","DemoMod:HardPowerCard","DemoMod:HuntsMan+1","DemoMod:FastSwitch+1","DemoMod:Evolver+","DemoMod:Unmoved","DemoMod:SpreadAmmo","DemoMod:Behold!+1","DemoMod:DoubleVision+1","DemoMod:ShadowBullets","DemoMod:HuntsMan","DemoMod:TripleGun","DemoMod:Unity+1","DemoMod:MachoBrace+1","DemoMod:HuntsMan+1","DemoMod:HardPowerCard+1","DemoMod:ShadowBullets+1","DemoMod:SpreadAmmo+1","DemoMod:GunslingerForm","DemoMod:HungryBullets+1","DemoMod:SniperShot+1","DemoMod:CursedBullets+1","DemoMod:LifeOrb+1","DemoMod:LifeOrb","DemoMod:HardPowerCard+1","DemoMod:ShadowBullets"],"relics":["DemoMod:Dog","DemoMod:Relodestone","DemoMod:ResourcefulSack","NeowsBlessing","ReplayTheSpireMod:ShopPack","Turnip","Sundial","conspire:TreasureMap","DemoMod:JetPack","infinitespire:EmpoweringShard","DemoMod:RatBoots","Potion Belt","OrangePellets","Blood Vial","PreservedInsect","Frozen Eye","Honey Jar","Dream Catcher","halation:Sosunser","White Beast Statue","Bag of Preparation","jedi:crownofsimplicity","jedi:purplefairy","ReplayTheSpireMod:Ring of Challenge","conspire:RoyalGoblet","DemoMod:PartiallyEatenCheese","Bromod:ArcaneEnergize","Eternal Feather","halation:WeightlessCrab","War Paint","jedi:fakemustache","CaptainsWheel","infinitespire:BottledMercury","Onion Ring","DemoMod:OrangeGuonStone","hubris:Metronome","DemoMod:ClearGuonStone","ReplayTheSpireMod:Ninjato"],"acts_visited":["Exordium","TheCity","TheCity","TheBeyond","TheEnding"],"potions_floor_usage":[20,22,29,31,34,34,57,57,57],"damage_taken":[{"damage":0,"enemies":"conspire:RoseBush","floor":1,"turns":1},{"damage":0,"enemies":"Cultist","floor":2,"turns":1},{"damage":0,"enemies":"Jaw Worm","floor":4,"turns":1},{"damage":1,"enemies":"Exordium Wildlife","floor":7,"turns":5},{"damage":0,"enemies":"2 Fungi Beasts","floor":11,"turns":3},{"damage":0,"enemies":"Gremlin Nob","floor":13,"turns":4},{"damage":0,"enemies":"The Guardian","floor":16,"turns":10},{"damage":0,"enemies":"3 Byrds","floor":18,"turns":4},{"damage":0,"enemies":"Shell Parasite","floor":19,"turns":4},{"damage":0,"enemies":"Centurion and Healer","floor":20,"turns":3},{"damage":6,"enemies":"Snecko","floor":22,"turns":3},{"damage":0,"enemies":"Replay:Snechameleon","floor":23,"turns":3},{"damage":0,"enemies":"DemoMod:4_Bullet_Kins","floor":28,"turns":2},{"damage":1,"enemies":"DemoMod:2_Veteran_bullet_kins_and_red_shotgun_kin","floor":29,"turns":2},{"damage":16,"enemies":"DemoMod:Veteran_shot_gun_kin_and_blue_shotgun_kin_with_gunsinger","floor":30,"turns":2},{"damage":0,"enemies":"DemoMod:2_Mousers","floor":31,"turns":2},{"damage":0,"enemies":"DemoMod:Red_and_blue_shotgun_kin_with_gunsinger","floor":32,"turns":2},{"damage":4,"enemies":"DemoMod:ResourcefulRat","floor":35,"turns":15},{"damage":0,"enemies":"3 Shapes","floor":37,"turns":2},{"damage":0,"enemies":"Orb Walker","floor":39,"turns":2},{"damage":0,"enemies":"Transient","floor":40,"turns":5},{"damage":0,"enemies":"Jaw Worm Horde","floor":41,"turns":2},{"damage":0,"enemies":"Sphere and 2 Shapes","floor":43,"turns":3},{"damage":0,"enemies":"Maw","floor":46,"turns":3},{"damage":18,"enemies":"4 Shapes","floor":47,"turns":2},{"damage":0,"enemies":"Transient","floor":48,"turns":2},{"damage":0,"enemies":"Mind Bloom Boss Battle","floor":49,"turns":2},{"damage":0,"enemies":"R_Hoarder","floor":50,"turns":2},{"damage":4,"enemies":"Replay:Hell Engine","floor":52,"turns":2},{"damage":0,"enemies":"Shield and Spear","floor":56,"turns":2},{"damage":9,"enemies":"The Heart","floor":57,"turns":5}],"seed_played":"-7216278261103244002","potions_obtained":[{"floor":4,"key":"Dexterity Potion"},{"floor":11,"key":"Adrenaline Potion"},{"floor":18,"key":"potionbrewer:ToxicPotion"},{"floor":22,"key":"jedi:StrikingPotion"},{"floor":23,"key":"CultistPotion"},{"floor":28,"key":"DemoMod:LeadSkinPotion"},{"floor":29,"key":"SteroidPotion"},{"floor":30,"key":"potionbrewer:NoxiousPotion"},{"floor":31,"key":"Death Potion"},{"floor":32,"key":"FearPotion"},{"floor":35,"key":"potionbrewer:DiscountPotion"},{"floor":37,"key":"Strength Potion"},{"floor":41,"key":"DemoMod:LeadSkinPotion"},{"floor":47,"key":"potionbrewer:NoxiousPotion"},{"floor":50,"key":"SteroidPotion"}],"is_trial":false,"path_per_floor":["M","M","$","M","?","R","M","R","T","?","M","R","E","$","R","B",null,"M","M","M","$","M","E","R","?","T","R","M","M","M","M","M","R","B","B",null,"M","$","M","M","M","R","M","R","T","M","M","?","?","E","R","B",null,"R","$","E","B",null],"character_chosen":"HUNTRESS","items_purchased":["ReplayTheSpireMod:ShopPack","Turnip","DemoMod:Relodestone","Sundial","conspire:TreasureMap","DemoMod:JetPack","conspire:Banana","DemoMod:HardPowerCard","DemoMod:GnawedKey","DemoMod:RatBoots","Potion Belt","OrangePellets","Blood Vial","PreservedInsect","Frozen Eye","DemoMod:Behold!","DemoMod:DoubleVision","DemoMod:ShadowBullets","Dream Catcher","halation:Sosunser","White Beast Statue","Bag of Preparation","PowerPotion","DemoMod:HuntsMan","jedi:crownofsimplicity","War Paint","DemoMod:CursedBullets","jedi:fakemustache","CaptainsWheel","infinitespire:BottledMercury","hubris:Metronome","DemoMod:ClearGuonStone"],"campfire_rested":0,"item_purchase_floors":[3,3,3,3,3,3,3,3,3,14,14,14,14,14,14,21,21,21,21,21,21,21,21,21,21,38,38,38,38,38,55,55],"current_hp_per_floor":[70,70,70,70,70,70,71,71,71,71,73,73,75,75,75,78,78,80,82,84,84,80,84,84,84,88,88,90,91,78,82,86,96,70,70,100,100,100,100,100,100,100,100,100,100,100,82,84,86,88,100,96,100,100,100,100,91],"gold":4712,"neow_bonus":"THREE_ENEMY_KILL","is_daily":false,"chose_seed":false,"campfire_upgraded":10,"win_rate":0.0,"timestamp":1607902969,"path_taken":["M","M","$","M","?","R","M","R","T","?","M","R","E","$","R","BOSS","M","M","M","$","M","E","R","?","T","R","M","M","M","M","M","R","BOSS","BOSS","M","$","M","M","M","R","M","R","T","M","M","?","?","E","R","BOSS","R","$","E","BOSS"],"items_purchased_type":["Relic","Relic","Relic","Relic","Relic","Relic","Card","Card","Relic","Relic","Relic","Relic","Relic","Relic","Relic","Card","Card","Card","Relic","Relic","Relic","Relic","Potion","Card","Relic","Relic","Card","Relic","Relic","Relic","Relic","Relic"],"build_version":"2020-11-30","purchased_purges":16,"victory":true,"max_hp_per_floor":[70,70,70,70,70,70,72,72,72,72,74,74,76,76,76,78,78,80,82,84,84,86,88,88,88,88,88,90,92,94,96,98,98,98,100,100,100,100,100,100,100,100,100,100,100,100,100,100,100,100,100,100,100,100,100,100,100],"card_choices":[{"not_picked":["DemoMod:TeaPot","DemoMod:JK47"],"picked":"DemoMod:HungryBullets","floor":1},{"not_picked":["DemoMod:BattleInHaste","DemoMod:ChanceBullets"],"picked":"DemoMod:SpreadAmmo","floor":2},{"not_picked":["ReplayUltimateDefense","Sadistic Nature"],"picked":"Secret Weapon","floor":3},{"not_picked":["hubris:Ssssneak","Enlightenment"],"picked":"Finesse","floor":3},{"not_picked":["Forethought","Metamorphosis"],"picked":"Finesse","floor":3},{"not_picked":["DemoMod:DoubleSwitch","DemoMod:JK47"],"picked":"DemoMod:HardPowerCard","floor":4},{"not_picked":["DemoMod:EasyReloadBullets","DemoMod:SkilledReload"],"picked":"DemoMod:HuntsMan","floor":7},{"not_picked":["DemoMod:DirectionalPad","DemoMod:GunShield"],"picked":"DemoMod:FastSwitch","floor":11},{"not_picked":["DemoMod:AC15","DemoMod:DoubleSwitch"],"picked":"DemoMod:Evolver","floor":13},{"not_picked":["DemoMod:AC15","DemoMod:ConditionalReflex","DemoMod:JK47"],"picked":"SKIP","floor":13},{"not_picked":["DemoMod:BSG","DemoMod:SuppressiveFire"],"picked":"DemoMod:Desperate","floor":16},{"not_picked":["DemoMod:Ejector","DemoMod:BoxingGlove","DemoMod:AC15+1"],"picked":"DemoMod:Purify","floor":18},{"not_picked":["DemoMod:BlackHoleGun","DemoMod:SAA","DemoMod:Ejector+1"],"picked":"DemoMod:DirectionalPad","floor":19},{"not_picked":["DemoMod:DirectionalPad","DemoMod:MegaHand","DemoMod:AC15+1"],"picked":"DemoMod:Unmoved","floor":19},{"not_picked":["DemoMod:TeaPot","DemoMod:LifeOrb","DemoMod:FastSwitch"],"picked":"DemoMod:SpreadAmmo","floor":20},{"not_picked":["DemoMod:JK47","DemoMod:Unity","DemoMod:ChanceBullets"],"picked":"DemoMod:TripleGun","floor":22},{"not_picked":["DemoMod:DirectionalPad","DemoMod:Camera","DemoMod:SkilledReload"],"picked":"DemoMod:Unity+1","floor":23},{"not_picked":["DemoMod:HungryBullets+1","DemoMod:ProbeStrike","DemoMod:StickyCrossBow"],"picked":"DemoMod:MachoBrace","floor":28},{"not_picked":["DemoMod:DoubleSwitch","DemoMod:Unmoved+1","DemoMod:FortunesFavor"],"picked":"DemoMod:BlankBullets","floor":29},{"not_picked":["DemoMod:PotionOfGunFriendShip","DemoMod:StickyCrossBow+1","DemoMod:SAA+1"],"picked":"DemoMod:HuntsMan+1","floor":30},{"not_picked":["DemoMod:Unmoved","DemoMod:Camera+1","DemoMod:TeaPot"],"picked":"DemoMod:HardPowerCard","floor":31},{"not_picked":["DemoMod:HuntsMan+1","DemoMod:Ejector+1","DemoMod:BoxingGlove+1"],"picked":"DemoMod:ShadowBullets+1","floor":31},{"not_picked":["DemoMod:FightSabre","DemoMod:Ejector+1","DemoMod:BoxingGlove"],"picked":"DemoMod:SpreadAmmo+1","floor":32},{"not_picked":["DemoMod:SuppressiveFire","DemoMod:Eureka","DemoMod:Elimentaler"],"picked":"DemoMod:GunslingerForm","floor":35},{"not_picked":[],"picked":"DemoMod:Elimentaler","floor":35},{"not_picked":["DemoMod:SkilledReload","DemoMod:HighKaliber+1","DemoMod:SAA+1"],"picked":"DemoMod:HungryBullets+1","floor":36},{"not_picked":["DemoMod:DoubleSwitch","DemoMod:ZorGun+1","DemoMod:AWP+1"],"picked":"DemoMod:SniperShot","floor":37},{"not_picked":["DemoMod:BattleInHaste","DemoMod:HardPowerCard","DemoMod:SniperShot+1"],"picked":"DemoMod:LifeOrb+1","floor":39},{"not_picked":["DemoMod:CursedBullets","DemoMod:JK47","DemoMod:DoubleSwitch+1"],"picked":"DemoMod:LifeOrb","floor":40},{"not_picked":["DemoMod:StickyCrossBow","DemoMod:SkilledReload+1","DemoMod:JK47"],"picked":"DemoMod:HardPowerCard+1","floor":41},{"not_picked":["DemoMod:ShadowBullets","DemoMod:SAA+1","DemoMod:DoubleSwitch","DemoMod:AWP+1"],"picked":"SKIP","floor":43},{"not_picked":["DemoMod:BoxingGlove","DemoMod:Gungine","DemoMod:LifeOrb+1","DemoMod:CombinedRifle"],"picked":"SKIP","floor":46},{"not_picked":["DemoMod:StickyCrossBow+1","DemoMod:AC15","DemoMod:FastSwitch+1","DemoMod:Unmoved"],"picked":"SKIP","floor":47},{"not_picked":["DemoMod:EasyReloadBullets+1","DemoMod:MegaHand+1","DemoMod:ConditionalReflex+1","DemoMod:ZorGun"],"picked":"SKIP","floor":48},{"not_picked":["DemoMod:GunstockTap+1","DemoMod:HuntsMan+1","DemoMod:PracticeMakesPerfect+1"],"picked":"DemoMod:ShadowBullets","floor":49},{"not_picked":["DemoMod:FortunesFavor+1","DemoMod:AC15","DemoMod:SpreadAmmo","DemoMod:PracticeMakesPerfect+1"],"picked":"SKIP","floor":50},{"not_picked":["DemoMod:TeaPot+1","DemoMod:FeignSurrender","DemoMod:ConditionalReflex+1","DemoMod:GunstockTap+1"],"picked":"SKIP","floor":56}],"player_experience":371306,"relics_obtained":[{"floor":9,"key":"infinitespire:EmpoweringShard"},{"floor":23,"key":"jedi:purplefairy"},{"floor":25,"key":"ReplayTheSpireMod:Ring of Challenge"},{"floor":29,"key":"DemoMod:ResourcefulSack"},{"floor":36,"key":"conspire:RoyalGoblet"},{"floor":36,"key":"DemoMod:PartiallyEatenCheese"},{"floor":36,"key":"Bromod:ArcaneEnergize"},{"floor":36,"key":"Eternal Feather"},{"floor":36,"key":"halation:WeightlessCrab"},{"floor":48,"key":"Onion Ring"},{"floor":50,"key":"DemoMod:OrangeGuonStone"},{"floor":56,"key":"ReplayTheSpireMod:Ninjato"}],"event_choices":[{"damage_healed":0,"gold_gain":0,"player_choice":"Leave","damage_taken":0,"max_hp_gain":0,"max_hp_loss":0,"event_name":"conspire:Investor","floor":5,"gold_loss":0},{"damage_healed":0,"gold_gain":0,"player_choice":"Ignored","damage_taken":0,"max_hp_gain":0,"max_hp_loss":0,"event_name":"NoteForYourself","floor":10,"gold_loss":0},{"damage_healed":0,"gold_gain":0,"player_choice":"Fight","damage_taken":0,"max_hp_gain":0,"max_hp_loss":0,"event_name":"MindBloom","floor":49,"gold_loss":0}],"is_beta":false,"boss_relics":[{"not_picked":["Replay:Bronze Core","halation:Risk"],"picked":"Honey Jar"},{"not_picked":[]}],"items_purged_floors":[3,3,3,3,3,14,21,21,21,38,38,38,38,38,38,38],"is_endless":false,"potions_floor_spawned":[4,11,18,22,23,28,29,30,31,32,35,37,39,40,41,43,46,47,48,49,50,56],"ascension_level":0}}