{"host":"vr9me2kif8p2xyyc","time":1607838403,"event":{"mods":["2.2 Compatiblity","A Magickal Journey","AchievementEnabler","Act Like it!","Aspiration","Astrologer","Bard","Bartender","BaseMod","Beaked The Cultist","Best Route Mod","Better Match","Better Note","Better Skull","Better Third Choice","BetterRewards","Block Reminder","Booster Modes","CapriCore","Challenge The Spire","ChefMod","Clawfect","Colored Map","Colored Powertips","Conjunction","Conspire","Downfall","Elementarium","Energized Spire","Friendly Minions","GifTheSpireLib","Glutton Mod","Halation","Hallownest","Hermit","Hubris","Jorbs\u0027s Wanderer Trilogy","Kratos Character Expansion","Mad Scientist","Marisa????????","Minty Spire (QoL Compilation)","Pale of the Ancients","Permanent Neow","Potionbrewer","Puzzle Mod","QueenMod","Quick Restart","Random Character Button","Rare Cards Sparkle","Relic Stats","Remilia??????","Replay The Spire","Reworked Bosses","Robot Space Explorer","SCP261 Mod","SIMod","Shop Mod","Slumbering Mod","Spikes Relics","StSLib","Stuff the Spire","SuperFastMode","Td1madao Mod","The Alterego","The Animator","The Blackbeard","The Bladedancer","The Blue Laboratory","The Bug Knight","The Clintock","The Construct","The Cursed","The Death Knight","The Disciple","The Dragon Tamer","The Druid","The Elementalist","The Exalted","The Extravagant","The Fake Hero","The Florist","The Forsaken","The Gatherer","The Hayseed","The Hierophant","The Immortal","The Judge","The Jungle","The Kombatant","The Mystic","The Necromancer","The Poker Player","The Problem Sleuth","The Runesmith","The Sage","The Servant 0.9.4","The Spell Scribe","The Valiant","TheArtist","TheBandit","TheFirefly","TheLocksmith","TheVacant","TheWitcher","Wandering Minibosses","Yohane!","thorton"],"gold_per_floor":[109,129,139,139,153,185,185,61,61,91,101,111,111,122,122,227,227,242,242,258,181,181,181],"floor_reached":22,"playtime":3242,"items_purged":[],"score":298,"play_id":"fbe84dd1-697e-4eb7-af66-11be2d13c972","local_time":"20201212234643","is_ascension_mode":false,"campfire_choices":[{"floor":7,"key":"REST"},{"data":"theVacant:VoidForm","floor":13,"key":"SMITH"},{"floor":15,"key":"REST"}],"circlet_count":0,"master_deck":["theVacant:VacantStarterStrike","theVacant:VacantStarterStrike","theVacant:VacantStarterStrike","theVacant:VacantStarterStrike","theVacant:VacantStarterDefend","theVacant:VacantStarterDefend","theVacant:VacantStarterDefend","theVacant:VacantStarterDefend","theVacant:Release","theVacant:Crunch","theVacant:LichStrike","theVacant:Snowball","theVacant:Throttle","Decay","theVacant:VoidEmbrace","theVacant:CleanseSoul","theVacant:FiendFrost","theVacant:ReaperStrike","theVacant:VoidForm+1","theVacant:CursedBlast","theVacant:BrassMagnet","theVacant:VoidForm","hermit:FromBeyond","theVacant:ShutAway"],"relics":["MerchantsRug","StuffTheSpire:BottledEssence","Rawhide","Bromod:ArcaneVictory","halation:Prosthetics","potionbrewer:MortarAndPestle"],"acts_visited":["Exordium","TheCity"],"potions_floor_usage":[6,16,18],"damage_taken":[{"damage":7,"enemies":"Small Slimes","floor":1,"turns":4},{"damage":12,"enemies":"Cultist","floor":2,"turns":5},{"damage":8,"enemies":"2 Louse","floor":3,"turns":2},{"damage":17,"enemies":"Large Slime","floor":5,"turns":6},{"damage":50,"enemies":"Lagavulin","floor":6,"turns":9},{"damage":33,"enemies":"Replay:BlueRogue","floor":10,"turns":7},{"damage":5,"enemies":"3 Louse","floor":11,"turns":4},{"damage":4,"enemies":"Gremlin Gang","floor":12,"turns":2},{"damage":12,"enemies":"Blue Slaver","floor":14,"turns":4},{"damage":19,"enemies":"Slime Boss","floor":16,"turns":8},{"damage":21,"enemies":"conspire:FuzzyDice","floor":18,"turns":8},{"damage":25,"enemies":"Shell Parasite","floor":20,"turns":7},{"damage":14,"enemies":"Chosen and Byrds","floor":22,"turns":3}],"seed_played":"7728645947003681456","potions_obtained":[{"floor":2,"key":"SCP261:BarrettColaPotion"},{"floor":5,"key":"potionbrewer:AcidPotion"},{"floor":6,"key":"Block Potion"},{"floor":11,"key":"blueLaboratory:BottleOfVodka"},{"floor":16,"key":"blueLaboratory:LouseDecoction"}],"is_trial":false,"path_per_floor":["M","M","M","?","M","E","R","$","T","E","M","M","R","M","R","B",null,"M","?","M","?","M"],"character_chosen":"THE_VACANT","items_purchased":["MerchantsRug","StuffTheSpire:BottledEssence","theVacant:FiendFrost"],"campfire_rested":2,"item_purchase_floors":[0,8,8],"current_hp_per_floor":[73,72,72,72,61,18,42,42,42,24,22,28,28,17,41,44,45,26,26,14,14,0,0],"gold":181,"neow_bonus":"","is_daily":false,"chose_seed":false,"campfire_upgraded":1,"win_rate":0.0,"timestamp":1607838403,"path_taken":["M","M","M","?","M","E","R","$","T","E","?","M","R","M","R","BOSS","M","?","M","?","M"],"items_purchased_type":["Relic","Relic","Card"],"build_version":"2020-11-30","purchased_purges":0,"victory":false,"max_hp_per_floor":[80,80,80,80,80,80,80,80,80,80,80,80,80,80,80,80,45,45,45,45,45,45,45],"relic_stats":{"counters":[26,126],"obtain_stats":[{"MerchantsRug":14,"theVacant:BrassGoblet":0,"Bromod:ArcaneVictory":10,"StuffTheSpire:Saxophone":14,"Rawhide":9,"potionbrewer:MortarAndPestle":21,"StuffTheSpire:BottledEssence":8,"halation:Prosthetics":17,"Smiling Mask":9,"Boot":13,"Anchor":8,"hubris:TenFootPole":6,"Black Star":17,"hubris:Reverence":6},{"MerchantsRug":8,"theVacant:BrassGoblet":0,"Bromod:ArcaneVictory":19,"StuffTheSpire:Saxophone":8,"Rawhide":18,"potionbrewer:MortarAndPestle":25,"StuffTheSpire:BottledEssence":18,"halation:Prosthetics":23,"Smiling Mask":6,"Boot":8,"Anchor":6,"hubris:TenFootPole":4,"Black Star":9,"hubris:Reverence":18},{"MerchantsRug":31,"theVacant:BrassGoblet":0,"Bromod:ArcaneVictory":90,"StuffTheSpire:Saxophone":31,"Rawhide":83,"potionbrewer:MortarAndPestle":123,"StuffTheSpire:BottledEssence":83,"halation:Prosthetics":108,"Smiling Mask":21,"Boot":31,"Anchor":21,"hubris:TenFootPole":15,"Black Star":39,"hubris:Reverence":83}]},"card_choices":[{"not_picked":["theVacant:EyePoke","theVacant:Barrage"],"picked":"theVacant:LichStrike","floor":1},{"not_picked":["theVacant:Dig","theVacant:GraveDigger"],"picked":"theVacant:Snowball","floor":2},{"not_picked":["theVacant:Thoughtseize","theVacant:OnSecondThought"],"picked":"theVacant:Throttle","floor":3},{"not_picked":["theVacant:Spinshield","theVacant:ShutAway"],"picked":"theVacant:VoidEmbrace","floor":5},{"not_picked":["theVacant:Husk","theVacant:Dig"],"picked":"theVacant:CleanseSoul","floor":6},{"not_picked":["theVacant:ShriekingBlast","theVacant:Fling"],"picked":"theVacant:ReaperStrike","floor":10},{"not_picked":["theVacant:FranticBlow","theVacant:OnSecondThought"],"picked":"theVacant:VoidForm","floor":11},{"not_picked":["theVacant:Thoughtseize","theVacant:ShriekingBlast"],"picked":"theVacant:CursedBlast","floor":12},{"not_picked":["theVacant:Sneeze","theVacant:Barrage"],"picked":"theVacant:BrassMagnet","floor":14},{"not_picked":["theVacant:FromNothing","theVacant:Prevent"],"picked":"theVacant:VoidForm","floor":16},{"not_picked":["theVacant:Spinshield","theVacant:EyePoke+1","theVacant:FranticBlow"],"picked":"SKIP","floor":18},{"not_picked":["theVacant:LichStrike","theVacant:Fling"],"picked":"theVacant:ShutAway","floor":20}],"player_experience":1181802,"relics_obtained":[{"floor":6,"key":"hubris:Reverence"},{"floor":9,"key":"Rawhide"},{"floor":10,"key":"Bromod:ArcaneVictory"}],"event_choices":[{"damage_healed":0,"gold_gain":0,"player_choice":"Cursed","damage_taken":0,"max_hp_gain":0,"max_hp_loss":0,"event_name":"Wheel of Change","floor":4,"gold_loss":0,"cards_obtained":["Decay"]},{"cards_removed":["theVacant:VoidForm"],"damage_healed":0,"gold_gain":0,"player_choice":"Take \u0026 Give","damage_taken":0,"max_hp_gain":0,"max_hp_loss":0,"event_name":"betterNote:BetterNote","floor":19,"gold_loss":0,"cards_obtained":["hermit:FromBeyond"]},{"damage_healed":0,"gold_gain":0,"player_choice":"Paid Gold","damage_taken":0,"relics_obtained":["potionbrewer:MortarAndPestle"],"max_hp_gain":0,"max_hp_loss":0,"event_name":"WeMeetAgain","floor":21,"gold_loss":77}],"is_beta":false,"boss_relics":[{"not_picked":["halation:Yufonium","conspire:RunicOctahedron"],"picked":"halation:Prosthetics"}],"items_purged_floors":[],"is_endless":false,"potions_floor_spawned":[2,5,6,11,16],"killed_by":"Chosen and Byrds","ascension_level":0}}