{"host":"qgru5siit3fz0wh9","time":1607858992,"event":{"mods":["AchievementEnabler","BaseMod","Highlight Path","Minty Spire (QoL Compilation)"],"gold_per_floor":[115,135,152,152,165,97,128,148,201,221,221,221],"floor_reached":11,"playtime":513,"items_purged":[],"score":81,"play_id":"2fb715b5-8e7b-4882-b71a-55afd3aed54b","local_time":"20201213122952","is_ascension_mode":true,"campfire_choices":[],"circlet_count":0,"master_deck":["Strike_R","Strike_R","Strike_R","Strike_R","Defend_R","Defend_R","Defend_R","Defend_R","Thunderclap","Cleave","Thunderclap","Infernal Blade","Battle Trance","Thunderclap","Metallicize"],"relics":["Empty Cage","Strawberry","Nunchaku"],"acts_visited":["Exordium"],"potions_floor_usage":[5],"damage_taken":[{"damage":2,"enemies":"Cultist","floor":1,"turns":5},{"damage":5,"enemies":"Small Slimes","floor":2,"turns":4},{"damage":2,"enemies":"Jaw Worm","floor":3,"turns":5},{"damage":1,"enemies":"Looter","floor":5,"turns":4},{"damage":30,"enemies":"3 Sentries","floor":7,"turns":6},{"damage":8,"enemies":"Lots of Slimes","floor":8,"turns":2},{"damage":8,"enemies":"3 Louse","floor":10,"turns":2},{"damage":38,"enemies":"Lagavulin","floor":11,"turns":6}],"seed_played":"-1340071786271896042","potions_obtained":[{"floor":2,"key":"EssenceOfSteel"}],"is_trial":false,"path_per_floor":["M","M","M","?","M","$","E","M","T","M","E"],"character_chosen":"IRONCLAD","items_purchased":["Infernal Blade"],"campfire_rested":0,"item_purchase_floors":[6],"current_hp_per_floor":[78,73,71,71,70,70,47,39,39,31,0,0],"gold":221,"neow_bonus":"BOSS_RELIC","is_daily":false,"chose_seed":false,"campfire_upgraded":0,"win_rate":0.0,"timestamp":1607858992,"path_taken":["M","M","M","?","?","$","E","?","T","M","E"],"items_purchased_type":["Card"],"build_version":"2020-11-30","purchased_purges":0,"victory":false,"max_hp_per_floor":[80,80,80,80,80,80,87,87,87,87,87,87],"card_choices":[{"not_picked":["Body Slam","Sword Boomerang"],"picked":"Thunderclap","floor":1},{"not_picked":["Disarm","Sword Boomerang"],"picked":"Cleave","floor":2},{"not_picked":["Flex","Burning Pact","Perfected Strike"],"picked":"SKIP","floor":3},{"not_picked":["Sword Boomerang","Heavy Blade"],"picked":"Thunderclap","floor":5},{"not_picked":["True Grit","Burning Pact"],"picked":"Battle Trance","floor":7},{"not_picked":["Sword Boomerang","Sentinel"],"picked":"Thunderclap","floor":8},{"not_picked":["Uppercut","Whirlwind"],"picked":"Metallicize","floor":10}],"player_experience":339834,"relics_obtained":[{"floor":7,"key":"Strawberry"},{"floor":9,"key":"Nunchaku"}],"event_choices":[{"damage_healed":0,"gold_gain":0,"player_choice":"Bought 0 Potions","damage_taken":0,"max_hp_gain":0,"max_hp_loss":0,"event_name":"The Woman in Blue","floor":4,"gold_loss":0}],"is_beta":false,"boss_relics":[],"items_purged_floors":[],"is_endless":false,"potions_floor_spawned":[2],"killed_by":"Lagavulin","ascension_level":1}}