{"host":"pwhq7648p2dwl3jg","time":1607861561,"event":{"mods":["AchievementEnabler","BaseMod","Colored Map","Minty Spire (QoL Compilation)","Rare Cards Sparkle","SuperFastMode"],"gold_per_floor":[116,191,210,210,229,229,247,84,133,144,144,157,167,184,184,289,289,304,304,142,153,153,188,188,188,188,199,199,199,217,235,235,235,235],"floor_reached":33,"playtime":718,"items_purged":["Strike_B"],"score":351,"play_id":"366081c1-f3aa-4d56-b7dd-3e0ed2e23a9e","local_time":"20201213211241","is_ascension_mode":true,"campfire_choices":[{"data":"Dualcast","floor":6,"key":"SMITH"},{"floor":11,"key":"REST"},{"floor":15,"key":"REST"},{"floor":24,"key":"REST"},{"floor":29,"key":"REST"},{"floor":32,"key":"REST"}],"circlet_count":0,"master_deck":["Defend_B","Defend_B","Defend_B","Defend_B","Zap","Dualcast+1","Conserve Battery","Thunder Strike","Ball Lightning","Stack","Biased Cognition","CurseOfTheBell","Capacitor","Panacea","Melter","Static Discharge+1","Bite","Bite","Bite","Bite","Bite"],"relics":["Cracked Core","Art of War","Calling Bell","Omamori","Mercury Hourglass","Thread and Needle","Bronze Scales","Toy Ornithopter"],"acts_visited":["Exordium","TheCity"],"potions_floor_usage":[16,23,27,27,33,33],"damage_taken":[{"damage":0,"enemies":"Small Slimes","floor":1,"turns":3},{"damage":1,"enemies":"Cultist","floor":3,"turns":3},{"damage":2,"enemies":"Jaw Worm","floor":5,"turns":4},{"damage":20,"enemies":"Gremlin Gang","floor":7,"turns":7},{"damage":0,"enemies":"Blue Slaver","floor":10,"turns":4},{"damage":10,"enemies":"Exordium Wildlife","floor":12,"turns":3},{"damage":22,"enemies":"Exordium Thugs","floor":13,"turns":4},{"damage":17,"enemies":"Lots of Slimes","floor":14,"turns":4},{"damage":21,"enemies":"The Guardian","floor":16,"turns":10},{"damage":3,"enemies":"Chosen","floor":18,"turns":5},{"damage":35,"enemies":"2 Thieves","floor":21,"turns":4},{"damage":33,"enemies":"Book of Stabbing","floor":23,"turns":6},{"damage":15,"enemies":"Snake Plant","floor":27,"turns":3},{"damage":11,"enemies":"Snecko","floor":30,"turns":3},{"damage":23,"enemies":"Cultist and Chosen","floor":31,"turns":4},{"damage":120,"enemies":"Collector","floor":33,"turns":6}],"seed_played":"5877097787150275942","potions_obtained":[{"floor":3,"key":"Swift Potion"},{"floor":10,"key":"Regen Potion"},{"floor":16,"key":"SteroidPotion"},{"floor":21,"key":"Weak Potion"},{"floor":23,"key":"BlessingOfTheForge"},{"floor":25,"key":"ColorlessPotion"},{"floor":25,"key":"DistilledChaos"},{"floor":31,"key":"Regen Potion"}],"is_trial":false,"path_per_floor":["M","?","M","?","M","R","M","$","T","M","R","M","M","M","R","B",null,"M","?","$","M","$","E","R","?","T","M","?","R","M","M","R","B"],"character_chosen":"DEFECT","items_purchased":["Thunder Strike","Panacea"],"campfire_rested":5,"item_purchase_floors":[8,20],"current_hp_per_floor":[82,71,70,70,68,68,48,48,48,48,72,62,40,23,47,41,72,69,69,69,34,34,1,25,25,25,22,22,46,41,26,50,0,0],"gold":235,"neow_bonus":"TEN_PERCENT_HP_BONUS","is_daily":false,"chose_seed":false,"campfire_upgraded":1,"win_rate":0.0,"timestamp":1607861561,"path_taken":["M","?","M","?","M","R","M","$","T","M","R","M","?","M","R","BOSS","M","?","$","M","$","E","R","?","T","?","?","R","M","M","R","BOSS"],"items_purchased_type":["Card","Card"],"build_version":"2020-11-30","purchased_purges":1,"victory":false,"max_hp_per_floor":[82,82,82,82,82,82,82,82,82,82,82,82,82,82,82,82,82,82,82,82,82,82,82,82,82,82,82,82,82,82,82,82,82,82],"card_choices":[{"not_picked":["Hologram","Turbo"],"picked":"Conserve Battery","floor":1},{"not_picked":["Fusion","FTL","Storm"],"picked":"SKIP","floor":3},{"not_picked":["Rebound","Auto Shields","Turbo"],"picked":"SKIP","floor":5},{"not_picked":["Stack","Rebound","Static Discharge"],"picked":"SKIP","floor":7},{"not_picked":["Conserve Battery","Go for the Eyes","Rebound"],"picked":"SKIP","floor":10},{"not_picked":["Fusion","Sweeping Beam"],"picked":"Ball Lightning","floor":12},{"not_picked":["Heatsinks","Coolheaded"],"picked":"Stack","floor":13},{"not_picked":["Leap","White Noise"],"picked":"Biased Cognition","floor":14},{"not_picked":["Darkness+1","Coolheaded"],"picked":"Capacitor","floor":18},{"not_picked":["Reinforced Body","Chill+1"],"picked":"Melter","floor":21},{"not_picked":["Barrage","Force Field","Go for the Eyes+1"],"picked":"SKIP","floor":23},{"not_picked":["Coolheaded+1","Buffer"],"picked":"Static Discharge+1","floor":27},{"not_picked":["Barrage","Go for the Eyes","Doom and Gloom+1"],"picked":"SKIP","floor":30},{"not_picked":["Hologram","Stack+1","Melter"],"picked":"SKIP","floor":31}],"player_experience":203826,"relics_obtained":[{"floor":9,"key":"Art of War"},{"floor":17,"key":"Omamori"},{"floor":17,"key":"Mercury Hourglass"},{"floor":17,"key":"Thread and Needle"},{"floor":23,"key":"Toy Ornithopter"},{"floor":26,"key":"Blood Vial"}],"event_choices":[{"damage_healed":0,"gold_gain":75,"player_choice":"Gather Gold","damage_taken":11,"max_hp_gain":0,"max_hp_loss":0,"event_name":"World of Goop","floor":2,"gold_loss":0},{"cards_removed":["Strike_B"],"damage_healed":0,"gold_gain":0,"player_choice":"Offered Basic","damage_taken":0,"max_hp_gain":0,"max_hp_loss":0,"event_name":"Bonfire Elementals","floor":4,"gold_loss":0},{"damage_healed":0,"gold_gain":0,"player_choice":"Opened","damage_taken":0,"relics_obtained":["Bronze Scales"],"max_hp_gain":0,"max_hp_loss":0,"event_name":"The Mausoleum","floor":19,"gold_loss":0},{"damage_healed":0,"gold_gain":0,"player_choice":"Got Potions","damage_taken":0,"max_hp_gain":0,"max_hp_loss":0,"event_name":"Lab","floor":25,"gold_loss":0},{"damage_healed":0,"gold_gain":0,"player_choice":"Became a vampire (Vial)","damage_taken":0,"max_hp_gain":0,"max_hp_loss":0,"event_name":"Vampires","floor":28,"relics_lost":["Blood Vial"],"gold_loss":0,"cards_obtained":["Bite","Bite","Bite","Bite","Bite"]}],"is_beta":false,"boss_relics":[{"not_picked":["Snecko Eye","Empty Cage"],"picked":"Calling Bell"}],"items_purged_floors":[20],"is_endless":false,"potions_floor_spawned":[3,10,16,21,23,31],"killed_by":"Collector","ascension_level":5}}