{"host":"mytek2nu1hrzdnew","time":1607823526,"event":{"mods":["Aspiration","BaseMod","Conspire","GifTheSpireLib","Gold Saver","Hubris","Infinite Spire","Minty Spire (QoL Compilation)","Replay The Spire","StSLib","Stuff the Spire","The Animator"],"gold_per_floor":[649,58,84,100,114,151,151,171,216,247,264,282,298,316,316,418,443,424,32,50,50,106,106,106],"floor_reached":23,"playtime":1760,"items_purged":["animator:Strike"],"score":207,"play_id":"3b00c468-f3e3-4a5d-ad15-06bd87a08d88","local_time":"20201212203846","is_ascension_mode":false,"campfire_choices":[{"floor":7,"key":"REST"},{"floor":15,"key":"DIG"}],"circlet_count":0,"master_deck":["animator:Strike_Elsword","animator:Defend_Elsword","animator:Strike+1","animator:Strike","animator:Defend","animator:Defend","animator:Defend","animator:Chung","animator:Raven","animator:Shuna","animator:Hibiki+1","animator:Laby","animator:Ciel","animator:NarberalGamma","animator:HigakiRinne","animator:NarberalGamma","animator:Gilgamesh+2","animator:NarberalGamma"],"relics":["animator:LivingPicture","animator:TheMissingPiece","animator:Buoy","Whetstone","Chemical X","Bag of Preparation","ReplayTheSpireMod:Lightbulb","Pantograph","aspiration:Lifesprig","aspiration:SilentSkillbook","Ornamental Fan","Sling","aspiration:DSix"],"acts_visited":["Exordium","TheCity"],"potions_floor_usage":[6,10,14,16,20,23],"damage_taken":[{"damage":3,"enemies":"Jaw Worm","floor":1,"turns":4},{"damage":2,"enemies":"Cultist","floor":3,"turns":3},{"damage":0,"enemies":"Small Slimes","floor":4,"turns":4},{"damage":14,"enemies":"Gremlin Gang","floor":5,"turns":7},{"damage":28,"enemies":"Lagavulin","floor":6,"turns":9},{"damage":4,"enemies":"Looter","floor":8,"turns":4},{"damage":21,"enemies":"Gremlin Nob","floor":10,"turns":6},{"damage":0,"enemies":"Blue Slaver","floor":11,"turns":5},{"damage":3,"enemies":"3 Louse","floor":12,"turns":4},{"damage":2,"enemies":"Red Slaver","floor":13,"turns":5},{"damage":1,"enemies":"Large Slime","floor":14,"turns":5},{"damage":41,"enemies":"Fading Forest","floor":16,"turns":11},{"damage":27,"enemies":"2 Thieves","floor":18,"turns":4},{"damage":0,"enemies":"Chosen","floor":20,"turns":5},{"damage":24,"enemies":"Slavers","floor":23,"turns":3}],"seed_played":"-3429536538419699152","potions_obtained":[{"floor":8,"key":"PowerPotion"},{"floor":10,"key":"Strength Potion"},{"floor":12,"key":"Explosive Potion"},{"floor":16,"key":"EssenceOfSteel"},{"floor":18,"key":"LiquidBronze"}],"is_trial":false,"path_per_floor":["M","$","M","M","M","E","R","M","T","E","M","M","M","M","R","B",null,"M","$","M","?","?","E"],"character_chosen":"THE_ANIMATOR","items_purchased":["animator:Hibiki","Whetstone","Chemical X","Energy Potion","Ornamental Fan","Sling"],"campfire_rested":1,"item_purchase_floors":[2,2,2,2,19,19],"current_hp_per_floor":[63,63,61,61,48,20,40,36,36,15,15,12,10,9,9,3,67,40,40,40,40,24,0,0],"gold":106,"neow_bonus":"RANDOM_COMMON_RELIC","is_daily":false,"chose_seed":false,"campfire_upgraded":0,"win_rate":0.0,"timestamp":1607823526,"path_taken":["M","$","M","M","M","E","R","M","T","E","M","M","M","M","R","BOSS","M","$","M","?","?","E"],"items_purchased_type":["Card","Relic","Relic","Potion","Relic","Relic"],"build_version":"2020-11-30","purchased_purges":1,"victory":false,"max_hp_per_floor":[66,66,66,66,67,67,67,67,67,67,67,67,67,67,67,67,67,67,67,67,67,67,67,67],"card_choices":[{"not_picked":["animator:Togame","animator:Lancer"],"picked":"animator:Shuna","floor":1},{"not_picked":["animator:Assassin","animator:Alexander"],"picked":"animator:Laby","floor":3},{"not_picked":["animator:Shalltear","animator:Emonzaemon","animator:Elsword"],"picked":"SKIP","floor":4},{"not_picked":["animator:Rena","animator:Raven"],"picked":"animator:Ciel","floor":5},{"not_picked":["animator:Genos","animator:Geryuganshoop"],"picked":"animator:NarberalGamma","floor":6},{"not_picked":["animator:Mitsurugi","animator:UneriGinkaku","animator:Hakurou"],"picked":"SKIP","floor":8},{"not_picked":["animator:Shalltear","animator:Sonic"],"picked":"animator:HigakiRinne","floor":10},{"not_picked":["animator:Sonic","animator:Rider","animator:Aisha"],"picked":"SKIP","floor":12},{"not_picked":["animator:Raven","animator:Tatsumaki"],"picked":"animator:NarberalGamma","floor":13},{"not_picked":["animator:Hakurou","animator:Entoma","animator:Elsword"],"picked":"SKIP","floor":14},{"not_picked":["animator:Wiz","animator:Rimuru"],"picked":"animator:Gilgamesh","floor":16},{"not_picked":["animator:Elsword","Dagger Throw","Bane","animator:Demiurge+1"],"picked":"SKIP","floor":20},{"not_picked":["animator:Vanir+1","animator:Hans","StuffTheSpire:DoubleShiv+1"],"picked":"animator:NarberalGamma","floor":22}],"player_experience":1099348,"relics_obtained":[{"floor":6,"key":"Bag of Preparation"},{"floor":9,"key":"ReplayTheSpireMod:Lightbulb"},{"floor":10,"key":"Pantograph"},{"floor":15,"key":"aspiration:Lifesprig"},{"floor":22,"key":"aspiration:DSix"}],"event_choices":[{"damage_healed":0,"gold_gain":0,"player_choice":"Ignored","damage_taken":0,"max_hp_gain":0,"max_hp_loss":0,"event_name":"Vampires","floor":21,"gold_loss":0}],"is_beta":false,"boss_relics":[{"not_picked":["ReplayTheSpireMod:DimensionalGlitch","Cursed Key"],"picked":"aspiration:SilentSkillbook"}],"items_purged_floors":[2],"is_endless":false,"potions_floor_spawned":[3,4,8,10,11,12,16,18],"killed_by":"Slavers","ascension_level":0}}