{"host":"wppa8gky53tnknhf","time":1607897582,"event":{"mods":["AchievementEnabler","Act Like it!","BaseMod","Better Third Choice","BetterRewards","Card Forge","Colored Powertips","Energized Spire","Hubris","Infinite Spire","Marked Mod","Minty Spire (QoL Compilation)","Permanent Neow","Quick Restart","Rare Cards Sparkle","Relic Stats","Remove Card Discount Mod","Replay The Spire","Spikes Relics","Spire Birthday Party","StSLib"],"gold_per_floor":[118,134,134,151,151,180,192,219,243,243,258,271,288,316,316,413,413,428,447,512,528,543,578,578,605,605,637,577,632,681,720,720,845,845,871,871,905,937,957,1011,1011,1074,1099,1146,1271,658,736,736,736,758,758,758,351,432,448],"floor_reached":56,"playtime":1942,"items_purged":[],"score":1802,"play_id":"07a56d27-aac9-424e-ad69-6af0d6a7563a","local_time":"20201213221302","is_ascension_mode":true,"campfire_choices":[{"floor":10,"key":"RECALL"},{"floor":15,"key":"REST"},{"floor":24,"key":"REST"},{"floor":32,"key":"REST"},{"floor":41,"key":"REST"},{"floor":49,"key":"REST"},{"floor":52,"key":"REST"}],"circlet_count":0,"master_deck":["Strike_R+1","Strike_R+1","Strike_R+1","Strike_R+1","Strike_R+1","Defend_R+1","Defend_R+1","Defend_R+1","Defend_R+1","Bash+1","Shrug It Off+1","Clash+1","ReplayTheSpireMod:Muscle Training+1","Clash+1","Clash+1","Body Slam+1","Clash+1","Heavy Blade+1","Limit Break+1","Barricade+1","Sword Boomerang+1","Shrug It Off+1","Limit Break+1","Iron Wave+1","Pot Of Greed+1","Pot Of Greed+1","Pot Of Greed+1","Thunderclap+1","Flex+1","Demon Form+1","Absolvement+1","Disarm+1","Sword Boomerang+1","Thunderclap+1","Body Slam+1","Flex+1","Pot Of Greed+1","Sword Boomerang+1","infinitespire:OneForAll+1","Rage+1","Body Slam+1","Cleave+1","Flex+1","Flame Barrier+1"],"relics":["Burning Blood","Hammer of Thor","Seething Fire","Anvil of the Gods","Bronze Scales","hubris:Icosahedron","ReplayFunnel","War Paint","MealTicket","energizedSpire:CursedPentagram","Singing Bowl","Replay:Bandana","infinitespire:EmpoweringShard","Dream Catcher","Grinning Jar","Lantern","PreservedInsect","Smiling Mask","MawBank","infinitespire:EvilPickle","HandDrill","Garlic","ReplayTheSpireMod:TigerMarble","hubris:Zylophone","LugNut"],"acts_visited":["Exordium","TheCity","TheBeyond","TheEnding"],"potions_floor_usage":[8,22,25,33,33,33,33,39,55,55],"damage_taken":[{"damage":0.0,"enemies":"Jaw Worm","floor":1.0,"turns":3.0},{"damage":0.0,"enemies":"2 Louse","floor":2.0,"turns":2.0},{"damage":0.0,"enemies":"Small Slimes","floor":4.0,"turns":3.0},{"damage":5.0,"enemies":"Lagavulin","floor":6.0,"turns":6.0},{"damage":0.0,"enemies":"Blue Slaver","floor":7.0,"turns":2.0},{"damage":13,"enemies":"3 Sentries","floor":8,"turns":6},{"damage":2,"enemies":"3 Louse","floor":11,"turns":2},{"damage":0,"enemies":"Looter","floor":12,"turns":1},{"damage":1,"enemies":"Blue Slaver","floor":13,"turns":1},{"damage":6,"enemies":"Gremlin Nob","floor":14,"turns":3},{"damage":14,"enemies":"Fading Forest","floor":16,"turns":11},{"damage":2,"enemies":"Shell Parasite","floor":18,"turns":2},{"damage":0,"enemies":"2 Thieves","floor":19,"turns":2},{"damage":11,"enemies":"Snecko","floor":21,"turns":4},{"damage":1,"enemies":"Snake Plant","floor":22,"turns":2},{"damage":15,"enemies":"Replay:Snechameleon","floor":23,"turns":4},{"damage":32,"enemies":"Slavers","floor":25,"turns":4},{"damage":0,"enemies":"Shelled Parasite and Fungi","floor":27,"turns":3},{"damage":0,"enemies":"Replay:Snechameleon","floor":29,"turns":3},{"damage":14,"enemies":"Gremlin Leader","floor":31,"turns":4},{"damage":4,"enemies":"Pondfish","floor":33,"turns":8},{"damage":7,"enemies":"3 Shapes","floor":35,"turns":3},{"damage":5,"enemies":"3 Darklings","floor":37,"turns":2},{"damage":16,"enemies":"Spire Growth","floor":38,"turns":3},{"damage":10,"enemies":"Transient","floor":39,"turns":5},{"damage":27,"enemies":"Reptomancer","floor":40,"turns":4},{"damage":13,"enemies":"R_Hoarder","floor":42,"turns":3},{"damage":17,"enemies":"Sphere and 2 Shapes","floor":44,"turns":4},{"damage":0,"enemies":"Jaw Worm Horde","floor":45,"turns":3},{"damage":0,"enemies":"Writhing Mass","floor":47,"turns":2},{"damage":33,"enemies":"infinitespire:MassOfShapes","floor":50,"turns":7},{"damage":24,"enemies":"Shield and Spear","floor":54,"turns":3},{"damage":51,"enemies":"The Heart","floor":55,"turns":5}],"seed_played":"-7997544362092837928","potions_obtained":[{"floor":1.0,"key":"Dexterity Potion"},{"floor":4.0,"key":"BloodPotion"},{"floor":8,"key":"LiquidMemories"},{"floor":14,"key":"Dexterity Potion"},{"floor":18,"key":"PowerPotion"},{"floor":25,"key":"EntropicBrew"},{"floor":27,"key":"LifebloodPotion"},{"floor":35,"key":"Weak Potion"},{"floor":44,"key":"ElixirPotion"}],"is_trial":false,"path_per_floor":["M","M","?","M","?","E","M","E","T","R","M","M","M","E","R","B",null,"M","M","?","M","M","E","R","E","T","M","?","E","T","E","R","B",null,"M","?","M","M","M","E","R","E","T","M","M","$","M","?","R","B",null,"R","$","E","B",null],"character_chosen":"IRONCLAD","items_purchased":["HandDrill","Garlic","ReplayTheSpireMod:TigerMarble","infinitespire:OneForAll","Flex","hubris:Zylophone","Dexterity Potion"],"campfire_rested":6,"item_purchase_floors":[46,46,46,46,53,53,53],"current_hp_per_floor":[80,80,80,80,80,80,80,73,73,73,77,80,80,80,80,73,80,80,80,80,75,80,73,82,56,56,64,64,70,70,62,84,84,84,83,83,86,78,74,53,79,74,74,63,69,84,87,89,89,62,89,89,89,71,26],"gold":448,"neow_bonus":"RANDOM_EVENT","is_daily":false,"chose_seed":false,"campfire_upgraded":0,"win_rate":0.0,"timestamp":1607897582,"path_taken":["M","M","?","M","?","E","M","E","T","R","M","M","M","E","R","BOSS","M","M","?","M","M","E","R","E","T","M","?","E","?","E","R","BOSS","M","?","M","M","M","E","R","E","T","M","M","$","M","?","R","BOSS","R","$","E","BOSS"],"items_purchased_type":["Relic","Relic","Relic","Card","Card","Relic","Potion"],"build_version":"2020-11-30","purchased_purges":0,"victory":true,"max_hp_per_floor":[80,80,80,80,80,80,80,80,80,80,80,80,80,80,80,80,80,80,80,80,80,80,82,82,82,82,84,84,84,84,84,84,84,84,84,84,86,88,88,88,88,90,90,90,90,90,87,89,89,89,89,89,89,89,89],"relic_stats":{"Dream Catcher":4,"Singing Bowl":12,"counters":[33,120],"Bronze Scales":[318],"MealTicket":15,"PreservedInsect":143,"HandDrill":[22],"War Paint":[],"Smiling Mask":0,"MawBank":36,"obtain_stats":[{"ReplayFunnel":6,"Lantern":31,"Singing Bowl":23,"Hammer of Thor":0,"Smiling Mask":42,"Burning Blood":0,"Replay:Bandana":25,"Dream Catcher":29,"hubris:Icosahedron":5,"energizedSpire:CursedPentagram":17,"MealTicket":14,"HandDrill":46,"LugNut":54,"PreservedInsect":40,"Seething Fire":0,"War Paint":8,"MawBank":43,"infinitespire:EvilPickle":45,"hubris:Zylophone":53,"Anvil of the Gods":0,"Bronze Scales":0,"infinitespire:EmpoweringShard":26,"Garlic":46,"ReplayTheSpireMod:TigerMarble":46,"Grinning Jar":30},{"ReplayFunnel":4,"Lantern":20,"Singing Bowl":16,"Hammer of Thor":0,"Smiling Mask":27,"Burning Blood":0,"Replay:Bandana":17,"Dream Catcher":19,"hubris:Icosahedron":3,"energizedSpire:CursedPentagram":11,"MealTicket":10,"HandDrill":29,"LugNut":32,"PreservedInsect":26,"Seething Fire":0,"War Paint":6,"MawBank":27,"infinitespire:EvilPickle":29,"hubris:Zylophone":31,"Anvil of the Gods":0,"Bronze Scales":0,"infinitespire:EmpoweringShard":17,"Garlic":29,"ReplayTheSpireMod:TigerMarble":29,"Grinning Jar":19},{"ReplayFunnel":14,"Lantern":68,"Singing Bowl":54,"Hammer of Thor":0,"Smiling Mask":96,"Burning Blood":0,"Replay:Bandana":58,"Dream Catcher":64,"hubris:Icosahedron":8,"energizedSpire:CursedPentagram":40,"MealTicket":29,"HandDrill":103,"LugNut":115,"PreservedInsect":93,"Seething Fire":0,"War Paint":22,"MawBank":96,"infinitespire:EvilPickle":100,"hubris:Zylophone":112,"Anvil of the Gods":0,"Bronze Scales":0,"infinitespire:EmpoweringShard":58,"Garlic":103,"ReplayTheSpireMod:TigerMarble":103,"Grinning Jar":64}],"Burning Blood":153},"card_choices":[{"not_picked":["Clothesline","Run Through"],"picked":"Shrug It Off","floor":1.0},{"not_picked":["Replay:Undeath\u0027s Touch","Headbutt"],"picked":"Clash","floor":2.0},{"not_picked":["ReplayTheSpireMod:Corrosion Curse","Burning Pact"],"picked":"Armaments","floor":4.0},{"not_picked":["True Grit","hubris:ReadiedAction"],"picked":"ReplayTheSpireMod:Muscle Training","floor":6.0},{"not_picked":["Sword Boomerang","ReplayTheSpireMod:Strike From Hell"],"picked":"Clash","floor":7.0},{"not_picked":["Fiend Fire","Brutality"],"picked":"Clash","floor":8},{"not_picked":["hubris:ReadiedAction","ReplayTheSpireMod:Strike From Hell"],"picked":"Body Slam","floor":11},{"not_picked":["Run Through","Clothesline"],"picked":"Clash","floor":12},{"not_picked":["Replay:Undeath\u0027s Touch","Wild Strike"],"picked":"Heavy Blade","floor":13},{"not_picked":["Intimidate","Run Through"],"picked":"Limit Break","floor":14},{"not_picked":["Juggernaut","Immolate"],"picked":"Barricade","floor":16},{"not_picked":["Combust","Pommel Strike"],"picked":"Sword Boomerang","floor":18},{"not_picked":["Replay:Undeath\u0027s Touch+1","Searing Blow+1","Pommel Strike+1"],"picked":"SKIP","floor":19},{"not_picked":["True Grit","hubris:CleavingFinish","Wild Strike"],"picked":"SKIP","floor":21},{"not_picked":["Anger","Sever Soul"],"picked":"Shrug It Off+1","floor":22},{"not_picked":["hubris:SharpeningStone","Anger+1","Dropkick"],"picked":"Singing Bowl","floor":23},{"not_picked":["Burning Pact","ReplayTheSpireMod:Muscle Training"],"picked":"Limit Break","floor":25},{"not_picked":["Run Through","Life Link","Wild Strike"],"picked":"Singing Bowl","floor":27},{"not_picked":["Pommel Strike","Shrug It Off"],"picked":"Iron Wave+1","floor":29},{"not_picked":["Twin Strike","Rupture"],"picked":"Thunderclap+1","floor":31},{"not_picked":["Shrug It Off+1","Replay:Undeath\u0027s Touch"],"picked":"Flex+1","floor":32},{"not_picked":["Brutality","Reaper"],"picked":"Demon Form","floor":33},{"not_picked":["Clothesline","Havoc+1"],"picked":"Absolvement","floor":35},{"not_picked":["Evolve","Armaments","Pommel Strike+1"],"picked":"Singing Bowl","floor":37},{"not_picked":["Headbutt","True Grit","Bloodletting"],"picked":"Singing Bowl","floor":38},{"not_picked":["Cleave+1","Battle Trance+1"],"picked":"Sword Boomerang","floor":39},{"not_picked":["Body Slam+1","ReplayReversal"],"picked":"Thunderclap+1","floor":40},{"not_picked":["hubris:ReadiedAction","Feed"],"picked":"Body Slam","floor":41},{"not_picked":["Shrug It Off","Defy Death+1","Anger+1"],"picked":"Singing Bowl","floor":42},{"not_picked":["Defy Death+1","Reckless Charge+1"],"picked":"Flex+1","floor":44},{"not_picked":["Clothesline","Sever Soul+1"],"picked":"Sword Boomerang+1","floor":45},{"not_picked":["Sword Boomerang","ReplayTheSpireMod:Strike From Hell+1"],"picked":"Rage+1","floor":47},{"not_picked":["Dark Shackles","Impatience","Enlightenment"],"picked":"Singing Bowl","floor":48},{"not_picked":["Wild Strike+1","Shrug It Off+1"],"picked":"Body Slam","floor":49},{"not_picked":["Sword Boomerang","hubris:CleavingFinish"],"picked":"Cleave+1","floor":52},{"not_picked":["Searing Blow+1","ReplayTheSpireMod:Strike From Hell+1"],"picked":"Flame Barrier","floor":54}],"player_experience":663700,"relics_obtained":[{"floor":6.0,"key":"ReplayFunnel"},{"floor":8,"key":"War Paint"},{"floor":14,"key":"MealTicket"},{"floor":23,"key":"Singing Bowl"},{"floor":25,"key":"Replay:Bandana"},{"floor":26,"key":"infinitespire:EmpoweringShard"},{"floor":29,"key":"Dream Catcher"},{"floor":30,"key":"Grinning Jar"},{"floor":31,"key":"Lantern"},{"floor":40,"key":"PreservedInsect"},{"floor":42,"key":"Smiling Mask"},{"floor":43,"key":"MawBank"},{"floor":54,"key":"LugNut"}],"event_choices":[{"damage_healed":0.0,"max_hp_gain":0.0,"max_hp_loss":0.0,"gold_gain":0.0,"event_name":"Big Fish","player_choice":"Box","floor":0.0,"gold_loss":0.0,"damage_taken":0.0,"relics_obtained":["Bronze Scales"],"cards_obtained":["Regret"]},{"damage_healed":0,"gold_gain":0,"player_choice":"Memory 1","damage_taken":0,"max_hp_gain":0,"max_hp_loss":0,"event_name":"SensoryStone","floor":48,"gold_loss":0}],"is_beta":false,"boss_relics":[{"not_picked":["Honey Jar","infinitespire:Cupcake"],"picked":"energizedSpire:CursedPentagram"},{"not_picked":["Velvet Choker","Runic Dome","Astrolabe"]}],"items_purged_floors":[],"is_endless":false,"potions_floor_spawned":[1,4,8,11,14,18,21,25,27,29,35,39,44,45],"ascension_level":1}}