{"host":"ow9msrs9p2ctkx99","time":1607827941,"event":{"mods":["AchievementEnabler","BaseMod","Colored Map","Colored Powertips","Minty Spire (QoL Compilation)","Permanent Neow","Quick Restart","SuperFastMode"],"gold_per_floor":[110,130,305,305,322,322,356,374,374,374,402,402,402,421,421,521,521,532,545,560,560,579,579,608,608,608],"floor_reached":25,"playtime":585,"items_purged":[],"score":350,"play_id":"b2f6a7f6-3abc-4ab3-ab04-148db596f3a9","local_time":"20201213035221","is_ascension_mode":true,"campfire_choices":[{"data":"Sunder","floor":6.0,"key":"SMITH"},{"data":"1","floor":10.0,"key":"LIFT"},{"floor":12.0,"key":"REST"},{"data":"2","floor":15.0,"key":"LIFT"},{"floor":23.0,"key":"REST"}],"circlet_count":0,"master_deck":["AscendersBane","Zap","Dualcast","Sunder+1","Conserve Battery","Sweeping Beam","Reprogram","Glacier","Melter","Echo Form","Hyperbeam","Chaos","Auto Shields","FTL","Fission","Cold Snap","Creative AI","Tempest","Force Field","Self Repair","Steam","Stack"],"relics":["Cracked Core","PreservedInsect","Girya","Pantograph","Pandora\u0027s Box","Happy Flower"],"acts_visited":["Exordium","TheCity"],"potions_floor_usage":[],"damage_taken":[{"damage":0.0,"enemies":"Cultist","floor":1.0,"turns":3.0},{"damage":0.0,"enemies":"2 Louse","floor":2.0,"turns":2.0},{"damage":7.0,"enemies":"Jaw Worm","floor":5.0,"turns":4.0},{"damage":25.0,"enemies":"3 Sentries","floor":7.0,"turns":5.0},{"damage":3.0,"enemies":"3 Louse","floor":8.0,"turns":3.0},{"damage":21.0,"enemies":"Lagavulin","floor":11.0,"turns":12.0},{"damage":5.0,"enemies":"Exordium Thugs","floor":14.0,"turns":4.0},{"damage":24.0,"enemies":"The Guardian","floor":16.0,"turns":8.0},{"damage":12.0,"enemies":"Chosen","floor":18.0,"turns":4.0},{"damage":3.0,"enemies":"Spheric Guardian","floor":19.0,"turns":5.0},{"damage":38.0,"enemies":"Shelled Parasite and Fungi","floor":20.0,"turns":8.0},{"damage":17.0,"enemies":"Snecko","floor":22.0,"turns":6.0},{"damage":37.0,"enemies":"Book of Stabbing","floor":24.0,"turns":6.0},{"damage":27,"enemies":"Cultist and Chosen","floor":25,"turns":8}],"seed_played":"-1692775668963186466","potions_obtained":[{"floor":5.0,"key":"Strength Potion"},{"floor":11.0,"key":"Block Potion"},{"floor":14.0,"key":"ColorlessPotion"},{"floor":16.0,"key":"Explosive Potion"},{"floor":20.0,"key":"Fruit Juice"}],"is_trial":false,"path_per_floor":["M","M","?","?","M","R","E","M","T","R","E","R","?","M","R","B",null,"M","M","M","?","M","R","E","M"],"character_chosen":"DEFECT","items_purchased":[],"campfire_rested":2,"item_purchase_floors":[],"current_hp_per_floor":[68,68,68,68,61,61,36,33,33,33,12,34,34,29,29,30,64,52,56,32,32,22,49,26,0,0],"gold":608,"neow_bonus":"RANDOM_COMMON_RELIC","is_daily":false,"chose_seed":false,"campfire_upgraded":1,"win_rate":0.0,"timestamp":1607827941,"path_taken":["M","M","?","?","?","R","E","M","T","R","E","R","?","M","R","BOSS","M","M","M","?","M","R","E","M"],"items_purchased_type":[],"build_version":"2020-11-30","purchased_purges":0,"victory":false,"max_hp_per_floor":[75,75,75,75,75,75,75,75,75,75,75,75,75,75,75,75,75,75,75,75,75,75,80,80,80,80],"card_choices":[{"not_picked":["Sweeping Beam","Turbo"],"picked":"Sunder","floor":1.0},{"not_picked":["Go for the Eyes","Reprogram"],"picked":"Conserve Battery","floor":2.0},{"not_picked":["Recycle","Double Energy"],"picked":"Sweeping Beam","floor":5.0},{"not_picked":["Loop","Coolheaded"],"picked":"Reprogram","floor":7.0},{"not_picked":["Skim","Leap"],"picked":"Glacier","floor":8.0},{"not_picked":["Double Energy","Blizzard"],"picked":"Melter","floor":11.0},{"not_picked":["Redo","Sweeping Beam"],"picked":"Echo Form","floor":14.0},{"not_picked":["Biased Cognition","Reboot"],"picked":"Hyperbeam","floor":16.0},{"not_picked":["Barrage+1","Lockon"],"picked":"Self Repair","floor":18.0},{"not_picked":["Cold Snap","Storm","Leap"],"picked":"SKIP","floor":19.0},{"not_picked":["Conserve Battery+1","Ball Lightning"],"picked":"Steam","floor":20.0},{"not_picked":["Chaos","Rebound","Tempest"],"picked":"SKIP","floor":22.0},{"not_picked":["Glacier+1","Consume"],"picked":"Stack","floor":24.0}],"player_experience":981816,"relics_obtained":[{"floor":7.0,"key":"Girya"},{"floor":11.0,"key":"Pantograph"},{"floor":24.0,"key":"Happy Flower"}],"event_choices":[{"damage_healed":0.0,"max_hp_gain":0.0,"max_hp_loss":0.0,"gold_gain":175.0,"event_name":"Liars Game","player_choice":"AGREE","floor":3.0,"gold_loss":0.0,"damage_taken":0.0,"cards_obtained":["Doubt"]},{"damage_healed":0.0,"max_hp_gain":0.0,"max_hp_loss":0.0,"gold_gain":0.0,"event_name":"Match and Keep!","player_choice":"0 cards matched","floor":4.0,"gold_loss":0.0,"damage_taken":0.0,"cards_obtained":[]},{"cards_removed":["Doubt"],"damage_healed":0.0,"max_hp_gain":0.0,"max_hp_loss":0.0,"gold_gain":0.0,"event_name":"Living Wall","player_choice":"Forget","floor":13.0,"gold_loss":0.0,"damage_taken":0.0},{"damage_healed":0.0,"max_hp_gain":0.0,"max_hp_loss":0.0,"gold_gain":0.0,"event_name":"Ghosts","player_choice":"Ignored","floor":21.0,"gold_loss":0.0,"damage_taken":0.0}],"is_beta":false,"boss_relics":[{"not_picked":["Philosopher\u0027s Stone","Ectoplasm"],"picked":"Pandora\u0027s Box"}],"items_purged_floors":[],"is_endless":false,"potions_floor_spawned":[5,11,14,16,20],"killed_by":"Cultist and Chosen","ascension_level":10}}