{"host":"e9x02d116nyd6j9y","time":1607850414,"event":{"mods":["BaseMod","Lobotomy","Minty Spire (QoL Compilation)","SuperFastMode","everything is the same but u backflip on backflip"],"gold_per_floor":[114,114,114,127,147,147,32,32,332,332,345,147,147,172,172,297,297,315,67,67,67,15,15,39,39,39,39,62,62,75,100,100,100,100],"floor_reached":33,"playtime":1248,"items_purged":["Strike_R","Injury"],"score":245,"play_id":"61435b2c-1ddd-4fc7-864a-a949d7300f94","local_time":"20201213180654","is_ascension_mode":false,"campfire_choices":[{"data":"Body Slam","floor":6,"key":"SMITH"},{"data":"Second Wind","floor":8,"key":"SMITH"},{"floor":15,"key":"REST"},{"data":"Shrug It Off","floor":25,"key":"SMITH"},{"floor":27,"key":"REST"},{"floor":29,"key":"REST"},{"floor":32,"key":"REST"}],"circlet_count":0,"master_deck":["Strike_R","Strike_R","Strike_R","Strike_R","Defend_R","Defend_R","Defend_R","Defend_R","Bash","Cleave","Second Wind+1","Body Slam+1","Sever Soul","Clash","Cleave","Sever Soul","Reaper","CurseOfTheBell","Iron Wave","Shrug It Off+1","Thunderclap","Shrug It Off","Thunderclap"],"relics":["Burning Blood","Toy Ornithopter","Golden Idol","Old Coin","Juzu Bracelet","Calling Bell","Orichalcum","Matryoshka","Ginger","Strawberry","Bronze Scales","Unceasing Top"],"acts_visited":["Exordium","TheCity"],"potions_floor_usage":[5,11,13,16,16,33,33,33],"damage_taken":[{"damage":3,"enemies":"Small Slimes","floor":1,"turns":3},{"damage":15,"enemies":"Jaw Worm","floor":4,"turns":5},{"damage":0,"enemies":"2 Louse","floor":5,"turns":2},{"damage":33,"enemies":"Gremlin Gang","floor":11,"turns":7},{"damage":0,"enemies":"Gremlin Nob","floor":13,"turns":1},{"damage":15,"enemies":"Exordium Thugs","floor":14,"turns":3},{"damage":83,"enemies":"Slime Boss","floor":16,"turns":14},{"damage":14,"enemies":"Chosen","floor":18,"turns":5},{"damage":35,"enemies":"Spheric Guardian","floor":24,"turns":6},{"damage":39,"enemies":"Shelled Parasite and Fungi","floor":28,"turns":7},{"damage":24,"enemies":"Centurion and Healer","floor":30,"turns":10},{"damage":50,"enemies":"3 Cultists","floor":31,"turns":6},{"damage":96,"enemies":"Collector","floor":33,"turns":10}],"seed_played":"-5892178338628513016","potions_obtained":[{"floor":0,"key":"SteroidPotion"},{"floor":0,"key":"BloodPotion"},{"floor":0,"key":"Fruit Juice"},{"floor":5,"key":"ColorlessPotion"},{"floor":11,"key":"SmokeBomb"},{"floor":14,"key":"Swift Potion"},{"floor":24,"key":"LiquidMemories"},{"floor":28,"key":"Block Potion"}],"is_trial":false,"path_per_floor":["M","?","?","M","M","R","$","R","T","?","M","$","E","M","R","B",null,"M","$","?","?","$","?","M","R","T","R","M","R","M","M","R","B"],"character_chosen":"IRONCLAD","items_purchased":["Sever Soul","Juzu Bracelet","Cleave","Strawberry","Shrug It Off"],"campfire_rested":4,"item_purchase_floors":[7,12,12,19,22],"current_hp_per_floor":[80,77,57,48,64,64,64,64,64,64,42,42,53,44,69,19,85,81,88,88,88,88,79,50,50,50,77,44,71,61,29,56,0,0],"gold":100,"neow_bonus":"THREE_SMALL_POTIONS","is_daily":false,"chose_seed":false,"campfire_upgraded":3,"win_rate":0.0,"timestamp":1607850414,"path_taken":["M","?","?","M","M","R","$","R","T","?","?","?","E","M","R","BOSS","M","$","?","?","?","?","M","R","T","R","M","R","M","M","R","BOSS"],"items_purchased_type":["Card","Relic","Card","Relic","Card"],"build_version":"2020-11-30","purchased_purges":2,"victory":false,"max_hp_per_floor":[80,80,80,80,85,85,85,85,85,85,85,85,85,85,85,85,85,85,92,92,92,92,92,92,92,92,92,92,92,92,92,92,92,92],"card_choices":[{"not_picked":["Heavy Blade","Dropkick"],"picked":"Cleave","floor":1},{"not_picked":["Perfected Strike","Metallicize"],"picked":"Second Wind","floor":4},{"not_picked":["Shrug It Off","Flex"],"picked":"Body Slam","floor":5},{"not_picked":["Metallicize","Fire Breathing"],"picked":"Clash","floor":11},{"not_picked":["Cleave","Whirlwind"],"picked":"Sever Soul","floor":14},{"not_picked":["Berserk","Demon Form"],"picked":"Reaper","floor":16},{"not_picked":["Flex","Blood for Blood"],"picked":"Iron Wave","floor":18},{"not_picked":["Fiend Fire","Intimidate"],"picked":"Thunderclap","floor":24},{"not_picked":["Sword Boomerang","Power Through+1"],"picked":"Shrug It Off","floor":28},{"not_picked":["Whirlwind+1","Bloodletting","Warcry"],"picked":"SKIP","floor":30},{"not_picked":["Ghostly Armor+1","Flex"],"picked":"Thunderclap","floor":31}],"player_experience":8221,"relics_obtained":[{"floor":9,"key":"Old Coin"},{"floor":17,"key":"Orichalcum"},{"floor":17,"key":"Matryoshka"},{"floor":17,"key":"Ginger"},{"floor":26,"key":"Bronze Scales"},{"floor":26,"key":"Unceasing Top"}],"event_choices":[{"damage_healed":0,"gold_gain":0,"player_choice":"Success","damage_taken":3,"relics_obtained":["Toy Ornithopter"],"max_hp_gain":0,"max_hp_loss":0,"event_name":"Scrap Ooze","floor":2,"gold_loss":0},{"damage_healed":0,"gold_gain":0,"player_choice":"Take Damage","damage_taken":20,"relics_obtained":["Golden Idol"],"max_hp_gain":0,"max_hp_loss":0,"event_name":"Golden Idol","floor":3,"gold_loss":0},{"damage_healed":0,"gold_gain":0,"player_choice":"1 cards matched","damage_taken":0,"max_hp_gain":0,"max_hp_loss":0,"event_name":"Match and Keep!","floor":10,"gold_loss":0,"cards_obtained":["Injury"]},{"damage_healed":0,"gold_gain":0,"player_choice":"Ignored","damage_taken":0,"max_hp_gain":0,"max_hp_loss":0,"event_name":"Vampires","floor":20,"gold_loss":0},{"damage_healed":0,"gold_gain":0,"player_choice":"Stopped","damage_taken":9,"max_hp_gain":0,"max_hp_loss":0,"event_name":"Cursed Tome","floor":23,"gold_loss":0}],"is_beta":false,"boss_relics":[{"not_picked":["Sozu","Ectoplasm"],"picked":"Calling Bell"}],"items_purged_floors":[7,19],"is_endless":false,"potions_floor_spawned":[5,11,14,24,28],"killed_by":"Collector","ascension_level":0}}