{"host":"Jinnai","time":1607898164,"event":{"mods":["BaseMod","Bestiary","Block Reminder","Colored Map","Colored Powertips","Highlight Path","Keyboard Shortcuts","Minty Spire (QoL Compilation)","Quick Restart","Relic Stats"],"gold_per_floor":[111,126,137,22,0,0,19,19,19,19,49,64,64,64],"floor_reached":13,"playtime":312,"items_purged":[],"score":170,"play_id":"d450b057-0885-48cd-a875-1bef6e7ff7ea","local_time":"20201213172244","is_ascension_mode":true,"campfire_choices":[{"floor":6,"key":"REST"},{"data":"Sweeping Beam","floor":10,"key":"SMITH"}],"circlet_count":0,"master_deck":["AscendersBane","Zap","Dualcast","White Noise","Barrage","Rip and Tear","Storm","Steam Power","Machine Learning","All For One","Doom and Gloom","Go for the Eyes","Cold Snap","Static Discharge","Sweeping Beam+1","Coolheaded","Ball Lightning","Turbo"],"relics":["Pandora\u0027s Box","Bag of Marbles","Bottled Tornado"],"acts_visited":["Exordium"],"potions_floor_usage":[13],"damage_taken":[{"damage":12.0,"enemies":"Jaw Worm","floor":1.0,"turns":2.0},{"damage":18.0,"enemies":"Small Slimes","floor":2.0,"turns":2.0},{"damage":14.0,"enemies":"Cultist","floor":3.0,"turns":4.0},{"damage":4,"enemies":"Exordium Wildlife","floor":7,"turns":2},{"damage":22,"enemies":"Gremlin Nob","floor":11,"turns":4},{"damage":6,"enemies":"2 Fungi Beasts","floor":12,"turns":2},{"damage":17,"enemies":"3 Sentries","floor":13,"turns":3}],"seed_played":"21498112","potions_obtained":[{"floor":8,"key":"Block Potion"},{"floor":8,"key":"CultistPotion"}],"is_trial":false,"path_per_floor":["M","M","M","$","?","R","M","?","T","R","E","M","E"],"character_chosen":"DEFECT","items_purchased":["Static Discharge","Sweeping Beam"],"campfire_rested":1,"item_purchase_floors":[4,4],"current_hp_per_floor":[52,34,20,20,20,41,37,37,37,37,15,9,0,0],"gold":64,"neow_bonus":"BOSS_RELIC","is_daily":false,"chose_seed":true,"campfire_upgraded":1,"win_rate":0.0,"timestamp":1607898164,"path_taken":["M","M","M","$","?","R","M","?","T","R","E","?","E"],"items_purchased_type":["Card","Card"],"build_version":"2020-12-07","purchased_purges":0,"victory":false,"max_hp_per_floor":[71,71,71,71,71,71,71,71,71,71,71,71,71,71],"relic_stats":{"counters":[7,19],"Pandora\u0027s Box":["White Noise","Barrage","Rip and Tear","Storm","Steam Power","Machine Learning","All For One","Doom and Gloom"],"obtain_stats":[{"Pandora\u0027s Box":0,"Bag of Marbles":9,"Bottled Tornado":11,"Cracked Core":0},{"Pandora\u0027s Box":0,"Bag of Marbles":4,"Bottled Tornado":5,"Cracked Core":0},{"Pandora\u0027s Box":0,"Bag of Marbles":10,"Bottled Tornado":14,"Cracked Core":0}]},"card_choices":[{"not_picked":["Cold Snap","Melter"],"picked":"Go for the Eyes","floor":1.0},{"not_picked":["Streamline","Stack","Barrage"],"picked":"SKIP","floor":2.0},{"not_picked":["Undo","Compile Driver"],"picked":"Cold Snap","floor":3.0},{"not_picked":["Leap","Hologram"],"picked":"Coolheaded","floor":7},{"not_picked":["FTL","Meteor Strike"],"picked":"Ball Lightning","floor":11},{"not_picked":["Streamline","Tempest"],"picked":"Turbo","floor":12}],"player_experience":1478857,"relics_obtained":[{"floor":9,"key":"Bag of Marbles"},{"floor":11,"key":"Bottled Tornado"}],"event_choices":[{"damage_healed":0.0,"max_hp_gain":0.0,"max_hp_loss":0.0,"gold_gain":0.0,"event_name":"World of Goop","player_choice":"Left Gold","floor":5.0,"gold_loss":22.0,"damage_taken":0.0},{"damage_healed":0,"gold_gain":0,"player_choice":"Got Potions","damage_taken":0,"max_hp_gain":0,"max_hp_loss":0,"event_name":"Lab","floor":8,"gold_loss":0}],"is_beta":true,"boss_relics":[],"items_purged_floors":[],"is_endless":false,"potions_floor_spawned":[11],"killed_by":"3 Sentries","ascension_level":20}}