{"host":"i344ixtilokuekwt","time":1607834961,"event":{"mods":["BaseMod","Card Forge","Colored Powertips","Minty Spire (QoL Compilation)","Quick Restart","Relic Stats","StSLib"],"gold_per_floor":[111,61,81,81,8,39,39,54,54,71,81,97,129,129,129,224,224,239,116,130,30,49,49,81,100,150,196,208,240,267,293,305,317,317],"floor_reached":33,"playtime":1142,"items_purged":["Strike_R","Strike_R"],"score":326,"play_id":"2e13d912-3900-422b-a2c5-a934843b1e4e","local_time":"20201212234921","is_ascension_mode":false,"campfire_choices":[{"data":"Whirlwind","floor":7,"key":"SMITH"},{"data":"Inflame","floor":15,"key":"SMITH"},{"data":"Bloodletting","floor":23,"key":"SMITH"},{"data":"Inflame","floor":28,"key":"SMITH"},{"data":"Pummel","floor":32,"key":"SMITH"}],"circlet_count":0,"master_deck":["Strike_R","Strike_R","Defend_R","Defend_R","Defend_R","Defend_R+1","Bash+1","Pommel Strike+1","Whirlwind+1","Inflame+1","Corruption","Headbutt","Offering","Burning Pact+1","Shrug It Off+1","Bloodletting+1","Inflame+1","Pummel+1"],"relics":["Burning Blood","Hammer of Thor","Seething Fire","Anvil of the Gods","Vajra","Letter Opener","Happy Flower","Potion Belt","Philosopher\u0027s Stone","Oddly Smooth Stone","MawBank","War Paint"],"acts_visited":["Exordium","TheCity"],"potions_floor_usage":[16,16,27,27,27,30,30,33,33],"damage_taken":[{"damage":6,"enemies":"Jaw Worm","floor":1,"turns":5},{"damage":7,"enemies":"2 Louse","floor":3,"turns":2},{"damage":28,"enemies":"Gremlin Nob","floor":6,"turns":4},{"damage":0,"enemies":"Small Slimes","floor":8,"turns":2},{"damage":6,"enemies":"Red Slaver","floor":10,"turns":4},{"damage":13,"enemies":"Large Slime","floor":11,"turns":5},{"damage":14,"enemies":"Blue Slaver","floor":12,"turns":3},{"damage":21,"enemies":"Lagavulin","floor":13,"turns":6},{"damage":43,"enemies":"The Guardian","floor":16,"turns":14},{"damage":6,"enemies":"2 Thieves","floor":18,"turns":1},{"damage":6,"enemies":"Spheric Guardian","floor":20,"turns":2},{"damage":7,"enemies":"Centurion and Healer","floor":22,"turns":4},{"damage":21,"enemies":"Gremlin Leader","floor":24,"turns":4},{"damage":6,"enemies":"Sentry and Sphere","floor":25,"turns":2},{"damage":9,"enemies":"Book of Stabbing","floor":27,"turns":3},{"damage":21,"enemies":"Snake Plant","floor":29,"turns":3},{"damage":14,"enemies":"Cultist and Chosen","floor":30,"turns":2},{"damage":2,"enemies":"3 Cultists","floor":31,"turns":3},{"damage":45,"enemies":"Collector","floor":33,"turns":6}],"seed_played":"5200377874786169454","potions_obtained":[{"floor":6,"key":"Swift Potion"},{"floor":11,"key":"Regen Potion"},{"floor":12,"key":"ColorlessPotion"},{"floor":13,"key":"EntropicBrew"},{"floor":20,"key":"SkillPotion"},{"floor":22,"key":"LiquidBronze"},{"floor":25,"key":"Strength Potion"},{"floor":30,"key":"LiquidMemories"}],"is_trial":false,"path_per_floor":["M","?","M","?","$","E","R","M","T","M","M","M","E","?","R","B",null,"M","$","M","$","M","R","E","M","T","E","R","M","M","M","R","B"],"character_chosen":"IRONCLAD","items_purchased":["Whirlwind","Shrug It Off"],"campfire_rested":0,"item_purchase_floors":[5,19],"current_hp_per_floor":[80,80,79,79,79,57,57,63,63,63,56,48,33,33,33,11,80,80,80,80,80,79,79,64,64,64,61,61,46,38,42,42,0,0],"gold":317,"neow_bonus":"UPGRADE_CARD","is_daily":false,"chose_seed":false,"campfire_upgraded":5,"win_rate":0.0,"timestamp":1607834961,"path_taken":["M","?","M","?","?","E","R","M","T","M","M","M","E","?","R","BOSS","M","?","M","$","M","R","E","M","T","E","R","M","M","M","R","BOSS"],"items_purchased_type":["Card","Card"],"build_version":"2020-11-30","purchased_purges":2,"victory":false,"max_hp_per_floor":[80,80,80,80,80,80,80,80,80,80,80,80,80,80,80,80,80,80,80,80,80,80,80,80,80,80,80,80,80,80,80,80,80,80],"relic_stats":{"Happy Flower":[14],"counters":[19,75],"Letter Opener":[61],"War Paint":["Defend_R","Shrug It Off"],"MawBank":84,"obtain_stats":[{"Potion Belt":14,"Happy Flower":13,"Anvil of the Gods":0,"Vajra":6,"Oddly Smooth Stone":24,"Philosopher\u0027s Stone":17,"Hammer of Thor":0,"Seething Fire":0,"Letter Opener":9,"War Paint":27,"MawBank":26,"Burning Blood":0},{"Potion Belt":8,"Happy Flower":8,"Anvil of the Gods":0,"Vajra":3,"Oddly Smooth Stone":13,"Philosopher\u0027s Stone":9,"Hammer of Thor":0,"Seething Fire":0,"Letter Opener":4,"War Paint":15,"MawBank":14,"Burning Blood":0},{"Potion Belt":31,"Happy Flower":31,"Anvil of the Gods":0,"Vajra":11,"Oddly Smooth Stone":56,"Philosopher\u0027s Stone":45,"Hammer of Thor":0,"Seething Fire":0,"Letter Opener":13,"War Paint":61,"MawBank":58,"Burning Blood":0}],"Burning Blood":108},"card_choices":[{"not_picked":["Heavy Blade","Warcry"],"picked":"Pommel Strike","floor":1},{"not_picked":["Rage","Thunderclap","Dropkick"],"picked":"SKIP","floor":3},{"not_picked":["Clothesline","Havoc","Intimidate"],"picked":"SKIP","floor":6},{"not_picked":["Clash","Wild Strike","Thunderclap"],"picked":"SKIP","floor":8},{"not_picked":["Cleave","Sword Boomerang"],"picked":"Inflame","floor":10},{"not_picked":["Shrug It Off","Burning Pact"],"picked":"Corruption","floor":11},{"not_picked":["Sword Boomerang","Cleave"],"picked":"Headbutt","floor":12},{"not_picked":["Cleave","Perfected Strike","Ghostly Armor"],"picked":"SKIP","floor":13},{"not_picked":["Fiend Fire","Bludgeon"],"picked":"Offering","floor":16},{"not_picked":["Disarm","Searing Blow"],"picked":"Burning Pact+1","floor":18},{"not_picked":["Armaments","Headbutt+1","Perfected Strike"],"picked":"SKIP","floor":20},{"not_picked":["Havoc","Rage"],"picked":"Bloodletting","floor":22},{"not_picked":["Perfected Strike","Impervious"],"picked":"Inflame","floor":24},{"not_picked":["Twin Strike","Armaments","Clash"],"picked":"SKIP","floor":25},{"not_picked":["Berserk","Havoc+1"],"picked":"Pummel","floor":27},{"not_picked":["Metallicize","Twin Strike","Flex+1"],"picked":"SKIP","floor":29},{"not_picked":["Clash+1","Anger","Perfected Strike"],"picked":"SKIP","floor":30},{"not_picked":["Searing Blow","Infernal Blade","Cleave+1"],"picked":"SKIP","floor":31}],"player_experience":655517,"relics_obtained":[{"floor":6,"key":"Vajra"},{"floor":9,"key":"Letter Opener"},{"floor":13,"key":"Happy Flower"},{"floor":14,"key":"Potion Belt"},{"floor":24,"key":"Oddly Smooth Stone"},{"floor":26,"key":"MawBank"},{"floor":27,"key":"War Paint"}],"event_choices":[{"cards_removed":["Strike_R"],"damage_healed":0,"gold_gain":0,"player_choice":"Card Removal","damage_taken":0,"max_hp_gain":0,"max_hp_loss":0,"event_name":"The Cleric","floor":2,"gold_loss":50},{"damage_healed":0,"gold_gain":0,"player_choice":"Grow","damage_taken":0,"max_hp_gain":0,"max_hp_loss":0,"event_name":"Living Wall","floor":4,"gold_loss":0,"cards_upgraded":["Pommel Strike"]},{"damage_healed":0,"gold_gain":0,"player_choice":"Relic","damage_taken":0,"max_hp_gain":0,"max_hp_loss":0,"event_name":"Wheel of Change","floor":14,"gold_loss":0}],"is_beta":false,"boss_relics":[{"not_picked":["Tiny House","Black Blood"],"picked":"Philosopher\u0027s Stone"}],"items_purged_floors":[19,21],"is_endless":false,"potions_floor_spawned":[6,11,12,13,20,22,25,30],"killed_by":"Collector","ascension_level":0}}