{"host":"0jile2yd1dg679g0","time":1607892116,"event":{"mods":["AchievementEnabler","BaseMod","Better Third Choice","Colored Map","Colored Powertips","Minty Spire (QoL Compilation)","Prisma Mod","Random Character Button","Spicy Shops","StSLib","Transform Curses","Treasure Hunter","Waifu the Spire"],"gold_per_floor":[118,118,138,150,150,150,164,15,15,15,27,38,56,72,72,72,72],"floor_reached":16,"playtime":1044,"items_purged":[],"score":114,"play_id":"1d75544f-8719-406b-aa82-e7f21a2b8134","local_time":"20201213154156","is_ascension_mode":true,"campfire_choices":[{"data":"1","floor":6,"key":"LIFT"},{"floor":15,"key":"REST"}],"circlet_count":0,"master_deck":["Strike_R","Strike_R","Strike_R","Strike_R","Strike_R","Defend_R","Defend_R","Defend_R","Defend_R","Bash","Juggernaut","Intimidate","Seeing Red","Inflame","Warcry","Pommel Strike","Inflame","True Grit","Ghostly Armor"],"relics":["Burning Blood","StoneCalendar","Girya","Orichalcum","TH:Anvil","Spirit Poop"],"acts_visited":["Exordium"],"potions_floor_usage":[16],"damage_taken":[{"damage":7,"enemies":"Small Slimes","floor":1,"turns":4},{"damage":0,"enemies":"Cultist","floor":3,"turns":4},{"damage":9,"enemies":"2 Louse","floor":4,"turns":4},{"damage":21,"enemies":"Large Slime","floor":7,"turns":6},{"damage":50,"enemies":"Exordium Thugs","floor":11,"turns":6},{"damage":3,"enemies":"2 Fungi Beasts","floor":12,"turns":3},{"damage":12,"enemies":"Large Slime","floor":13,"turns":5},{"damage":4,"enemies":"Blue Slaver","floor":14,"turns":4},{"damage":46,"enemies":"Slime Boss","floor":16,"turns":5}],"seed_played":"-3703862778274894268","potions_obtained":[{"floor":1,"key":"CultistPotion"},{"floor":7,"key":"Explosive Potion"},{"floor":12,"key":"SneckoOil"}],"is_trial":false,"path_per_floor":["M","?","M","M","?","R","M","$","T","?","M","M","M","M","R","B"],"character_chosen":"IRONCLAD","items_purchased":["Orichalcum"],"campfire_rested":1,"item_purchase_floors":[8],"current_hp_per_floor":[79,79,80,77,77,77,62,62,62,62,18,21,15,17,41,0,0],"gold":72,"neow_bonus":"ONE_RANDOM_RARE_CARD","is_daily":false,"chose_seed":false,"campfire_upgraded":0,"win_rate":0.0,"timestamp":1607892116,"path_taken":["M","?","M","?","?","R","M","$","T","?","?","M","M","M","R","BOSS"],"items_purchased_type":["Relic"],"build_version":"2020-11-30","purchased_purges":0,"victory":false,"max_hp_per_floor":[80,80,80,80,80,80,80,80,80,80,80,80,80,80,80,80,80],"card_choices":[{"not_picked":["Thunderclap","Perfected Strike"],"picked":"Intimidate","floor":1},{"not_picked":["Burning Pact","Searing Blow"],"picked":"Seeing Red","floor":3},{"not_picked":["Shrug It Off","Hemokinesis"],"picked":"Inflame","floor":4},{"not_picked":["Clash","Pommel Strike"],"picked":"Warcry","floor":7},{"not_picked":["TH:CopperCoins","TH:Mimic"],"picked":"SKIP","floor":9},{"not_picked":["Iron Wave","Twin Strike"],"picked":"Pommel Strike","floor":11},{"not_picked":["Clash","Anger"],"picked":"Inflame","floor":12},{"not_picked":["Hemokinesis","Armaments"],"picked":"True Grit","floor":13},{"not_picked":["Anger","Shrug It Off"],"picked":"Ghostly Armor","floor":14}],"player_experience":162764,"relics_obtained":[{"floor":9,"key":"TH:Anvil"}],"event_choices":[{"damage_healed":0,"gold_gain":0,"player_choice":"Gave Potion","damage_taken":0,"relics_obtained":["StoneCalendar"],"max_hp_gain":0,"max_hp_loss":0,"event_name":"WeMeetAgain","floor":2,"gold_loss":0},{"damage_healed":0,"gold_gain":0,"player_choice":"Box","damage_taken":0,"relics_obtained":["Girya"],"max_hp_gain":0,"max_hp_loss":0,"event_name":"Big Fish","floor":5,"gold_loss":0,"cards_obtained":["Regret"]},{"cards_removed":["Regret"],"damage_healed":0,"gold_gain":0,"player_choice":"Offered Curse","damage_taken":0,"relics_obtained":["Spirit Poop"],"max_hp_gain":0,"max_hp_loss":0,"event_name":"Bonfire Elementals","floor":10,"gold_loss":0}],"is_beta":false,"boss_relics":[],"items_purged_floors":[],"is_endless":false,"potions_floor_spawned":[1,7,12],"killed_by":"Slime Boss","ascension_level":4}}