{"host":"2s5c6uii15wgtvvf","time":1607891860,"event":{"mods":["Bard","BaseMod","Bestiary","CapriCore","Downfall","Friendly Minions","Hermit","HololiveMod","Jorbs\u0027s Wanderer Trilogy","Lobotomy","LobotomyExtend","Marisa????????","Minty Spire (QoL Compilation)","Remilia??????","Robot Space Explorer","Shade Mod","StSLib","Td1madao Mod","The Animator","The Cursed","The Gatherer","The Hayseed","The Hierophant","The Immortal","The Mystic","The Necromancer","The Runesmith","The Senshi","The Servant 0.9.4","TheHeartMod","WarShipGirlsR/????R mod","Yohane!","??????REMEMod"],"gold_per_floor":[118,136,148,148,164,164,164],"floor_reached":6,"playtime":446,"items_purged":[],"score":38,"play_id":"d7cee8c2-0cdc-428d-b214-c993228bb343","local_time":"20201213203740","is_ascension_mode":false,"campfire_choices":[],"circlet_count":0,"master_deck":["mysticmod:Strike_Mystic","mysticmod:Strike_Mystic","mysticmod:Strike_Mystic","mysticmod:Defend_Mystic","mysticmod:Defend_Mystic","mysticmod:Defend_Mystic","mysticmod:Defend_Mystic","mysticmod:ArcaneDodge","mysticmod:ShockingGrasp","OSAHOGD","mysticmod:ComponentsPouch","NakedNest","mysticmod:PowerAttack","mysticmod:ArcaneAccuracy","mysticmod:Shield"],"relics":["mysticmod:SpellBook","REME_ComplimentaryCards","CogitoBucket","LetterFromLob"],"acts_visited":["Exordium"],"potions_floor_usage":[],"damage_taken":[{"damage":8,"enemies":"Cultist","floor":1,"turns":5},{"damage":10,"enemies":"Jaw Worm","floor":2,"turns":5},{"damage":0,"enemies":"Small Slimes","floor":3,"turns":3},{"damage":38,"enemies":"3 Louse","floor":5,"turns":10},{"damage":30,"enemies":"Lagavulin","floor":6,"turns":5}],"seed_played":"-4682938813880709535","potions_obtained":[{"floor":3,"key":"Strength Potion"}],"is_trial":false,"path_per_floor":["M","M","M","?","M","E"],"character_chosen":"MYSTIC_CLASS","items_purchased":[],"campfire_rested":0,"item_purchase_floors":[],"current_hp_per_floor":[69,59,59,59,21,0,0],"gold":164,"neow_bonus":"","is_daily":false,"chose_seed":false,"campfire_upgraded":0,"win_rate":0.0,"timestamp":1607891860,"path_taken":["M","M","M","?","M","E"],"items_purchased_type":[],"build_version":"2020-11-30","purchased_purges":0,"victory":false,"max_hp_per_floor":[77,77,77,77,77,77,77],"card_choices":[{"not_picked":["OldLady","MeatLantern"],"picked":"OSAHOGD","floor":1},{"not_picked":["mysticmod:AllIn","mysticmod:Probe"],"picked":"mysticmod:ComponentsPouch","floor":1},{"not_picked":["LaLuna","FairyFestival"],"picked":"NakedNest","floor":2},{"not_picked":["mysticmod:Riposte","mysticmod:EarthenWall"],"picked":"mysticmod:PowerAttack","floor":2},{"not_picked":["mysticmod:SummonFamiliar","mysticmod:StyleChange"],"picked":"mysticmod:ArcaneAccuracy","floor":3},{"not_picked":["mysticmod:EbbAndFlow","mysticmod:ComponentsPouch"],"picked":"mysticmod:Shield","floor":5}],"player_experience":98684,"relics_obtained":[{"floor":1,"key":"LetterFromLob"}],"event_choices":[{"cards_removed":["mysticmod:Strike_Mystic"],"damage_healed":0,"gold_gain":0,"player_choice":"Offered Basic","damage_taken":0,"max_hp_gain":0,"max_hp_loss":0,"event_name":"Bonfire Elementals","floor":4,"gold_loss":0}],"is_beta":false,"boss_relics":[],"items_purged_floors":[],"is_endless":false,"potions_floor_spawned":[3],"killed_by":"Lagavulin","ascension_level":0}}