{"host":"avjwtc49fhlk6kym","time":1607824973,"event":{"mods":["AchievementEnabler","BaseMod","Better Match","Better Note","Better Third Choice","Colored Map","Colored Powertips","Displayed Cursed Tome","Highlight Path","Minty Spire (QoL Compilation)","Permanent Neow","Quick Restart","StSLib"],"gold_per_floor":[119,137,148,61,74,89,54,87,114,148,148,173,173,348,348,449,499,467,382,2,17,40,40,53,72,72,87,87,87],"floor_reached":28,"playtime":1256,"items_purged":["Doubt"],"score":289,"play_id":"573a3106-1b03-4400-8cf3-6b6559ba2eae","local_time":"20201212210253","is_ascension_mode":true,"campfire_choices":[{"floor":11.0,"key":"REST"},{"data":"Wallop","floor":15.0,"key":"SMITH"},{"data":"LessonLearned","floor":23.0,"key":"SMITH"}],"circlet_count":0,"master_deck":["Strike_P","Strike_P","Strike_P","Strike_P","Defend_P","Defend_P","Defend_P","Defend_P","Eruption+1","Vigilance+1","Devotion","LikeWater","Pray+1","FlyingSleeves","FollowUp","Conclude","Wallop+1","Consecrate","Worship","LessonLearned+1","Evaluate+1","MasterReality","FlurryOfBlows","FollowUp","ThirdEye","SashWhip+1","BowlingBash","PathToVictory","FollowUp"],"relics":["PureWater","Orichalcum","Lantern","Tiny Chest","Bronze Scales","Tiny House","Gremlin Horn","Lee\u0027s Waffle","Kunai"],"acts_visited":["Exordium","TheCity"],"potions_floor_usage":[25,27],"damage_taken":[{"damage":2.0,"enemies":"2 Louse","floor":1.0,"turns":2.0},{"damage":0.0,"enemies":"Jaw Worm","floor":2.0,"turns":4.0},{"damage":8.0,"enemies":"Small Slimes","floor":3.0,"turns":5.0},{"damage":0.0,"enemies":"2 Fungi Beasts","floor":5.0,"turns":2.0},{"damage":6.0,"enemies":"Exordium Thugs","floor":6.0,"turns":4.0},{"damage":49.0,"enemies":"Lagavulin","floor":8.0,"turns":5.0},{"damage":22.0,"enemies":"Gremlin Nob","floor":10.0,"turns":4.0},{"damage":14.0,"enemies":"3 Sentries","floor":12.0,"turns":7.0},{"damage":27.0,"enemies":"Hexaghost","floor":16.0,"turns":10.0},{"damage":12.0,"enemies":"2 Thieves","floor":18.0,"turns":5.0},{"damage":0.0,"enemies":"3 Byrds","floor":21.0,"turns":3.0},{"damage":41.0,"enemies":"Cultist and Chosen","floor":24.0,"turns":8.0},{"damage":10,"enemies":"Snake Plant","floor":25,"turns":5},{"damage":22,"enemies":"Centurion and Healer","floor":27,"turns":8},{"damage":24,"enemies":"Shelled Parasite and Fungi","floor":28,"turns":3}],"seed_played":"7390494601198206385","potions_obtained":[{"floor":2.0,"key":"PowerPotion"},{"floor":3.0,"key":"Fire Potion"},{"floor":5.0,"key":"ColorlessPotion"},{"floor":17.0,"key":"Swift Potion"},{"floor":21.0,"key":"LiquidMemories"},{"floor":24.0,"key":"DuplicationPotion"},{"floor":25,"key":"Block Potion"}],"is_trial":false,"path_per_floor":["M","M","M","$","M","M","?","E","T","E","R","E","?","?","R","B",null,"M","?","$","M","T","R","M","M","T","M","M"],"character_chosen":"WATCHER","items_purchased":["FollowUp","Conclude","Lee\u0027s Waffle","Fruit Juice","ThirdEye"],"campfire_rested":1,"item_purchase_floors":[4,4,20,20,20],"current_hp_per_floor":[70,70,62,62,62,56,72,23,23,1,22,8,32,32,32,5,77,65,65,89,89,89,89,48,38,38,16,0,0],"gold":87,"neow_bonus":"ONE_RANDOM_RARE_CARD","is_daily":false,"chose_seed":false,"campfire_upgraded":2,"win_rate":0.0,"timestamp":1607824973,"path_taken":["M","M","M","$","M","M","?","E","T","E","R","E","?","?","R","BOSS","M","?","$","M","?","R","M","M","T","M","M"],"items_purchased_type":["Card","Card","Relic","Potion","Card"],"build_version":"2020-11-30","purchased_purges":1,"victory":false,"max_hp_per_floor":[72,72,72,72,72,72,72,72,72,72,72,72,72,72,72,72,77,77,77,89,89,89,89,89,89,89,89,89,89],"card_choices":[{"not_picked":["CutThroughFate","PathToVictory"],"picked":"LikeWater","floor":1.0},{"not_picked":["WreathOfFlame","Worship"],"picked":"Pray","floor":2.0},{"not_picked":["Halt","WaveOfTheHand"],"picked":"FlyingSleeves","floor":3.0},{"not_picked":["Weave","EmptyFist"],"picked":"Wallop","floor":5.0},{"not_picked":["Perseverance","Indignation"],"picked":"Consecrate","floor":6.0},{"not_picked":["Fasting2","Crescendo"],"picked":"Worship","floor":8.0},{"not_picked":["CrushJoints","Protect"],"picked":"LessonLearned","floor":10.0},{"not_picked":["Omniscience","TalkToTheHand"],"picked":"Evaluate","floor":12.0},{"not_picked":["Blasphemy","Devotion"],"picked":"MasterReality","floor":16.0},{"not_picked":["SashWhip","JustLucky"],"picked":"FlurryOfBlows","floor":17.0},{"not_picked":["SashWhip","EmptyBody"],"picked":"FollowUp","floor":18.0},{"not_picked":["Collect","ClearTheMind+1"],"picked":"SashWhip+1","floor":21.0},{"not_picked":["EmptyBody+1","TalkToTheHand"],"picked":"BowlingBash","floor":24.0},{"not_picked":["EmptyFist+1","FlyingSleeves"],"picked":"PathToVictory","floor":25},{"not_picked":["FlurryOfBlows","ClearTheMind"],"picked":"FollowUp","floor":27}],"player_experience":495598,"relics_obtained":[{"floor":8.0,"key":"Orichalcum"},{"floor":9.0,"key":"Lantern"},{"floor":10.0,"key":"Tiny Chest"},{"floor":12.0,"key":"Bronze Scales"},{"floor":26,"key":"Kunai"}],"event_choices":[{"damage_healed":18.0,"max_hp_gain":0.0,"max_hp_loss":0.0,"gold_gain":0.0,"event_name":"The Cleric","player_choice":"Healed","floor":7.0,"gold_loss":35.0,"damage_taken":0.0},{"damage_healed":24.0,"max_hp_gain":0.0,"max_hp_loss":0.0,"gold_gain":0.0,"event_name":"Big Fish","player_choice":"Banana","floor":13.0,"gold_loss":0.0,"damage_taken":0.0},{"damage_healed":0.0,"max_hp_gain":0.0,"max_hp_loss":0.0,"gold_gain":175.0,"event_name":"betterThird:BetterSerpent","player_choice":"AGREE","floor":14.0,"gold_loss":0.0,"damage_taken":173.0},{"damage_healed":0.0,"max_hp_gain":0.0,"max_hp_loss":0.0,"gold_gain":0.0,"event_name":"Addict","player_choice":"Obtained Relic","floor":19.0,"gold_loss":85.0,"damage_taken":0.0,"relics_obtained":["Gremlin Horn"]}],"is_beta":false,"boss_relics":[{"not_picked":["Busted Crown","Astrolabe"],"picked":"Tiny House"}],"items_purged_floors":[20],"is_endless":false,"potions_floor_spawned":[2,3,5,21,24,25],"killed_by":"Shelled Parasite and Fungi","ascension_level":2}}