{"host":"j4g6ia6asvpyu2b0","time":1607868978,"event":{"mods":["BaseMod","Colored Map","Minty Spire (QoL Compilation)","Permanent Neow","Quick Restart","Relic Stats","StSLib","Unceasing Turn Reminder"],"gold_per_floor":[109,109,133,18,18,18,18,18],"floor_reached":7,"playtime":184,"items_purged":[],"score":41,"play_id":"496a25f1-b1c0-4403-aa63-bac52ca5ba4a","local_time":"20201213071618","is_ascension_mode":true,"campfire_choices":[{"data":"Neutralize","floor":6,"key":"SMITH"}],"circlet_count":0,"master_deck":["Strike_G","Strike_G","Strike_G","Defend_G","Defend_G","Defend_G","Defend_G","Defend_G","Survivor","Neutralize+1","Clumsy","Prepared","Burst","Flying Knee","PiercingWail","Dodge and Roll","Doppelganger+1"],"relics":["Ring of the Snake","Golden Idol"],"acts_visited":["Exordium"],"potions_floor_usage":[],"damage_taken":[{"damage":0,"enemies":"Jaw Worm","floor":1,"turns":6},{"damage":0,"enemies":"Small Slimes","floor":3,"turns":4},{"damage":0,"enemies":"Lagavulin","floor":7,"turns":4}],"seed_played":"1213451001371982356","potions_obtained":[{"floor":1,"key":"Block Potion"}],"is_trial":false,"path_per_floor":["M","?","M","$","?","R","E"],"character_chosen":"THE_SILENT","items_purchased":["Well Laid Plans","Dodge and Roll"],"campfire_rested":0,"item_purchase_floors":[4,4],"current_hp_per_floor":[70,53,53,53,53,53,53,53],"gold":18,"neow_bonus":"TRANSFORM_TWO_CARDS","is_daily":false,"chose_seed":false,"campfire_upgraded":1,"win_rate":0.0,"timestamp":1607868978,"path_taken":["M","?","M","$","?","R","E"],"items_purchased_type":["Card","Card"],"build_version":"2020-11-30","purchased_purges":0,"victory":false,"max_hp_per_floor":[70,70,70,70,70,70,70,70],"relic_stats":{"counters":[3,13],"Golden Idol":5,"obtain_stats":[{"Golden Idol":2,"Ring of the Snake":0},{"Golden Idol":1,"Ring of the Snake":0},{"Golden Idol":6,"Ring of the Snake":0}],"Ring of the Snake":[6]},"card_choices":[{"not_picked":["Reflex","Outmaneuver"],"picked":"Flying Knee","floor":1},{"not_picked":["Concentrate","Outmaneuver"],"picked":"PiercingWail","floor":3}],"player_experience":627333,"relics_obtained":[],"event_choices":[{"damage_healed":0,"gold_gain":0,"player_choice":"Take Damage","damage_taken":17,"relics_obtained":["Golden Idol"],"max_hp_gain":0,"max_hp_loss":0,"event_name":"Golden Idol","floor":2,"gold_loss":0},{"cards_removed":["Well Laid Plans"],"damage_healed":0,"gold_gain":0,"player_choice":"Took Card","damage_taken":0,"max_hp_gain":0,"max_hp_loss":0,"event_name":"NoteForYourself","floor":5,"gold_loss":0,"cards_obtained":["Doppelganger"]}],"is_beta":false,"boss_relics":[],"items_purged_floors":[],"is_endless":false,"potions_floor_spawned":[1],"killed_by":"Lagavulin","ascension_level":1}}