{"host":"3h5qf14xt40jhha0","time":1607845004,"event":{"mods":["AlwaysNeverKeys","BaseMod","Colored Powertips","Minty Spire (QoL Compilation)","Permanent Neow","Relic Stats","StSLib"],"gold_per_floor":[217,217,217,14,26,26,53,68,114,129,139,167,167,92,92,164,164,180,230,47,63,13,13,41,54,81,98,111,141,141,55,55,127,127,140,140,15,27,27,53,53,81,81,95,95,95,95,106,106,106,106,106],"floor_reached":51,"playtime":3083,"items_purged":["Strike_B","Strike_B","Strike_B"],"score":1406,"play_id":"343c9359-1197-4799-97b5-5a3310ee1c51","local_time":"20201213023644","is_ascension_mode":true,"campfire_choices":[{"data":"Lockon","floor":6,"key":"SMITH"},{"data":"Go for the Eyes","floor":13,"key":"SMITH"},{"data":"Hologram","floor":15,"key":"SMITH"},{"data":"Doom and Gloom","floor":23,"key":"SMITH"},{"data":"Defragment","floor":32,"key":"SMITH"},{"data":"Thunder Strike","floor":41,"key":"SMITH"},{"floor":45,"key":"RECALL"},{"floor":49,"key":"REST"}],"circlet_count":0,"master_deck":["AscendersBane","Defend_B","Defend_B","Defend_B","Defend_B","Zap","Dualcast","Melter","Lockon+1","Glacier","Self Repair","Cold Snap","Ball Lightning","Go for the Eyes+1","Hologram+1","Electrodynamics","Doom and Gloom+1","Lockon+1","Thunder Strike+1","Compile Driver","Defragment+1","All For One","Mayhem","Fusion"],"relics":["Cracked Core","Toy Ornithopter","MealTicket","Happy Flower","Strawberry","Snecko Eye","InkBottle","Ancient Tea Set","White Beast Statue","Inserter","Bag of Preparation","Vajra","Thread and Needle"],"acts_visited":["Exordium","TheCity","TheBeyond"],"potions_floor_usage":[7,10,12,18,28,28,40,42,44,44,50,51],"damage_taken":[{"damage":4,"enemies":"2 Louse","floor":1,"turns":2},{"damage":4,"enemies":"Jaw Worm","floor":5,"turns":6},{"damage":19,"enemies":"3 Sentries","floor":7,"turns":9},{"damage":0,"enemies":"Cultist","floor":8,"turns":3},{"damage":15,"enemies":"Exordium Thugs","floor":10,"turns":4},{"damage":0,"enemies":"2 Fungi Beasts","floor":11,"turns":3},{"damage":21,"enemies":"Gremlin Nob","floor":12,"turns":4},{"damage":10,"enemies":"The Guardian","floor":16,"turns":14},{"damage":17,"enemies":"Chosen","floor":18,"turns":4},{"damage":2,"enemies":"2 Thieves","floor":21,"turns":2},{"damage":7,"enemies":"Gremlin Leader","floor":24,"turns":6},{"damage":4,"enemies":"Centurion and Healer","floor":25,"turns":5},{"damage":0,"enemies":"Snecko","floor":27,"turns":3},{"damage":17,"enemies":"Shelled Parasite and Fungi","floor":28,"turns":3},{"damage":37,"enemies":"Slavers","floor":29,"turns":7},{"damage":41,"enemies":"Champ","floor":33,"turns":12},{"damage":15,"enemies":"Orb Walker","floor":35,"turns":4},{"damage":9,"enemies":"3 Shapes","floor":38,"turns":3},{"damage":21,"enemies":"Reptomancer","floor":40,"turns":5},{"damage":32,"enemies":"Giant Head","floor":42,"turns":7},{"damage":9,"enemies":"Transient","floor":44,"turns":6},{"damage":9,"enemies":"Maw","floor":48,"turns":5},{"damage":20,"enemies":"Donu and Deca","floor":50,"turns":10},{"damage":75,"enemies":"Time Eater","floor":51,"turns":7}],"seed_played":"6804891400687597565","potions_obtained":[{"floor":1,"key":"SkillPotion"},{"floor":5,"key":"Explosive Potion"},{"floor":8,"key":"SteroidPotion"},{"floor":10,"key":"SpeedPotion"},{"floor":16,"key":"DuplicationPotion"},{"floor":21,"key":"AttackPotion"},{"floor":33,"key":"SpeedPotion"},{"floor":35,"key":"ColorlessPotion"},{"floor":40,"key":"DuplicationPotion"},{"floor":42,"key":"SneckoOil"},{"floor":44,"key":"Explosive Potion"},{"floor":48,"key":"ColorlessPotion"}],"is_trial":false,"path_per_floor":["M","?","?","$","M","R","E","M","T","M","M","E","R","$","R","B",null,"M","?","$","M","?","R","E","M","T","M","M","E","$","$","R","B",null,"M","?","$","M","?","E","R","E","T","M","R","?","?","M","R","B","B"],"character_chosen":"DEFECT","items_purchased":["Lockon","Glacier","Self Repair","Doom and Gloom","Defragment"],"campfire_rested":1,"item_purchase_floors":[4,4,4,20,31],"current_hp_per_floor":[60,25,25,25,28,28,21,28,28,18,25,23,23,38,38,35,67,69,69,78,76,76,76,76,78,78,78,78,48,63,78,78,44,70,62,52,67,65,65,56,56,36,36,44,44,44,44,42,64,59,0,0],"gold":106,"neow_bonus":"HUNDRED_GOLD","is_daily":false,"chose_seed":false,"campfire_upgraded":6,"win_rate":0.0,"timestamp":1607845004,"path_taken":["M","?","?","$","M","R","E","M","T","M","?","E","R","?","R","BOSS","M","?","$","M","?","R","E","M","T","M","?","E","?","$","R","BOSS","M","?","$","M","?","E","R","E","T","M","R","?","?","?","R","BOSS","BOSS"],"items_purchased_type":["Card","Card","Card","Card","Card"],"build_version":"2020-11-30","purchased_purges":3,"victory":false,"max_hp_per_floor":[71,71,71,71,71,71,71,71,71,71,71,78,78,78,78,78,78,78,78,78,78,78,78,78,78,78,78,78,78,78,78,78,78,78,78,78,78,78,78,78,78,78,78,78,78,74,74,74,74,74,74,74],"relic_stats":{"Inserter":[23],"Happy Flower":[38],"counters":[24,134],"Snecko Eye":[158,155,170,184],"MealTicket":69,"Bag of Preparation":[10],"obtain_stats":[{"Inserter":34,"Happy Flower":9,"Vajra":42,"Thread and Needle":47,"Bag of Preparation":40,"Ancient Tea Set":26,"White Beast Statue":29,"Strawberry":12,"Snecko Eye":17,"MealTicket":7,"Cracked Core":0,"Toy Ornithopter":2,"InkBottle":24},{"Inserter":16,"Happy Flower":4,"Vajra":20,"Thread and Needle":21,"Bag of Preparation":19,"Ancient Tea Set":12,"White Beast Statue":15,"Strawberry":7,"Snecko Eye":8,"MealTicket":3,"Cracked Core":0,"Toy Ornithopter":1,"InkBottle":11},{"Inserter":87,"Happy Flower":20,"Vajra":106,"Thread and Needle":112,"Bag of Preparation":99,"Ancient Tea Set":62,"White Beast Statue":75,"Strawberry":31,"Snecko Eye":45,"MealTicket":17,"Cracked Core":0,"Toy Ornithopter":2,"InkBottle":57}],"Toy Ornithopter":60,"InkBottle":[36]},"card_choices":[{"not_picked":["Barrage","Streamline"],"picked":"Melter","floor":1},{"not_picked":["White Noise","Sweeping Beam"],"picked":"Cold Snap","floor":5},{"not_picked":["Recycle","Rip and Tear"],"picked":"Ball Lightning","floor":7},{"not_picked":["Turbo","Streamline"],"picked":"Ball Lightning","floor":8},{"not_picked":["Cold Snap","Force Field"],"picked":"Go for the Eyes","floor":10},{"not_picked":["Streamline","Go for the Eyes","Rebound"],"picked":"SKIP","floor":11},{"not_picked":["Rainbow","Gash"],"picked":"Hologram","floor":12},{"not_picked":["Amplify","Rainbow"],"picked":"Electrodynamics","floor":16},{"not_picked":["Stack","Leap","Rip and Tear"],"picked":"SKIP","floor":18},{"not_picked":["Static Discharge","Redo","Leap"],"picked":"SKIP","floor":21},{"not_picked":["Leap","Coolheaded"],"picked":"Lockon+1","floor":24},{"not_picked":["Cold Snap","Hello World"],"picked":"Conserve Battery","floor":25},{"not_picked":["Turbo","Conserve Battery","Coolheaded"],"picked":"SKIP","floor":27},{"not_picked":["Capacitor","Coolheaded+1"],"picked":"Thunder Strike","floor":28},{"not_picked":["Turbo+1","Coolheaded"],"picked":"Compile Driver","floor":29},{"not_picked":["Rainbow","Core Surge"],"picked":"All For One","floor":33},{"not_picked":["Gash","Redo","Steam"],"picked":"SKIP","floor":35},{"not_picked":["Dramatic Entrance","Panache"],"picked":"Mayhem","floor":36},{"not_picked":["Streamline","Turbo","Reprogram"],"picked":"SKIP","floor":38},{"not_picked":["Cold Snap","Sweeping Beam","Leap"],"picked":"SKIP","floor":40},{"not_picked":["Doom and Gloom","Beam Cell","Static Discharge"],"picked":"SKIP","floor":42},{"not_picked":["Buffer","Scrape"],"picked":"Fusion","floor":44},{"not_picked":["Steam","Sweeping Beam","Rebound+1"],"picked":"SKIP","floor":48}],"player_experience":1233037,"relics_obtained":[{"floor":7,"key":"MealTicket"},{"floor":9,"key":"Happy Flower"},{"floor":12,"key":"Strawberry"},{"floor":24,"key":"InkBottle"},{"floor":26,"key":"Ancient Tea Set"},{"floor":29,"key":"White Beast Statue"},{"floor":40,"key":"Bag of Preparation"},{"floor":42,"key":"Vajra"}],"event_choices":[{"damage_healed":0,"gold_gain":0,"player_choice":"Success","damage_taken":35,"relics_obtained":["Toy Ornithopter"],"max_hp_gain":0,"max_hp_loss":0,"event_name":"Scrap Ooze","floor":2,"gold_loss":0},{"cards_removed":["Strike_B"],"damage_healed":0,"gold_gain":0,"player_choice":"Card Removal","damage_taken":0,"max_hp_gain":0,"max_hp_loss":0,"event_name":"Wheel of Change","floor":3,"gold_loss":0},{"damage_healed":0,"gold_gain":50,"player_choice":"Stole From Cult","damage_taken":0,"max_hp_gain":0,"max_hp_loss":0,"event_name":"Nest","floor":19,"gold_loss":0},{"damage_healed":0,"gold_gain":0,"player_choice":"Bet on Murderer","damage_taken":0,"max_hp_gain":0,"max_hp_loss":0,"event_name":"The Joust","floor":22,"gold_loss":50},{"damage_healed":0,"gold_gain":0,"player_choice":"Memory 3","damage_taken":10,"max_hp_gain":0,"max_hp_loss":0,"event_name":"SensoryStone","floor":36,"gold_loss":0},{"cards_removed":["Ball Lightning"],"damage_healed":0,"gold_gain":0,"player_choice":"Removed Attack","damage_taken":0,"max_hp_gain":0,"max_hp_loss":0,"event_name":"Falling","floor":39,"gold_loss":0},{"damage_healed":0,"gold_gain":0,"player_choice":"Max HP","damage_taken":0,"max_hp_gain":0,"max_hp_loss":4,"event_name":"Winding Halls","floor":46,"gold_loss":0},{"cards_removed":["Conserve Battery"],"damage_healed":0,"gold_gain":0,"player_choice":"Gave Card","damage_taken":0,"relics_obtained":["Thread and Needle"],"max_hp_gain":0,"max_hp_loss":0,"event_name":"WeMeetAgain","floor":47,"gold_loss":0}],"is_beta":false,"boss_relics":[{"not_picked":["Calling Bell","Runic Dome"],"picked":"Snecko Eye"},{"not_picked":["SlaversCollar","FrozenCore"],"picked":"Inserter"}],"items_purged_floors":[14,20,37],"is_endless":false,"potions_floor_spawned":[1,5,8,10,16,21,33,35,38,40,42,44,48],"killed_by":"Time Eater","ascension_level":20}}