{"host":"nj06ypb01n3s9mn8","time":1607835561,"event":{"mods":["2.2 Compatiblity","BaseMod","Colored Map","Downfall","Highlight Path","Marisa????????","Minty Spire (QoL Compilation)","Replay The Spire","StSLib","The Animator","The Bug Knight","The Necromancer","The Servant 0.9.4","Waifu the Spire"],"gold_per_floor":[99,111,137,137,154,186,213,213,229,257,257,273,292,292,305,406,406,331,331,331,331,362,378,378,378,402,402,79,107,107,16,35,90,104,202,202,52,65,65,65],"floor_reached":39,"playtime":2465,"items_purged":["Delirium"],"score":560,"play_id":"b430b15a-7cb2-4e57-b0a2-1e1f727d991a","local_time":"20201213015921","is_ascension_mode":false,"campfire_choices":[{"floor":1,"key":"DIG"},{"data":"Slimebound:Split","floor":4,"key":"SMITH"},{"data":"Slimebound:WasteNot","floor":18,"key":"SMITH"},{"data":"Slimebound:SamplingLick","floor":18,"key":"SMITH"},{"floor":27,"key":"RECALL"},{"data":"Slimebound:SamplingLick","floor":37,"key":"SMITH"},{"data":"Slimebound:SamplingLick","floor":37,"key":"SMITH"}],"circlet_count":0,"master_deck":["Slimebound:Strike_Slimebound","Slimebound:Strike_Slimebound","Slimebound:Strike_Slimebound","Slimebound:Tackle","Slimebound:Defend_Slimebound","Slimebound:Defend_Slimebound","Slimebound:Defend_Slimebound","Slimebound:Split+1","Slimebound:CorrosiveSpit","Slimebound:DouseInSlime","Slimebound:SamplingLick","Slimebound:LeechingTouch","Slimebound:SamplingLick+1","Slimebound:OozeBath","Slimebound:SpikyOuterGoop","Slimebound:LeadByExample","Slimebound:WasteNot+1","Slimebound:SamplingLick+1","Slimebound:RejuvenatingLick","Slimebound:Schlurp","Panache","Slimebound:SamplingLick","Slimebound:Gluttony","Slimebound:SamplingLick+1","Slimebound:GrowthPunch+1","Slimebound:LeadByExample+1","Slimebound:LeechLife","Slimebound:GrowthPunch"],"relics":["Slimebound:AbsorbEndCombat","Replay:Baseball","Simple Rune","Replay:Arrowhead","Lantern","Garlic","Cursed Key","downfall:HeartBlessingGreen","Torii","Ginger","Nilry\u0027s Codex","Bottled Lightning","Runic Dome","downfall:HeartBlessingRed","downfall:HeartBlessingBlue"],"acts_visited":["Exordium","TheCity","TheBeyond"],"potions_floor_usage":[16,22],"damage_taken":[{"damage":7,"enemies":"Cultist","floor":2,"turns":3},{"damage":15,"enemies":"HollowMod:MossKnight","floor":3,"turns":6},{"damage":8,"enemies":"2 Louse","floor":5,"turns":2},{"damage":17,"enemies":"3 Sentries","floor":6,"turns":5},{"damage":4,"enemies":"Jaw Worm","floor":9,"turns":3},{"damage":8,"enemies":"HollowMod:MossKnight","floor":10,"turns":6},{"damage":8,"enemies":"Red Slaver","floor":12,"turns":2},{"damage":0,"enemies":"3 Louse","floor":13,"turns":2},{"damage":0,"enemies":"2 Fungi Beasts","floor":15,"turns":3},{"damage":14,"enemies":"downfall:Watcher","floor":16,"turns":5},{"damage":16,"enemies":"Replay:Snechameleon","floor":22,"turns":4},{"damage":0,"enemies":"Chosen","floor":23,"turns":4},{"damage":0,"enemies":"downfall:FleeingMerchant","floor":28,"turns":4},{"damage":16,"enemies":"Gremlin Leader","floor":29,"turns":5},{"damage":19,"enemies":"downfall:FleeingMerchant","floor":31,"turns":4},{"damage":19,"enemies":"Centurion and Healer","floor":32,"turns":4},{"damage":16,"enemies":"Chosen and Byrds","floor":34,"turns":4},{"damage":36,"enemies":"downfall:Ironclad","floor":35,"turns":7},{"damage":8,"enemies":"3 Shapes","floor":38,"turns":3},{"damage":96,"enemies":"Nemesis","floor":39,"turns":4}],"seed_played":"-3008210479514342037","potions_obtained":[{"floor":5,"key":"champ:CounterPotion"},{"floor":8,"key":"Fire Potion"},{"floor":8,"key":"Doom Potion"},{"floor":8,"key":"Doom Potion"},{"floor":22,"key":"LiquidMemories"},{"floor":23,"key":"SpeedPotion"},{"floor":38,"key":"BlessingOfTheForge"}],"is_trial":false,"path_per_floor":["R_BF","M","E","R","M","E","T","?","M","E","?","M","M","?","M","B",null,"R","?","PTL","PTL","E","M","?","?","T","R","$","E","?","$","M","?","M","B",null,"R","M","E"],"character_chosen":"SLIMEBOUND","items_purchased":["Slimebound:Schlurp","Panache","Slimebound:Gluttony"],"campfire_rested":0,"item_purchase_floors":[28,28,31],"current_hp_per_floor":[60,60,60,60,60,60,60,60,60,60,60,60,60,60,60,60,60,60,60,60,60,60,60,50,50,50,50,62,65,49,65,63,47,65,63,65,75,75,0,0],"gold":65,"neow_bonus":"ONE_RANDOM_RARE_CARD","is_daily":false,"chose_seed":false,"campfire_upgraded":5,"win_rate":0.0,"timestamp":1607835561,"path_taken":["R_BF","M","E","R","M","E","T","?","?","E","?","M","?","?","M","BOSS","R","?","PTL","PTL","E","M","?","?","T","R","$","E","?","$","?","?","M","BOSS","R","M","E"],"items_purchased_type":["Card","Card","Card"],"build_version":"2020-11-29","purchased_purges":1,"victory":false,"max_hp_per_floor":[60,60,60,60,60,60,60,60,60,60,60,60,60,60,60,60,60,60,60,60,60,60,60,65,65,65,65,65,65,65,65,65,65,65,65,65,75,75,75,75],"card_choices":[{"not_picked":["Slimebound:SplitMire","Slimebound:SplitAcid"],"picked":"Slimebound:SamplingLick","floor":2},{"not_picked":["Slimebound:SplitAcid","Slimebound:SlimeSpikes"],"picked":"Slimebound:LeechingTouch","floor":3},{"not_picked":["Slimebound:RollThrough","Slimebound:PressTheAttack","Slimebound:SplitLeeching"],"picked":"SKIP","floor":5},{"not_picked":["Slimebound:RejuvenatingLick","Slimebound:SplitMire"],"picked":"Slimebound:SamplingLick","floor":6},{"not_picked":["Slimebound:GoopSpray","Slimebound:LeechEnergy"],"picked":"Slimebound:OozeBath","floor":9},{"not_picked":["Slimebound:PressTheAttack","Slimebound:FinishingTackle","Slimebound:SplitBruiser"],"picked":"SKIP","floor":10},{"not_picked":["Slimebound:BestDefense","Slimebound:Prepare"],"picked":"Slimebound:SpikyOuterGoop","floor":12},{"not_picked":["Slimebound:SlimeSpikes","Slimebound:SplitAcid","Slimebound:SlimeBrawl"],"picked":"SKIP","floor":13},{"not_picked":["Slimebound:Equalize","Slimebound:BestDefense"],"picked":"Slimebound:LeadByExample","floor":15},{"not_picked":["Slimebound:MassRepurpose","Slimebound:MinionMaster"],"picked":"Slimebound:WasteNot","floor":16},{"not_picked":["Slimebound:FlameTackle","Slimebound:GoopSpray"],"picked":"Slimebound:SamplingLick","floor":22},{"not_picked":["Slimebound:ComboTackle","Slimebound:Chomp","Slimebound:Equalize"],"picked":"SKIP","floor":23},{"not_picked":["Slimebound:SplitBruiser","Slimebound:FirmFortitude"],"picked":"Slimebound:RejuvenatingLick","floor":28},{"not_picked":["Slimebound:Prepare","Slimebound:SplitAcid","Slimebound:GoopTackle"],"picked":"SKIP","floor":29},{"not_picked":["Slimebound:ViciousTackle","Slimebound:AcidTongue"],"picked":"Slimebound:SamplingLick","floor":31},{"not_picked":["Slimebound:PressTheAttack+1","Slimebound:SplitBruiser+1"],"picked":"Slimebound:SamplingLick","floor":32},{"not_picked":["Slimebound:SplitLeeching","Slimebound:SplitMire"],"picked":"Slimebound:GrowthPunch+1","floor":33},{"not_picked":["Slimebound:ProtectTheBoss","Slimebound:Teamwork"],"picked":"Slimebound:LeadByExample+1","floor":34},{"not_picked":["Slimebound:Overexert","Slimebound:SelfFormingGoo"],"picked":"Slimebound:LeechLife","floor":35},{"not_picked":["Slimebound:RollThrough+1","Slimebound:SlimeSpikes"],"picked":"Slimebound:GrowthPunch","floor":38}],"player_experience":8053,"relics_obtained":[{"floor":1,"key":"Replay:Baseball"},{"floor":3,"key":"Simple Rune"},{"floor":6,"key":"Replay:Arrowhead"},{"floor":7,"key":"Lantern"},{"floor":10,"key":"Garlic"},{"floor":22,"key":"Torii"},{"floor":29,"key":"Ginger"},{"floor":30,"key":"Nilry\u0027s Codex"},{"floor":33,"key":"Bottled Lightning"}],"event_choices":[{"damage_healed":0,"gold_gain":0,"player_choice":"Got Potions","damage_taken":0,"max_hp_gain":0,"max_hp_loss":0,"event_name":"Lab","floor":8,"gold_loss":0},{"damage_healed":0,"gold_gain":0,"player_choice":"Ignored","damage_taken":0,"max_hp_gain":0,"max_hp_loss":0,"event_name":"NoteForYourself","floor":11,"gold_loss":0},{"cards_removed":["Slimebound:Defend_Slimebound"],"damage_healed":0,"gold_gain":0,"player_choice":"Purged","damage_taken":0,"max_hp_gain":0,"max_hp_loss":0,"event_name":"Purifier","floor":14,"gold_loss":0},{"damage_healed":0,"gold_gain":0,"player_choice":"Simplicity","damage_taken":0,"max_hp_gain":0,"max_hp_loss":0,"event_name":"Back to Basics","floor":25,"gold_loss":0,"cards_upgraded":["Slimebound:Strike_Slimebound","Slimebound:Strike_Slimebound","Slimebound:Strike_Slimebound","Slimebound:Defend_Slimebound","Slimebound:Defend_Slimebound","Slimebound:Defend_Slimebound"]}],"is_beta":false,"boss_relics":[{"not_picked":["Honey Jar","Runic Pyramid"],"picked":"Cursed Key"},{"not_picked":["Calling Bell","Fusion Hammer"],"picked":"Runic Dome"}],"items_purged_floors":[28],"is_endless":false,"potions_floor_spawned":[5,13,15,22,23,38],"killed_by":"Nemesis","ascension_level":0}}