{"host":"y0hoofe7zdp41twi","time":1607863880,"event":{"mods":["BaseMod","Downfall","Minty Spire (QoL Compilation)","Replay The Spire","Shop Mod","StSLib"],"gold_per_floor":[213,228,239,314,328,52,83,83,134,165,165,175,175,175,175,277,277,294,305,15,15,15,15,15,15],"floor_reached":24,"playtime":1416,"items_purged":[],"score":204,"play_id":"cb8c4a5a-f05d-4d33-8641-d8f7419c9037","local_time":"20201213075120","is_ascension_mode":false,"campfire_choices":[{"floor":8.0,"key":"REST"},{"floor":11.0,"key":"REST"},{"floor":23,"key":"REST"}],"circlet_count":1,"master_deck":["Strike_R+1","Strike_R+1","Strike_R+1","Strike_R+1","Strike_R+1","Defend_R+1","Defend_R+1","Defend_R+1","Defend_R+1","Bash","Heavy Blade","Spot Weakness","Iron Wave","Thunderclap","Replay:BasicMightCard","Iron Wave+1","Anger","Cleave","Bludgeon","Rampage","Twin Strike","Armaments","expansioncontent:DarkVoid"],"relics":["Burning Blood","MerchantsRug","Oddly Smooth Stone","King of Hearts","Circlet","Replay:Rubber Ducky","Sling"],"acts_visited":[],"potions_floor_usage":[19,19],"damage_taken":[{"damage":3.0,"enemies":"2 Louse","floor":1.0,"turns":3.0},{"damage":7.0,"enemies":"Small Slimes","floor":2.0,"turns":3.0},{"damage":11.0,"enemies":"Jaw Worm","floor":3.0,"turns":2.0},{"damage":10.0,"enemies":"Looter","floor":5.0,"turns":2.0},{"damage":23.0,"enemies":"Replay:BlueRogue","floor":7.0,"turns":5.0},{"damage":42.0,"enemies":"Lagavulin","floor":10.0,"turns":7.0},{"damage":8.0,"enemies":"Large Slime","floor":12.0,"turns":4.0},{"damage":78.0,"enemies":"Hexaghost","floor":16.0,"turns":10.0},{"damage":20.0,"enemies":"Chosen","floor":18.0,"turns":4.0},{"damage":28,"enemies":"Shell Parasite","floor":19,"turns":4},{"damage":19,"enemies":"Sentry and Sphere","floor":24,"turns":3}],"seed_played":"-6223567870850266568","potions_obtained":[{"floor":1.0,"key":"ColorlessPotion"},{"floor":3.0,"key":"Weak Potion"},{"floor":5.0,"key":"SkillPotion"},{"floor":10.0,"key":"Toxic Potion"}],"is_trial":false,"path_per_floor":["M","M","M","?","M","$","E","R","T","E","R","M","$","?","R","B",null,"M","M","$","?","?","R","M"],"character_chosen":"IRONCLAD","items_purchased":["Replay:BasicMightCard","MerchantsRug","Strength Potion","Armaments","Sling","expansioncontent:DarkVoid"],"campfire_rested":3,"item_purchase_floors":[6,6,6,20,20,20],"current_hp_per_floor":[80,79,74,63,59,59,42,66,66,30,54,64,64,57,80,14,80,66,44,44,44,44,68,49,49],"gold":15,"neow_bonus":"HUNDRED_GOLD","is_daily":false,"chose_seed":false,"campfire_upgraded":0,"win_rate":0.0,"timestamp":1607863880,"path_taken":["M","M","M","?","M","$","E","R","T","E","R","M","$","?","R","BOSS","M","M","$","?","?","R","M"],"items_purchased_type":["Card","Relic","Potion","Card","Relic","Card"],"build_version":"2020-11-30","purchased_purges":0,"victory":false,"max_hp_per_floor":[80,80,80,80,80,80,80,80,80,80,80,80,80,80,80,80,80,80,80,80,80,80,80,80,80],"card_choices":[{"not_picked":["Entrench","Warcry"],"picked":"Heavy Blade","floor":1.0},{"not_picked":["Flame Barrier","Sword Boomerang"],"picked":"Spot Weakness","floor":2.0},{"not_picked":["Armaments","Havoc"],"picked":"Iron Wave","floor":3.0},{"not_picked":["Second Wind","Power Through"],"picked":"Thunderclap","floor":5.0},{"not_picked":["Headbutt","Dark Embrace"],"picked":"Iron Wave","floor":7.0},{"not_picked":["Clash","Warcry"],"picked":"Anger","floor":10.0},{"not_picked":["Armaments","Havoc"],"picked":"Cleave","floor":12.0},{"not_picked":["Demon Form","Impervious"],"picked":"Bludgeon","floor":16.0},{"not_picked":["Whirlwind+1","Warcry"],"picked":"Rampage","floor":18},{"not_picked":["Cleave+1","Carnage"],"picked":"Twin Strike","floor":19}],"player_experience":111843,"relics_obtained":[{"floor":7.0,"key":"Oddly Smooth Stone"},{"floor":9.0,"key":"King of Hearts"},{"floor":10.0,"key":"Dead Branch"}],"event_choices":[{"damage_healed":0.0,"max_hp_gain":0.0,"max_hp_loss":0.0,"gold_gain":75.0,"event_name":"World of Goop","player_choice":"Gather Gold","floor":4.0,"gold_loss":0.0,"damage_taken":11.0},{"damage_healed":0.0,"max_hp_gain":0.0,"max_hp_loss":0.0,"gold_gain":0.0,"event_name":"Scrap Ooze","player_choice":"Success","floor":14.0,"gold_loss":0.0,"damage_taken":7.0,"relics_obtained":["Replay:Rubber Ducky"]},{"damage_healed":0,"gold_gain":0,"player_choice":"Simplicity","damage_taken":0,"max_hp_gain":0,"max_hp_loss":0,"event_name":"Back to Basics","floor":21,"gold_loss":0,"cards_upgraded":["Strike_R","Strike_R","Strike_R","Strike_R","Strike_R","Defend_R","Defend_R","Defend_R","Defend_R"]},{"damage_healed":0,"gold_gain":0,"player_choice":"Ignored","damage_taken":0,"max_hp_gain":0,"max_hp_loss":0,"event_name":"The Mausoleum","floor":22,"gold_loss":0}],"is_beta":false,"boss_relics":[{"not_picked":["ReplayTheSpireMod:DimensionalGlitch","Painkiller Herb","Replay:Drink Me"]}],"items_purged_floors":[],"is_endless":false,"potions_floor_spawned":[1,3,5,10],"killed_by":"Sentry and Sphere","ascension_level":0}}