{"host":"6qo42zgaknezulyg","time":1607856648,"event":{"mods":["2.2 Compatiblity","BaseMod","Keyboard Shortcuts","Minty Spire (QoL Compilation)","Permanent Neow","Quick Restart","StSLib","SuperFastMode","The Cursed"],"gold_per_floor":[115,132,82,92,107,136,136,159,228,242,267,32,65,77,89,197,209,241,273,302,229,257,304,316,357,369,381,408,454,242,256,256,358,358,372,372,372,321,340,340,67,67,67,85,85,99,99,99,99,99],"floor_reached":51,"playtime":2714,"items_purged":["TheCursedMod:Strike_TheCursed"],"score":1153,"play_id":"47a09aa0-629a-4fe1-9a37-4691551a8db4","local_time":"20201213195048","is_ascension_mode":true,"campfire_choices":[{"data":"TheCursedMod:VoidForm","floor":7.0,"key":"SMITH"},{"data":"TheCursedMod:SpitefulPlan","floor":15.0,"key":"SMITH"},{"data":"TheCursedMod:CursedMace","floor":24.0,"key":"SMITH"},{"floor":27.0,"key":"REST"},{"floor":32.0,"key":"REST"},{"data":"TheCursedMod:CursedRelics","floor":40.0,"key":"SMITH"},{"data":"TheCursedMod:CursedSpellbook","floor":42.0,"key":"SMITH"},{"data":"TheCursedMod:CursedRelics","floor":47.0,"key":"SMITH"},{"data":"Thinking Ahead","floor":49,"key":"SMITH"}],"circlet_count":0,"master_deck":["AscendersBane","TheCursedMod:Defend_TheCursed","TheCursedMod:Defend_TheCursed","TheCursedMod:Defend_TheCursed","TheCursedMod:CursedWand","TheCursedMod:CleanUpWorkshop","TheCursedMod:Dregs","TheCursedMod:SoulReap","TheCursedMod:SpreadPlague","TheCursedMod:CursedAmulet","TheCursedMod:VoidForm+1","TheCursedMod:HellsGateOpen","TheCursedMod:CursedMace+1","TheCursedMod:SpitefulPlan+1","TheCursedMod:SoulCrush","TheCursedMod:StunningStrike","TheCursedMod:WearCloak","TheCursedMod:CircleOfAbyss","TheCursedMod:CursedRelics+1","Enlightenment","TheCursedMod:WearCloak","TheCursedMod:SurpriseAttack","TheCursedMod:CursedSpellbook+1","TheCursedMod:CursedRelics+1","Master of Strategy","Thinking Ahead+1"],"relics":["TheCursedMod:BlackMagic101","Thread and Needle","Odd Mushroom","Bottled Lightning","Happy Flower","Oddly Smooth Stone","MawBank","InkBottle","Empty Cage","Shuriken","Blood Vial","Orichalcum","Calipers","Red Mask","Bag of Preparation","Philosopher\u0027s Stone","HandDrill","Pantograph"],"acts_visited":["Exordium","TheCity","TheBeyond"],"potions_floor_usage":[50],"damage_taken":[{"damage":4.0,"enemies":"Small Slimes","floor":1.0,"turns":6.0},{"damage":5.0,"enemies":"Jaw Worm","floor":2.0,"turns":7.0},{"damage":1.0,"enemies":"2 Louse","floor":4.0,"turns":3.0},{"damage":7.0,"enemies":"2 Fungi Beasts","floor":5.0,"turns":3.0},{"damage":14.0,"enemies":"3 Sentries","floor":6.0,"turns":14.0},{"damage":3.0,"enemies":"The Mushroom Lair","floor":8.0,"turns":4.0},{"damage":7.0,"enemies":"Lots of Slimes","floor":10.0,"turns":6.0},{"damage":9.0,"enemies":"Gremlin Nob","floor":11.0,"turns":4.0},{"damage":0.0,"enemies":"Lagavulin","floor":13.0,"turns":5.0},{"damage":5.0,"enemies":"The Guardian","floor":16.0,"turns":5.0},{"damage":30.0,"enemies":"3 Byrds","floor":18.0,"turns":5.0},{"damage":8.0,"enemies":"Chosen","floor":19.0,"turns":5.0},{"damage":13.0,"enemies":"Snake Plant","floor":20.0,"turns":4.0},{"damage":6.0,"enemies":"Chosen and Byrds","floor":22.0,"turns":6.0},{"damage":25.0,"enemies":"Slavers","floor":23.0,"turns":6.0},{"damage":27.0,"enemies":"Gremlin Leader","floor":25.0,"turns":7.0},{"damage":9.0,"enemies":"Cultist and Chosen","floor":28.0,"turns":7.0},{"damage":41.0,"enemies":"Masked Bandits","floor":29.0,"turns":6.0},{"damage":0.0,"enemies":"Centurion and Healer","floor":31.0,"turns":7.0},{"damage":17.0,"enemies":"Automaton","floor":33.0,"turns":6.0},{"damage":6.0,"enemies":"3 Shapes","floor":35.0,"turns":5.0},{"damage":0.0,"enemies":"3 Darklings","floor":39.0,"turns":4.0},{"damage":0.0,"enemies":"Jaw Worm Horde","floor":44.0,"turns":3.0},{"damage":7.0,"enemies":"Transient","floor":46.0,"turns":5.0},{"damage":87,"enemies":"Awakened One","floor":50,"turns":7}],"seed_played":"-1593149622966691896","potions_obtained":[{"floor":2.0,"key":"PowerPotion"},{"floor":5.0,"key":"Fire Potion"},{"floor":6.0,"key":"Weak Potion"},{"floor":8.0,"key":"PowerPotion"},{"floor":20.0,"key":"DistilledChaos"},{"floor":22.0,"key":"EntropicBrew"},{"floor":28.0,"key":"Strength Potion"},{"floor":31.0,"key":"DuplicationPotion"},{"floor":35.0,"key":"Explosive Potion"}],"is_trial":false,"path_per_floor":["M","M","?","M","M","E","R","?","T","M","E","$","E","?","R","B",null,"M","M","M","?","M","E","R","E","T","R","M","?","$","M","R","B",null,"M","?","?","$","M","R","$","R","T","M","$","M","R","?","R","B",null],"character_chosen":"THE_CURSED","items_purchased":["TheCursedMod:SpitefulPlan","Oddly Smooth Stone","Bag of Preparation","TheCursedMod:WearCloak","HandDrill","TheCursedMod:CursedSpellbook","Swift Potion"],"campfire_rested":2,"item_purchase_floors":[12,12,30,38,41,41,41],"current_hp_per_floor":[64,64,64,68,68,59,59,67,67,65,68,68,68,68,68,63,67,52,53,45,45,54,46,46,42,42,62,60,22,22,29,49,68,68,62,62,62,62,64,64,64,64,64,68,68,61,61,56,56,32],"gold":99,"neow_bonus":"REMOVE_TWO","is_daily":false,"chose_seed":false,"campfire_upgraded":7,"win_rate":0.0,"timestamp":1607856648,"path_taken":["M","M","?","M","M","E","R","?","T","M","E","$","E","?","R","BOSS","M","M","M","?","M","E","R","E","T","R","M","?","$","M","R","BOSS","M","?","?","$","M","R","$","R","T","?","?","M","R","?","R","BOSS"],"items_purchased_type":["Card","Relic","Relic","Card","Relic","Card","Potion"],"build_version":"2020-11-30","purchased_purges":1,"victory":true,"max_hp_per_floor":[68,68,68,68,68,68,68,68,68,68,68,68,68,68,68,68,68,68,68,68,68,68,68,68,68,68,68,68,68,68,68,68,68,68,68,68,68,68,68,68,68,68,68,68,68,68,68,68,68,68],"card_choices":[{"not_picked":["TheCursedMod:SurpriseAttack","TheCursedMod:Torture"],"picked":"TheCursedMod:SoulReap","floor":1.0},{"not_picked":["TheCursedMod:SmokeScreen","TheCursedMod:CircleOfBlood","TheCursedMod:AshesToAshes"],"picked":"SKIP","floor":2.0},{"not_picked":["TheCursedMod:CircleOfFlame","TheCursedMod:SoulReap"],"picked":"TheCursedMod:SpreadPlague","floor":4.0},{"not_picked":["TheCursedMod:SmokeScreen","TheCursedMod:CircleOfAmplification"],"picked":"TheCursedMod:CursedAmulet","floor":5.0},{"not_picked":["TheCursedMod:Obscuration","TheCursedMod:RapidMovement"],"picked":"TheCursedMod:VoidForm","floor":6.0},{"not_picked":["TheCursedMod:CursedAmulet","TheCursedMod:PrepareRite"],"picked":"TheCursedMod:HellsGateOpen","floor":8.0},{"not_picked":["TheCursedMod:VitalStrike","TheCursedMod:RavingStaff","TheCursedMod:SmokeScreen"],"picked":"SKIP","floor":10.0},{"not_picked":["TheCursedMod:TacticalStrike","TheCursedMod:UltimatePain"],"picked":"TheCursedMod:CursedMace","floor":11.0},{"not_picked":["TheCursedMod:SaltUponWound","TheCursedMod:CursedStaff"],"picked":"TheCursedMod:SoulCrush","floor":13.0},{"not_picked":["TheCursedMod:OutForBlood","TheCursedMod:VoidForm"],"picked":"TheCursedMod:StunningStrike","floor":16.0},{"not_picked":["TheCursedMod:CursedShiv","TheCursedMod:SurpriseAttack","TheCursedMod:Wield"],"picked":"SKIP","floor":18.0},{"not_picked":["TheCursedMod:SmokeScreen","TheCursedMod:FuryStrike","TheCursedMod:TroublousMinions"],"picked":"SKIP","floor":19.0},{"not_picked":["TheCursedMod:CursedMace","TheCursedMod:ManaBullet"],"picked":"TheCursedMod:WearCloak","floor":20.0},{"not_picked":["TheCursedMod:Torture+1","TheCursedMod:SoulCrush"],"picked":"TheCursedMod:CircleOfAbyss","floor":22.0},{"not_picked":["TheCursedMod:SoulReap","TheCursedMod:CircleOfBlood+1","TheCursedMod:ManaBullet"],"picked":"SKIP","floor":23.0},{"not_picked":["TheCursedMod:HellfireBreathing","TheCursedMod:CircleOfBlood","TheCursedMod:CircleOfFlame"],"picked":"SKIP","floor":25.0},{"not_picked":["TheCursedMod:SurpriseAttack","TheCursedMod:SoulReap","TheCursedMod:CircleOfWindfury+1"],"picked":"SKIP","floor":28.0},{"not_picked":["TheCursedMod:VitalStrike","TheCursedMod:CircleOfWindfury","TheCursedMod:HellsGateOpen+1"],"picked":"SKIP","floor":31.0},{"not_picked":["TheCursedMod:CircleOfBlood","TheCursedMod:RapidMovement"],"picked":"TheCursedMod:SpitefulStrike+1","floor":35.0},{"not_picked":["TheCursedMod:CircleOfCorruption+1","TheCursedMod:AbyssShockwave"],"picked":"TheCursedMod:SurpriseAttack","floor":39.0},{"not_picked":["TheCursedMod:FleshFromBone+1","TheCursedMod:AshesToAshes+1"],"picked":"TheCursedMod:CursedRelics","floor":44.0},{"not_picked":["TheCursedMod:Torture+1","TheCursedMod:SoulReap","TheCursedMod:FleshFromBone+1"],"picked":"SKIP","floor":46.0},{"not_picked":["Mind Blast","Madness"],"picked":"Master of Strategy","floor":48},{"not_picked":["Trip","Finesse"],"picked":"Thinking Ahead","floor":48}],"player_experience":764576,"relics_obtained":[{"floor":6.0,"key":"Thread and Needle"},{"floor":8.0,"key":"Odd Mushroom"},{"floor":9.0,"key":"Bottled Lightning"},{"floor":11.0,"key":"Happy Flower"},{"floor":13.0,"key":"MawBank"},{"floor":23.0,"key":"Blood Vial"},{"floor":25.0,"key":"Orichalcum"},{"floor":26.0,"key":"Calipers"},{"floor":29.0,"key":"Red Mask"},{"floor":43.0,"key":"Pantograph"}],"event_choices":[{"cards_removed":["TheCursedMod:Defend_TheCursed"],"damage_healed":0.0,"max_hp_gain":0.0,"max_hp_loss":0.0,"gold_gain":0.0,"event_name":"The Cleric","player_choice":"Card Removal","floor":3.0,"gold_loss":50.0,"damage_taken":0.0},{"damage_healed":0.0,"max_hp_gain":0.0,"max_hp_loss":0.0,"gold_gain":0.0,"event_name":"Mushrooms","player_choice":"Fought Mushrooms","floor":8.0,"gold_loss":0.0,"damage_taken":0.0},{"damage_healed":0.0,"max_hp_gain":0.0,"max_hp_loss":0.0,"gold_gain":0.0,"event_name":"Big Fish","player_choice":"Box","floor":14.0,"gold_loss":0.0,"damage_taken":0.0,"relics_obtained":["InkBottle"],"cards_obtained":["Regret"]},{"damage_healed":0.0,"max_hp_gain":0.0,"max_hp_loss":0.0,"gold_gain":0.0,"event_name":"Addict","player_choice":"Obtained Relic","floor":21.0,"gold_loss":85.0,"damage_taken":0.0,"relics_obtained":["Shuriken"]},{"damage_healed":0.0,"max_hp_gain":0.0,"max_hp_loss":0.0,"gold_gain":0.0,"event_name":"Masked Bandits","player_choice":"Fought Bandits","floor":29.0,"gold_loss":0.0,"damage_taken":0.0},{"cards_removed":["TheCursedMod:SpitefulStrike"],"damage_healed":0.0,"max_hp_gain":0.0,"max_hp_loss":0.0,"gold_gain":0.0,"event_name":"Falling","player_choice":"Removed Attack","floor":36.0,"gold_loss":0.0,"damage_taken":0.0},{"damage_healed":0.0,"max_hp_gain":0.0,"max_hp_loss":0.0,"gold_gain":0.0,"event_name":"Match and Keep!","player_choice":"2 cards matched","floor":37.0,"gold_loss":0.0,"damage_taken":0.0,"cards_obtained":["TheCursedMod:CursedRelics","Enlightenment"]},{"damage_healed":0,"gold_gain":0,"player_choice":"Memory 2","damage_taken":5,"max_hp_gain":0,"max_hp_loss":0,"event_name":"SensoryStone","floor":48,"gold_loss":0}],"is_beta":false,"boss_relics":[{"not_picked":["Tiny House","Velvet Choker"],"picked":"Empty Cage"},{"not_picked":["Pandora\u0027s Box","TheCursedMod:OminousMark"],"picked":"Philosopher\u0027s Stone"}],"items_purged_floors":[30],"is_endless":false,"potions_floor_spawned":[2,5,6,8,20,22,23,28,31,35],"ascension_level":12}}