{"host":"ehwj6oc29l3x8nvc","time":1607887151,"event":{"mods":["BaseMod","BetterRewards","Colored Map","Colored Powertips","Minty Spire (QoL Compilation)","StSLib","Transform Curses"],"gold_per_floor":[110,110,110,124,124,157,157,237,306,306,306,341,368,293,293,391,391,391,403,428,340,351,351,351,351,351,2,14,14,39,55,55,155,155,172,222,144,144,144,144,144,144,144,144,144,144,174,188,188,188],"floor_reached":51,"playtime":3109,"items_purged":["Strike_R","Strike_R","Bash"],"score":814,"play_id":"cef06923-7cbb-4c93-92b2-8a69f584e95b","local_time":"20201213121911","daily_mods":["Time Dilation","Flight","Elite Swarm"],"is_ascension_mode":true,"campfire_choices":[{"floor":7,"key":"REST"},{"floor":11,"key":"REST"},{"data":"Barricade","floor":15,"key":"SMITH"},{"data":"1","floor":23,"key":"LIFT"},{"data":"2","floor":24,"key":"LIFT"},{"data":"3","floor":25,"key":"LIFT"},{"data":"Juggernaut","floor":29,"key":"SMITH"},{"data":"Body Slam","floor":32,"key":"SMITH"},{"data":"Metallicize","floor":40,"key":"SMITH"},{"data":"Anger","floor":41,"key":"SMITH"},{"data":"Armaments","floor":42,"key":"SMITH"},{"data":"Defend_R","floor":44,"key":"SMITH"},{"data":"Defend_R","floor":45,"key":"SMITH"},{"data":"Defend_R","floor":46,"key":"SMITH"},{"data":"Juggernaut","floor":49,"key":"SMITH"}],"circlet_count":0,"master_deck":["Strike_R+1","Defend_R+1","Defend_R+1","Defend_R+1","Defend_R+1","Armaments+1","Juggernaut+1","Barricade+1","Feed","Body Slam+1","Anger+1","Metallicize+1","Anger+1","Armaments+1","Madness+1","Madness+1","Juggernaut+1","Armaments+1"],"relics":["Burning Blood","Lizard Tail","Girya","HornCleat","Gremlin Horn","Omamori","Bird Faced Urn","Calling Bell","MawBank","Meat on the Bone","Dead Branch","Toxic Egg 2","Blood Vial","Bottled Flame","Runic Pyramid","Magic Flower","Unceasing Top","Bottled Tornado"],"acts_visited":["Exordium","TheCity","TheBeyond"],"potions_floor_usage":[4,16,18,33,33,36,50],"damage_taken":[{"damage":0,"enemies":"2 Louse","floor":1,"turns":3},{"damage":6,"enemies":"Cultist","floor":4,"turns":3},{"damage":54,"enemies":"Lagavulin","floor":6,"turns":8},{"damage":6,"enemies":"3 Sentries","floor":12,"turns":8},{"damage":0,"enemies":"Lagavulin","floor":13,"turns":9},{"damage":10,"enemies":"The Guardian","floor":16,"turns":15},{"damage":20,"enemies":"2 Thieves","floor":18,"turns":4},{"damage":26,"enemies":"Spheric Guardian","floor":20,"turns":6},{"damage":3,"enemies":"Centurion and Healer","floor":22,"turns":11},{"damage":12,"enemies":"Snecko","floor":28,"turns":6},{"damage":21,"enemies":"Book of Stabbing","floor":30,"turns":5},{"damage":15,"enemies":"Snake Plant","floor":31,"turns":4},{"damage":48,"enemies":"Automaton","floor":33,"turns":8},{"damage":6,"enemies":"3 Darklings","floor":35,"turns":4},{"damage":0,"enemies":"Mind Bloom Boss Battle","floor":36,"turns":4},{"damage":3,"enemies":"Nemesis","floor":47,"turns":3},{"damage":10,"enemies":"Orb Walker","floor":48,"turns":2},{"damage":88,"enemies":"Donu and Deca","floor":50,"turns":9}],"seed_played":"-4302302920883047321","potions_obtained":[{"floor":1,"key":"AttackPotion"},{"floor":12,"key":"BlessingOfTheForge"},{"floor":16,"key":"Energy Potion"},{"floor":22,"key":"SkillPotion"},{"floor":28,"key":"Dexterity Potion"},{"floor":33,"key":"Strength Potion"},{"floor":35,"key":"Explosive Potion"}],"is_trial":true,"path_per_floor":["M","?","$","M","?","E","R","T","T","?","R","E","E","$","R","B",null,"M","?","M","$","M","R","R","R","T","$","M","R","E","M","R","B",null,"M","?","$","?","?","R","R","R","T","R","R","R","E","M","R","B",null],"character_chosen":"IRONCLAD","items_purchased":["Metallicize","Blood Vial","Anger","Armaments+1"],"campfire_rested":2,"item_purchase_floors":[27,27,37,37],"current_hp_per_floor":[80,80,80,80,77,29,53,53,53,37,61,61,67,67,67,71,84,75,75,63,63,70,70,70,70,70,70,72,72,65,64,64,42,91,91,94,94,94,82,82,82,82,82,82,82,82,94,98,98,58],"gold":188,"neow_bonus":"","is_daily":false,"chose_seed":false,"campfire_upgraded":10,"win_rate":0.0,"timestamp":1607887151,"path_taken":["M","?","$","?","?","E","R","?","T","?","R","E","E","$","R","BOSS","M","?","?","$","M","R","R","R","T","?","?","R","E","?","R","BOSS","M","?","$","?","?","R","R","R","T","R","R","R","E","?","R","BOSS"],"items_purchased_type":["Card","Relic","Card","Card"],"build_version":"2020-11-30","purchased_purges":3,"victory":true,"max_hp_per_floor":[80,80,80,80,80,80,80,80,80,80,80,80,80,80,80,84,84,87,87,91,91,91,91,91,91,91,91,91,91,91,91,91,91,91,91,94,94,94,94,94,94,94,94,94,94,94,94,98,98,102],"card_choices":[{"not_picked":["True Grit","Wild Strike","Havoc"],"picked":"SKIP","floor":1},{"not_picked":["Perfected Strike","True Grit"],"picked":"Armaments","floor":4},{"not_picked":["Berserk","Brutality"],"picked":"Juggernaut","floor":6},{"not_picked":["Impervious","Corruption"],"picked":"Barricade","floor":12},{"not_picked":["Demon Form","Offering"],"picked":"Feed","floor":13},{"not_picked":["Dropkick","Perfected Strike","Carnage"],"picked":"SKIP","floor":18},{"not_picked":["Warcry","Clothesline+1"],"picked":"Body Slam","floor":20},{"not_picked":["Flex","Havoc+1"],"picked":"Anger+1","floor":22},{"not_picked":["Fiend Fire","Warcry+1","Fire Breathing+1"],"picked":"SKIP","floor":28},{"not_picked":["Reaper","Berserk","Immolate"],"picked":"SKIP","floor":30},{"not_picked":["Burning Pact+1","Perfected Strike","Reckless Charge+1"],"picked":"SKIP","floor":31},{"not_picked":["Iron Wave","Wild Strike","Hemokinesis"],"picked":"SKIP","floor":35},{"not_picked":["Fiend Fire","Corruption"],"picked":"Juggernaut","floor":47},{"not_picked":["Sword Boomerang+1","Headbutt"],"picked":"Armaments+1","floor":48}],"player_experience":22393,"relics_obtained":[{"floor":6,"key":"Girya"},{"floor":8,"key":"HornCleat"},{"floor":9,"key":"Gremlin Horn"},{"floor":12,"key":"Omamori"},{"floor":13,"key":"Bird Faced Urn"},{"floor":17,"key":"MawBank"},{"floor":17,"key":"Meat on the Bone"},{"floor":17,"key":"Dead Branch"},{"floor":26,"key":"Toxic Egg 2"},{"floor":30,"key":"Bottled Flame"},{"floor":36,"key":"Magic Flower"},{"floor":43,"key":"Unceasing Top"},{"floor":47,"key":"Bottled Tornado"}],"event_choices":[{"cards_removed":["Strike_R"],"damage_healed":0,"gold_gain":0,"player_choice":"Offered Basic","damage_taken":0,"max_hp_gain":0,"max_hp_loss":0,"event_name":"Bonfire Elementals","floor":2,"gold_loss":0},{"damage_healed":0,"gold_gain":0,"player_choice":"Success","damage_taken":3,"relics_obtained":["Lizard Tail"],"max_hp_gain":0,"max_hp_loss":0,"event_name":"Scrap Ooze","floor":5,"gold_loss":0},{"damage_healed":0,"gold_gain":0,"player_choice":"Entered Light","damage_taken":16,"max_hp_gain":0,"max_hp_loss":0,"event_name":"Shining Light","floor":10,"gold_loss":0,"cards_upgraded":["Defend_R","Strike_R"]},{"cards_removed":["Strike_R"],"damage_healed":0,"gold_gain":0,"player_choice":"Purged","damage_taken":0,"max_hp_gain":0,"max_hp_loss":0,"event_name":"Purifier","floor":19,"gold_loss":0},{"damage_healed":0,"gold_gain":0,"player_choice":"Fight","damage_taken":0,"max_hp_gain":0,"max_hp_loss":0,"event_name":"MindBloom","floor":36,"gold_loss":0},{"damage_healed":0,"gold_gain":0,"player_choice":"Memory 1","damage_taken":0,"max_hp_gain":0,"max_hp_loss":0,"event_name":"SensoryStone","floor":38,"gold_loss":0},{"damage_healed":0,"gold_gain":0,"player_choice":"Embrace Madness","damage_taken":12,"max_hp_gain":0,"max_hp_loss":0,"event_name":"Winding Halls","floor":39,"gold_loss":0,"cards_obtained":["Madness","Madness"]}],"is_beta":false,"boss_relics":[{"not_picked":["Sozu","Cursed Key"],"picked":"Calling Bell"},{"not_picked":["Empty Cage","Coffee Dripper"],"picked":"Runic Pyramid"}],"items_purged_floors":[14,21,27],"is_endless":false,"potions_floor_spawned":[1,12,16,22,28,33,35],"ascension_level":1}}