{"host":"wonp23fsqqcu31ie","time":1607846721,"event":{"mods":["2.2 Compatiblity","AchievementEnabler","Aspiration","BaseMod","Better Altar","Better Match","Better Sensory Stone","Better Skull","Better Third Choice","BetterRewards","Block Reminder","Colored Map","Colored Powertips","Conspire","Curses Come First","DeckTracker","Displayed Cursed Tome","Downfall","Hermit","Highlight Path","Hubris","Minty Spire (QoL Compilation)","Permanent Neow","Quick Restart","Rare Cards Sparkle","Relic Stats","Replay The Spire","Shade Mod","Shop Mod","StSLib","SuperFastMode","The Animator","The Cursed","The Gatherer","The Necromancer","The Runesmith","The Servant 0.9.4"],"gold_per_floor":[122,122,147,159,51,51,115,139,188,244,244,259,275,300,300,414,489,505,505,304,354,391,391,445,445,495,525,550,550,567,627,627,732,757,770,820,845,864,898,948,948,948,948,948,960,960,1010,844,844,844,844,844,33,91,91,91],"floor_reached":55,"playtime":1635,"items_purged":[],"score":1122,"play_id":"19b6f42d-3c5f-44a8-9bc1-2b8b45a935eb","local_time":"20201213190521","is_ascension_mode":true,"campfire_choices":[{"data":"animator:Gillette","floor":6,"key":"SMITH"},{"data":"animator:YunYun","floor":6,"key":"SMITH"},{"data":"animator:Tyuule","floor":15,"key":"SMITH"},{"data":"animator:TukaLunaMarceau","floor":15,"key":"SMITH"},{"floor":23,"key":"RECALL"},{"floor":25,"key":"REST"},{"floor":29,"key":"REST"},{"floor":32,"key":"REST"},{"data":"animator:SayakaMiki","floor":42,"key":"SMITH"},{"data":"animator:Megumin+4","floor":42,"key":"SMITH"},{"data":"animator:Strike_GATE","floor":44,"key":"SMITH"},{"data":"animator:Defend_GATE","floor":44,"key":"SMITH"}],"circlet_count":0,"master_deck":["animator:Strike_GATE+1","animator:Defend_GATE+1","animator:Strike","animator:Strike","animator:Strike","animator:Defend","animator:Defend+1","animator:Defend","animator:Gilgamesh+19","animator:YunYun+1","animator:Gillette+1","animator:SayakaMiki+1","animator:YaoHaDucy+1","animator:AcuraTooru+1","animator:Lancer+1","animator:Tyuule+1","animator:RoryMercury+1","animator:ChaikaTrabant+1","animator:IrohaTamaki+1","animator:Bozes+1","animator:Megumin+7","animator:Viivi+1","animator:Guy+1","animator:Shichika+1","Reaper+1","animator:Emonzaemon+1","animator:Kuribayashi+1","animator:Layla+1","animator:AcuraShin+1","hubris:DuctTapeCard","animator:KyokoSakura+1"],"relics":["animator:LivingPicture","animator:TheMissingPiece","MerchantsRug","TungstenRod","ReplayTheSpireMod:TigerMarble","Replay:Arrowhead","hubris:BundleOfHerbs","Omamori","hubris:TenFootPole","hubris:Metronome","Toy Ornithopter","hubris:TinFlute","Replay:Baseball","Blood Vial","aspiration:ServantSkillbook","Ring of Hypnosis","ReplayTheSpireMod:Ring of Exchange","hubris:Towel","Chameleon Ring","Brimstone","conspire:SlowCooker","hubris:DuctTape"],"acts_visited":["Exordium","TheCity","TheBeyond","TheEnding"],"potions_floor_usage":[13,16,16,16,33,33,33,35,39,45,47,49,50,50,55,55],"damage_taken":[{"damage":0,"enemies":"2 Louse","floor":1,"turns":2},{"damage":0,"enemies":"Small Slimes","floor":4,"turns":2},{"damage":5,"enemies":"Gremlin Nob","floor":7,"turns":3},{"damage":0,"enemies":"Cultist","floor":8,"turns":3},{"damage":0,"enemies":"3 Sentries","floor":10,"turns":5},{"damage":0,"enemies":"2 Fungi Beasts","floor":12,"turns":2},{"damage":9,"enemies":"Gremlin Gang","floor":13,"turns":4},{"damage":0,"enemies":"Blue Slaver","floor":14,"turns":2},{"damage":12,"enemies":"Hexaghost","floor":16,"turns":4},{"damage":0,"enemies":"3 Byrds","floor":18,"turns":3},{"damage":0,"enemies":"conspire:FuzzyDice","floor":22,"turns":3},{"damage":40,"enemies":"Slavers","floor":24,"turns":5},{"damage":0,"enemies":"3 Cultists","floor":27,"turns":3},{"damage":3,"enemies":"Chosen and Byrds","floor":30,"turns":3},{"damage":18,"enemies":"Gremlin Leader","floor":31,"turns":4},{"damage":24,"enemies":"Automaton","floor":33,"turns":6},{"damage":0,"enemies":"3 Shapes","floor":35,"turns":3},{"damage":8,"enemies":"Orb Walker","floor":38,"turns":2},{"damage":18,"enemies":"3 Darklings","floor":39,"turns":4},{"damage":3,"enemies":"R_Hoarder","floor":40,"turns":4},{"damage":4,"enemies":"Maw","floor":45,"turns":6},{"damage":0,"enemies":"Reptomancer","floor":47,"turns":4},{"damage":63,"enemies":"Awakened One","floor":50,"turns":7},{"damage":97,"enemies":"Shield and Spear","floor":54,"turns":4},{"damage":32,"enemies":"The Heart","floor":55,"turns":3}],"seed_played":"1152805073010863453","potions_obtained":[{"floor":1,"key":"BlessingOfTheForge"},{"floor":10,"key":"sneckomod:MuddlingPotion"},{"floor":11,"key":"Regen Potion"},{"floor":11,"key":"Languid Potion"},{"floor":12,"key":"Weak Potion"},{"floor":13,"key":"DistilledChaos"},{"floor":16,"key":"BlessingOfTheForge"},{"floor":17,"key":"Doom Potion"},{"floor":21,"key":"Death Potion"},{"floor":21,"key":"Dexterity Potion"},{"floor":33,"key":"Fire Potion"},{"floor":35,"key":"AttackPotion"},{"floor":39,"key":"SkillPotion"},{"floor":40,"key":"Explosive Potion"},{"floor":47,"key":"Fire Potion"},{"floor":49,"key":"LiquidMemories"},{"floor":49,"key":"Fruit Juice"},{"floor":52,"key":"Elixir"},{"floor":52,"key":"LiquidBronze"}],"is_trial":false,"path_per_floor":["M","?","?","M","$","R","E","M","T","E","?","M","M","M","R","B",null,"M","?","$","?","M","R","E","R","T","M","$","R","M","E","R","B",null,"M","?","?","M","M","E","?","R","T","R","M","?","E","$","R","B",null,"R","$","E","B"],"character_chosen":"THE_ANIMATOR","items_purchased":["MerchantsRug","animator:Gilgamesh","ReplayTheSpireMod:TigerMarble","animator:YunYun","Omamori","animator:Megumin+1","Toy Ornithopter","Singing Bowl","aspiration:Nostalgia","Replay:Wax Seal","Brimstone","animator:AcuraShin+1","conspire:SlowCooker"],"campfire_rested":3,"item_purchase_floors":[0,0,0,0,5,20,20,28,28,48,48,48,53],"current_hp_per_floor":[23,45,45,48,48,48,43,43,43,44,44,44,48,48,48,36,74,75,75,75,62,62,62,22,44,44,44,19,41,51,35,59,80,80,80,80,80,74,66,67,67,67,67,67,72,72,81,81,93,55,95,95,95,15,0,0],"gold":91,"neow_bonus":"","is_daily":false,"chose_seed":false,"campfire_upgraded":8,"win_rate":0.0,"timestamp":1607846721,"path_taken":["M","?","?","?","$","R","E","M","T","E","?","?","M","M","R","BOSS","M","?","$","?","?","R","E","R","T","?","?","R","M","E","R","BOSS","M","?","?","M","M","E","?","R","T","R","?","?","E","$","R","BOSS","R","$","E","BOSS"],"items_purchased_type":["Relic","Card","Relic","Card","Relic","Card","Relic","Relic","Relic","Relic","Relic","Card","Relic"],"build_version":"2020-11-30","purchased_purges":0,"victory":false,"max_hp_per_floor":[66,66,66,66,66,66,66,66,66,67,67,67,68,68,68,68,74,75,75,75,76,76,76,76,76,76,76,76,76,78,80,80,80,80,80,80,80,82,82,84,84,84,84,84,86,86,88,88,95,95,95,95,95,96,96,96],"relic_stats":{"Blood Vial":14,"counters":[131,696],"obtain_stats":[{"construct:FoamFinger":9,"aspiration:PoetsPen_weak":34,"Whetstone":48,"Boot":10,"Sling":12,"aspiration:RitualStick":19,"Blood Vial":3,"Fusion Hammer":34,"HandDrill":4,"Replay:Wax Seal":0,"hubris:TinFlute":24,"MerchantsRug":0,"Eternal Feather":6,"aspiration:IroncladSkillbook":0,"animator:HolyGrailRelic":34,"MutagenicStrength":21,"aspiration:ServantSkillbook":34,"hubris:TenFootPole":9,"animator:HeavyHalberd":9,"aspiration:Lifesprig":53,"Regal Pillow":25,"Lantern":53,"hubris:Metronome":10,"Torii":42,"Singing Bowl":3,"animator:TheMissingPiece":0,"Blue Doll":6,"Bag of Preparation":26,"Pet Ghost":40,"Replay:Rubber Ducky":12,"hubris:Backtick":17,"Matryoshka":39,"Ring of Peace":2,"Chemical X":37,"Ring of the Snake":0,"Potion Belt":46,"Lee\u0027s Waffle":20,"construct:WeddingRing":34,"Golden Idol":2,"Omamori":40,"Frozen Egg 2":23,"hubris:Towel":37,"Replay:Arrowhead":0,"Busted Crown":34,"Ornamental Fan":46,"animator:LivingPicture":0,"Garlic":8,"Toy Ornithopter":20,"hubris:BottledRain":43,"Ice Cream":17,"Tiny House":17,"Nilry\u0027s Codex":21,"CeramicFish":23,"Uniform":0,"aspiration:Stabinomicon":31,"aspiration:MobileForge":17,"DollysMirror":0,"Strawberry":40,"Toxic Egg 2":46,"Happy Flower":54,"Ring of Hypnosis":36,"hubris:DuctTape":54,"aspiration:Nostalgia":0,"Replay:Grab Bag":34,"Oddly Smooth Stone":42,"Ring of Chaos":34,"conspire:SlowCooker":53,"aspiration:SeaSaltIceCream":0,"War Paint":8,"hubris:Zylophone":0,"Replay:Baseball":26,"ReplayTheSpireMod:Shallot":9,"Brimstone":48,"Bronze Scales":48,"Simple Rune":26,"Molten Egg 2":7,"Black Star":17,"ReplayTheSpireMod:TigerMarble":13,"Darkstone Periapt":10,"ReplayTheSpireMod:Ring of Exchange":2,"Shade:YorickSkull":0,"Mango":42,"Juzu Bracelet":43,"Incense Burner":23,"Replay:Mystery Machine":54,"PrismaticShard":27,"Dream Catcher":43,"Chameleon Ring":40,"Red Skull":21,"Gremlin Food":38,"animator:Buoy":40,"ReplayTheSpireMod:Ninjato":43,"Orichalcum":14,"Medical Kit":0,"Peace Pipe":0,"Pondfish Scales":22,"Runesmith:UraniumAnvil":17,"hubris:BundleOfHerbs":36,"Bag of Marbles":37,"TungstenRod":0,"ReplayTheSpireMod:ShopPack":36,"m_BurningSludge":28},{"construct:FoamFinger":6,"aspiration:PoetsPen_weak":44,"Whetstone":27,"Boot":32,"Sling":32,"aspiration:RitualStick":68,"Blood Vial":1,"Fusion Hammer":44,"HandDrill":57,"Replay:Wax Seal":56,"hubris:TinFlute":118,"MerchantsRug":28,"Eternal Feather":4,"aspiration:IroncladSkillbook":28,"animator:HolyGrailRelic":73,"MutagenicStrength":37,"aspiration:ServantSkillbook":122,"hubris:TenFootPole":110,"animator:HeavyHalberd":83,"aspiration:Lifesprig":54,"Regal Pillow":92,"Lantern":104,"hubris:Metronome":111,"Torii":24,"Singing Bowl":79,"animator:TheMissingPiece":56,"Blue Doll":59,"Bag of Preparation":13,"Pet Ghost":98,"Replay:Rubber Ducky":85,"hubris:Backtick":67,"Matryoshka":97,"Ring of Peace":79,"Chemical X":20,"Ring of the Snake":56,"Potion Belt":25,"Lee\u0027s Waffle":10,"construct:WeddingRing":18,"Golden Idol":57,"Omamori":22,"Frozen Egg 2":12,"hubris:Towel":123,"Replay:Arrowhead":106,"Busted Crown":44,"Ornamental Fan":25,"animator:LivingPicture":56,"Garlic":31,"Toy Ornithopter":116,"hubris:BottledRain":49,"Ice Cream":67,"Tiny House":115,"Nilry\u0027s Codex":10,"CeramicFish":12,"Uniform":28,"aspiration:Stabinomicon":72,"aspiration:MobileForge":34,"DollysMirror":78,"Strawberry":22,"Toxic Egg 2":51,"Happy Flower":105,"Ring of Hypnosis":123,"hubris:DuctTape":130,"aspiration:Nostalgia":28,"Replay:Grab Bag":44,"Oddly Smooth Stone":77,"Ring of Chaos":44,"conspire:SlowCooker":129,"aspiration:SeaSaltIceCream":28,"War Paint":83,"hubris:Zylophone":56,"Replay:Baseball":118,"ReplayTheSpireMod:Shallot":64,"Brimstone":128,"Bronze Scales":27,"Simple Rune":39,"Molten Egg 2":109,"Black Star":9,"ReplayTheSpireMod:TigerMarble":86,"Darkstone Periapt":65,"ReplayTheSpireMod:Ring of Exchange":79,"Shade:YorickSkull":0,"Mango":99,"Juzu Bracelet":24,"Incense Burner":91,"Replay:Mystery Machine":55,"PrismaticShard":39,"Dream Catcher":99,"Chameleon Ring":126,"Red Skull":90,"Gremlin Food":47,"animator:Buoy":77,"ReplayTheSpireMod:Ninjato":99,"Orichalcum":33,"Medical Kit":56,"Peace Pipe":78,"Pondfish Scales":90,"Runesmith:UraniumAnvil":88,"hubris:BundleOfHerbs":74,"Bag of Marbles":20,"TungstenRod":28,"ReplayTheSpireMod:ShopPack":74,"m_BurningSludge":119},{"construct:FoamFinger":22,"aspiration:PoetsPen_weak":234,"Whetstone":127,"Boot":156,"Sling":156,"aspiration:RitualStick":361,"Blood Vial":3,"Fusion Hammer":234,"HandDrill":302,"Replay:Wax Seal":298,"hubris:TinFlute":644,"MerchantsRug":140,"Eternal Feather":16,"aspiration:IroncladSkillbook":140,"animator:HolyGrailRelic":398,"MutagenicStrength":192,"aspiration:ServantSkillbook":660,"hubris:TenFootPole":616,"animator:HeavyHalberd":453,"aspiration:Lifesprig":287,"Regal Pillow":506,"Lantern":593,"hubris:Metronome":621,"Torii":107,"Singing Bowl":432,"animator:TheMissingPiece":298,"Blue Doll":310,"Bag of Preparation":53,"Pet Ghost":548,"Replay:Rubber Ducky":464,"hubris:Backtick":354,"Matryoshka":539,"Ring of Peace":432,"Chemical X":91,"Ring of the Snake":298,"Potion Belt":115,"Lee\u0027s Waffle":38,"construct:WeddingRing":85,"Golden Idol":302,"Omamori":99,"Frozen Egg 2":50,"hubris:Towel":663,"Replay:Arrowhead":606,"Busted Crown":234,"Ornamental Fan":115,"animator:LivingPicture":298,"Garlic":151,"Toy Ornithopter":636,"hubris:BottledRain":256,"Ice Cream":354,"Tiny House":633,"Nilry\u0027s Codex":38,"CeramicFish":50,"Uniform":140,"aspiration:Stabinomicon":386,"aspiration:MobileForge":173,"DollysMirror":428,"Strawberry":99,"Toxic Egg 2":263,"Happy Flower":600,"Ring of Hypnosis":663,"hubris:DuctTape":693,"aspiration:Nostalgia":140,"Replay:Grab Bag":234,"Oddly Smooth Stone":423,"Ring of Chaos":234,"conspire:SlowCooker":689,"aspiration:SeaSaltIceCream":140,"War Paint":453,"hubris:Zylophone":298,"Replay:Baseball":644,"ReplayTheSpireMod:Shallot":330,"Brimstone":683,"Bronze Scales":127,"Simple Rune":203,"Molten Egg 2":613,"Black Star":35,"ReplayTheSpireMod:TigerMarble":470,"Darkstone Periapt":338,"ReplayTheSpireMod:Ring of Exchange":432,"Shade:YorickSkull":0,"Mango":558,"Juzu Bracelet":107,"Incense Burner":499,"Replay:Mystery Machine":295,"PrismaticShard":203,"Dream Catcher":558,"Chameleon Ring":673,"Red Skull":492,"Gremlin Food":246,"animator:Buoy":423,"ReplayTheSpireMod:Ninjato":558,"Orichalcum":161,"Medical Kit":298,"Peace Pipe":428,"Pondfish Scales":492,"Runesmith:UraniumAnvil":483,"hubris:BundleOfHerbs":405,"Bag of Marbles":91,"TungstenRod":140,"ReplayTheSpireMod:ShopPack":405,"m_BurningSludge":647}],"TungstenRod":73,"Toy Ornithopter":54},"card_choices":[{"not_picked":["animator:ZankiKiguchi","animator:SakuraMatou"],"picked":"animator:Gillette","floor":1},{"not_picked":["animator:Mitsurugi","animator:Vanir","animator:Rider"],"picked":"SKIP","floor":4},{"not_picked":["animator:HomuraAkemi","animator:EmiyaShirou"],"picked":"animator:SayakaMiki","floor":7},{"not_picked":["animator:Kuribayashi+1","animator:Tyuule"],"picked":"animator:YaoHaDucy+1","floor":8},{"not_picked":["animator:Guy","animator:Biyorigo"],"picked":"animator:AcuraTooru+1","floor":10},{"not_picked":["animator:Guy","animator:Hitei"],"picked":"animator:Lancer+1","floor":12},{"not_picked":["animator:Hitei","animator:Verdia"],"picked":"animator:Tyuule","floor":13},{"not_picked":["animator:Tyuule","animator:LeleiLaLalena"],"picked":"animator:RoryMercury+1","floor":14},{"not_picked":["animator:HigakiRinne","animator:AcuraShin+1"],"picked":"animator:ChaikaTrabant+1","floor":16},{"not_picked":["animator:EmiyaShirou","animator:Emonzaemon+1"],"picked":"animator:IrohaTamaki+1","floor":17},{"not_picked":["animator:Darkness","animator:Guy+1"],"picked":"animator:Bozes+1","floor":18},{"not_picked":["animator:TukaLunaMarceau","animator:UneriGinkaku+1"],"picked":"animator:Viivi+1","floor":21},{"not_picked":["animator:AcuraTooru+1","animator:Verdia"],"picked":"animator:Guy+1","floor":22},{"not_picked":["animator:Archer","animator:TukaLunaMarceau"],"picked":"animator:Shichika+1","floor":24},{"not_picked":["animator:HomuraAkemi","animator:SuzuneAmano+1"],"picked":"animator:YuiTsuruno+1","floor":27},{"not_picked":["animator:Darkness","animator:Mitsurugi+1","animator:ShinjiMatou+1"],"picked":"Singing Bowl","floor":30},{"not_picked":["animator:MumenRider+1","animator:ChaikaTrabant+1","animator:IrohaTamaki+1"],"picked":"Singing Bowl","floor":31},{"not_picked":["animator:Biyorigo","animator:Wiz"],"picked":"Reaper+1","floor":33},{"not_picked":["animator:Aqua+1","TimeWarp+1","Read+1"],"picked":"animator:Emonzaemon+1","floor":35},{"not_picked":["animator:Viivi+1","animator:Verdia","Moonlight+1","animator:Archer"],"picked":"Singing Bowl","floor":38},{"not_picked":["DancingSilver+1","animator:MamiTomoe+1","Barrier+1"],"picked":"animator:Kuribayashi+1","floor":39},{"not_picked":["animator:Berserker+1","animator:Nanami+1","animator:Emonzaemon+1"],"picked":"animator:Layla+1","floor":40},{"not_picked":["animator:AcuraTooru+1","animator:ZankiKiguchi+1","animator:Tyuule+1","animator:Mitsurugi+1"],"picked":"Singing Bowl","floor":45},{"not_picked":["animator:Konayuki+1","animator:Shichika","animator:RinTohsaka+1","InstantArmor"],"picked":"Singing Bowl","floor":47},{"not_picked":["animator:Kazuma+1","Duplication","Alleviate+1"],"picked":"animator:KyokoSakura+1","floor":54}],"player_experience":601411,"relics_obtained":[{"floor":7,"key":"Molten Egg 2"},{"floor":9,"key":"hubris:TenFootPole"},{"floor":10,"key":"hubris:Metronome"},{"floor":24,"key":"hubris:TinFlute"},{"floor":26,"key":"Replay:Baseball"},{"floor":31,"key":"Blood Vial"},{"floor":36,"key":"Ring of Hypnosis"},{"floor":36,"key":"ReplayTheSpireMod:Ring of Exchange"},{"floor":40,"key":"Chameleon Ring"},{"floor":47,"key":"Replay:Mystery Machine"},{"floor":54,"key":"hubris:DuctTape"}],"event_choices":[{"damage_healed":22,"gold_gain":0,"player_choice":"Banana","damage_taken":0,"max_hp_gain":0,"max_hp_loss":0,"event_name":"Big Fish","floor":2,"gold_loss":0},{"cards_removed":["animator:Kuribayashi"],"damage_healed":0,"gold_gain":0,"player_choice":"Gave Card","damage_taken":0,"relics_obtained":["hubris:BundleOfHerbs"],"max_hp_gain":0,"max_hp_loss":0,"event_name":"WeMeetAgain","floor":3,"gold_loss":0},{"damage_healed":0,"gold_gain":0,"player_choice":"Got Potions","damage_taken":0,"max_hp_gain":0,"max_hp_loss":0,"event_name":"Lab","floor":11,"gold_loss":0},{"damage_healed":0,"gold_gain":0,"player_choice":"Ignored","damage_taken":0,"max_hp_gain":0,"max_hp_loss":0,"event_name":"NoteForYourself","floor":41,"gold_loss":0},{"damage_healed":0,"gold_gain":0,"player_choice":"Upgraded","damage_taken":0,"max_hp_gain":0,"max_hp_loss":0,"event_name":"Upgrade Shrine","floor":46,"gold_loss":0,"cards_upgraded":["animator:Megumin"]}],"is_beta":false,"boss_relics":[{"not_picked":["Kintsugi","Abe\u0027s Treasure"],"picked":"Tiny House"},{"not_picked":["Replay:Wanted Poster","aspiration:PoetsPen_weak"],"picked":"aspiration:ServantSkillbook"}],"items_purged_floors":[],"is_endless":false,"potions_floor_spawned":[1,10,12,13,16,22,27,33,35,39,40,47],"killed_by":"The Heart","ascension_level":1}}