{"host":"pvf7uj918he10jir","time":1607836020,"event":{"mods":["AchievementEnabler","BaseMod","Colored Map","Colored Powertips","Highlight Path","Minty Spire (QoL Compilation)","Relic Stats","Slay the Relics Exporter","everything is the same but u backflip on backflip"],"gold_per_floor":[117,117,77,94,108,140,140,173,173,173,173,173,173,192,192,293,293,303,315,315,315,23,23,56,56,56,76,76,76,89,89,89,89,89],"floor_reached":33,"playtime":1360,"items_purged":[],"score":360,"play_id":"dee2c064-d847-4b8e-a887-64e96fb9dad4","local_time":"20201213000700","is_ascension_mode":true,"campfire_choices":[{"data":"Bash","floor":7,"key":"SMITH"},{"floor":11,"key":"DIG"},{"floor":13,"key":"DIG"},{"floor":15,"key":"REST"},{"floor":23,"key":"DIG"},{"floor":25,"key":"REST"},{"floor":32,"key":"DIG"}],"circlet_count":0,"master_deck":["Strike_R","Strike_R","Strike_R","Strike_R","Defend_R","Defend_R+1","Defend_R","Defend_R+1","Bash+1","Cleave","Iron Wave","Body Slam","Demon Form","Body Slam","Flame Barrier","Juggernaut","Whirlwind","Shrug It Off+1"],"relics":["Burning Blood","Pen Nib","Potion Belt","Matryoshka","Meat on the Bone","Bottled Flame","Shovel","Incense Burner","Tiny Chest","Mummified Hand","Girya","SacredBark","Red Skull","Shuriken","Bag of Marbles","War Paint","Frozen Egg 2","Toxic Egg 2","Mango"],"acts_visited":["Exordium","TheCity"],"potions_floor_usage":[16,18,18,24,24,24,24,31],"damage_taken":[{"damage":6,"enemies":"Cultist","floor":1,"turns":4},{"damage":7,"enemies":"Jaw Worm","floor":4,"turns":2},{"damage":0,"enemies":"2 Louse","floor":5,"turns":2},{"damage":35,"enemies":"3 Sentries","floor":6,"turns":9},{"damage":25,"enemies":"Lagavulin","floor":8,"turns":7},{"damage":18,"enemies":"2 Fungi Beasts","floor":14,"turns":3},{"damage":49,"enemies":"The Guardian","floor":16,"turns":9},{"damage":1,"enemies":"3 Byrds","floor":18,"turns":3},{"damage":12,"enemies":"Chosen","floor":19,"turns":3},{"damage":50,"enemies":"Book of Stabbing","floor":24,"turns":5},{"damage":27,"enemies":"Shelled Parasite and Fungi","floor":27,"turns":7},{"damage":27,"enemies":"Snake Plant","floor":30,"turns":5},{"damage":6,"enemies":"Slavers","floor":31,"turns":3},{"damage":68,"enemies":"Collector","floor":33,"turns":8}],"seed_played":"4555270962339507402","potions_obtained":[{"floor":3,"key":"BlessingOfTheForge"},{"floor":3,"key":"SneckoOil"},{"floor":3,"key":"ColorlessPotion"},{"floor":4,"key":"Energy Potion"},{"floor":8,"key":"DistilledChaos"},{"floor":27,"key":"SmokeBomb"}],"is_trial":false,"path_per_floor":["M","?","?","M","M","E","R","E","T","?","R","T","R","M","R","B",null,"M","M","?","?","$","R","E","R","T","M","?","T","M","E","R","B"],"character_chosen":"IRONCLAD","items_purchased":["Red Skull","PowerPotion","Block Potion","Energy Potion"],"campfire_rested":2,"item_purchase_floors":[22,22,22,22],"current_hp_per_floor":[80,73,73,72,78,49,49,30,30,30,30,30,30,30,54,23,80,80,74,59,59,59,59,27,52,52,43,43,43,34,46,60,0,0],"gold":89,"neow_bonus":"RANDOM_COMMON_RELIC","is_daily":false,"chose_seed":false,"campfire_upgraded":1,"win_rate":0.0,"timestamp":1607836020,"path_taken":["M","?","?","M","?","E","R","E","T","?","R","?","R","M","R","BOSS","M","M","?","?","$","R","E","R","T","M","?","?","?","E","R","BOSS"],"items_purchased_type":["Relic","Potion","Potion","Potion"],"build_version":"2020-11-30","purchased_purges":0,"victory":false,"max_hp_per_floor":[80,80,80,80,80,80,80,80,80,80,80,80,80,80,80,80,80,80,80,85,85,85,85,85,85,85,85,85,85,85,85,99,99,99],"relic_stats":{"Shovel":4,"counters":[14,70],"Mummified Hand":[15],"Shuriken":[4],"Tiny Chest":1,"Pen Nib":[11],"War Paint":["Defend_R","Defend_R"],"obtain_stats":[{"Potion Belt":6,"Girya":13,"SacredBark":17,"Mango":32,"Pen Nib":0,"Incense Burner":11,"War Paint":26,"Frozen Egg 2":28,"Burning Blood":0,"Bottled Flame":9,"Matryoshka":8,"Shovel":10,"Mummified Hand":12,"Shuriken":23,"Tiny Chest":12,"Bag of Marbles":24,"Toxic Egg 2":29,"Red Skull":22,"Meat on the Bone":9},{"Potion Belt":4,"Girya":5,"SacredBark":7,"Mango":13,"Pen Nib":0,"Incense Burner":5,"War Paint":10,"Frozen Egg 2":11,"Burning Blood":0,"Bottled Flame":5,"Matryoshka":5,"Shovel":5,"Mummified Hand":5,"Shuriken":9,"Tiny Chest":5,"Bag of Marbles":10,"Toxic Egg 2":11,"Red Skull":9,"Meat on the Bone":5},{"Potion Belt":17,"Girya":24,"SacredBark":36,"Mango":62,"Pen Nib":0,"Incense Burner":24,"War Paint":47,"Frozen Egg 2":54,"Burning Blood":0,"Bottled Flame":24,"Matryoshka":24,"Shovel":24,"Mummified Hand":24,"Shuriken":42,"Tiny Chest":24,"Bag of Marbles":47,"Toxic Egg 2":54,"Red Skull":42,"Meat on the Bone":24}],"Burning Blood":73,"Meat on the Bone":72},"card_choices":[{"not_picked":["Shrug It Off","Fire Breathing"],"picked":"Cleave","floor":1},{"not_picked":["Headbutt","Evolve"],"picked":"Iron Wave","floor":4},{"not_picked":["Disarm","Searing Blow"],"picked":"Body Slam","floor":5},{"not_picked":["Perfected Strike","Cleave"],"picked":"Demon Form","floor":6},{"not_picked":["Clash","Clothesline"],"picked":"Body Slam","floor":8},{"not_picked":["Shrug It Off","Fire Breathing"],"picked":"Flame Barrier","floor":14},{"not_picked":["Reaper","Corruption"],"picked":"Juggernaut","floor":16},{"not_picked":["Rampage+1","Armaments"],"picked":"Whirlwind","floor":18},{"not_picked":["Sentinel","Rupture","Headbutt+1"],"picked":"SKIP","floor":19},{"not_picked":["True Grit","Flex","Thunderclap+1"],"picked":"SKIP","floor":24},{"not_picked":["Searing Blow","Infernal Blade","Blood for Blood"],"picked":"SKIP","floor":27},{"not_picked":["Warcry+1","Iron Wave"],"picked":"Shrug It Off+1","floor":30}],"player_experience":94199,"relics_obtained":[{"floor":6,"key":"Potion Belt"},{"floor":8,"key":"Matryoshka"},{"floor":9,"key":"Meat on the Bone"},{"floor":9,"key":"Bottled Flame"},{"floor":11,"key":"Incense Burner"},{"floor":12,"key":"Tiny Chest"},{"floor":12,"key":"Mummified Hand"},{"floor":13,"key":"Girya"},{"floor":23,"key":"Shuriken"},{"floor":24,"key":"Bag of Marbles"},{"floor":26,"key":"War Paint"},{"floor":29,"key":"Toxic Egg 2"},{"floor":32,"key":"Mango"}],"event_choices":[{"cards_removed":["Strike_R"],"damage_healed":0,"gold_gain":0,"player_choice":"Card Removal","damage_taken":7,"max_hp_gain":0,"max_hp_loss":0,"event_name":"Golden Wing","floor":2,"gold_loss":0},{"damage_healed":0,"gold_gain":0,"player_choice":"Bought 3 Potions","damage_taken":0,"max_hp_gain":0,"max_hp_loss":0,"event_name":"The Woman in Blue","floor":3,"gold_loss":0},{"damage_healed":0,"gold_gain":0,"player_choice":"Box","damage_taken":0,"relics_obtained":["Shovel"],"max_hp_gain":0,"max_hp_loss":0,"event_name":"Big Fish","floor":10,"gold_loss":0,"cards_obtained":["Regret"]},{"damage_healed":0,"gold_gain":0,"player_choice":"Shed Blood","damage_taken":20,"max_hp_gain":5,"max_hp_loss":0,"event_name":"Forgotten Altar","floor":20,"gold_loss":0},{"cards_removed":["Regret"],"damage_healed":0,"gold_gain":0,"player_choice":"Elegance","damage_taken":0,"max_hp_gain":0,"max_hp_loss":0,"event_name":"Back to Basics","floor":21,"gold_loss":0},{"damage_healed":0,"gold_gain":0,"player_choice":"Opened","damage_taken":0,"relics_obtained":["Frozen Egg 2"],"max_hp_gain":0,"max_hp_loss":0,"event_name":"The Mausoleum","floor":28,"gold_loss":0}],"is_beta":false,"boss_relics":[{"not_picked":["Sozu","Snecko Eye"],"picked":"SacredBark"}],"items_purged_floors":[],"is_endless":false,"potions_floor_spawned":[4,8,27,31],"killed_by":"Collector","ascension_level":3}}