{"host":"1tl36azeqm6yhdgj","time":1607860624,"event":{"mods":["AchievementEnabler","BaseMod","Minty Spire (QoL Compilation)","StSLib","The IronCluck","everything is the same but u backflip on backflip"],"gold_per_floor":[13,13,23,37,37,65,65,81,81,81,91,122,138,53,53,149,149,167,82,102,102,116,116,126,51,51,1,25,54,54,6,6,107,107,127,143,143,153,63,63,79,79,104,122,122,92,102,113,113,113,113],"floor_reached":50,"playtime":2477,"items_purged":["Pain"],"score":785,"play_id":"2648c3e2-0ad6-4d08-b793-16e3809ed66b","local_time":"20201213065704","is_ascension_mode":true,"campfire_choices":[{"floor":7.0,"key":"REST"},{"floor":10.0,"key":"RECALL"},{"data":"Fire Breathing","floor":15.0,"key":"SMITH"},{"floor":23.0,"key":"REST"},{"floor":30.0,"key":"REST"},{"data":"Sadistic Nature","floor":32.0,"key":"SMITH"},{"floor":40.0,"key":"REST"},{"floor":42.0,"key":"REST"},{"data":"Barricade","floor":45.0,"key":"SMITH"},{"data":"Exhume","floor":49,"key":"SMITH"}],"circlet_count":0,"master_deck":["AscendersBane","Strike_R","Strike_R+1","Defend_R","Defend_R","Defend_R","Defend_R","Bash","Sadistic Nature+1","Rage","Anger","Intimidate","Spot Weakness","Dropkick","Warcry","Fire Breathing+1","Reckless Charge","Clash","Trip","Feed","Thunderclap","Dropkick","Entrench+1","Barricade+1","Havoc+1","Armaments+1","Exhume+1","Flex","Headbutt+1"],"relics":["Burning Blood","Regal Pillow","MealTicket","Bottled Tornado","Runic Pyramid","Pantograph","WarpedTongs","StoneCalendar","Omamori","Unceasing Top","SacredBark"],"acts_visited":["Exordium","TheCity","TheBeyond"],"potions_floor_usage":[48],"damage_taken":[{"damage":10.0,"enemies":"Small Slimes","floor":1.0,"turns":3.0},{"damage":2.0,"enemies":"Cultist","floor":3.0,"turns":4.0},{"damage":7.0,"enemies":"2 Louse","floor":4.0,"turns":2.0},{"damage":53.0,"enemies":"Lagavulin","floor":6.0,"turns":8.0},{"damage":4.0,"enemies":"Exordium Thugs","floor":8.0,"turns":5.0},{"damage":10.0,"enemies":"Exordium Wildlife","floor":11.0,"turns":5.0},{"damage":22.0,"enemies":"3 Sentries","floor":12.0,"turns":6.0},{"damage":8.0,"enemies":"Blue Slaver","floor":13.0,"turns":4.0},{"damage":16.0,"enemies":"Slime Boss","floor":16.0,"turns":7.0},{"damage":30.0,"enemies":"3 Byrds","floor":18.0,"turns":6.0},{"damage":33.0,"enemies":"Shell Parasite","floor":20.0,"turns":4.0},{"damage":34.0,"enemies":"Chosen and Byrds","floor":22.0,"turns":4.0},{"damage":21.0,"enemies":"Centurion and Healer","floor":24.0,"turns":5.0},{"damage":40.0,"enemies":"Slavers","floor":29.0,"turns":5.0},{"damage":82.0,"enemies":"Champ","floor":33.0,"turns":10.0},{"damage":27.0,"enemies":"3 Darklings","floor":35.0,"turns":5.0},{"damage":6.0,"enemies":"Orb Walker","floor":36.0,"turns":3.0},{"damage":58.0,"enemies":"Sphere and 2 Shapes","floor":38.0,"turns":7.0},{"damage":27.0,"enemies":"Jaw Worm Horde","floor":41.0,"turns":5.0},{"damage":9.0,"enemies":"Transient","floor":44.0,"turns":5.0},{"damage":92.0,"enemies":"Sphere and 2 Shapes","floor":47.0,"turns":7.0},{"damage":21,"enemies":"Writhing Mass","floor":48,"turns":7},{"damage":75,"enemies":"Awakened One","floor":50,"turns":4}],"seed_played":"1069540257030131881","potions_obtained":[{"floor":4.0,"key":"Explosive Potion"},{"floor":6.0,"key":"Regen Potion"},{"floor":8.0,"key":"FearPotion"},{"floor":13.0,"key":"SkillPotion"},{"floor":16.0,"key":"DistilledChaos"},{"floor":20.0,"key":"Block Potion"},{"floor":22.0,"key":"DuplicationPotion"},{"floor":35.0,"key":"ElixirPotion"},{"floor":36.0,"key":"Strength Potion"},{"floor":41.0,"key":"Block Potion"},{"floor":46.0,"key":"Dexterity Potion"},{"floor":46.0,"key":"FairyPotion"}],"is_trial":false,"path_per_floor":["M","?","M","M","?","E","R","M","T","R","M","E","M","$","R","B",null,"M","?","M","?","M","R","M","$","T","$","T","E","R","$","R","B",null,"M","M","?","M","?","R","M","R","T","M","R","?","M","M","R","B"],"character_chosen":"IRONCLAD","items_purchased":["Trip","BlessingOfTheForge","Explosive Potion"],"campfire_rested":5,"item_purchase_floors":[14,27,31],"current_hp_per_floor":[68,68,72,71,71,24,63,65,65,65,61,45,43,58,58,48,72,51,51,36,36,8,47,36,51,51,66,66,35,77,90,90,18,75,57,60,60,8,8,53,35,80,80,77,77,77,60,45,45,0,0],"gold":113,"neow_bonus":"RANDOM_COLORLESS_2","is_daily":false,"chose_seed":false,"campfire_upgraded":4,"win_rate":0.0,"timestamp":1607860624,"path_taken":["M","?","M","M","?","E","R","?","T","R","M","E","M","$","R","BOSS","M","?","M","?","M","R","M","?","T","$","?","E","R","?","R","BOSS","M","M","?","M","?","R","M","R","T","?","R","?","M","?","R","BOSS"],"items_purchased_type":["Card","Potion","Potion"],"build_version":"2020-11-30","purchased_purges":1,"victory":false,"max_hp_per_floor":[80,80,80,80,80,80,80,80,80,80,80,80,80,80,80,80,80,83,83,83,83,83,83,87,87,87,87,87,90,90,90,90,94,94,97,100,100,100,100,100,103,103,103,103,103,103,107,107,107,110,110],"card_choices":[{"not_picked":["Thinking Ahead","Panache"],"picked":"Sadistic Nature","floor":0.0},{"not_picked":["Clash","Pommel Strike"],"picked":"Rage","floor":1.0},{"not_picked":["Burning Pact","Twin Strike"],"picked":"Intimidate","floor":3.0},{"not_picked":["Metallicize","Clothesline"],"picked":"Spot Weakness","floor":4.0},{"not_picked":["Spot Weakness","Warcry"],"picked":"Dropkick","floor":6.0},{"not_picked":["Sword Boomerang","True Grit"],"picked":"Warcry","floor":8.0},{"not_picked":["Headbutt","Body Slam"],"picked":"Fire Breathing","floor":11.0},{"not_picked":["Flex","Flame Barrier"],"picked":"Reckless Charge","floor":12.0},{"not_picked":["Armaments","Pommel Strike"],"picked":"Clash","floor":13.0},{"not_picked":["Berserk","Reaper"],"picked":"Feed","floor":16.0},{"not_picked":["Clothesline","Warcry"],"picked":"Thunderclap","floor":18.0},{"not_picked":["Warcry","Body Slam","Anger"],"picked":"SKIP","floor":20.0},{"not_picked":["Searing Blow","Perfected Strike","Clothesline"],"picked":"SKIP","floor":22.0},{"not_picked":["Perfected Strike","Hemokinesis+1"],"picked":"Dropkick","floor":24.0},{"not_picked":["Wild Strike","Shockwave"],"picked":"Entrench+1","floor":29.0},{"not_picked":["Bludgeon","Berserk"],"picked":"Barricade","floor":33.0},{"not_picked":["Pommel Strike+1","Fire Breathing+1","Iron Wave"],"picked":"SKIP","floor":35.0},{"not_picked":["Whirlwind","Shrug It Off","Perfected Strike+1"],"picked":"SKIP","floor":36.0},{"not_picked":["Clothesline+1","Intimidate"],"picked":"Havoc+1","floor":38.0},{"not_picked":["Wild Strike+1","Clothesline"],"picked":"Armaments+1","floor":41.0},{"not_picked":["Dropkick","Sever Soul"],"picked":"Exhume","floor":44.0},{"not_picked":["Armaments+1","Warcry+1"],"picked":"Flex","floor":47.0},{"not_picked":["Carnage+1","Wild Strike"],"picked":"Headbutt+1","floor":48}],"player_experience":1916802,"relics_obtained":[{"floor":6.0,"key":"Regal Pillow"},{"floor":9.0,"key":"MealTicket"},{"floor":12.0,"key":"Bottled Tornado"},{"floor":26.0,"key":"StoneCalendar"},{"floor":28.0,"key":"Omamori"},{"floor":29.0,"key":"Unceasing Top"}],"event_choices":[{"damage_healed":0.0,"max_hp_gain":0.0,"max_hp_loss":0.0,"gold_gain":0.0,"cards_transformed":["Strike_R"],"event_name":"Living Wall","player_choice":"Change","floor":2.0,"gold_loss":0.0,"damage_taken":0.0,"cards_obtained":["Anger"]},{"cards_removed":["Strike_R"],"damage_healed":0.0,"max_hp_gain":0.0,"max_hp_loss":0.0,"gold_gain":0.0,"event_name":"Purifier","player_choice":"Purged","floor":5.0,"gold_loss":0.0,"damage_taken":0.0},{"damage_healed":0.0,"max_hp_gain":0.0,"max_hp_loss":0.0,"gold_gain":0.0,"event_name":"Addict","player_choice":"Obtained Relic","floor":19.0,"gold_loss":85.0,"damage_taken":0.0,"relics_obtained":["Pantograph"]},{"damage_healed":0.0,"max_hp_gain":0.0,"max_hp_loss":0.0,"gold_gain":0.0,"event_name":"Accursed Blacksmith","player_choice":"Rummage","floor":21.0,"gold_loss":0.0,"damage_taken":0.0,"relics_obtained":["WarpedTongs"],"cards_obtained":["Pain"]},{"damage_healed":0.0,"max_hp_gain":0.0,"max_hp_loss":0.0,"gold_gain":0.0,"event_name":"Tomb of Lord Red Mask","player_choice":"Ignored","floor":37.0,"gold_loss":0.0,"damage_taken":0.0},{"cards_removed":["Strike_R"],"damage_healed":0.0,"max_hp_gain":0.0,"max_hp_loss":0.0,"gold_gain":0.0,"event_name":"Designer","player_choice":"Upgrade and Remove","floor":39.0,"gold_loss":90.0,"damage_taken":0.0,"cards_upgraded":["Strike_R"]},{"damage_healed":0.0,"max_hp_gain":0.0,"max_hp_loss":0.0,"gold_gain":0.0,"event_name":"The Woman in Blue","player_choice":"Bought 2 Potions","floor":46.0,"gold_loss":0.0,"damage_taken":0.0}],"is_beta":false,"boss_relics":[{"not_picked":["Tiny House","Cursed Key"],"picked":"Runic Pyramid"},{"not_picked":["Philosopher\u0027s Stone","Velvet Choker"],"picked":"SacredBark"}],"items_purged_floors":[25],"is_endless":false,"potions_floor_spawned":[4,6,8,13,16,20,22,35,36,41],"killed_by":"Awakened One","ascension_level":11}}