{"host":"qn9jmys3bzrfa36a","time":1607887630,"event":{"mods":["Act Like it!","BaseMod","Decade(王小明)","Downfall","Gensokyo","HololiveMod","Minty Spire (QoL Compilation)","MostiFishMod","Robot Space Explorer","StSLib","The Cursed","【遗物卡牌】REMEMod"],"gold_per_floor":[99,130,130,55,55,55,81,91,241,241,269,299,319,338,349,446,446,371,390,390,402,245,245,323,341,341,371,382,397,412,412,425,524,524,449,467,496,545,545,545,545,545,545,545,573,426,426,469,551,629,629,746,5,5,137],"floor_reached":56,"playtime":4967,"items_purged":["Slimebound:Icky","Regret","REME_BuildACard+1"],"score":1470,"play_id":"58293543-fc9b-44ad-8f13-d48fd7508362","local_time":"20201214032710","is_ascension_mode":false,"campfire_choices":[{"floor":1,"key":"RECALL"},{"data":"hexamod:EtherealExpedition","floor":4,"key":"SMITH"},{"data":"hexamod:FastForward","floor":6,"key":"SMITH"},{"data":"hexamod:HexaLevel","floor":18,"key":"SMITH"},{"data":"hexamod:SkipABeat","floor":23,"key":"SMITH"},{"data":"hexamod:GhostOfSpirePresent","floor":26,"key":"SMITH"},{"floor":35,"key":"DIG"},{"floor":40,"key":"DIG"},{"floor":42,"key":"DIG"},{"floor":44,"key":"DIG"},{"floor":54,"key":"DIG"}],"circlet_count":0,"master_deck":["hexamod:Strike+1","hexamod:Strike+1","hexamod:Strike+1","hexamod:Strike+1","hexamod:Defend+1","hexamod:Defend+1","hexamod:Defend+1","hexamod:Sear+1","hexamod:Float+1","expansioncontent:TimeRipple+1","hexamod:EtherealExpedition+1","hexamod:FastForward+1","hexamod:HeatMetal+1","hexamod:SpectersWail+1","hexamod:Rewind+1","hexamod:HauntingEcho+1","hexamod:FastForward+1","hexamod:HexaLevel+1","MostiFishMod:FrostNova+1","MostiFishMod:WinterMarkForm+1","hexamod:PhantomFireball+1","hexamod:GhostOfSpirePresent+1","hexamod:GhostLash+1","hexamod:SkipABeat+1","hexamod:TimeWarp+1","hexamod:ExtraCrispy+1","hexamod:RecurringNightmare+1","hexamod:Incineration+1","hexamod:GhostShield+1","hexamod:ExtraCrispy+1","hexamod:FastForward+1","hexamod:HeatShield+1","hexamod:ChargedBarrage+1","hexamod:RainOfEmbers+1","hexamod:CrushingStance+1","hexamod:Firestarter+1","hexamod:PhantomCloak+1","hexamod:FastForward","REME_MagicPocketWatch","hexamod:TimeWarp+1","hexamod:RetreatToShadows+1","hexamod:FifthSeal","hexamod:SecondSeal","hexamod:SixthSeal","hexamod:HauntingEcho+1","hexamod:NightmareStrike+1","hexamod:TimeOfNeed+1"],"relics":["hexamod:SpiritBrand","REME_ComplimentaryCards","DaveBox","downfall:HeartsMalice","hexamod:InflammatoryLetter","TungstenRod","Odd Mushroom","Pantograph","ImportantClient","FrostBlade","Lantern","InkBottle","Shovel","downfall:RedIOU","Hololive_Finger","Bottled Flame","DianDianMeat","WingedGreaves","REME_ArchaeologicalTools","Boot","Darkstone Periapt","Gremlin Horn","Dream Catcher","BrkXgEgg","PreservedInsect","SynthV","Pear","Letter Opener","ImprovedEquipment","hexamod:TheBrokenSeal"],"acts_visited":["Exordium","TheCity","TheBeyond","TheEnding"],"potions_floor_usage":[],"damage_taken":[{"damage":0,"enemies":"Lagavulin","floor":2,"turns":1},{"damage":0,"enemies":"Cultist","floor":3,"turns":1},{"damage":0,"enemies":"Jaw Worm","floor":5,"turns":1},{"damage":0,"enemies":"2 Louse","floor":8,"turns":2},{"damage":6,"enemies":"The Mushroom Lair","floor":11,"turns":3},{"damage":4,"enemies":"Large Slime","floor":13,"turns":4},{"damage":0,"enemies":"Exordium Thugs","floor":14,"turns":3},{"damage":9,"enemies":"Lots of Slimes","floor":15,"turns":2},{"damage":35,"enemies":"downfall:Silent","floor":16,"turns":8},{"damage":0,"enemies":"Chosen","floor":19,"turns":4},{"damage":1,"enemies":"3 Byrds","floor":21,"turns":2},{"damage":2,"enemies":"downfall:FleeingMerchant","floor":22,"turns":6},{"damage":8,"enemies":"Snake Plant","floor":25,"turns":3},{"damage":33,"enemies":"Slavers","floor":27,"turns":2},{"damage":12,"enemies":"Centurion and Healer","floor":28,"turns":3},{"damage":3,"enemies":"Chosen and Byrds","floor":29,"turns":3},{"damage":0,"enemies":"3 Cultists","floor":30,"turns":2},{"damage":21,"enemies":"Cultist and Chosen","floor":32,"turns":8},{"damage":0,"enemies":"downfall:Defect","floor":33,"turns":6},{"damage":14,"enemies":"Orb Walker","floor":36,"turns":4},{"damage":0,"enemies":"Nemesis","floor":37,"turns":6},{"damage":24,"enemies":"2 Orb Walkers","floor":38,"turns":3},{"damage":8,"enemies":"3 Shapes","floor":45,"turns":1},{"damage":4,"enemies":"3 Darklings","floor":48,"turns":2},{"damage":5,"enemies":"Maw","floor":49,"turns":6},{"damage":2,"enemies":"downfall:Ironclad","floor":50,"turns":5},{"damage":60,"enemies":"downfall:CharBossMerchant","floor":52,"turns":8},{"damage":1,"enemies":"downfall:NeowBoss","floor":55,"turns":14}],"seed_played":"1987332633685534077","potions_obtained":[{"floor":11,"key":"EssenceOfSteel"},{"floor":13,"key":"Guardian:BlockOnCardUsePotion"},{"floor":15,"key":"Weak Potion"},{"floor":16,"key":"FairyPotion"}],"is_trial":false,"path_per_floor":["R","E","M","R","M","R","T","M","?","?","?","?","M","M","M","B",null,"R","M","?","M","$","R","T","M","R","E","M","M","M","?","M","B",null,"R","M","E","?","?","R","T","R","?","R","M","$","?","M","M","B",null,"E","$","R","B",null],"character_chosen":"THE_SPIRIT","items_purchased":["Lantern","REME_BuildACard","hexamod:ExtraCrispy","REME_MagicPocketWatch","SynthV","Pear","Letter Opener","hexamod:TimeOfNeed+1"],"campfire_rested":0,"item_purchase_floors":[22,22,22,46,53,53,53,53],"current_hp_per_floor":[70,70,70,70,70,70,70,70,70,70,70,70,70,70,68,42,70,80,80,80,79,77,77,77,69,69,43,38,42,42,42,28,60,80,80,73,76,55,55,55,55,55,55,55,51,56,62,65,84,114,125,111,135,135,205],"gold":137,"neow_bonus":"THREE_ENEMY_KILL","is_daily":false,"chose_seed":false,"campfire_upgraded":5,"win_rate":0.0,"timestamp":1607887630,"path_taken":["R","E","?","R","M","R","T","M","?","?","?","?","M","M","M","BOSS","R","M","?","M","?","R","T","M","R","E","?","M","M","?","M","BOSS","R","M","E","?","?","R","T","R","?","R","M","$","?","?","M","BOSS","E","$","R","BOSS"],"items_purchased_type":["Relic","Card","Card","Card","Relic","Relic","Relic","Card"],"build_version":"2020-11-30","purchased_purges":3,"victory":true,"max_hp_per_floor":[70,70,70,70,70,70,70,70,70,70,70,70,70,70,70,70,70,80,80,80,80,80,80,80,80,80,80,80,80,80,80,80,80,80,80,80,83,86,86,86,86,86,86,86,90,95,101,108,125,125,125,171,195,195,205],"card_choices":[{"not_picked":["hexamod:Hexaguard","hexamod:BurningTouch"],"picked":"hexamod:FirstSeal","floor":2},{"not_picked":["hexamod:BacktrackSmack","hexamod:RainOfEmbers"],"picked":"hexamod:EtherealExpedition","floor":3},{"not_picked":["hexamod:ThermalTransfer","hexamod:SpectralAdrenaline"],"picked":"hexamod:FastForward","floor":5},{"not_picked":["hexamod:RetreatToShadows","hexamod:NightmareStrike"],"picked":"hexamod:HeatMetal","floor":8},{"not_picked":["hexamod:HeatMetal","hexamod:BurningTouch"],"picked":"hexamod:ThirdSeal","floor":11},{"not_picked":["hexamod:ChargedBarrage","hexamod:BurningTouch"],"picked":"hexamod:SpectersWail","floor":13},{"not_picked":["hexamod:GhostLash","hexamod:ChargedBarrage"],"picked":"hexamod:Rewind","floor":13},{"not_picked":["hexamod:Hexaguard","hexamod:RainOfEmbers"],"picked":"hexamod:HauntingEcho","floor":14},{"not_picked":["hexamod:ChargedBarrage","hexamod:Incineration"],"picked":"hexamod:GhostOfSpirePast","floor":14},{"not_picked":["hexamod:HeatMetal","hexamod:HauntingEcho"],"picked":"hexamod:FastForward","floor":15},{"not_picked":["hexamod:TimeWarp","hexamod:ParanormalForm"],"picked":"hexamod:HexaLevel","floor":16},{"not_picked":["hexamod:FastForward","hexamod:Hexaguard"],"picked":"hexamod:PhantomFireball","floor":19},{"not_picked":["hexamod:Hexaguard","hexamod:GhostOfSpireFuture"],"picked":"hexamod:GhostOfSpirePresent","floor":19},{"not_picked":["hexamod:BacktrackSmack","hexamod:Firestarter"],"picked":"hexamod:SkipABeat","floor":21},{"not_picked":["hexamod:GhostShield","hexamod:SpectersWail"],"picked":"hexamod:TimeWarp","floor":22},{"not_picked":["hexamod:BurningTouch","hexamod:BacktrackSmack"],"picked":"hexamod:RecurringNightmare","floor":25},{"not_picked":["hexamod:Firestarter","hexamod:SwordOfDarkness"],"picked":"hexamod:Incineration+1","floor":25},{"not_picked":["hexamod:ShieldOfDarkness","hexamod:EtherealExpedition"],"picked":"hexamod:GhostShield+1","floor":27},{"not_picked":["hexamod:BacktrackSmack","hexamod:ChargedBarrage+1"],"picked":"hexamod:ExtraCrispy+1","floor":28},{"not_picked":["hexamod:ThirdSeal","hexamod:GhostShield+1"],"picked":"hexamod:FastForward","floor":29},{"not_picked":["hexamod:NightmareGuise","hexamod:InspiringFlames"],"picked":"hexamod:HeatShield","floor":30},{"not_picked":["hexamod:ThermalTransfer","hexamod:Incineration"],"picked":"hexamod:ChargedBarrage","floor":32},{"not_picked":["hexamod:Hexaguard","hexamod:GhostflameBarrier"],"picked":"hexamod:RainOfEmbers","floor":32},{"not_picked":["hexamod:TurnItUp","hexamod:HexaLevel"],"picked":"hexamod:CrushingStance","floor":33},{"not_picked":["hexamod:GhostflameInferno","hexamod:SixthSeal"],"picked":"hexamod:FifthSeal","floor":33},{"not_picked":["hexamod:BurningTouch+1","hexamod:Incineration"],"picked":"hexamod:Firestarter+1","floor":36},{"not_picked":["hexamod:FirstSeal","hexamod:ThirdSeal"],"picked":"hexamod:FourthSeal","floor":37},{"not_picked":["hexamod:NightmareStrike","hexamod:GhostOfSpirePresent"],"picked":"hexamod:PhantomCloak+1","floor":37},{"not_picked":["hexamod:SpectersWail","hexamod:ThermalTransfer"],"picked":"hexamod:SecondSeal","floor":38},{"not_picked":["hexamod:SwordOfDarkness","hexamod:Firestarter"],"picked":"hexamod:FastForward","floor":45},{"not_picked":["hexamod:FourthSeal","hexamod:FastForward+1"],"picked":"hexamod:RetreatToShadows+1","floor":48},{"not_picked":["hexamod:FourthSeal","hexamod:ThirdSeal"],"picked":"hexamod:FifthSeal","floor":49},{"not_picked":["hexamod:NightmareGuise","hexamod:NightmareStrike+1"],"picked":"hexamod:SecondSeal","floor":49},{"not_picked":["hexamod:FirstSeal","hexamod:FifthSeal"],"picked":"hexamod:SixthSeal","floor":52},{"not_picked":["hexamod:SecondSeal","hexamod:FifthSeal"],"picked":"hexamod:SixthSeal","floor":52},{"not_picked":["hexamod:AdvancingGuard+1","hexamod:SpectralAdrenaline+1"],"picked":"hexamod:HauntingEcho+1","floor":52},{"not_picked":["hexamod:Firestarter+1","hexamod:NightmareGuise+1"],"picked":"hexamod:NightmareStrike+1","floor":52}],"player_experience":73664,"relics_obtained":[{"floor":2,"key":"hexamod:InflammatoryLetter"},{"floor":11,"key":"Odd Mushroom"},{"floor":16,"key":"ImportantClient"},{"floor":24,"key":"InkBottle"},{"floor":27,"key":"Shovel"},{"floor":35,"key":"Bottled Flame"},{"floor":37,"key":"DianDianMeat"},{"floor":38,"key":"WingedGreaves"},{"floor":39,"key":"REME_ArchaeologicalTools"},{"floor":40,"key":"Boot"},{"floor":41,"key":"Darkstone Periapt"},{"floor":42,"key":"Gremlin Horn"},{"floor":44,"key":"Dream Catcher"},{"floor":52,"key":"BrkXgEgg"},{"floor":52,"key":"PreservedInsect"},{"floor":54,"key":"ImprovedEquipment"}],"event_choices":[{"damage_healed":0,"gold_gain":0,"player_choice":"Box","damage_taken":0,"relics_obtained":["TungstenRod"],"max_hp_gain":0,"max_hp_loss":0,"event_name":"Big Fish","floor":10,"gold_loss":0,"cards_obtained":["Regret"]},{"damage_healed":0,"gold_gain":0,"player_choice":"Fought Mushrooms","damage_taken":0,"max_hp_gain":0,"max_hp_loss":0,"event_name":"Mushrooms","floor":11,"gold_loss":0},{"damage_healed":0,"gold_gain":0,"cards_transformed":["hexamod:GhostOfSpirePast"],"player_choice":"Transformed","damage_taken":0,"max_hp_gain":0,"max_hp_loss":0,"event_name":"Transmorgrifier","floor":20,"gold_loss":0,"cards_obtained":["hexamod:GhostLash"]},{"damage_healed":0,"gold_gain":0,"player_choice":"Fight","damage_taken":0,"max_hp_gain":0,"max_hp_loss":0,"event_name":"Mysterious Sphere","floor":38,"gold_loss":0},{"damage_healed":0,"gold_gain":0,"cards_transformed":["hexamod:Defend"],"player_choice":"Transformed","damage_taken":0,"max_hp_gain":0,"max_hp_loss":0,"event_name":"Transmorgrifier","floor":47,"gold_loss":0,"cards_obtained":["hexamod:TimeWarp"]}],"is_beta":false,"boss_relics":[{"not_picked":["Empty Cage","FixedStarFall"],"picked":"FrostBlade"},{"not_picked":["TakeMeEscape","Coffee Dripper"],"picked":"Hololive_Finger"}],"items_purged_floors":[22,46,53],"is_endless":false,"potions_floor_spawned":[11,13,15,16,21,27,29,30,38,45,48],"ascension_level":0}}