{"host":"7yyoe0ei0fseceei","time":1607867256,"event":{"mods":["BaseMod","Colored Map","Highlight Path","Minty Spire (QoL Compilation)","Quick Restart"],"gold_per_floor":[118,193,343,362,385,410,428,456,456,497,33,33,76,76,76,76,76],"floor_reached":16,"playtime":470,"items_purged":["Doubt"],"score":302,"play_id":"2745ea9d-cf38-4920-9a79-d967ee4bbc3e","local_time":"20201213144736","is_ascension_mode":true,"campfire_choices":[{"floor":12,"key":"REST"},{"floor":15,"key":"REST"}],"circlet_count":0,"master_deck":["AscendersBane","Strike_R","Strike_R","Strike_R","Strike_R","Strike_R","Defend_R+1","Defend_R","Defend_R","Defend_R","Bash","Metallicize+1","Wild Strike","Wild Strike","Fiend Fire","Infernal Blade+1","Trip+1","Metallicize","Clash+1"],"relics":["Burning Blood","NeowsBlessing","Strawberry","Ancient Tea Set","Toxic Egg 2","Molten Egg 2","CeramicFish","Membership Card","Bottled Flame","Orichalcum"],"acts_visited":["Exordium"],"potions_floor_usage":[8,8,13,16,16],"damage_taken":[{"damage":0,"enemies":"2 Louse","floor":1,"turns":1},{"damage":0,"enemies":"Small Slimes","floor":4,"turns":1},{"damage":0,"enemies":"Gremlin Nob","floor":6,"turns":2},{"damage":16,"enemies":"Jaw Worm","floor":7,"turns":4},{"damage":6,"enemies":"3 Sentries","floor":8,"turns":11},{"damage":46,"enemies":"Lagavulin","floor":10,"turns":8},{"damage":10,"enemies":"Gremlin Nob","floor":13,"turns":3},{"damage":69,"enemies":"Hexaghost","floor":16,"turns":16}],"seed_played":"792683223479841421","potions_obtained":[{"floor":1,"key":"HeartOfIron"},{"floor":4,"key":"PowerPotion"},{"floor":13,"key":"BloodPotion"}],"is_trial":false,"path_per_floor":["M","?","?","M","T","E","M","E","T","E","$","R","E","?","R","B"],"character_chosen":"IRONCLAD","items_purchased":["Membership Card","Bottled Flame","Trip+1","Metallicize","PowerPotion","Block Potion"],"campfire_rested":2,"item_purchase_floors":[11,11,11,11,11,11],"current_hp_per_floor":[74,63,63,69,76,82,72,72,72,32,32,56,52,27,51,0,0],"gold":76,"neow_bonus":"THREE_ENEMY_KILL","is_daily":false,"chose_seed":false,"campfire_upgraded":0,"win_rate":0.0,"timestamp":1607867256,"path_taken":["M","?","?","M","?","E","?","E","T","E","?","R","E","?","R","BOSS"],"items_purchased_type":["Relic","Relic","Card","Card","Potion","Potion"],"build_version":"2020-11-30","purchased_purges":1,"victory":false,"max_hp_per_floor":[75,75,75,75,82,82,82,82,82,82,82,82,82,82,82,82,82],"card_choices":[{"not_picked":["Blood for Blood","Sentinel"],"picked":"Metallicize","floor":1},{"not_picked":["Body Slam","Havoc"],"picked":"Wild Strike","floor":4},{"not_picked":["Headbutt","Entrench","Sword Boomerang"],"picked":"SKIP","floor":6},{"not_picked":["Burning Pact","Havoc"],"picked":"Wild Strike","floor":7},{"not_picked":["Ghostly Armor+1","Berserk"],"picked":"Fiend Fire","floor":8},{"not_picked":["Shrug It Off+1","Combust"],"picked":"Infernal Blade+1","floor":10},{"not_picked":["Hemokinesis+1","Bloodletting+1"],"picked":"Clash+1","floor":13}],"player_experience":828097,"relics_obtained":[{"floor":5,"key":"Strawberry"},{"floor":6,"key":"Ancient Tea Set"},{"floor":8,"key":"Toxic Egg 2"},{"floor":9,"key":"Molten Egg 2"},{"floor":10,"key":"CeramicFish"},{"floor":13,"key":"Orichalcum"}],"event_choices":[{"damage_healed":0,"gold_gain":75,"player_choice":"Gather Gold","damage_taken":11,"max_hp_gain":0,"max_hp_loss":0,"event_name":"World of Goop","floor":2,"gold_loss":0},{"damage_healed":0,"gold_gain":150,"player_choice":"AGREE","damage_taken":0,"max_hp_gain":0,"max_hp_loss":0,"event_name":"Liars Game","floor":3,"gold_loss":0,"cards_obtained":["Doubt"]},{"damage_healed":0,"gold_gain":0,"player_choice":"Entered Light","damage_taken":25,"max_hp_gain":0,"max_hp_loss":0,"event_name":"Shining Light","floor":14,"gold_loss":0,"cards_upgraded":["Metallicize","Defend_R"]}],"is_beta":false,"boss_relics":[],"items_purged_floors":[11],"is_endless":false,"potions_floor_spawned":[1,4,13],"killed_by":"Hexaghost","ascension_level":20}}