{"host":"llpusn9usp8rznkj","time":1607838911,"event":{"mods":["2.2 Compatiblity","BaseMod","Colored Map","Colored Powertips","Conspire","Downfall","Hubris","Minty Spire (QoL Compilation)","Rare Cards Sparkle","Replay The Spire","StSLib","The Cursed"],"gold_per_floor":[111,111,72,72,72,104,104,104,104,104,130,130,146,146,146,223,223,239,78,89,89,89],"floor_reached":21,"playtime":663,"items_purged":["Looming Evil"],"score":466,"play_id":"c8ca8101-dc1d-4dc4-83c7-e8f06e1cf0bb","local_time":"20201213005511","is_ascension_mode":true,"campfire_choices":[{"data":"hubris:PowerSurge","floor":8.0,"key":"SMITH"},{"data":"Zap","floor":10.0,"key":"SMITH"},{"data":"Dualcast","floor":12,"key":"SMITH"},{"data":"Genetic Algorithm","floor":15,"key":"SMITH"}],"circlet_count":0,"master_deck":["AscendersBane","Zap+1","Dualcast+1","Sunder","Genetic Algorithm+1","hubris:PowerSurge+1","Glacier","Rainbow","conspire:Rain","Fusion","White Noise","Consume","Stack","hubris:Ukulele","Echo Form","Fusion","Chaos","Crystallizer"],"relics":["Cracked Core","NeowsBlessing","hubris:Icosahedron","White Beast Statue","ReplayTheSpireMod:Ring of Collecting","ReplayTheSpireMod:Ring of Challenge","Ring of Shattering","Pantograph","Replay:Bottled Flurry","hubris:RGBLights","Pandora\u0027s Box"],"acts_visited":["Exordium","TheCity"],"potions_floor_usage":[13,16,18,20,21],"damage_taken":[{"damage":0.0,"enemies":"Small Slimes","floor":1.0,"turns":1.0},{"damage":0.0,"enemies":"3 Sentries","floor":6.0,"turns":1.0},{"damage":0.0,"enemies":"Lagavulin","floor":11.0,"turns":1.0},{"damage":0,"enemies":"2 Louse","floor":13,"turns":1},{"damage":9,"enemies":"The Guardian","floor":16,"turns":11},{"damage":6,"enemies":"3 Byrds","floor":18,"turns":3},{"damage":15,"enemies":"Shell Parasite","floor":20,"turns":5},{"damage":59,"enemies":"Sentry and Sphere","floor":21,"turns":7}],"seed_played":"-3522561600488883048","potions_obtained":[{"floor":6.0,"key":"Flashbang"},{"floor":11,"key":"DistilledChaos"},{"floor":13,"key":"PotionOfCapacity"},{"floor":16,"key":"Dexterity Potion"},{"floor":18,"key":"Regen Potion"},{"floor":20,"key":"Guardian:BlockOnCardUsePotion"}],"is_trial":false,"path_per_floor":["M","?","$","?","$","E","?","R","T","R","E","R","M","T","R","B",null,"M","$","M","M"],"character_chosen":"DEFECT","items_purchased":["Genetic Algorithm","Crystallizer"],"campfire_rested":0,"item_purchase_floors":[3,19],"current_hp_per_floor":[64,64,64,64,64,64,64,64,64,64,64,64,64,64,64,62,69,63,63,53,0,0],"gold":89,"neow_bonus":"THREE_ENEMY_KILL","is_daily":false,"chose_seed":false,"campfire_upgraded":4,"win_rate":0.0,"timestamp":1607838911,"path_taken":["M","?","$","?","$","E","?","R","T","R","E","R","?","?","R","BOSS","M","$","M","M"],"items_purchased_type":["Card","Card"],"build_version":"2020-11-30","purchased_purges":1,"victory":false,"max_hp_per_floor":[71,71,71,71,71,71,71,71,71,71,71,71,71,71,71,71,71,71,71,71,71,71],"card_choices":[{"not_picked":["Gash","Aggregate"],"picked":"Sunder","floor":1.0},{"not_picked":["ReplayTheSpireMod:Dual Polarity","Streamline"],"picked":"hubris:PowerSurge","floor":6.0},{"not_picked":["Rip and Tear","Redo","Compile Driver"],"picked":"SKIP","floor":11},{"not_picked":["Ball Lightning","Undo"],"picked":"Glacier","floor":13},{"not_picked":["Machine Learning","Multi-Cast"],"picked":"Rainbow","floor":16},{"not_picked":["Panic Button","Chill+1"],"picked":"Chaos","floor":18},{"not_picked":["Tempest","Gash","conspire:Rain"],"picked":"SKIP","floor":20}],"player_experience":915509,"relics_obtained":[{"floor":6.0,"key":"White Beast Statue"},{"floor":7.0,"key":"ReplayTheSpireMod:Ring of Collecting"},{"floor":7.0,"key":"ReplayTheSpireMod:Ring of Challenge"},{"floor":9.0,"key":"Ring of Shattering"},{"floor":9.0,"key":"Pantograph"},{"floor":11,"key":"Replay:Bottled Flurry"},{"floor":14,"key":"hubris:RGBLights"}],"event_choices":[{"damage_healed":0.0,"max_hp_gain":0.0,"max_hp_loss":0.0,"gold_gain":0.0,"event_name":"The Cleric","player_choice":"Leave","floor":4.0,"gold_loss":0.0,"damage_taken":0.0}],"is_beta":false,"boss_relics":[{"not_picked":["ReplayTheSpireMod:DimensionalGlitch","Fusion Hammer"],"picked":"Pandora\u0027s Box"}],"items_purged_floors":[19],"is_endless":false,"potions_floor_spawned":[6,11,13,16,18,20],"killed_by":"Sentry and Sphere","ascension_level":20}}