{"host":"pz1ko3gi7nsxydm3","time":1607817777,"event":{"mods":["AchievementEnabler","Act Like it!","BaseMod","Better Note","Better Third Choice","Colored Map","Downfall","Hallownest","Hermit","Hubris","Infinite Spire","Minty Spire (QoL Compilation)","Rare Cards Sparkle","Replay The Spire","StSLib","The Bug Knight","The Jungle","??????REMEMod"],"gold_per_floor":[118,193,193,193,74,85,105,105,105,120,52,52,70,85,85,181,181,197,197,273,291,304,304,254,272,298,316,316,126,139,153,153,153,153],"floor_reached":33,"playtime":3647,"items_purged":[],"score":241,"play_id":"aad4637d-f72d-4299-95f0-3660746bbd14","local_time":"20201213000256","is_ascension_mode":false,"campfire_choices":[{"floor":8.0,"key":"REST"},{"floor":15.0,"key":"REST"},{"data":"infinitespire:TheBestDefense","floor":23.0,"key":"SMITH"},{"floor":28.0,"key":"REST"},{"floor":32.0,"key":"REST"}],"circlet_count":0,"master_deck":["Strike_R","Strike_R","Strike_R","Strike_R","Strike_R","Defend_R","Defend_R","Defend_R","Defend_R","Bash+1","Barricade","Dark Embrace","Entrench","Shrug It Off+1","infinitespire:OneForAll","Carnage","Rage","Shrug It Off","Seeing Red","infinitespire:TheBestDefense+1","Iron Wave","Warcry","Reaper","Shrug It Off","hermit:FromBeyond","Defy Death+1","Replay:Undeath\u0027s Touch","Fiend Fire","REME_SingleHolding+1","True Grit","hubris:ReadiedAction","hubris:ReadiedAction","Defy Death+1","Infernal Blade"],"relics":["Burning Blood","REME_ComplimentaryCards","Regal Pillow","Replay:Kaleidoscope","SlaversCollar","Nunchaku"],"acts_visited":["Exordium","TheCity"],"potions_floor_usage":[],"damage_taken":[{"damage":10.0,"enemies":"Small Slimes","floor":1.0,"turns":3.0},{"damage":17.0,"enemies":"Jaw Worm","floor":6.0,"turns":4.0},{"damage":0.0,"enemies":"2 Louse","floor":7.0,"turns":2.0},{"damage":26.0,"enemies":"Large Slime","floor":10.0,"turns":10.0},{"damage":5.0,"enemies":"Exordium Wildlife","floor":13.0,"turns":4.0},{"damage":0.0,"enemies":"Exordium Thugs","floor":14.0,"turns":5.0},{"damage":56.0,"enemies":"Fading Forest","floor":16.0,"turns":11.0},{"damage":30.0,"enemies":"Shell Parasite","floor":18.0,"turns":12.0},{"damage":6.0,"enemies":"Chosen","floor":21.0,"turns":8.0},{"damage":41.0,"enemies":"Snake Plant","floor":22.0,"turns":8.0},{"damage":38.0,"enemies":"Cultist and Chosen","floor":25.0,"turns":7.0},{"damage":44.0,"enemies":"Centurion and Healer","floor":27.0,"turns":9.0},{"damage":65.0,"enemies":"3 Cultists","floor":30.0,"turns":7.0},{"damage":12.0,"enemies":"Chosen and Byrds","floor":31.0,"turns":7.0},{"damage":58,"enemies":"Automaton","floor":33,"turns":6}],"seed_played":"-782837485386951398","potions_obtained":[{"floor":1.0,"key":"DuplicationPotion"},{"floor":6.0,"key":"sneckomod:MuddlingPotion"},{"floor":14.0,"key":"DistilledChaos"},{"floor":16.0,"key":"Slimebound:ThreeZeroPotion"},{"floor":18.0,"key":"LifebloodPotion"},{"floor":22.0,"key":"BloodPotion"},{"floor":27.0,"key":"SpeedPotion"},{"floor":30.0,"key":"EssenceOfSteel"}],"is_trial":false,"path_per_floor":["M","?","?","?","$","M","M","R","T","M","$","?","M","M","R","B",null,"M","?","T","M","M","R","?","M","T","M","R","$","M","M","R","B"],"character_chosen":"IRONCLAD","items_purchased":["Shrug It Off+1","infinitespire:OneForAll","Seeing Red","True Grit","PowerPotion","BloodPotion","hubris:ReadiedAction"],"campfire_rested":4,"item_purchase_floors":[5,5,11,29,29,29,29],"current_hp_per_floor":[76,65,65,65,65,54,60,80,80,60,60,39,40,46,80,34,80,56,56,56,56,41,41,41,53,53,15,54,70,19,16,55,0,0],"gold":153,"neow_bonus":"RANDOM_COMMON_RELIC","is_daily":false,"chose_seed":false,"campfire_upgraded":1,"win_rate":0.0,"timestamp":1607817776,"path_taken":["M","?","?","?","$","M","?","R","T","M","$","?","M","M","R","BOSS","M","?","?","M","?","R","?","M","T","M","R","$","M","?","R","BOSS"],"items_purchased_type":["Card","Card","Card","Card","Potion","Potion","Card"],"build_version":"2020-11-30","purchased_purges":0,"victory":false,"max_hp_per_floor":[80,80,80,80,80,80,80,80,80,80,80,80,80,80,80,80,80,80,80,80,80,80,80,80,80,80,80,80,80,80,80,80,80,80],"card_choices":[{"not_picked":["Reckless Charge","Second Wind"],"picked":"Dark Embrace","floor":1.0},{"not_picked":["hubris:ReadiedAction","Disarm"],"picked":"Carnage","floor":6.0},{"not_picked":["Perfected Strike","Clash"],"picked":"Rage","floor":7.0},{"not_picked":["Dropkick","Battle Trance"],"picked":"Shrug It Off","floor":10.0},{"not_picked":["ReplayTheSpireMod:??????????????????????","ReplayTheSpireMod:Book of Names"],"picked":"infinitespire:TheBestDefense","floor":12.0},{"not_picked":["Pommel Strike","Fire Breathing"],"picked":"Iron Wave","floor":13.0},{"not_picked":["Cleave","Iron Wave"],"picked":"Warcry","floor":14.0},{"not_picked":["Brutality","REME_Fury"],"picked":"Reaper","floor":16.0},{"not_picked":["Carnage+1","infinitespire:OneForAll"],"picked":"Shrug It Off","floor":18.0},{"not_picked":["Headbutt+1","Seeing Red"],"picked":"Defy Death+1","floor":21.0},{"not_picked":["Cleave+1","Dark Embrace"],"picked":"Replay:Undeath\u0027s Touch","floor":22.0},{"not_picked":["Dark Embrace+1","Massacre"],"picked":"Fiend Fire","floor":25.0},{"not_picked":["Iron Wave+1","Pommel Strike"],"picked":"REME_SingleHolding+1","floor":27.0},{"not_picked":["Seeing Red+1","Iron Wave"],"picked":"Defy Death+1","floor":30.0},{"not_picked":["Rage","Clothesline"],"picked":"Infernal Blade","floor":31.0}],"player_experience":63266,"relics_obtained":[{"floor":9.0,"key":"Replay:Kaleidoscope"},{"floor":26.0,"key":"Nunchaku"}],"event_choices":[{"damage_healed":0.0,"max_hp_gain":0.0,"max_hp_loss":0.0,"gold_gain":75.0,"event_name":"betterThird:BetterGoop","player_choice":"Gold","floor":2.0,"gold_loss":0.0,"damage_taken":11.0},{"cards_removed":["infinitespire:TheBestDefense"],"damage_healed":0.0,"max_hp_gain":0.0,"max_hp_loss":0.0,"gold_gain":0.0,"event_name":"betterNote:BetterNote","player_choice":"Take \u0026 Give","floor":19.0,"gold_loss":0.0,"damage_taken":0.0,"cards_obtained":["hermit:FromBeyond"]},{"damage_healed":0.0,"max_hp_gain":0.0,"max_hp_loss":0.0,"gold_gain":0.0,"event_name":"The Joust","player_choice":"Bet on Owner","floor":24.0,"gold_loss":50.0,"damage_taken":0.0}],"is_beta":false,"boss_relics":[{"not_picked":["Replay:Drink Me","Astrolabe"],"picked":"SlaversCollar"}],"items_purged_floors":[],"is_endless":false,"potions_floor_spawned":[1,6,14,16,18,22,27,30],"killed_by":"Automaton","ascension_level":0}}