{"host":"rxlazyja0fsq2vfk","time":1607896377,"event":{"mods":["2.2 Compatiblity","AchievementEnabler","Act Like it!","AlwaysNeverKeys","Aspiration","BaseMod","Bestiary","Better Match","Better Sensory Stone","Better Skull","Better Third Choice","BetterRewards","Colored Map","Colored Powertips","Defuse TimeMaze Blight","Disable Question Mark Monsters","GifTheSpireLib","Halation","Hubris","Jedi Mod","Minty Spire (QoL Compilation)","Permanent Neow","Quick Restart","Random Character Button","Random Character Mod","Relic Sorter","Replay The Spire","Shop Mod","StSLib","The Construct","Transform Curses","Unknown Chances","Wandering Minibosses","egg","everything is the same but u backflip on backflip","vexMod"],"gold_per_floor":[114,133,133,133,133,161,161,161,161,188,188,199,228,244,244,347,347,363,363,278,296,55,55,86,86,86,102,102,117,129,140,140,245,245,261,261,277,291,143,143,118,118,198,217,237,284,301,34,34,34],"floor_reached":51,"playtime":1643,"items_purged":["Strike_B"],"score":769,"play_id":"01f0bfa3-1c17-4fce-aa8b-0707dc629a3e","local_time":"20201213165257","is_ascension_mode":true,"campfire_choices":[{"data":"Dualcast","floor":7.0,"key":"SMITH"},{"data":"1","floor":7.0,"key":"LIFT"},{"data":"Conserve Battery","floor":11.0,"key":"SMITH"},{"data":"2","floor":11.0,"key":"LIFT"},{"floor":15.0,"key":"REST"},{"data":"Coolheaded","floor":23,"key":"SMITH"},{"data":"3","floor":23,"key":"LIFT"},{"data":"Leap","floor":25,"key":"SMITH"},{"data":"ReplayGash","floor":25,"key":"SMITH"},{"data":"Seek","floor":32,"key":"SMITH"},{"data":"Gash","floor":32,"key":"SMITH"},{"data":"Seek","floor":40,"key":"SMITH"},{"data":"Gash","floor":40,"key":"SMITH"},{"data":"Strike_B","floor":42,"key":"SMITH"},{"data":"Defend_B","floor":42,"key":"SMITH"},{"data":"Defend_B","floor":49,"key":"SMITH"},{"data":"Defend_B","floor":49,"key":"SMITH"}],"circlet_count":0,"master_deck":["Strike_B+1","Strike_B+1","Strike_B+1","Defend_B+1","Defend_B+1","Defend_B","Defend_B+1","Zap+1","Dualcast+1","Gash+1","Gash+1","ReplayGash+1","Injury","Rebound+1","Conserve Battery+1","Coolheaded+1","Sweeping Beam+1","Gash+1","Rebound+1","ReplayGash+1","ReplayGash+1","Leap+1","Scrape+1","Seek+1","Streamline+1","Seek+1","Gash+1","FTL+1","FTL+1","Beam Cell+1","Gash+1","ReplayGash+1","Go for the Eyes+1","Go for the Eyes+1"],"relics":["Cracked Core","halation:PenCase","Blue Doll","Girya","Molten Egg 2","halation:EternalFortune","hubris:Metronome","hubris:FunFungus","Darkstone Periapt","Blood Vial","Nunchaku","vexMod:FluxCapacitor","vexMod:MemoryStick","Strawberry","hubris:SlimyHat","HornCleat","Nilry\u0027s Codex","construct:ClawGrip","vexMod:PaidLearning","Pantograph","halation:QuantumPhysicsTextbook","Garlic"],"acts_visited":["Exordium","TheCity","TheBeyond"],"potions_floor_usage":[24,33,37,46,50,50,50],"damage_taken":[{"damage":6.0,"enemies":"Jaw Worm","floor":1.0,"turns":3.0},{"damage":0.0,"enemies":"2 Louse","floor":2.0,"turns":2.0},{"damage":29.0,"enemies":"3 Sentries","floor":6.0,"turns":6.0},{"damage":28.0,"enemies":"Gremlin Nob","floor":10.0,"turns":4.0},{"damage":0.0,"enemies":"Small Slimes","floor":12.0,"turns":2.0},{"damage":17.0,"enemies":"Lagavulin","floor":13.0,"turns":6.0},{"damage":7.0,"enemies":"Blue Slaver","floor":14.0,"turns":2.0},{"damage":38.0,"enemies":"The Guardian","floor":16.0,"turns":8.0},{"damage":5.0,"enemies":"Chosen","floor":18.0,"turns":3.0},{"damage":17.0,"enemies":"Shell Parasite","floor":21.0,"turns":3.0},{"damage":18,"enemies":"Book of Stabbing","floor":24,"turns":3},{"damage":7,"enemies":"Snake Plant","floor":27,"turns":3},{"damage":10,"enemies":"Shelled Parasite and Fungi","floor":29,"turns":3},{"damage":0,"enemies":"Snecko","floor":30,"turns":4},{"damage":5,"enemies":"Cultist and Chosen","floor":31,"turns":3},{"damage":55,"enemies":"Champ","floor":33,"turns":6},{"damage":9,"enemies":"3 Shapes","floor":35,"turns":3},{"damage":6,"enemies":"3 Darklings","floor":37,"turns":3},{"damage":2,"enemies":"Sphere and 2 Shapes","floor":38,"turns":3},{"damage":0,"enemies":"Jaw Worm Horde","floor":44,"turns":3},{"damage":14,"enemies":"4 Shapes","floor":45,"turns":2},{"damage":3,"enemies":"2 Orb Walkers","floor":46,"turns":2},{"damage":9,"enemies":"Writhing Mass","floor":47,"turns":2},{"damage":55,"enemies":"Donu and Deca","floor":50,"turns":7}],"seed_played":"5150239679128672856","potions_obtained":[{"floor":1.0,"key":"Swift Potion"},{"floor":6.0,"key":"AttackPotion"},{"floor":10.0,"key":"AttackPotion"},{"floor":16.0,"key":"Explosive Potion"},{"floor":27,"key":"FearPotion"},{"floor":33,"key":"jedi:wingpotion"},{"floor":45,"key":"Milkshake"},{"floor":46,"key":"Elixir"}],"is_trial":false,"path_per_floor":["M","M","?","?","?","E","R","T","T","E","R","M","E","M","R","B",null,"M","?","?","M","$","R","E","R","T","M","?","M","M","M","R","B",null,"M","?","M","M","$","R","?","R","T","M","M","?","M","$","R","B",null],"character_chosen":"DEFECT","items_purchased":["halation:PenCase","Blue Doll","Gash","Fire Potion","Strawberry","ReplayGash+1","Leap","EssenceOfSteel","Go for the Eyes+1","Garlic"],"campfire_rested":1,"item_purchase_floors":[0,0,0,0,22,22,22,39,48,48],"current_hp_per_floor":[69,69,69,72,72,43,43,43,43,18,18,20,13,11,36,2,84,82,82,82,68,75,75,61,61,61,56,40,34,40,40,40,4,91,82,82,79,81,81,81,81,81,81,85,73,73,66,66,66,50],"gold":34,"neow_bonus":"","is_daily":false,"chose_seed":false,"campfire_upgraded":13,"win_rate":0.0,"timestamp":1607896377,"path_taken":["M","M","?","?","?","E","R","?","T","E","R","M","E","M","R","BOSS","M","?","?","M","?","R","E","R","T","?","?","M","M","M","R","BOSS","M","?","M","M","$","R","?","R","T","M","?","?","M","$","R","BOSS"],"items_purchased_type":["Relic","Relic","Card","Potion","Relic","Card","Card","Potion","Card","Relic"],"build_version":"2020-11-30","purchased_purges":1,"victory":true,"max_hp_per_floor":[75,75,75,78,78,78,78,78,78,78,78,78,81,84,84,84,84,84,84,84,84,91,91,91,91,91,91,91,91,91,91,91,91,91,91,86,86,86,86,86,86,86,86,86,86,86,86,86,86,86],"card_choices":[{"not_picked":["Stack","Heatsinks"],"picked":"Gash","floor":1.0},{"not_picked":["Storm","Skim"],"picked":"ReplayGash","floor":2.0},{"not_picked":["Steam Power","ReplayTheSpireMod:GoodbyeWorld"],"picked":"Rebound+1","floor":6.0},{"not_picked":["Skim","Rebound+1"],"picked":"Conserve Battery","floor":10.0},{"not_picked":["jedi:spotbugs","Skim"],"picked":"Coolheaded","floor":12.0},{"not_picked":["ReplayTheSpireMod:Repulse","Turbo"],"picked":"Sweeping Beam+1","floor":13.0},{"not_picked":["White Noise","jedi:BurstFrost","jedi:reiji"],"picked":"SKIP","floor":14.0},{"not_picked":["BasicCrystalCard","Rebound+1"],"picked":"Gash+1","floor":18.0},{"not_picked":["Coolheaded","BasicCrystalCard"],"picked":"Rebound+1","floor":21.0},{"not_picked":["Steam Power","Panic Button","Double Energy"],"picked":"SKIP","floor":24},{"not_picked":["aspiration:Polymerization","Stack"],"picked":"Scrape+1","floor":27},{"not_picked":["Turbo","Blizzard+1"],"picked":"Seek","floor":29},{"not_picked":["BasicCrystalCard+1","Redo+1","Panic Button"],"picked":"SKIP","floor":30},{"not_picked":["Lockon+1","Leap"],"picked":"Streamline+1","floor":31},{"not_picked":["Machine Learning","Thunder Strike+1"],"picked":"Seek","floor":33},{"not_picked":["Cold Snap+1","jedi:blockon+1"],"picked":"Gash+1","floor":35},{"not_picked":["Cold Snap+1","Compile Driver+1","Ball Lightning+1"],"picked":"SKIP","floor":37},{"not_picked":["Ball Lightning+1","BasicCrystalCard"],"picked":"FTL+1","floor":38},{"not_picked":["ReplayTheSpireMod:Reroute Power","Crystallizer"],"picked":"FTL+1","floor":44},{"not_picked":["Biased Cognition","Conserve Battery+1"],"picked":"Beam Cell+1","floor":45},{"not_picked":["Steam","Compile Driver+1"],"picked":"Gash+1","floor":46},{"not_picked":["Rebound+1","ReplayRNGCard"],"picked":"ReplayGash+1","floor":47}],"player_experience":483361,"relics_obtained":[{"floor":6.0,"key":"hubris:Metronome"},{"floor":8.0,"key":"hubris:FunFungus"},{"floor":9.0,"key":"Darkstone Periapt"},{"floor":10.0,"key":"Blood Vial"},{"floor":13.0,"key":"halation:EternalFortune"},{"floor":13.0,"key":"Nunchaku"},{"floor":14.0,"key":"halation:EternalFortune"},{"floor":24,"key":"hubris:SlimyHat"},{"floor":26,"key":"HornCleat"},{"floor":28,"key":"Nilry\u0027s Codex"},{"floor":43,"key":"Pantograph"},{"floor":46,"key":"halation:QuantumPhysicsTextbook"}],"event_choices":[{"damage_healed":0.0,"max_hp_gain":0.0,"max_hp_loss":0.0,"gold_gain":0.0,"event_name":"Addict","player_choice":"Obtained Relic","floor":20.0,"gold_loss":85.0,"damage_taken":0.0,"relics_obtained":["vexMod:MemoryStick"]},{"damage_healed":0,"gold_gain":0,"player_choice":"Obtained Book","damage_taken":16,"max_hp_gain":0,"max_hp_loss":0,"event_name":"Cursed Tome","floor":28,"gold_loss":0},{"damage_healed":0,"gold_gain":0,"player_choice":"Max HP","damage_taken":0,"max_hp_gain":0,"max_hp_loss":5,"event_name":"Winding Halls","floor":36,"gold_loss":0},{"damage_healed":0,"gold_gain":0,"player_choice":"Fight","damage_taken":0,"max_hp_gain":0,"max_hp_loss":0,"event_name":"Mysterious Sphere","floor":46,"gold_loss":0}],"is_beta":false,"boss_relics":[{"not_picked":["jedi:battlestandard","aspiration:BursterCore"],"picked":"vexMod:FluxCapacitor"},{"not_picked":["aspiration:WatcherSkillbook","Runic Pyramid"],"picked":"construct:ClawGrip"}],"items_purged_floors":[39],"is_endless":false,"potions_floor_spawned":[1,6,10,12,16,18,21,27,31,33,44,45,46],"ascension_level":1}}