{"host":"95780gohsonvnbsu","time":1607819726,"event":{"mods":["Aspiration","BaseMod","Better Match","Better Note","Better Sensory Stone","Colored Map","Conspire","Downfall","Hubris","Infinite Spire","Minty Spire (QoL Compilation)","StSLib","slay the spire mod where everything is the same but ironclad has a cowboy hat"],"gold_per_floor":[13,13,24,44,44,79,93,93,93,93,124,124,142,154,154,250,250,267,267,287,287,202,202,202,229,229,244,254,272,272,297,297,400,400,415,432,83,83,83,83,96,96,96,107,118,118,130,147,147,147],"floor_reached":51,"playtime":2376,"items_purged":[],"score":706,"play_id":"9f733a7e-24e4-4f2e-9d00-5b76ca44f8f5","local_time":"20201212193526","is_ascension_mode":false,"campfire_choices":[{"data":"Consume","floor":10,"key":"SMITH"},{"data":"Loop","floor":12,"key":"SMITH"},{"data":"Genetic Algorithm","floor":15,"key":"SMITH"},{"data":"infinitespire:Oblivion","floor":23,"key":"SMITH"},{"data":"White Noise","floor":30,"key":"SMITH"},{"data":"Multi-Cast","floor":32,"key":"SMITH"},{"data":"Biased Cognition","floor":40,"key":"SMITH"},{"data":"Redo","floor":42,"key":"SMITH"},{"data":"Dualcast","floor":46,"key":"SMITH"},{"data":"Zap","floor":49,"key":"SMITH"}],"circlet_count":0,"master_deck":["Strike_B+1","Strike_B+1","Defend_B","Defend_B","Zap+1","Dualcast+1","Self Repair","Consume+1","Genetic Algorithm+1","White Noise+1","Cold Snap","Loop+1","Cold Snap","Multi-Cast+1","infinitespire:Oblivion+1","Biased Cognition+1","Redo+1","infinitespire:Oblivion+1","Blizzard+1"],"relics":["Cracked Core","infinitespire:Freezer","aspiration:DSix","hubris:Towel","conspire:BottledYoYo","Whetstone","Empty Cage","conspire:Dentures","Symbiotic Virus","Bottled Flame","Ornamental Fan","Bag of Preparation","aspiration:RitualDagger","Lee\u0027s Waffle","hubris:TenFootPole","hubris:DisguiseKit"],"acts_visited":["Exordium","TheCity","TheBeyond"],"potions_floor_usage":[6,11,16,27,33,50,50],"damage_taken":[{"damage":1,"enemies":"2 Louse","floor":1,"turns":3},{"damage":0,"enemies":"infinitespire:Voidling","floor":3,"turns":4},{"damage":0,"enemies":"conspire:RoseBush","floor":4,"turns":3},{"damage":29,"enemies":"3 Sentries","floor":6,"turns":10},{"damage":0,"enemies":"Blue Slaver","floor":7,"turns":5},{"damage":0,"enemies":"Lagavulin","floor":11,"turns":2},{"damage":3,"enemies":"Looter","floor":13,"turns":4},{"damage":0,"enemies":"Large Slime","floor":14,"turns":3},{"damage":32,"enemies":"The Guardian","floor":16,"turns":12},{"damage":6,"enemies":"Chosen","floor":18,"turns":6},{"damage":8,"enemies":"Spheric Guardian","floor":20,"turns":5},{"damage":24,"enemies":"Book of Stabbing","floor":25,"turns":4},{"damage":8,"enemies":"3 Cultists","floor":27,"turns":5},{"damage":8,"enemies":"Snake Plant","floor":28,"turns":4},{"damage":1,"enemies":"Cultist and Chosen","floor":29,"turns":7},{"damage":17,"enemies":"Automaton","floor":33,"turns":6},{"damage":15,"enemies":"3 Shapes","floor":35,"turns":6},{"damage":22,"enemies":"Orb Walker","floor":36,"turns":3},{"damage":21,"enemies":"Maw","floor":41,"turns":7},{"damage":31,"enemies":"Jaw Worm Horde","floor":44,"turns":5},{"damage":49,"enemies":"4 Shapes","floor":45,"turns":4},{"damage":15,"enemies":"Sphere and 2 Shapes","floor":47,"turns":5},{"damage":6,"enemies":"Jaw Worm Horde","floor":48,"turns":2},{"damage":108,"enemies":"conspire:OrnateMirror","floor":50,"turns":10}],"seed_played":"-5902798562741786401","potions_obtained":[{"floor":1,"key":"infinitespire:BlackPotion"},{"floor":4,"key":"GamblersBrew"},{"floor":14,"key":"Block Potion"},{"floor":16,"key":"ColorlessPotion"},{"floor":20,"key":"GamblersBrew"},{"floor":25,"key":"AttackPotion"},{"floor":27,"key":"GamblersBrew"},{"floor":29,"key":"ColorlessPotion"},{"floor":35,"key":"Block Potion"},{"floor":47,"key":"LiquidBronze"}],"is_trial":false,"path_per_floor":["M","?","M","M","$","E","M","?","T","R","E","R","M","M","R","B",null,"M","?","M","AVR","?","R","T","E","T","M","M","M","R","T","R","B",null,"M","M","$","?","?","R","M","R","T","M","M","R","M","M","R","B",null],"character_chosen":"DEFECT","items_purchased":["Lee\u0027s Waffle","hubris:TenFootPole","Redo"],"campfire_rested":0,"item_purchase_floors":[37,37,37],"current_hp_per_floor":[75,75,75,75,75,53,60,60,60,60,67,67,71,71,71,46,75,75,75,74,74,74,74,74,57,57,49,48,61,61,61,61,51,75,67,45,82,82,82,82,61,61,61,44,82,82,82,82,82,32],"gold":147,"neow_bonus":"TRANSFORM_TWO_CARDS","is_daily":false,"chose_seed":false,"campfire_upgraded":10,"win_rate":0.0,"timestamp":1607819726,"path_taken":["M","?","M","?","$","E","M","?","T","R","E","R","M","M","R","BOSS","M","?","M","AVR","?","R","?","E","T","M","M","M","R","?","R","BOSS","M","M","$","?","?","R","M","R","T","M","M","R","M","M","R","BOSS"],"items_purchased_type":["Relic","Relic","Card"],"build_version":"2020-11-30","purchased_purges":0,"victory":true,"max_hp_per_floor":[75,75,75,75,75,75,75,75,75,75,75,75,75,75,75,75,75,75,75,75,75,75,75,75,75,75,75,75,75,75,75,75,75,75,75,75,82,82,82,82,82,82,82,82,82,82,82,82,82,82],"card_choices":[{"not_picked":["Beam Cell","Go for the Eyes"],"picked":"Consume","floor":1},{"not_picked":["Steam","Sunder"],"picked":"Genetic Algorithm","floor":3},{"not_picked":["Sunder","Doom and Gloom"],"picked":"White Noise","floor":4},{"not_picked":["Compile Driver","Skim"],"picked":"Cold Snap","floor":6},{"not_picked":["Chill","Redo"],"picked":"Loop","floor":7},{"not_picked":["Hyperbeam","Aggregate","Barrage"],"picked":"SKIP","floor":11},{"not_picked":["White Noise","Sweeping Beam"],"picked":"Cold Snap","floor":13},{"not_picked":["Skim","conspire:SharedLibrary","Sunder"],"picked":"SKIP","floor":14},{"not_picked":["hubris:DoWhile","Thunder Strike"],"picked":"Multi-Cast","floor":16},{"not_picked":["Steam Power","Barrage","Leap"],"picked":"SKIP","floor":18},{"not_picked":["Auto Shields+1","Lockon","Gash+1"],"picked":"SKIP","floor":20},{"not_picked":["Hologram","Creative AI","Amplify"],"picked":"SKIP","floor":25},{"not_picked":["Barrage+1","All For One","Chaos"],"picked":"SKIP","floor":27},{"not_picked":["Streamline+1","conspire:Rain","Steam Power"],"picked":"SKIP","floor":28},{"not_picked":["Turbo+1","Beam Cell+1","Steam+1"],"picked":"SKIP","floor":29},{"not_picked":["Creative AI","Machine Learning"],"picked":"Biased Cognition","floor":33},{"not_picked":["Recycle+1","Tempest","Stack"],"picked":"SKIP","floor":35},{"not_picked":["Skim+1","Scrape","Reprogram"],"picked":"SKIP","floor":36},{"not_picked":["BootSequence+1","Leap+1","Genetic Algorithm"],"picked":"SKIP","floor":41},{"not_picked":["Beam Cell+1","Biased Cognition","Gash","Guardian:RefractedBeam"],"picked":"SKIP","floor":44},{"not_picked":["Rebound+1","Hello World+1","Streamline+1","Guardian:RollAttack"],"picked":"SKIP","floor":45},{"not_picked":["Sweeping Beam+1","Leap+1","Guardian:VentSteam"],"picked":"Blizzard+1","floor":47},{"not_picked":["Cold Snap+1","Recycle","Undo+1","Guardian:SpikerProtocol"],"picked":"SKIP","floor":48}],"player_experience":310011,"relics_obtained":[{"floor":6,"key":"aspiration:DSix"},{"floor":9,"key":"conspire:BottledYoYo"},{"floor":11,"key":"Whetstone"},{"floor":24,"key":"Symbiotic Virus"},{"floor":25,"key":"Bottled Flame"},{"floor":26,"key":"Ornamental Fan"},{"floor":31,"key":"Bag of Preparation"},{"floor":43,"key":"hubris:DisguiseKit"}],"event_choices":[{"cards_removed":["Self Repair"],"damage_healed":0,"gold_gain":0,"player_choice":"Gave Card","damage_taken":0,"relics_obtained":["infinitespire:Freezer"],"max_hp_gain":0,"max_hp_loss":0,"event_name":"WeMeetAgain","floor":2,"gold_loss":0},{"damage_healed":0,"gold_gain":0,"player_choice":"Ignored","damage_taken":0,"max_hp_gain":0,"max_hp_loss":0,"event_name":"betterNote:BetterNote","floor":19,"gold_loss":0,"cards_obtained":["Envenom"]},{"damage_healed":0,"gold_gain":0,"player_choice":"Obtained Relic","damage_taken":0,"relics_obtained":["conspire:Dentures"],"max_hp_gain":0,"max_hp_loss":0,"event_name":"Addict","floor":22,"gold_loss":85},{"damage_healed":0,"gold_gain":0,"player_choice":"Copied","damage_taken":0,"max_hp_gain":0,"max_hp_loss":0,"event_name":"Duplicator","floor":39,"gold_loss":0,"cards_obtained":["infinitespire:Oblivion"]}],"is_beta":false,"boss_relics":[{"not_picked":["hubris:CrackedHourglass","hubris:VirtuousBlindfold"],"picked":"Empty Cage"},{"not_picked":["conspire:SlowCooker","hubris:HollowSoul"],"picked":"aspiration:RitualDagger"}],"items_purged_floors":[],"is_endless":false,"potions_floor_spawned":[1,4,14,16,20,25,27,29,35,36,45,47],"ascension_level":0}}