{"host":"ishme5wb80o83upk","time":1607902612,"event":{"mods":["BaseMod","BetterRewards","Minty Spire (QoL Compilation)","StSLib","WarShipGirlsR/??á´Ò³R mod"],"gold_per_floor":[11,11,11,11,28,63,63,88,88,106,106,106,131,131,131,205,205,218,230,230,63,76,106,106,119,143,143,169,183,212,137,137,210,210,224,236,236,136,136,168,168,186,232,263,280,335,210,242,242,242,242,242,242,92,122,122],"floor_reached":57,"playtime":2710,"items_purged":["rmod:defend","rmod:garrisonisland+1","rmod:strick+1","rmod:strick+1"],"score":3553,"play_id":"d2f60fde-78dc-4edf-a8d9-2c84bdf1e110","local_time":"20201214083652","is_ascension_mode":true,"campfire_choices":[{"data":"rmod:royalracing","floor":7.0,"key":"SMITH"},{"data":"rmod:maingunfire","floor":11.0,"key":"SMITH"},{"data":"rmod:goodfighter","floor":15.0,"key":"SMITH"},{"data":"rmod:steelsupply","floor":24.0,"key":"SMITH"},{"data":"rmod:expeditionaryescort","floor":27.0,"key":"SMITH"},{"data":"rmod:basicallowance","floor":32.0,"key":"SMITH"},{"floor":41.0,"key":"RECALL"},{"data":"Madness","floor":49.0,"key":"SMITH"},{"data":"rmod:ridicule","floor":53.0,"key":"SMITH"}],"circlet_count":0,"master_deck":["AscendersBane","rmod:basicallowance+1","rmod:maingunfire+1","rmod:royalracing+1","rmod:goodfighter+1","rmod:guardianhero","rmod:acesubmarine+1","rmod:tearstotiara+1","rmod:ridicule+1","rmod:guardianhero","rmod:expeditionaryescort+1","rmod:steelsupply+1","rmod:supportescort+1","rmod:overbreakdown+1","rmod:ridicule+1","rmod:overbreakdown+1","Madness+1","Madness","rmod:firesupport+1","rmod:mineteam","rmod:diaomin+1"],"relics":["rmod:firstchargereward","rmod:equipmentrecovery","HornCleat","Eternal Feather","Molten Egg 2","Bottled Lightning","Orichalcum","Astrolabe","TheAbacus","Gambling Chip","Bronze Scales","Shuriken","CaptainsWheel","Sozu","Bottled Tornado","PreservedInsect","Toy Ornithopter","Lizard Tail","Art of War","Oddly Smooth Stone"],"acts_visited":["Exordium","TheCity","TheBeyond","TheEnding"],"potions_floor_usage":[],"damage_taken":[{"damage":0.0,"enemies":"Small Slimes","floor":1.0,"turns":3.0},{"damage":1.0,"enemies":"2 Louse","floor":5.0,"turns":3.0},{"damage":8.0,"enemies":"Gremlin Nob","floor":6.0,"turns":3.0},{"damage":3.0,"enemies":"3 Sentries","floor":8.0,"turns":5.0},{"damage":0.0,"enemies":"Cultist","floor":10.0,"turns":2.0},{"damage":0.0,"enemies":"Gremlin Nob","floor":13.0,"turns":3.0},{"damage":0.0,"enemies":"Slime Boss","floor":16.0,"turns":7.0},{"damage":0.0,"enemies":"Chosen","floor":18.0,"turns":1.0},{"damage":0.0,"enemies":"3 Byrds","floor":19.0,"turns":3.0},{"damage":0.0,"enemies":"Cultist and Chosen","floor":22.0,"turns":3.0},{"damage":15.0,"enemies":"Slavers","floor":23.0,"turns":4.0},{"damage":0.0,"enemies":"Sentry and Sphere","floor":25.0,"turns":3.0},{"damage":0.0,"enemies":"Gremlin Leader","floor":28.0,"turns":3.0},{"damage":0.0,"enemies":"Snake Plant","floor":29.0,"turns":2.0},{"damage":0.0,"enemies":"Book of Stabbing","floor":30.0,"turns":3.0},{"damage":19.0,"enemies":"Collector","floor":33.0,"turns":10.0},{"damage":0.0,"enemies":"Orb Walker","floor":35.0,"turns":1.0},{"damage":0.0,"enemies":"3 Darklings","floor":36.0,"turns":2.0},{"damage":0.0,"enemies":"Giant Head","floor":40.0,"turns":3.0},{"damage":0.0,"enemies":"Jaw Worm Horde","floor":42.0,"turns":2.0},{"damage":0.0,"enemies":"Nemesis","floor":44.0,"turns":3.0},{"damage":0.0,"enemies":"Maw","floor":45.0,"turns":3.0},{"damage":0.0,"enemies":"2 Orb Walkers","floor":46.0,"turns":2.0},{"damage":0.0,"enemies":"Giant Head","floor":48.0,"turns":2.0},{"damage":0.0,"enemies":"Time Eater","floor":50.0,"turns":4.0},{"damage":0.0,"enemies":"Awakened One","floor":51.0,"turns":6.0},{"damage":0.0,"enemies":"Shield and Spear","floor":55.0,"turns":2.0},{"damage":8,"enemies":"The Heart","floor":56,"turns":5}],"seed_played":"5448277453134644699","potions_obtained":[{"floor":1.0,"key":"LiquidBronze"},{"floor":6.0,"key":"EntropicBrew"},{"floor":8.0,"key":"SkillPotion"},{"floor":10.0,"key":"FairyPotion"},{"floor":16.0,"key":"FairyPotion"},{"floor":29.0,"key":"EntropicBrew"}],"is_trial":false,"path_per_floor":["M","?","?","?","M","E","R","E","T","M","R","T","E","?","R","B",null,"M","M","?","$","M","E","R","M","T","R","E","M","E","$","R","B",null,"M","M","?","$","?","E","R","M","T","E","M","?","$","E","R","B","B",null,"R","$","E","B",null],"character_chosen":"PRAEFECT","items_purchased":["TheAbacus"],"campfire_rested":0,"item_purchase_floors":[21],"current_hp_per_floor":[63,42,42,42,41,33,33,30,30,30,36,36,36,10,16,16,57,57,57,57,57,57,42,51,51,51,60,60,60,60,60,69,50,65,65,65,55,55,42,42,54,54,54,54,54,54,54,54,66,66,66,69,70,70,70,62],"gold":122,"neow_bonus":"TRANSFORM_TWO_CARDS","is_daily":false,"chose_seed":false,"campfire_upgraded":8,"win_rate":0.0,"timestamp":1607902612,"path_taken":["M","?","?","?","?","E","R","E","T","M","R","?","E","?","R","BOSS","M","M","?","$","?","E","R","M","T","R","E","M","E","$","R","BOSS","M","?","?","$","?","E","R","M","T","E","M","?","?","E","R","BOSS","BOSS","R","$","E","BOSS"],"items_purchased_type":["Relic"],"build_version":"2020-11-30","purchased_purges":4,"victory":true,"max_hp_per_floor":[70,70,70,70,70,70,70,70,70,70,70,70,70,70,70,70,70,70,70,70,70,70,70,70,70,70,70,70,70,70,70,70,70,70,70,70,70,70,70,70,70,70,70,70,70,70,70,70,70,70,70,70,70,70,70,70],"card_choices":[{"not_picked":["rmod:punchline","rmod:combined","rmod:highspeedshooting"],"picked":"SKIP","floor":1.0},{"not_picked":["rmod:selfconfidence","rmod:fletcherpendant","rmod:firesupport"],"picked":"SKIP","floor":5.0},{"not_picked":["rmod:aluminumsupply","rmod:lastglory","rmod:spoils"],"picked":"SKIP","floor":6.0},{"not_picked":["rmod:punchline","rmod:sl","rmod:tearstotiara"],"picked":"SKIP","floor":8.0},{"not_picked":["rmod:goodfighter","rmod:victimresponsibility","rmod:aluminumsupply"],"picked":"SKIP","floor":10.0},{"not_picked":["rmod:slowdown","rmod:aviationdawn"],"picked":"rmod:guardianhero","floor":13.0},{"not_picked":["rmod:windflower","rmod:supriseattacks"],"picked":"rmod:acesubmarine+1","floor":16.0},{"not_picked":["rmod:bulid","rmod:rockthrower+1"],"picked":"rmod:guardianhero","floor":18.0},{"not_picked":["rmod:garrisonisland+1","rmod:aviationdawn","rmod:concentratefire+1"],"picked":"SKIP","floor":19.0},{"not_picked":[],"picked":"rmod:expeditionaryescort","floor":20.0},{"not_picked":["rmod:goodsister","rmod:guardianhero","rmod:aviationdawn"],"picked":"SKIP","floor":22.0},{"not_picked":["rmod:highspeedshooting+1","rmod:intelligenceanalysis+1"],"picked":"rmod:steelsupply","floor":23.0},{"not_picked":["rmod:combined+1","rmod:bulid","rmod:shuttlebombing"],"picked":"SKIP","floor":25.0},{"not_picked":["rmod:bulid","rmod:fletcher+1"],"picked":"rmod:supportescort+1","floor":28.0},{"not_picked":["rmod:aggressivemary+1","rmod:aluminumsupply"],"picked":"rmod:overbreakdown+1","floor":29.0},{"not_picked":["rmod:openingtorpedo+1","rmod:goodsister","rmod:circuitoustactics+1"],"picked":"SKIP","floor":30.0},{"not_picked":["rmod:supriseattacks","rmod:acesubmarine+1"],"picked":"rmod:ridicule","floor":33.0},{"not_picked":["rmod:fletcherpendant+1","rmod:bulid"],"picked":"rmod:overbreakdown+1","floor":35.0},{"not_picked":["rmod:spoils","rmod:overbreakdown","rmod:openingtorpedo+1"],"picked":"SKIP","floor":36.0},{"not_picked":["rmod:gendarmerie","rmod:steelsupply"],"picked":"rmod:firesupport+1","floor":40.0},{"not_picked":["rmod:maintain","rmod:supportaircraftcarrier+1"],"picked":"rmod:mineteam","floor":42.0},{"not_picked":["rmod:overbreakdown","rmod:luckystar+1","rmod:diamondstrike+1"],"picked":"SKIP","floor":44.0},{"not_picked":["rmod:aluminumsupply","rmod:salvage+1","rmod:wasp"],"picked":"SKIP","floor":45.0},{"not_picked":["rmod:unsinkable","rmod:timeschanged+1"],"picked":"rmod:diaomin+1","floor":48.0},{"not_picked":["rmod:wife","rmod:steelsupply","rmod:wolves+1"],"picked":"SKIP","floor":55.0}],"player_experience":1137827,"relics_obtained":[{"floor":6.0,"key":"HornCleat"},{"floor":8.0,"key":"Eternal Feather"},{"floor":12.0,"key":"Molten Egg 2"},{"floor":13.0,"key":"Bottled Lightning"},{"floor":23.0,"key":"Gambling Chip"},{"floor":26.0,"key":"Bronze Scales"},{"floor":28.0,"key":"Shuriken"},{"floor":30.0,"key":"CaptainsWheel"},{"floor":40.0,"key":"Bottled Tornado"},{"floor":43.0,"key":"PreservedInsect"},{"floor":44.0,"key":"Toy Ornithopter"},{"floor":46.0,"key":"Lizard Tail"},{"floor":48.0,"key":"Art of War"},{"floor":55.0,"key":"Oddly Smooth Stone"}],"event_choices":[{"damage_healed":0.0,"max_hp_gain":0.0,"max_hp_loss":0.0,"gold_gain":0.0,"event_name":"Shining Light","player_choice":"Entered Light","floor":2.0,"gold_loss":0.0,"damage_taken":21.0,"cards_upgraded":["rmod:strick","rmod:strick"]},{"damage_healed":0.0,"max_hp_gain":0.0,"max_hp_loss":0.0,"gold_gain":0.0,"event_name":"Liars Game","player_choice":"Ignored","floor":3.0,"gold_loss":0.0,"damage_taken":0.0},{"damage_healed":0.0,"max_hp_gain":0.0,"max_hp_loss":0.0,"gold_gain":0.0,"event_name":"WeMeetAgain","player_choice":"Gave Potion","floor":4.0,"gold_loss":0.0,"damage_taken":0.0,"relics_obtained":["rmod:equipmentrecovery"]},{"damage_healed":0.0,"max_hp_gain":0.0,"max_hp_loss":0.0,"gold_gain":0.0,"event_name":"Scrap Ooze","player_choice":"Success","floor":14.0,"gold_loss":0.0,"damage_taken":26.0,"relics_obtained":["Orichalcum"]},{"damage_healed":0.0,"max_hp_gain":0.0,"max_hp_loss":0.0,"gold_gain":0.0,"event_name":"SensoryStone","player_choice":"Memory 3","floor":37.0,"gold_loss":0.0,"damage_taken":10.0},{"damage_healed":0.0,"max_hp_gain":0.0,"max_hp_loss":0.0,"gold_gain":0.0,"event_name":"Winding Halls","player_choice":"Embrace Madness","floor":39.0,"gold_loss":0.0,"damage_taken":13.0,"cards_obtained":["Madness","Madness"]},{"damage_healed":0.0,"max_hp_gain":0.0,"max_hp_loss":0.0,"gold_gain":0.0,"event_name":"Mysterious Sphere","player_choice":"Fight","floor":46.0,"gold_loss":0.0,"damage_taken":0.0}],"is_beta":false,"boss_relics":[{"not_picked":["Runic Pyramid","Tiny House"],"picked":"Astrolabe"},{"not_picked":["Snecko Eye","Black Star"],"picked":"Sozu"}],"items_purged_floors":[31,38,47,54],"is_endless":false,"potions_floor_spawned":[1,6,8,10,16,22,23,29,33,35,36,45,55],"ascension_level":20}}