{"host":"jkgg7n5hn1slsm35","time":1607854552,"event":{"mods":["Aspiration","BaseMod","BetterRewards","Conspire","Googly Eyes","Gremlin Skip","Halation","Highlight Path","Hubris","Infinite Spire","Minty Spire (QoL Compilation)","Permanent Neow","StSLib","SuperFastMode","vexMod"],"gold_per_floor":[109,109,121,1,1,1,14,43,43,62,62,35,35,45,45,145,145,155,167,167,167,181,181,181,181,181,181,181,181,210,224,224,320,320,335,335,345,345,345],"floor_reached":40,"playtime":1499,"items_purged":["Strike_B","Strike_B","Strike_B"],"score":652,"play_id":"31100278-0b89-49b9-afed-f3052d2306a7","local_time":"20201213111552","is_ascension_mode":false,"campfire_choices":[{"data":"White Noise","floor":6,"key":"SMITH"},{"data":"Zap","floor":11,"key":"SMITH"},{"data":"Sweeping Beam","floor":13,"key":"SMITH"},{"data":"Defragment","floor":15,"key":"SMITH"},{"data":"infinitespire:Oblivion","floor":23,"key":"SMITH"},{"floor":29,"key":"REST"},{"data":"Capacitor","floor":32,"key":"SMITH"}],"circlet_count":0,"master_deck":["Strike_B","Defend_B","Defend_B","Defend_B","Defend_B","Zap+1","Dualcast","Sweeping Beam+1","White Noise+1","Conserve Battery","Leap","FTL+1","Sweeping Beam+1","Defragment+1","Leap+1","Streamline+1","infinitespire:Oblivion+1","Sweeping Beam+1","Capacitor+1","Echo Form+1","White Noise+1","White Noise"],"relics":["Cracked Core","NeowsBlessing","MealTicket","Lantern","halation:Prosthetics","infinitespire:Eraser","conspire:SpecialSausage","infinitespire:WardingShard","hubris:Towel","Meat on the Bone","vexMod:ImprovementManual","WingedGreaves","Inserter"],"acts_visited":["Exordium","TheCity","TheBeyond"],"potions_floor_usage":[39],"damage_taken":[{"damage":0,"enemies":"Small Slimes","floor":1,"turns":1},{"damage":0,"enemies":"2 Louse","floor":3,"turns":1},{"damage":0,"enemies":"Cultist","floor":7,"turns":1},{"damage":17,"enemies":"3 Sentries","floor":8,"turns":9},{"damage":0,"enemies":"Looter","floor":10,"turns":3},{"damage":0,"enemies":"2 Fungi Beasts","floor":14,"turns":2},{"damage":31,"enemies":"The Guardian","floor":16,"turns":11},{"damage":8,"enemies":"Spheric Guardian","floor":18,"turns":4},{"damage":0,"enemies":"Shell Parasite","floor":19,"turns":7},{"damage":14,"enemies":"Snake Plant","floor":22,"turns":5},{"damage":6,"enemies":"Book of Stabbing","floor":30,"turns":6},{"damage":0,"enemies":"Centurion and Healer","floor":31,"turns":6},{"damage":0,"enemies":"Champ","floor":33,"turns":11},{"damage":6,"enemies":"3 Shapes","floor":35,"turns":5},{"damage":4,"enemies":"Orb Walker","floor":37,"turns":4},{"damage":26,"enemies":"Time Eater","floor":39,"turns":11}],"seed_played":"-8511820830452681611","potions_obtained":[{"floor":1,"key":"LiquidBronze"},{"floor":8,"key":"LiquidBronze"},{"floor":14,"key":"SkillPotion"},{"floor":18,"key":"Strength Potion"}],"is_trial":false,"path_per_floor":["M","?","M","$","?","R","M","E","T","M","R","$","R","M","R","B",null,"M","M","AVR","?","M","R","?","?","T","?","?","R","E","M","R","B",null,"M","AVR","M","?","B",null],"character_chosen":"DEFECT","items_purchased":["Conserve Battery","Sweeping Beam"],"campfire_rested":1,"item_purchase_floors":[4,12],"current_hp_per_floor":[75,75,75,75,80,80,80,63,63,63,63,78,78,78,78,47,45,37,37,37,37,23,23,23,28,28,28,28,41,35,35,35,35,45,39,39,35,35,21],"gold":345,"neow_bonus":"THREE_ENEMY_KILL","is_daily":false,"chose_seed":false,"campfire_upgraded":6,"win_rate":0.0,"timestamp":1607854552,"path_taken":["M","?","M","$","?","R","M","E","T","M","R","$","R","M","R","BOSS","M","M","AVR","?","?","R","?","?","T","?","?","R","E","M","R","BOSS","M","AVR","M","?","BOSS"],"items_purchased_type":["Card","Card"],"build_version":"2020-11-30","purchased_purges":3,"victory":true,"max_hp_per_floor":[75,75,75,75,80,80,80,80,80,80,80,80,80,80,80,80,45,45,45,45,45,45,45,45,45,45,45,45,45,45,45,45,45,45,45,45,45,45,45],"card_choices":[{"not_picked":["Aggregate","Chill"],"picked":"Sweeping Beam","floor":1},{"not_picked":["Sweeping Beam","Ball Lightning"],"picked":"White Noise","floor":3},{"not_picked":["Barrage","Steam Power"],"picked":"Leap","floor":7},{"not_picked":["Rip and Tear","Leap"],"picked":"FTL","floor":8},{"not_picked":["Reprogram","Multi-Cast","Melter"],"picked":"SKIP","floor":10},{"not_picked":["Darkness","Scrape"],"picked":"Defragment","floor":14},{"not_picked":["Darkness","Go for the Eyes"],"picked":"Leap+1","floor":18},{"not_picked":["Doom and Gloom","Leap"],"picked":"Streamline","floor":19},{"not_picked":["Turbo","conspire:SharedLibrary","Rip and Tear"],"picked":"SKIP","floor":22},{"not_picked":["Hologram","Turbo"],"picked":"Sweeping Beam","floor":30},{"not_picked":["conspire:SharedLibrary","Hello World"],"picked":"Capacitor","floor":31},{"not_picked":["All For One","Rainbow"],"picked":"Echo Form","floor":33},{"not_picked":["Leap+1","Glacier+1"],"picked":"White Noise+1","floor":35},{"not_picked":["Heatsinks+1","Ball Lightning+1"],"picked":"White Noise","floor":37}],"player_experience":1746665,"relics_obtained":[{"floor":8,"key":"MealTicket"},{"floor":9,"key":"Lantern"},{"floor":26,"key":"infinitespire:WardingShard"},{"floor":30,"key":"Meat on the Bone"}],"event_choices":[{"damage_healed":0,"gold_gain":0,"player_choice":"Fled","damage_taken":0,"max_hp_gain":0,"max_hp_loss":0,"event_name":"Scrap Ooze","floor":2,"gold_loss":0},{"damage_healed":0,"gold_gain":0,"player_choice":"Donut","damage_taken":0,"max_hp_gain":5,"max_hp_loss":0,"event_name":"Big Fish","floor":5,"gold_loss":0},{"damage_healed":0,"gold_gain":0,"player_choice":"Got Potions","damage_taken":0,"max_hp_gain":0,"max_hp_loss":0,"event_name":"Lab","floor":21,"gold_loss":0},{"damage_healed":0,"gold_gain":0,"player_choice":"Ignored","damage_taken":0,"max_hp_gain":0,"max_hp_loss":0,"event_name":"Cursed Tome","floor":24,"gold_loss":0},{"damage_healed":0,"gold_gain":0,"player_choice":"Ignored","damage_taken":0,"max_hp_gain":0,"max_hp_loss":0,"event_name":"NoteForYourself","floor":28,"gold_loss":0},{"damage_healed":0,"gold_gain":0,"player_choice":"Took Portal","damage_taken":0,"max_hp_gain":0,"max_hp_loss":0,"event_name":"SecretPortal","floor":38,"gold_loss":0}],"is_beta":false,"boss_relics":[{"not_picked":["aspiration:BursterCore","halation:PinkAlligatorPlush"],"picked":"halation:Prosthetics"},{"not_picked":["conspire:RunicOctahedron","hubris:CrackedHourglass"],"picked":"vexMod:ImprovementManual"}],"items_purged_floors":[4,20,36],"is_endless":false,"potions_floor_spawned":[1,8,14,16,18,22,31,37],"ascension_level":0}}