{"host":"9tzam4717zt8ei1o","time":1607829194,"event":{"mods":["BaseMod","Colored Map","Keyboard Shortcuts","Minty Spire (QoL Compilation)","Quick Restart","StSLib","SuperFastMode"],"gold_per_floor":[118,118,1,19,35,35,49,49,75,75,85,119,129,162,162,262,262,280,280,50,62,76,76,87,115,141,141,19,49,49,49,49,144,144,162,180,180,15,15,15,40,40,93,93,122,70,86,18,18,18],"floor_reached":51,"playtime":1834,"items_purged":["Strike_G+1","Strike_G+1","Defend_G+1"],"score":1206,"play_id":"e66d3999-167b-4fea-99d7-27c3dfe396f7","local_time":"20201213121314","is_ascension_mode":true,"campfire_choices":[{"data":"Bouncing Flask","floor":6.0,"key":"SMITH"},{"data":"Footwork","floor":8.0,"key":"SMITH"},{"data":"Neutralize","floor":10.0,"key":"SMITH"},{"data":"Catalyst","floor":15.0,"key":"SMITH"},{"floor":23.0,"key":"REST"},{"floor":32,"key":"REST"},{"data":"Adrenaline","floor":40,"key":"SMITH"},{"data":"Acrobatics","floor":42,"key":"SMITH"},{"floor":49,"key":"REST"}],"circlet_count":0,"master_deck":["Defend_G+1","Defend_G+1","Defend_G+1","Defend_G+1","Survivor","Neutralize+1","Bouncing Flask+1","Footwork+1","Blur","Flying Knee","Backflip","Catalyst+1","Blur","Corpse Explosion","Outmaneuver+1","Masterful Stab+1","Blur","Acrobatics+1","Deflect","Adrenaline+1","Footwork+1","Riddle With Holes","Calculated Gamble+1","Well Laid Plans+1"],"relics":["Ring of the Snake","Art of War","Orichalcum","Juzu Bracelet","Whetstone","Astrolabe","Omamori","Gremlin Horn","Blood Vial","TungstenRod","Calling Bell","Regal Pillow","Frozen Egg 2","Bird Faced Urn","Mercury Hourglass","Nunchaku","Pen Nib"],"acts_visited":["Exordium","TheCity","TheBeyond"],"potions_floor_usage":[35,41,50,50,50,50,50,50],"damage_taken":[{"damage":0.0,"enemies":"Small Slimes","floor":1.0,"turns":3.0},{"damage":0.0,"enemies":"Cultist","floor":4.0,"turns":4.0},{"damage":0.0,"enemies":"2 Louse","floor":5.0,"turns":3.0},{"damage":3.0,"enemies":"Blue Slaver","floor":7.0,"turns":4.0},{"damage":1.0,"enemies":"Large Slime","floor":11.0,"turns":7.0},{"damage":7.0,"enemies":"Lagavulin","floor":12.0,"turns":7.0},{"damage":23.0,"enemies":"Gremlin Gang","floor":13.0,"turns":7.0},{"damage":0.0,"enemies":"3 Sentries","floor":14.0,"turns":15.0},{"damage":33.0,"enemies":"Slime Boss","floor":16.0,"turns":11.0},{"damage":0.0,"enemies":"Chosen","floor":18.0,"turns":4.0},{"damage":0.0,"enemies":"Spheric Guardian","floor":21.0,"turns":3.0},{"damage":44.0,"enemies":"Cultist and Chosen","floor":22.0,"turns":8.0},{"damage":3.0,"enemies":"Chosen and Byrds","floor":24.0,"turns":8.0},{"damage":5.0,"enemies":"Gremlin Leader","floor":25.0,"turns":5.0},{"damage":6,"enemies":"Book of Stabbing","floor":29,"turns":9},{"damage":8,"enemies":"Automaton","floor":33,"turns":16},{"damage":0,"enemies":"3 Darklings","floor":35,"turns":5},{"damage":6,"enemies":"Orb Walker","floor":36,"turns":5},{"damage":15,"enemies":"Reptomancer","floor":41,"turns":10},{"damage":0,"enemies":"Nemesis","floor":45,"turns":9},{"damage":17,"enemies":"4 Shapes","floor":47,"turns":3},{"damage":0,"enemies":"Awakened One","floor":50,"turns":20}],"seed_played":"-8713201331229665799","potions_obtained":[{"floor":7.0,"key":"SkillPotion"},{"floor":11.0,"key":"EssenceOfSteel"},{"floor":13.0,"key":"Dexterity Potion"},{"floor":14.0,"key":"Energy Potion"},{"floor":16.0,"key":"EssenceOfSteel"},{"floor":22.0,"key":"Ancient Potion"},{"floor":24.0,"key":"Poison Potion"},{"floor":29,"key":"EntropicBrew"},{"floor":31,"key":"DistilledChaos"},{"floor":31,"key":"LiquidMemories"},{"floor":41,"key":"PowerPotion"}],"is_trial":false,"path_per_floor":["M","?","$","M","M","R","M","R","T","R","M","E","M","E","R","B",null,"M","?","$","M","M","R","M","E","T","?","$","E","$","?","R","B",null,"M","M","?","$","?","R","E","R","T","?","E","$","M","$","R","B",null],"character_chosen":"THE_SILENT","items_purchased":["Footwork","Blur","Omamori","Deflect","Footwork+1","Swift Potion","Well Laid Plans+1"],"campfire_rested":3,"item_purchase_floors":[3,3,20,28,38,46,48],"current_hp_per_floor":[63,70,70,70,70,70,67,67,67,67,66,59,36,36,36,3,53,53,53,53,53,9,30,27,22,22,22,22,18,18,18,39,33,61,65,63,63,63,63,63,54,54,54,54,60,60,49,49,70,70],"gold":18,"neow_bonus":"RANDOM_COMMON_RELIC","is_daily":false,"chose_seed":false,"campfire_upgraded":6,"win_rate":0.0,"timestamp":1607829194,"path_taken":["M","?","?","M","M","R","M","R","T","R","M","E","M","E","R","BOSS","M","?","?","M","M","R","M","E","T","?","?","E","$","?","R","BOSS","M","M","?","?","?","R","E","R","T","?","E","$","M","$","R","BOSS"],"items_purchased_type":["Card","Card","Relic","Card","Card","Potion","Card"],"build_version":"2020-11-30","purchased_purges":3,"victory":true,"max_hp_per_floor":[70,70,70,70,70,70,70,70,70,70,70,70,70,70,70,70,70,70,70,70,70,70,70,70,70,70,70,70,70,70,70,70,70,70,70,70,70,70,70,70,70,70,70,70,70,70,70,70,70,70],"card_choices":[{"not_picked":["Dagger Spray","Dagger Throw"],"picked":"Bouncing Flask","floor":1.0},{"not_picked":["Slice","Flying Knee","Outmaneuver"],"picked":"SKIP","floor":4.0},{"not_picked":["Slice","Outmaneuver"],"picked":"Flying Knee","floor":4.0},{"not_picked":["Poisoned Stab","Backstab"],"picked":"Backflip","floor":5.0},{"not_picked":["Underhanded Strike","Masterful Stab"],"picked":"Catalyst","floor":7.0},{"not_picked":["Cloak And Dagger","Skewer","Blade Dance"],"picked":"SKIP","floor":11.0},{"not_picked":["Deadly Poison","Outmaneuver"],"picked":"Blur","floor":12.0},{"not_picked":["Dagger Spray","Bouncing Flask","All Out Attack"],"picked":"SKIP","floor":13.0},{"not_picked":["Acrobatics","Flying Knee"],"picked":"Corpse Explosion","floor":14.0},{"not_picked":["Bane","Finisher+1","Outmaneuver+1"],"picked":"SKIP","floor":18.0},{"not_picked":["Dagger Throw","Acrobatics","Sucker Punch"],"picked":"SKIP","floor":21.0},{"not_picked":["Dagger Throw","Sucker Punch"],"picked":"Acrobatics","floor":21.0},{"not_picked":["Cloak And Dagger","Reflex","Flechettes"],"picked":"SKIP","floor":22.0},{"not_picked":["Dagger Throw+1","Quick Slash+1","Dash"],"picked":"SKIP","floor":24.0},{"not_picked":["Infinite Blades+1","Predator+1","Unload"],"picked":"SKIP","floor":25.0},{"not_picked":["Catalyst","Outmaneuver+1","Sucker Punch"],"picked":"SKIP","floor":29},{"not_picked":["Malaise","After Image"],"picked":"Adrenaline","floor":33},{"not_picked":["Dodge and Roll+1","Expertise","Slice"],"picked":"SKIP","floor":35},{"not_picked":["Distraction+1","Dagger Throw+1","Poisoned Stab+1"],"picked":"SKIP","floor":36},{"not_picked":["Masterful Stab+1","Blade Dance+1","Dagger Spray"],"picked":"SKIP","floor":41},{"not_picked":["Blade Dance","Dagger Throw+1","Accuracy+1"],"picked":"SKIP","floor":45},{"not_picked":["Bouncing Flask+1","Slice"],"picked":"Calculated Gamble+1","floor":47}],"player_experience":64091,"relics_obtained":[{"floor":9.0,"key":"Orichalcum"},{"floor":12.0,"key":"Juzu Bracelet"},{"floor":14.0,"key":"Whetstone"},{"floor":25.0,"key":"Gremlin Horn"},{"floor":26.0,"key":"Blood Vial"},{"floor":29,"key":"TungstenRod"},{"floor":34,"key":"Regal Pillow"},{"floor":34,"key":"Frozen Egg 2"},{"floor":34,"key":"Bird Faced Urn"},{"floor":41,"key":"Mercury Hourglass"},{"floor":43,"key":"Nunchaku"},{"floor":45,"key":"Pen Nib"}],"event_choices":[{"damage_healed":7.0,"max_hp_gain":0.0,"max_hp_loss":0.0,"gold_gain":0.0,"event_name":"Wheel of Change","player_choice":"Full Heal","floor":2.0,"gold_loss":0.0,"damage_taken":0.0},{"damage_healed":0.0,"max_hp_gain":0.0,"max_hp_loss":0.0,"gold_gain":0.0,"event_name":"Duplicator","player_choice":"Copied","floor":19.0,"gold_loss":0.0,"damage_taken":0.0,"cards_obtained":["Blur"]},{"damage_healed":0.0,"max_hp_gain":0.0,"max_hp_loss":0.0,"gold_gain":0.0,"event_name":"Back to Basics","player_choice":"Simplicity","floor":27.0,"gold_loss":0.0,"damage_taken":0.0,"cards_upgraded":["Defend_G","Defend_G","Defend_G","Defend_G","Defend_G"]},{"damage_healed":0,"gold_gain":0,"player_choice":"Got Potions","damage_taken":0,"max_hp_gain":0,"max_hp_loss":0,"event_name":"Lab","floor":31,"gold_loss":0},{"damage_healed":0,"gold_gain":0,"player_choice":"Cursed","damage_taken":0,"max_hp_gain":0,"max_hp_loss":0,"event_name":"Wheel of Change","floor":37,"gold_loss":0,"cards_obtained":["Decay"]},{"damage_healed":0,"gold_gain":0,"player_choice":"Memory 1","damage_taken":0,"max_hp_gain":0,"max_hp_loss":0,"event_name":"SensoryStone","floor":39,"gold_loss":0},{"damage_healed":0,"gold_gain":0,"cards_transformed":["Distraction"],"player_choice":"Transformed","damage_taken":0,"max_hp_gain":0,"max_hp_loss":0,"event_name":"Transmorgrifier","floor":44,"gold_loss":0,"cards_obtained":["Riddle With Holes"]}],"is_beta":false,"boss_relics":[{"not_picked":["Pandora\u0027s Box","Runic Pyramid"],"picked":"Astrolabe"},{"not_picked":["Velvet Choker","HoveringKite"],"picked":"Calling Bell"}],"items_purged_floors":[20,28,38],"is_endless":false,"potions_floor_spawned":[7,11,13,14,16,21,22,24,29,41,47],"ascension_level":8}}