{"host":"2461dio7vetlq1z3","time":1607897835,"event":{"mods":["AchievementEnabler","Aspiration","BaseMod","Hermit","Lobotomy","Minty Spire (QoL Compilation)","Relic Stats","Spicy Shops","StSLib","Waifu the Spire"],"gold_per_floor":[116,116,129,129,144,144,176,176,201,229,257,287,97,112,112,207,207,226,254,254,254,16,47,80,94,94,127,141,156,156,156,156,251,251,261,274,285,106,106,135,145,171,171,201,211,229,229,264,264,264,264,264,71,96,96],"floor_reached":56,"playtime":2370,"items_purged":["Strike_P","Defend_P"],"score":2240,"play_id":"5d61b4f3-63bd-4b0d-aa54-ef9ac59d1f55","local_time":"20201213231715","is_ascension_mode":true,"campfire_choices":[{"floor":15,"key":"RECALL"},{"floor":30,"key":"REST"},{"floor":32,"key":"REST"},{"floor":47,"key":"REST"},{"floor":49,"key":"REST"},{"floor":52,"key":"REST"}],"circlet_count":0,"master_deck":["AscendersBane","Defend_P","Defend_P","Eruption","Vigilance+1","MentalFortress","CutThroughFate+1","WheelKick","Underhanded Strike","Backflip+1","Die Die Die","WaveOfTheHand+1","Tantrum","BowlingBash","Fasting2+1","InnerPeace","Alpha","Wallop+1","WheelKick+1","Necronomicurse","Ragnarok","Protect+1","LessonLearned","Protect+1","Vault","DevaForm","Wallop+1","Fasting2+1","Swivel+1","DevaForm","Mayhem"],"relics":["Fusion Hammer","WingedGreaves","Vajra","aspiration:FrozenJewel","Bronze Scales","aspiration:HiddenCompartment","Snecko Eye","Red Mask","Necronomicon","Lantern","White Beast Statue","Question Card","Mummified Hand","Philosopher\u0027s Stone","Whetstone","aspiration:SeaSaltIceCream","aspiration:PoetsPen_weak","CloakClasp","aspiration:ChemicalBlood","Pantograph"],"acts_visited":["Exordium","TheCity","TheBeyond","TheEnding"],"potions_floor_usage":[19],"damage_taken":[{"damage":1,"enemies":"Jaw Worm","floor":1,"turns":5},{"damage":0,"enemies":"Small Slimes","floor":3,"turns":3},{"damage":0,"enemies":"2 Louse","floor":5,"turns":3},{"damage":7,"enemies":"Lagavulin","floor":7,"turns":7},{"damage":11,"enemies":"Gremlin Nob","floor":10,"turns":3},{"damage":3,"enemies":"Lagavulin","floor":11,"turns":6},{"damage":0,"enemies":"Large Slime","floor":14,"turns":3},{"damage":0,"enemies":"Slime Boss","floor":16,"turns":4},{"damage":0,"enemies":"Shell Parasite","floor":18,"turns":3},{"damage":12,"enemies":"Masked Bandits","floor":19,"turns":3},{"damage":0,"enemies":"Gremlin Leader","floor":23,"turns":2},{"damage":3,"enemies":"Book of Stabbing","floor":24,"turns":3},{"damage":0,"enemies":"Spheric Guardian","floor":25,"turns":1},{"damage":0,"enemies":"Gremlin Leader","floor":27,"turns":3},{"damage":0,"enemies":"Centurion and Healer","floor":28,"turns":1},{"damage":0,"enemies":"Snake Plant","floor":29,"turns":4},{"damage":0,"enemies":"Automaton","floor":33,"turns":5},{"damage":0,"enemies":"3 Darklings","floor":35,"turns":2},{"damage":0,"enemies":"3 Shapes","floor":36,"turns":2},{"damage":0,"enemies":"Transient","floor":37,"turns":6},{"damage":0,"enemies":"Reptomancer","floor":40,"turns":5},{"damage":0,"enemies":"Jaw Worm Horde","floor":41,"turns":6},{"damage":0,"enemies":"Nemesis","floor":42,"turns":3},{"damage":0,"enemies":"Reptomancer","floor":44,"turns":2},{"damage":0,"enemies":"Maw","floor":45,"turns":3},{"damage":0,"enemies":"Spire Growth","floor":46,"turns":2},{"damage":0,"enemies":"Giant Head","floor":48,"turns":1},{"damage":28,"enemies":"Time Eater","floor":50,"turns":4},{"damage":0,"enemies":"Shield and Spear","floor":54,"turns":2},{"damage":56,"enemies":"The Heart","floor":55,"turns":6}],"seed_played":"5232868251433279116","potions_obtained":[{"floor":1,"key":"SteroidPotion"},{"floor":5,"key":"Block Potion"},{"floor":11,"key":"Explosive Potion"},{"floor":23,"key":"FairyPotion"},{"floor":24,"key":"PowerPotion"},{"floor":29,"key":"FairyPotion"},{"floor":48,"key":"EntropicBrew"}],"is_trial":false,"path_per_floor":["M","?","M","?","M","?","E","R","T","E","E","?","$","M","R","B",null,"M","?","?","?","$","E","E","M","T","E","M","M","R","?","R","B",null,"M","M","M","$","?","E","M","E","T","E","M","M","R","E","R","B",null,"R","$","E","B",null],"character_chosen":"WATCHER","items_purchased":["Fasting2","Ragnarok","DevaForm","Wallop","Mayhem"],"campfire_rested":5,"item_purchase_floors":[13,22,38,38,53],"current_hp_per_floor":[64,64,64,57,57,57,50,50,50,39,36,36,36,36,36,36,63,63,51,35,35,35,35,32,32,32,32,32,32,53,53,72,72,72,72,72,72,72,72,72,72,72,72,72,72,72,72,72,72,44,65,72,72,72,16],"gold":96,"neow_bonus":"BOSS_RELIC","is_daily":false,"chose_seed":false,"campfire_upgraded":0,"win_rate":0.0,"timestamp":1607897835,"path_taken":["M","?","M","?","M","?","E","R","T","E","E","?","$","M","R","BOSS","M","?","?","?","$","E","E","?","T","E","M","M","R","?","R","BOSS","M","M","M","$","?","E","M","E","T","E","M","M","R","E","R","BOSS","R","$","E","BOSS"],"items_purchased_type":["Card","Card","Card","Card","Card"],"build_version":"2020-11-30","purchased_purges":2,"victory":true,"max_hp_per_floor":[72,72,72,72,72,72,72,72,72,72,72,72,72,72,72,72,72,72,72,72,72,72,72,72,72,72,72,72,72,72,72,72,72,72,72,72,72,72,72,72,72,72,72,72,72,72,72,72,72,72,72,72,72,72,72],"relic_stats":{"counters":[30,103],"Mummified Hand":[103],"Bronze Scales":[184],"Pantograph":0,"Snecko Eye":[129,160,132,170],"Necronomicon":[36],"CloakClasp":[55],"Whetstone":["CutThroughFate","Wallop"],"Question Card":17,"obtain_stats":[{"Lantern":23,"Vajra":9,"aspiration:PoetsPen_weak":42,"CloakClasp":44,"Whetstone":40,"aspiration:SeaSaltIceCream":42,"aspiration:HiddenCompartment":12,"Question Card":26,"aspiration:FrozenJewel":10,"White Beast Statue":24,"Mummified Hand":27,"Bronze Scales":11,"Pantograph":54,"Snecko Eye":17,"Philosopher\u0027s Stone":34,"Fusion Hammer":0,"WingedGreaves":7,"Red Mask":19,"Necronomicon":20,"PureWater":0,"aspiration:ChemicalBlood":48},{"Lantern":11,"Vajra":4,"aspiration:PoetsPen_weak":23,"CloakClasp":24,"Whetstone":21,"aspiration:SeaSaltIceCream":23,"aspiration:HiddenCompartment":6,"Question Card":13,"aspiration:FrozenJewel":5,"White Beast Statue":12,"Mummified Hand":14,"Bronze Scales":6,"Pantograph":29,"Snecko Eye":8,"Philosopher\u0027s Stone":17,"Fusion Hammer":0,"WingedGreaves":4,"Red Mask":10,"Necronomicon":10,"PureWater":0,"aspiration:ChemicalBlood":27},{"Lantern":42,"Vajra":18,"aspiration:PoetsPen_weak":83,"CloakClasp":85,"Whetstone":74,"aspiration:SeaSaltIceCream":83,"aspiration:HiddenCompartment":27,"Question Card":46,"aspiration:FrozenJewel":21,"White Beast Statue":45,"Mummified Hand":49,"Bronze Scales":27,"Pantograph":97,"Snecko Eye":34,"Philosopher\u0027s Stone":59,"Fusion Hammer":0,"WingedGreaves":18,"Red Mask":40,"Necronomicon":40,"PureWater":0,"aspiration:ChemicalBlood":91}]},"card_choices":[{"not_picked":["ForeignInfluence","Consecrate"],"picked":"MentalFortress","floor":1},{"not_picked":["Worship","SashWhip"],"picked":"CutThroughFate","floor":3},{"not_picked":["ThirdEye","Evaluate"],"picked":"WheelKick","floor":5},{"not_picked":["WindmillStrike","Worship"],"picked":"WaveOfTheHand","floor":7},{"not_picked":["CutThroughFate","ThirdEye"],"picked":"Tantrum","floor":10},{"not_picked":["FollowUp","Judgement"],"picked":"BowlingBash","floor":11},{"not_picked":["Prostrate","Halt"],"picked":"InnerPeace","floor":14},{"not_picked":["Scrawl","Devotion"],"picked":"Alpha","floor":16},{"not_picked":["DeceiveReality","Meditate+1"],"picked":"Wallop+1","floor":18},{"not_picked":["Prostrate+1","ClearTheMind"],"picked":"WheelKick+1","floor":19},{"not_picked":["EmptyBody+1","Crescendo"],"picked":"Protect","floor":23},{"not_picked":["Wireheading","Consecrate","FlyingSleeves"],"picked":"SKIP","floor":24},{"not_picked":["Halt+1","BowlingBash"],"picked":"LessonLearned","floor":25},{"not_picked":["EmptyBody","PathToVictory","Sanctity","Evaluate"],"picked":"SKIP","floor":27},{"not_picked":["PathToVictory","CutThroughFate+1","EmptyFist"],"picked":"Protect+1","floor":28},{"not_picked":["InnerPeace","Consecrate+1","Halt+1","Weave+1"],"picked":"SKIP","floor":29},{"not_picked":["Alpha","Judgement","Establishment"],"picked":"Vault","floor":33},{"not_picked":["CrushJoints+1","SashWhip+1","FlyingSleeves+1","PathToVictory+1"],"picked":"SKIP","floor":35},{"not_picked":["CarveReality","ClearTheMind","JustLucky+1","Prostrate+1"],"picked":"SKIP","floor":36},{"not_picked":["ClearTheMind+1","Vengeance+1","Prostrate","BowlingBash+1"],"picked":"SKIP","floor":37},{"not_picked":["LessonLearned","JustLucky","Crescendo+1"],"picked":"Swivel+1","floor":40},{"not_picked":["ThirdEye+1","JustLucky+1","EmptyFist","PathToVictory"],"picked":"SKIP","floor":41},{"not_picked":["JustLucky","Consecrate","Prostrate+1","LessonLearned"],"picked":"SKIP","floor":42},{"not_picked":["EmptyMind+1","Swivel","Evaluate+1"],"picked":"DevaForm","floor":44},{"not_picked":["BowlingBash+1","Swivel+1","ThirdEye","Prostrate+1"],"picked":"SKIP","floor":45},{"not_picked":["ThirdEye+1","ClearTheMind+1","Vengeance","BowlingBash+1"],"picked":"SKIP","floor":46},{"not_picked":["Adaptation","SandsOfTime","Prostrate","Consecrate+1"],"picked":"SKIP","floor":48},{"not_picked":["EmptyBody","Collect","Evaluate+1","BowlingBash"],"picked":"SKIP","floor":54}],"player_experience":701300,"relics_obtained":[{"floor":7,"key":"WingedGreaves"},{"floor":9,"key":"Vajra"},{"floor":10,"key":"aspiration:FrozenJewel"},{"floor":11,"key":"Bronze Scales"},{"floor":19,"key":"Red Mask"},{"floor":20,"key":"Necronomicon"},{"floor":23,"key":"Lantern"},{"floor":24,"key":"White Beast Statue"},{"floor":26,"key":"Question Card"},{"floor":27,"key":"Mummified Hand"},{"floor":40,"key":"Whetstone"},{"floor":42,"key":"aspiration:SeaSaltIceCream"},{"floor":44,"key":"CloakClasp"},{"floor":48,"key":"aspiration:ChemicalBlood"},{"floor":54,"key":"Pantograph"}],"event_choices":[{"damage_healed":0,"gold_gain":0,"player_choice":"Ignored","damage_taken":0,"max_hp_gain":0,"max_hp_loss":0,"event_name":"Liars Game","floor":2,"gold_loss":0},{"cards_removed":["Strike_P"],"damage_healed":0,"gold_gain":0,"player_choice":"Card Removal","damage_taken":7,"max_hp_gain":0,"max_hp_loss":0,"event_name":"Golden Wing","floor":4,"gold_loss":0},{"damage_healed":0,"gold_gain":30,"player_choice":"Searched \u00273\u0027 times","damage_taken":0,"relics_obtained":["aspiration:HiddenCompartment"],"max_hp_gain":0,"max_hp_loss":0,"event_name":"Dead Adventurer","floor":12,"gold_loss":0},{"damage_healed":0,"gold_gain":0,"player_choice":"Fought Bandits","damage_taken":0,"max_hp_gain":0,"max_hp_loss":0,"event_name":"Masked Bandits","floor":19,"gold_loss":0},{"damage_healed":0,"gold_gain":0,"player_choice":"Obtained Book","damage_taken":16,"max_hp_gain":0,"max_hp_loss":0,"event_name":"Cursed Tome","floor":20,"gold_loss":0},{"damage_healed":0,"gold_gain":0,"player_choice":"Forge","damage_taken":0,"max_hp_gain":0,"max_hp_loss":0,"event_name":"Accursed Blacksmith","floor":21,"gold_loss":0,"cards_upgraded":["Fasting2"]},{"damage_healed":0,"gold_gain":0,"player_choice":"Ignored","damage_taken":0,"max_hp_gain":0,"max_hp_loss":0,"event_name":"Vampires","floor":31,"gold_loss":0},{"damage_healed":0,"gold_gain":0,"player_choice":"Copied","damage_taken":0,"max_hp_gain":0,"max_hp_loss":0,"event_name":"Duplicator","floor":39,"gold_loss":0,"cards_obtained":["Fasting2"]}],"is_beta":false,"boss_relics":[{"not_picked":["Tiny House","Velvet Choker"],"picked":"Snecko Eye"},{"not_picked":["VioletLotus","SacredBark"],"picked":"Philosopher\u0027s Stone"}],"items_purged_floors":[13,22],"is_endless":false,"potions_floor_spawned":[1,5,11,16,18,23,24,25,27,28,29,33,35,36,37,40,41,42,44,45,46,48,54],"ascension_level":10}}