{"host":"ih7ofq2zpufcoifs","time":1607903668,"event":{"mods":["BaseMod","Colored Map","Minty Spire (QoL Compilation)"],"gold_per_floor":[113,133,149,149,159,189,40,40,40],"floor_reached":8,"playtime":527,"items_purged":["Strike_G"],"score":96,"play_id":"7923fd9a-e3d2-46a4-af30-bcf9b8aab7fc","local_time":"20201214095428","is_ascension_mode":true,"campfire_choices":[],"circlet_count":0,"master_deck":["AscendersBane","Strike_G","Strike_G","Strike_G","Defend_G","Defend_G","Defend_G","Defend_G","Defend_G","Survivor","Neutralize","Blade Dance","Sucker Punch","Riddle With Holes","Flying Knee","Acrobatics"],"relics":["Black Star","Art of War","The Specimen"],"acts_visited":["Exordium"],"potions_floor_usage":[],"damage_taken":[{"damage":12,"enemies":"Small Slimes","floor":1,"turns":4},{"damage":2,"enemies":"Jaw Worm","floor":2,"turns":4},{"damage":0,"enemies":"Cultist","floor":3,"turns":4},{"damage":3,"enemies":"3 Louse","floor":5,"turns":4},{"damage":47,"enemies":"Lagavulin","floor":6,"turns":10},{"damage":34,"enemies":"Gremlin Nob","floor":8,"turns":3}],"seed_played":"-4329750599973321103","potions_obtained":[{"floor":1,"key":"Explosive Potion"},{"floor":5,"key":"FairyPotion"}],"is_trial":false,"path_per_floor":["M","M","M","?","M","E","$","E"],"character_chosen":"THE_SILENT","items_purchased":["Explosive Potion","Acrobatics"],"campfire_rested":0,"item_purchase_floors":[7,7],"current_hp_per_floor":[51,49,49,42,39,21,21,0,0],"gold":40,"neow_bonus":"BOSS_RELIC","is_daily":false,"chose_seed":false,"campfire_upgraded":0,"win_rate":0.0,"timestamp":1607903668,"path_taken":["M","M","M","?","M","E","$","E"],"items_purchased_type":["Potion","Card"],"build_version":"2020-12-13","purchased_purges":1,"victory":false,"max_hp_per_floor":[70,70,70,70,70,70,70,70,70],"card_choices":[{"not_picked":["Dagger Spray","Deflect"],"picked":"Blade Dance","floor":1},{"not_picked":["Dodge and Roll","Prepared"],"picked":"Sucker Punch","floor":2},{"not_picked":["Prepared","PiercingWail"],"picked":"Riddle With Holes","floor":3},{"not_picked":["Sucker Punch","PiercingWail"],"picked":"Flying Knee","floor":5},{"not_picked":["Outmaneuver","PiercingWail","Sucker Punch"],"picked":"SKIP","floor":6}],"player_experience":317006,"relics_obtained":[{"floor":6,"key":"Art of War"},{"floor":6,"key":"The Specimen"}],"event_choices":[{"cards_removed":["Strike_G"],"damage_healed":0,"gold_gain":0,"player_choice":"Card Removal","damage_taken":7,"max_hp_gain":0,"max_hp_loss":0,"event_name":"Golden Wing","floor":4,"gold_loss":0}],"is_beta":false,"boss_relics":[],"items_purged_floors":[7],"is_endless":false,"potions_floor_spawned":[1,5],"killed_by":"Gremlin Nob","ascension_level":13}}