{"host":"ishme5wb80o83upk","time":1607899382,"event":{"mods":["BaseMod","BetterRewards","Minty Spire (QoL Compilation)","StSLib","The Runesmith"],"gold_per_floor":[118,118,193,213,138,138,167,167,167,179,212,228,244,257,257,331,331,307,326,326,326],"floor_reached":20,"playtime":765,"items_purged":[],"score":401,"play_id":"109a5558-6142-4feb-8076-18c3fd18c692","local_time":"20201214074302","is_ascension_mode":true,"campfire_choices":[{"data":"Runesmith:Terraform","floor":6,"key":"SMITH"},{"data":"Runesmith:CraftIncendium","floor":8,"key":"SMITH"},{"data":"Runesmith:HammerThrow","floor":15,"key":"SMITH"}],"circlet_count":0,"master_deck":["AscendersBane","Runesmith:Strike_RS","Runesmith:Strike_RS","Runesmith:Strike_RS","Runesmith:Defend_RS","Runesmith:Defend_RS","Runesmith:Defend_RS","Runesmith:Defend_RS","Runesmith:CraftFirestone","Runesmith:Fortify","Runesmith:Terraform+1","Runesmith:ChiselStab","Runesmith:CraftIncendium+1","Runesmith:BackupBattery","Runesmith:CreatorForm","Runesmith:HammerThrow+1","Runesmith:CraftIndustria","Runesmith:CraftProtectio"],"relics":["Runesmith:BrokenRuby","NeowsBlessing","Tiny Chest","Boot","Philosopher\u0027s Stone"],"acts_visited":["Exordium","TheCity"],"potions_floor_usage":[16,20],"damage_taken":[{"damage":0,"enemies":"2 Louse","floor":1,"turns":1},{"damage":0,"enemies":"Cultist","floor":4,"turns":1},{"damage":0,"enemies":"Gremlin Nob","floor":7,"turns":1},{"damage":2,"enemies":"Small Slimes","floor":10,"turns":4},{"damage":22,"enemies":"3 Sentries","floor":11,"turns":5},{"damage":10,"enemies":"Blue Slaver","floor":12,"turns":5},{"damage":1,"enemies":"Looter","floor":13,"turns":4},{"damage":6,"enemies":"2 Fungi Beasts","floor":14,"turns":3},{"damage":3,"enemies":"Hexaghost","floor":16,"turns":9},{"damage":27,"enemies":"2 Thieves","floor":18,"turns":4},{"damage":5,"enemies":"Chosen","floor":19,"turns":5},{"damage":20,"enemies":"Snake Plant","floor":20,"turns":3}],"seed_played":"4936782445170196519","potions_obtained":[{"floor":4,"key":"Swift Potion"},{"floor":7,"key":"FearPotion"},{"floor":19,"key":"SpeedPotion"}],"is_trial":false,"path_per_floor":["M","?","?","M","?","R","E","R","T","M","E","M","M","M","R","B",null,"M","M","M"],"character_chosen":"RUNESMITH_CLASS","items_purchased":[],"campfire_rested":0,"item_purchase_floors":[],"current_hp_per_floor":[59,64,53,53,53,53,53,53,53,51,29,19,18,12,12,9,56,29,24,4,4],"gold":326,"neow_bonus":"THREE_ENEMY_KILL","is_daily":false,"chose_seed":false,"campfire_upgraded":3,"win_rate":0.0,"timestamp":1607899382,"path_taken":["M","?","?","M","?","R","E","R","T","M","E","M","M","M","R","BOSS","M","M","M"],"items_purchased_type":[],"build_version":"2020-11-30","purchased_purges":0,"victory":false,"max_hp_per_floor":[66,71,71,71,71,71,71,71,71,71,71,71,71,71,71,71,71,71,71,71,71],"card_choices":[{"not_picked":["Runesmith:RuneHurl","Runesmith:HammerThrow"],"picked":"Runesmith:Terraform","floor":1},{"not_picked":["Runesmith:DoubleUp","Runesmith:HeatExchange"],"picked":"Runesmith:ChiselStab","floor":4},{"not_picked":["Runesmith:Repurpose","Runesmith:StaticCage"],"picked":"Runesmith:CraftIncendium","floor":7},{"not_picked":["Runesmith:WhiteBalance","Runesmith:ChiselStab"],"picked":"Runesmith:BackupBattery","floor":10},{"not_picked":["Runesmith:Augment","Runesmith:ChiselStab"],"picked":"Runesmith:CreatorForm","floor":11},{"not_picked":["Runesmith:Electrocute","Runesmith:HeatExchange"],"picked":"Runesmith:HammerThrow","floor":12},{"not_picked":["Runesmith:HeatExchange","Runesmith:RunicBlueprint","Runesmith:Electrocute"],"picked":"SKIP","floor":13},{"not_picked":["Runesmith:Overpower","Runesmith:ShiftingStrike","Runesmith:CreatorForm"],"picked":"SKIP","floor":14},{"not_picked":["Runesmith:LightningRod","Runesmith:Duplicate"],"picked":"Runesmith:CraftIndustria","floor":16},{"not_picked":["Runesmith:Grindstone+1","Runesmith:CraftSpiculum","Runesmith:WhiteBalance"],"picked":"SKIP","floor":18},{"not_picked":["Runesmith:ChiselStab","Runesmith:Overpower"],"picked":"Runesmith:CraftProtectio","floor":19}],"player_experience":1160601,"relics_obtained":[{"floor":7,"key":"Tiny Chest"},{"floor":11,"key":"Boot"}],"event_choices":[{"damage_healed":0,"gold_gain":0,"player_choice":"Donut","damage_taken":0,"max_hp_gain":5,"max_hp_loss":0,"event_name":"Big Fish","floor":2,"gold_loss":0},{"damage_healed":0,"gold_gain":75,"player_choice":"Gather Gold","damage_taken":11,"max_hp_gain":0,"max_hp_loss":0,"event_name":"World of Goop","floor":3,"gold_loss":0},{"cards_removed":["Runesmith:Strike_RS"],"damage_healed":0,"gold_gain":0,"player_choice":"Card Removal","damage_taken":0,"max_hp_gain":0,"max_hp_loss":0,"event_name":"The Cleric","floor":5,"gold_loss":75}],"is_beta":false,"boss_relics":[{"not_picked":["SacredBark","Ectoplasm"],"picked":"Philosopher\u0027s Stone"}],"items_purged_floors":[],"is_endless":false,"potions_floor_spawned":[4,7,12,14,19],"killed_by":"Snake Plant","ascension_level":18}}