{"host":"Sumable","time":1607843113,"event":{"mods":["AchievementEnabler","BaseMod","Better Note","BetterRewards","Googly Eyes","Hermit","Minty Spire (QoL Compilation)","Quick Restart","Shop Mod","StSLib","The Cursed","everything is the same but u backflip on backflip","slay the spire mod where everything is the same but ironclad has a cowboy hat"],"gold_per_floor":[209,8,71,90,103,135,149,149,149,149,174,233,233,233,233,358,358,344,344,106,120,133,133,157,157,232,232,253,32,32,68,68,191,191,212,231,19,87,87,87,130,130,130,144,144,144,144,169,169,169,169],"floor_reached":50,"playtime":4487,"items_purged":["Strike_G"],"score":826,"play_id":"1b087c0a-2749-4b56-9a66-e11ab24b779e","local_time":"20201213000513","is_ascension_mode":true,"campfire_choices":[{"floor":8.0,"key":"REST"},{"floor":10.0,"key":"REST"},{"floor":15.0,"key":"REST"},{"floor":23,"key":"REST"},{"data":"Finisher","floor":25,"key":"SMITH"},{"floor":30,"key":"REST"},{"data":"Caltrops","floor":32,"key":"SMITH"},{"floor":40,"key":"REST"},{"floor":42,"key":"RECALL"},{"floor":45,"key":"REST"},{"data":"Skewer","floor":47,"key":"SMITH"},{"floor":49,"key":"REST"}],"circlet_count":0,"master_deck":["Strike_G","Strike_G","Strike_G","Strike_G","Defend_G","Defend_G","Defend_G","Defend_G","Defend_G","Survivor","Neutralize","Backstab","Leg Sweep","Caltrops+1","Slice","Slice","Skewer+1","Cloak And Dagger","Slice","Injury","Adrenaline","Slice","Phantasmal Killer","Finisher+1","Regret","Impatience","Bullet Time","Dash+1","Glass Knife","CurseOfTheBell","Infinite Blades","Backstab","Writhe","Pain","Pain"],"relics":["Ring of the Snake","Membership Card","Orichalcum","Letter Opener","Blue Candle","Golden Idol","Cursed Key","Nloth\u0027s Gift","Singing Bowl","Ornamental Fan","Shuriken","Lantern","Meat on the Bone","Calling Bell","Juzu Bracelet","Toxic Egg 2","Calipers","Lee\u0027s Waffle","Strawberry","Du-Vu Doll","Molten Egg 2","WarpedTongs"],"acts_visited":["Exordium","TheCity","TheBeyond"],"potions_floor_usage":[22,22,22,31,31,35,38,50],"damage_taken":[{"damage":0.0,"enemies":"Cultist","floor":1.0,"turns":4.0},{"damage":0.0,"enemies":"Jaw Worm","floor":4.0,"turns":3.0},{"damage":0.0,"enemies":"2 Louse","floor":5.0,"turns":2.0},{"damage":35.0,"enemies":"Lagavulin","floor":6.0,"turns":12.0},{"damage":8.0,"enemies":"Large Slime","floor":7.0,"turns":6.0},{"damage":4.0,"enemies":"3 Sentries","floor":11.0,"turns":7.0},{"damage":37.0,"enemies":"Lagavulin Event","floor":12.0,"turns":7.0},{"damage":29.0,"enemies":"The Guardian","floor":16.0,"turns":14.0},{"damage":5.0,"enemies":"2 Thieves","floor":18.0,"turns":4.0},{"damage":1,"enemies":"Shell Parasite","floor":21,"turns":2},{"damage":11,"enemies":"Snecko","floor":22,"turns":4},{"damage":5,"enemies":"Centurion and Healer","floor":24,"turns":7},{"damage":24,"enemies":"Snake Plant","floor":28,"turns":6},{"damage":2,"enemies":"Book of Stabbing","floor":31,"turns":4},{"damage":61,"enemies":"Champ","floor":33,"turns":11},{"damage":16,"enemies":"3 Darklings","floor":35,"turns":5},{"damage":32,"enemies":"3 Shapes","floor":36,"turns":4},{"damage":61,"enemies":"2 Orb Walkers","floor":38,"turns":6},{"damage":22,"enemies":"Nemesis","floor":41,"turns":3},{"damage":34,"enemies":"Transient","floor":44,"turns":5},{"damage":15,"enemies":"3 Darklings","floor":48,"turns":3},{"damage":99,"enemies":"Awakened One","floor":50,"turns":8}],"seed_played":"5121021261112235931","potions_obtained":[{"floor":1.0,"key":"PowerPotion"},{"floor":5.0,"key":"BlessingOfTheForge"},{"floor":7.0,"key":"LiquidMemories"},{"floor":16.0,"key":"GamblersBrew"},{"floor":21,"key":"AttackPotion"},{"floor":28,"key":"Block Potion"},{"floor":33,"key":"LiquidMemories"},{"floor":41,"key":"Weak Potion"}],"is_trial":false,"path_per_floor":["M","$","?","M","M","E","M","R","T","R","E","?","?","?","R","B",null,"M","?","$","M","M","R","M","R","T","?","M","$","R","E","R","B",null,"M","M","$","?","?","R","E","R","T","M","R","?","R","M","R","B"],"character_chosen":"THE_SILENT","items_purchased":["Membership Card","Leg Sweep","Caltrops","Singing Bowl","Phantasmal Killer","DuplicationPotion","Shuriken","Lantern","Energy Potion","Lee\u0027s Waffle","Strawberry","Energy Potion"],"campfire_rested":8,"item_purchase_floors":[2,2,2,20,20,20,29,29,29,37,37,37],"current_hp_per_floor":[70,70,70,70,70,35,27,48,48,69,65,28,28,51,70,41,63,58,58,58,59,50,72,67,67,67,67,43,43,65,63,63,14,59,43,25,90,41,64,90,70,70,70,50,78,78,78,65,93,0,0],"gold":169,"neow_bonus":"HUNDRED_GOLD","is_daily":false,"chose_seed":false,"campfire_upgraded":3,"win_rate":0.0,"timestamp":1607843113,"path_taken":["M","$","?","M","M","E","M","R","T","R","E","?","?","?","R","BOSS","M","?","$","?","M","R","M","R","T","?","?","?","R","E","R","BOSS","M","M","$","?","?","R","E","R","T","M","R","?","R","M","R","BOSS"],"items_purchased_type":["Relic","Card","Card","Relic","Card","Potion","Relic","Relic","Potion","Relic","Relic","Potion"],"build_version":"2020-12-07","purchased_purges":1,"victory":false,"max_hp_per_floor":[70,70,70,70,70,70,70,70,70,70,70,70,70,70,70,70,70,70,70,70,72,74,74,74,74,74,74,74,74,74,74,74,74,74,74,76,90,90,90,90,92,92,92,94,94,94,94,96,96,96,96],"card_choices":[{"not_picked":["Deadly Poison","Quick Slash"],"picked":"Backstab","floor":1.0},{"not_picked":["Dagger Throw","Terror"],"picked":"Slice","floor":4.0},{"not_picked":["Deadly Poison","PiercingWail"],"picked":"Slice","floor":5.0},{"not_picked":["Dagger Throw","PiercingWail"],"picked":"Skewer","floor":6.0},{"not_picked":["Finisher","Reflex"],"picked":"Cloak And Dagger","floor":7.0},{"not_picked":["Dagger Spray","Envenom"],"picked":"Slice","floor":11.0},{"not_picked":["Envenom","Burst"],"picked":"Adrenaline","floor":16.0},{"not_picked":["Blur","Quick Slash+1"],"picked":"Slice","floor":18.0},{"not_picked":["Bouncing Flask+1","Underhanded Strike","Dodge and Roll"],"picked":"Singing Bowl","floor":21},{"not_picked":["Cloak And Dagger","Dagger Spray","Backflip"],"picked":"Singing Bowl","floor":22},{"not_picked":["Grand Finale","Catalyst"],"picked":"Finisher","floor":24},{"not_picked":["Caltrops","Setup"],"picked":"Bullet Time","floor":28},{"not_picked":["Dodge and Roll","Deflect+1"],"picked":"Dash+1","floor":31},{"not_picked":["Corpse Explosion","Wraith Form v2"],"picked":"Glass Knife","floor":33},{"not_picked":["Prepared+1","Deflect+1"],"picked":"Infinite Blades","floor":35},{"not_picked":["Sucker Punch","Dash+1","Calculated Gamble+1"],"picked":"Singing Bowl","floor":36},{"not_picked":["Poisoned Stab+1","Tools of the Trade"],"picked":"Backstab","floor":38},{"not_picked":["Night Terror+1","Underhanded Strike+1","Storm of Steel+1"],"picked":"Singing Bowl","floor":41},{"not_picked":["Backflip+1","Outmaneuver+1","Finisher+1"],"picked":"Singing Bowl","floor":44},{"not_picked":["Dagger Throw+1","Acrobatics+1","Riddle With Holes+1"],"picked":"Singing Bowl","floor":48}],"player_experience":939810,"relics_obtained":[{"floor":6.0,"key":"Orichalcum"},{"floor":9.0,"key":"Letter Opener"},{"floor":11.0,"key":"Blue Candle"},{"floor":26,"key":"Ornamental Fan"},{"floor":31,"key":"Meat on the Bone"},{"floor":34,"key":"Juzu Bracelet"},{"floor":34,"key":"Toxic Egg 2"},{"floor":34,"key":"Calipers"},{"floor":38,"key":"Du-Vu Doll"},{"floor":41,"key":"Molten Egg 2"}],"event_choices":[{"damage_healed":0.0,"max_hp_gain":0.0,"max_hp_loss":0.0,"gold_gain":63.0,"event_name":"Golden Wing","player_choice":"Gained Gold","floor":3.0,"gold_loss":0.0,"damage_taken":0.0},{"damage_healed":0.0,"max_hp_gain":0.0,"max_hp_loss":0.0,"gold_gain":30.0,"event_name":"Dead Adventurer","player_choice":"Searched \u00273\u0027 times","floor":12.0,"gold_loss":0.0,"damage_taken":0.0,"relics_obtained":["Potion Belt"]},{"damage_healed":0.0,"max_hp_gain":0.0,"max_hp_loss":0.0,"gold_gain":0.0,"event_name":"Golden Idol","player_choice":"Take Wound","floor":13.0,"gold_loss":0.0,"damage_taken":0.0,"relics_obtained":["Golden Idol"],"cards_obtained":["Injury"]},{"damage_healed":23.0,"max_hp_gain":0.0,"max_hp_loss":0.0,"gold_gain":0.0,"event_name":"Big Fish","player_choice":"Banana","floor":14.0,"gold_loss":0.0,"damage_taken":0.0},{"damage_healed":0,"gold_gain":0,"player_choice":"Traded Relic","damage_taken":0,"relics_obtained":["Nloth\u0027s Gift"],"max_hp_gain":0,"max_hp_loss":0,"event_name":"N\u0027loth","floor":19,"relics_lost":["Potion Belt"],"gold_loss":0},{"damage_healed":0,"gold_gain":0,"player_choice":"1 cards matched","damage_taken":0,"max_hp_gain":0,"max_hp_loss":0,"event_name":"Match and Keep!","floor":27,"gold_loss":0,"cards_obtained":["Impatience"]},{"damage_healed":0,"gold_gain":0,"player_choice":"Fight","damage_taken":0,"max_hp_gain":0,"max_hp_loss":0,"event_name":"Mysterious Sphere","floor":38,"gold_loss":0},{"damage_healed":23,"gold_gain":0,"player_choice":"Writhe","damage_taken":0,"max_hp_gain":0,"max_hp_loss":0,"event_name":"Winding Halls","floor":39,"gold_loss":0,"cards_obtained":["Writhe"]},{"damage_healed":0,"gold_gain":0,"player_choice":"Rummage","damage_taken":0,"relics_obtained":["WarpedTongs"],"max_hp_gain":0,"max_hp_loss":0,"event_name":"Accursed Blacksmith","floor":46,"gold_loss":0,"cards_obtained":["Pain"]}],"is_beta":true,"boss_relics":[{"not_picked":["SacredBark","Tiny House"],"picked":"Cursed Key"},{"not_picked":["Empty Cage","Runic Dome"],"picked":"Calling Bell"}],"items_purged_floors":[37],"is_endless":false,"potions_floor_spawned":[1,5,7,16,21,28,33,41],"killed_by":"Awakened One","ascension_level":5}}