{"host":"ocll6kdfqxraqtza","time":1607881059,"event":{"mods":["2.2 Compatiblity","Act Like it!","Aspiration","BaseMod","Better Third Choice","Gensokyo","Hallownest","Hermit","Hubris","Jorbs\u0027s Wanderer Trilogy","Luminous","Marisa（霧雨　魔理沙）","Minty Spire (QoL Compilation)","Reimu（博??梦）","Replay The Spire","Shade Mod","StSLib","The Alterego","The Bug Knight","The Cursed","The Hierophant","The Runesmith","TheBandit","Wandering Minibosses","vexMod"],"gold_per_floor":[118,118,118,130,130,130,156,156,181,215,233,233,249,249,249,770,770,783,783,783,803,813,813,848,928,1002,1152,527,487,507,525,525,630,630,650,666,682,602,602,602,665,694,745,745,160,176,76,106,106,204,204,204,43,78,78],"floor_reached":56,"playtime":2237,"items_purged":["Poor:ReiMu","Overencumbered","Hallownest:curseDreamersLament","Voices"],"score":2079,"play_id":"a70b7c24-31cd-4822-ade2-c075053a33f3","local_time":"20201214013739","is_ascension_mode":true,"campfire_choices":[{"data":"hierophant:Punish","floor":6.0,"key":"SMITH"},{"data":"hierophant:SealAway","floor":15.0,"key":"SMITH"},{"data":"hierophant:Repentance","floor":23.0,"key":"SMITH"},{"floor":32,"key":"REST"},{"floor":40,"key":"RECALL"},{"data":"hierophant:Alms","floor":49,"key":"SMITH"},{"data":"hierophant:Invocation","floor":52,"key":"SMITH"}],"circlet_count":0,"master_deck":["hierophant:Strike_Hierophant","hierophant:Strike_Hierophant","hierophant:Punish+1","hierophant:Defend_Hierophant","hierophant:Defend_Hierophant","hierophant:Defend_Hierophant","hierophant:SealAway+1","hierophant:FieryStrike+1","hierophant:Prophecy","hierophant:Encroach","hierophant:DivineIntervention","hierophant:Flagellation","Slice","Blade Dance","Die Die Die","hierophant:Repentance+1","hierophant:Shelter+1","hierophant:Alms+1","Apotheosis+1","ReplayTheSpireMod:Private Reserves","hierophant:FieryStrike+1","hierophant:Exaltation+1","hierophant:Kindle","hierophant:Endure","hierophant:DisplayOfPower+1","hierophant:Endure+1","Hallownest:attackMasterDashSlash","Slice","Slice","hierophant:FaithHealing+1","hierophant:HammerAndAnvil+1","ReplayTheSpireMod:Splinters","hierophant:Racketeering+1","hierophant:SealAway+1","hierophant:Invocation+1","hierophant:Glossolalia","Panacea","hierophant:Patience+1"],"relics":["hierophant:PropheticMaskRelic","aspiration:Nostalgia","Runesmith:BrokenRuby","Gensokyo:OccultBall","Gensokyo:Justice","Pear","hubris:Icosahedron","Vajra","RuthlessExorcism:ReiMu","hubris:Towel","Gensokyo:CelestialsFlawlessClothing","Cursed Key","Gensokyo:SongOfSouls","Ornamental Fan","Runesmith:Nanobots","CrazyTorch:ReiMu","ReplayTheSpireMod:CursedCoin","Strawberry","ReplayFunnel","Sozu","Torii","aspiration:AnachronicSnailShell","Ring of Searing","Ring of Fangs","Calipers","Durian","Replay:Accelerometer","Runesmith:AutoHammer"],"acts_visited":["Gensokyo:Gensokyo","Gensokyo:Gensokyoer","Hallownest:KingdomsEdge","TheEnding"],"potions_floor_usage":[24,33,55,55,55],"damage_taken":[{"damage":7.0,"enemies":"Gensokyo:Gryphon","floor":1.0,"turns":3.0},{"damage":0.0,"enemies":"Gensokyo:2_Kodama","floor":4.0,"turns":3.0},{"damage":11.0,"enemies":"Gensokyo:Aya","floor":7.0,"turns":4.0},{"damage":0.0,"enemies":"Gensokyo:Cirno","floor":10.0,"turns":3.0},{"damage":0.0,"enemies":"Gensokyo:Python","floor":11.0,"turns":3.0},{"damage":0.0,"enemies":"Gensokyo:3_Kodama","floor":13.0,"turns":1.0},{"damage":58.0,"enemies":"Gensokyo:Yukari","floor":16.0,"turns":6.0},{"damage":0.0,"enemies":"Gensokyo:2_Gloops","floor":18.0,"turns":1.0},{"damage":3.0,"enemies":"Gensokyo:AngelMirror","floor":21.0,"turns":2.0},{"damage":0.0,"enemies":"Gensokyo:3_Gloops","floor":22.0,"turns":2.0},{"damage":63,"enemies":"Gensokyo:Koishi","floor":24,"turns":8},{"damage":8,"enemies":"Gensokyo:Wraith","floor":30,"turns":3},{"damage":0,"enemies":"Gensokyo:Monolith_and_Dog","floor":31,"turns":2},{"damage":28,"enemies":"Gensokyo:Eternal_Rivals","floor":33,"turns":6},{"damage":0,"enemies":"Hallownest:3_Siblings","floor":35,"turns":3},{"damage":0,"enemies":"Hallownest:Shield_Heavy","floor":36,"turns":2},{"damage":0,"enemies":"Hallownest:2_Wing_and_1_Kings","floor":37,"turns":3},{"damage":0,"enemies":"Hallownest:2_Primals","floor":41,"turns":3},{"damage":0,"enemies":"Hallownest:eliteCollector","floor":42,"turns":6},{"damage":8,"enemies":"Hallownest:Shield_Sturdy","floor":46,"turns":3},{"damage":2,"enemies":"Hallownest:StalkingDevout","floor":48,"turns":2},{"damage":23,"enemies":"Hallownest:BossGreyPrinceZote","floor":50,"turns":6},{"damage":2,"enemies":"Shield and Spear","floor":54,"turns":2},{"damage":54,"enemies":"The Heart","floor":55,"turns":11}],"seed_played":"7670833218429467917","potions_obtained":[{"floor":1.0,"key":"Block Potion"},{"floor":4.0,"key":"AttackPotion"},{"floor":11.0,"key":"LiquidBronze"},{"floor":22.0,"key":"SteroidPotion"},{"floor":24,"key":"Reflective Coating"},{"floor":31,"key":"Dexterity Potion"},{"floor":33,"key":"GrandPatriotsElixir:ReiMu"}],"is_trial":false,"path_per_floor":["M","?","?","M","?","R","E","?","T","E","M","?","M","?","R","B",null,"M","?","?","M","M","R","E","T","T","$","$","?","M","M","R","B",null,"M","M","M","?","?","R","?","E","T","?","$","M","$","E","R","B",null,"R","$","E","B",null],"character_chosen":"HIEROPHANT","items_purchased":["ReplayTheSpireMod:CursedCoin","Strawberry","ReplayFunnel","Apotheosis","ReplayTheSpireMod:Private Reserves","Calipers","Durian","hierophant:Glossolalia","Panacea"],"campfire_rested":1,"item_purchase_floors":[27,28,28,28,28,45,45,53,53],"current_hp_per_floor":[68,68,68,68,68,68,67,67,67,67,67,67,85,64,64,6,85,85,85,85,82,82,82,19,19,19,7,14,14,6,6,33,5,92,92,92,92,92,92,92,92,92,92,92,97,89,89,87,87,64,97,97,97,95,41],"gold":78,"neow_bonus":"NOSTALGIA","is_daily":false,"chose_seed":false,"campfire_upgraded":5,"win_rate":0.0,"timestamp":1607881059,"path_taken":["M","?","?","M","?","R","E","?","T","E","M","?","?","?","R","BOSS","M","?","?","M","M","R","E","?","T","?","$","?","M","M","R","BOSS","M","M","?","?","?","R","?","E","T","?","$","M","$","E","R","BOSS","R","$","E","BOSS"],"items_purchased_type":["Relic","Relic","Relic","Card","Card","Relic","Relic","Card","Card"],"build_version":"2020-11-30","purchased_purges":4,"victory":true,"max_hp_per_floor":[75,75,75,75,75,75,85,85,85,85,85,85,85,85,85,85,85,85,85,85,85,85,85,85,85,85,85,92,92,92,92,92,92,92,92,92,92,92,92,92,92,92,92,92,97,97,97,97,97,97,97,97,97,97,97],"card_choices":[{"not_picked":["hierophant:AuricBeam","hierophant:FlamingChariot"],"picked":"hierophant:OrnateJavelin","floor":1.0},{"not_picked":["hierophant:ThreeLashes","hierophant:FlamingChariot"],"picked":"hierophant:SealAway","floor":4.0},{"not_picked":["hierophant:RustyCrate","hierophant:Patience"],"picked":"hierophant:Sermon","floor":7.0},{"not_picked":["hierophant:Glossolalia","hierophant:Purify"],"picked":"hierophant:MorningPrayer","floor":10.0},{"not_picked":["hierophant:AuricBeam","hierophant:Rebuild"],"picked":"hierophant:Prophecy","floor":11.0},{"not_picked":["hierophant:PassingBell","hierophant:RepressedViolence"],"picked":"hierophant:Encroach","floor":13.0},{"not_picked":["hierophant:WrathOfGod","hierophant:Anathema"],"picked":"hierophant:DivineIntervention","floor":16.0},{"not_picked":["hierophant:Doomsaying","hierophant:OrnateJavelin"],"picked":"hierophant:Flagellation","floor":18.0},{"not_picked":["hierophant:Purify","hierophant:RecallFunds"],"picked":"hierophant:Repentance","floor":21.0},{"not_picked":["hierophant:Sermon+1","hierophant:Repentance"],"picked":"hierophant:Shelter+1","floor":22.0},{"not_picked":["hierophant:OrnateBuckler","hierophant:Shelter"],"picked":"hierophant:Alms","floor":24},{"not_picked":["hierophant:Shelter","hierophant:Remorse"],"picked":"hierophant:FieryStrike+1","floor":30},{"not_picked":["hierophant:Zeal","hierophant:Encroach+1"],"picked":"hierophant:Exaltation+1","floor":31},{"not_picked":["hierophant:Anathema","hierophant:Determination"],"picked":"hierophant:Kindle","floor":33},{"not_picked":["hierophant:Doubloon","hierophant:Repentance"],"picked":"hierophant:Endure","floor":35},{"not_picked":["hierophant:Smite+1","hierophant:ArchangelShield+1"],"picked":"hierophant:DisplayOfPower+1","floor":36},{"not_picked":["hierophant:Patience+1","hierophant:OrnateBuckler+1"],"picked":"hierophant:Endure+1","floor":37},{"not_picked":["hierophant:FieryStrike","hierophant:AuricForm"],"picked":"hierophant:FaithHealing+1","floor":41},{"not_picked":["hierophant:Sermon","hierophant:OrnateBuckler"],"picked":"hierophant:HammerAndAnvil+1","floor":42},{"not_picked":["hierophant:Determination","hierophant:SecretStash+1"],"picked":"hierophant:Racketeering+1","floor":46},{"not_picked":["hierophant:MorningPrayer","hierophant:Endure+1"],"picked":"hierophant:SealAway+1","floor":48},{"not_picked":["hierophant:AuricForm","hierophant:MintersHammer"],"picked":"hierophant:Invocation","floor":50},{"not_picked":["hierophant:FieryStrike+1","hierophant:FlamingChariot+1"],"picked":"hierophant:Patience+1","floor":54}],"player_experience":455240,"relics_obtained":[{"floor":7.0,"key":"Pear"},{"floor":9.0,"key":"Vajra"},{"floor":10.0,"key":"RuthlessExorcism:ReiMu"},{"floor":16.0,"key":"Gensokyo:OccultBall"},{"floor":24,"key":"Ornamental Fan"},{"floor":25,"key":"Runesmith:Nanobots"},{"floor":26,"key":"CrazyTorch:ReiMu"},{"floor":33,"key":"Gensokyo:OccultBall"},{"floor":41,"key":"Torii"},{"floor":42,"key":"aspiration:AnachronicSnailShell"},{"floor":44,"key":"Ring of Searing"},{"floor":44,"key":"Ring of Fangs"},{"floor":48,"key":"Replay:Accelerometer"},{"floor":50,"key":"Gensokyo:OccultBall"},{"floor":54,"key":"Runesmith:AutoHammer"}],"event_choices":[],"is_beta":false,"boss_relics":[{"not_picked":["Calling Bell","vexMod:DeviousBotling"],"picked":"Cursed Key"},{"not_picked":["SacredBark","Tiny House"],"picked":"Sozu"}],"items_purged_floors":[27,27,28,47],"is_endless":false,"potions_floor_spawned":[1,4,11,22,24,31,33,46,48,50,54],"ascension_level":1}}