{"host":"pivahb1bacxk2eup","time":1607860749,"event":{"mods":["AchievementEnabler","BaseMod","Colored Map","Colored Powertips","Downfall","Hermit","Hero for Fun","Hubris","Jedi Mod","Jorbs\u0027s Wanderer Trilogy","Lobotomy","Marisa????????","Minty Spire (QoL Compilation)","Remilia??????","StSLib","The Alterego","The Animator","The Construct","The Hierophant","The Runesmith","The Servant 0.9.4","TheBandit","TheFirefly","Yuri Mod","thorton"],"gold_per_floor":[199,215,215,490,505,505,505,26,26,61,74,86,86,86,105,210,210,60,78,110,110,310,324,348,273,548,548,181,201,302,302,302,302,302,302,302,302,302,302,302,302,202,202,202,32,32,32,21,35,35,35,61,61,61,61],"floor_reached":56,"playtime":4709,"items_purged":["Regret","Regret"],"score":1188,"play_id":"6f7672c9-fc87-48cd-81cf-822bda0aa489","local_time":"20201213065909","is_ascension_mode":false,"campfire_choices":[{"data":"champ:Taunt","floor":1,"key":"SMITH"},{"floor":3,"key":"RECALL"},{"data":"champ:ShieldWall","floor":6,"key":"SMITH"},{"data":"champ:PerfectForm","floor":9,"key":"SMITH"},{"data":"champ:PreciseThrust","floor":18,"key":"SMITH"},{"data":"champ:DancingMaster","floor":25,"key":"SMITH"},{"floor":27,"key":"REST"},{"data":"champ:MurderStrike","floor":35,"key":"SMITH"},{"data":"champ:DefensiveStyle","floor":39,"key":"SMITH"},{"floor":44,"key":"REST"},{"floor":54,"key":"REST"}],"circlet_count":0,"master_deck":["champ:Strike","champ:Strike","champ:Strike","champ:Strike","champ:Defend","champ:Defend+1","champ:Defend","champ:Defend","champ:Execute","champ:Taunt+1","champ:FocusedBerserking","champ:ShieldWall+1","champ:PerfectForm+1","champ:StrikeOfGenius","champ:ViciousMockery","champ:BladeFlurry","champ:PreciseThrust+1","champ:DancingMaster+1","champ:HoldFirm","champ:DefensiveStyle","champ:ShieldWall","expansioncontent:LastStand","champ:DefensiveStyle+1","champ:DefensiveStyle","champ:Improvising+1","champ:MurderStrike+1","champ:DeathBlow+1","champ:BringItOn+1","champ:SteelEdge","champ:BringItOn","champ:Improvising","champ:EnGarde","champ:RecklessLeap+1"],"relics":["champ:ChampionCrown","TungstenRod","hubris:Towel","hubris:Icosahedron","SlaversCollar","downfall:HeartBlessingGreen","downfall:HeartBlessingRed","Ice Cream","downfall:RedIOU","hubris:SlimyHat","downfall:HeartBlessingBlue","Kunai","jedi:ominousloannote","hubris:Backtick","hubris:OldNail","jedi:angrymask","Medical Kit","Potion Belt","Chemical X","Nunchaku"],"acts_visited":["Exordium","TheCity","TheBeyond","TheEnding"],"potions_floor_usage":[15,15,16,23,33,33,33,45,45,55,55],"damage_taken":[{"damage":10,"enemies":"Small Slimes","floor":2,"turns":4},{"damage":17,"enemies":"Cultist","floor":5,"turns":4},{"damage":16,"enemies":"downfall:FleeingMerchant","floor":8,"turns":4},{"damage":50,"enemies":"Lagavulin","floor":10,"turns":9},{"damage":16,"enemies":"Jaw Worm","floor":11,"turns":5},{"damage":23,"enemies":"2 Fungi Beasts","floor":12,"turns":4},{"damage":33,"enemies":"Lots of Slimes","floor":15,"turns":5},{"damage":86,"enemies":"downfall:Ironclad","floor":16,"turns":9},{"damage":15,"enemies":"Chosen","floor":19,"turns":5},{"damage":78,"enemies":"Slavers","floor":20,"turns":8},{"damage":14,"enemies":"Shell Parasite","floor":23,"turns":5},{"damage":23,"enemies":"downfall:FleeingMerchant","floor":28,"turns":4},{"damage":43,"enemies":"Centurion and Healer","floor":29,"turns":7},{"damage":16,"enemies":"downfall:FleeingMerchant","floor":30,"turns":4},{"damage":22,"enemies":"Snecko","floor":31,"turns":5},{"damage":30,"enemies":"Snake Plant","floor":32,"turns":7},{"damage":44,"enemies":"downfall:Watcher","floor":33,"turns":10},{"damage":75,"enemies":"3 Shapes","floor":37,"turns":6},{"damage":40,"enemies":"Orb Walker","floor":38,"turns":4},{"damage":29,"enemies":"Spire Growth","floor":43,"turns":5},{"damage":20,"enemies":"downfall:FleeingMerchant","floor":45,"turns":4},{"damage":0,"enemies":"downfall:FleeingMerchant","floor":48,"turns":2},{"damage":19,"enemies":"Writhing Mass","floor":49,"turns":6},{"damage":29,"enemies":"downfall:Defect","floor":50,"turns":6},{"damage":46,"enemies":"downfall:CharBossMerchant","floor":52,"turns":5},{"damage":172,"enemies":"downfall:NeowBoss","floor":55,"turns":16}],"seed_played":"-8195213206219159274","potions_obtained":[{"floor":5,"key":"sneckomod:MuddlingPotion"},{"floor":15,"key":"AttackPotion"},{"floor":19,"key":"Energy Potion"},{"floor":20,"key":"SkillPotion"},{"floor":38,"key":"jedi:tentaclejuice"},{"floor":43,"key":"champ:CounterPotion"},{"floor":49,"key":"sneckomod:MuddlingPotion"},{"floor":52,"key":"Energy Potion"}],"is_trial":false,"path_per_floor":["R","M","R","?","M","R","T","$","R","E","M","M","?","?","M","B",null,"R","M","E","?","?","M","T","R","?","R","$","M","$","M","M","B",null,"R","?","M","M","R","?","T","NS","M","R","$","T","?","$","M","B",null,"E","$","R","B",null],"character_chosen":"THE_CHAMP","items_purchased":["TungstenRod","Fruit Juice","Kunai","jedi:ominousloannote","expansioncontent:LastStand","jedi:tentaclejuice","jedi:tentaclejuice","champ:DefensiveStyle","Medical Kit","champ:Improvising"],"campfire_rested":3,"item_purchase_floors":[8,8,28,30,30,30,30,30,45,48],"current_hp_per_floor":[90,90,90,90,83,83,83,77,77,50,51,39,39,39,31,52,95,95,95,49,49,49,46,46,56,56,87,95,103,105,105,105,93,105,105,105,50,40,40,33,33,33,16,47,55,55,55,55,41,22,105,68,68,99,68],"gold":61,"neow_bonus":"HUNDRED_GOLD","is_daily":false,"chose_seed":false,"campfire_upgraded":7,"win_rate":0.0,"timestamp":1607860749,"path_taken":["R","M","R","?","?","R","T","$","R","E","M","M","?","?","M","BOSS","R","M","E","?","?","?","T","R","?","R","$","?","$","?","M","BOSS","R","?","M","M","R","?","T","NS","?","R","$","?","?","?","M","BOSS","E","$","R","BOSS"],"items_purchased_type":["Relic","Potion","Relic","Relic","Card","Potion","Potion","Card","Relic","Card"],"build_version":"2020-11-30","purchased_purges":2,"victory":true,"max_hp_per_floor":[90,90,90,90,90,90,90,90,90,90,90,90,90,90,95,95,95,95,95,95,95,95,95,95,105,105,105,105,105,105,105,105,105,105,105,105,105,105,105,105,105,105,105,105,105,105,105,105,105,105,105,105,105,105,105],"card_choices":[{"not_picked":["champ:EnragedBash","champ:PerfectedStrike"],"picked":"champ:FocusedBerserking","floor":2},{"not_picked":["champ:ArenaPreparation","champ:Circumvent"],"picked":"champ:ShieldWall","floor":5},{"not_picked":["champ:AdrenalArmor","champ:EndlessRage"],"picked":"champ:PerfectForm","floor":8},{"not_picked":["champ:BringItOn","champ:CalledShot"],"picked":"champ:StrikeOfGenius","floor":10},{"not_picked":["champ:GladiatorStyle","champ:FlashCut"],"picked":"champ:ViciousMockery","floor":11},{"not_picked":["champ:TornadoPunch","champ:StanceDance"],"picked":"champ:BladeFlurry","floor":12},{"not_picked":["champ:RapidStrikes","champ:CalledShot"],"picked":"champ:PreciseThrust","floor":15},{"not_picked":["champ:Devastate","champ:StrikeOfGenius"],"picked":"champ:DancingMaster","floor":16},{"not_picked":["champ:HeartStrike","champ:AdrenalArmor+1"],"picked":"champ:GutPunch+1","floor":19},{"not_picked":["champ:FalseCounter+1","champ:AdrenalArmor","champ:Haymaker"],"picked":"SKIP","floor":20},{"not_picked":["champ:HeartStrike+1","champ:FanOfKnives"],"picked":"champ:BerserkersShout","floor":23},{"not_picked":["champ:TornadoPunch","champ:CalledShot"],"picked":"champ:HoldFirm","floor":28},{"not_picked":["champ:FocusedGladiator","champ:DeathBlow"],"picked":"champ:DefensiveStyle","floor":29},{"not_picked":["champ:FalseCounter+1","champ:TornadoPunch"],"picked":"champ:ShieldWall","floor":30},{"not_picked":["champ:EndlessRage","champ:CrookedStrike"],"picked":"champ:DefensiveStyle","floor":31},{"not_picked":["champ:BringItOn","champ:DefensiveShout"],"picked":"champ:Improvising","floor":32},{"not_picked":["champ:ShieldSlam","champ:HeavySlash"],"picked":"champ:MurderStrike","floor":33},{"not_picked":["champ:Riposte","champ:Encircle"],"picked":"champ:DeathBlow+1","floor":37},{"not_picked":["champ:PerfectedStrike+1","champ:FlashCut+1"],"picked":"champ:Haymaker+1","floor":38},{"not_picked":["champ:FalseCounter","champ:GladiatorsShout"],"picked":"champ:BringItOn+1","floor":43},{"not_picked":["champ:GladiatorsShout+1","champ:BerserkerStyle+1"],"picked":"champ:SteelEdge","floor":45},{"not_picked":["champ:FanOfKnives","champ:Haymaker+1"],"picked":"champ:BringItOn","floor":48},{"not_picked":["champ:FocusedGladiator","champ:StanceDance"],"picked":"champ:EnGarde","floor":49},{"not_picked":["champ:GladiatorsShout+1","champ:BerserkersShout+1"],"picked":"champ:RecklessLeap+1","floor":52}],"player_experience":512481,"relics_obtained":[{"floor":10,"key":"Happy Flower"},{"floor":20,"key":"Ice Cream"},{"floor":24,"key":"hubris:SlimyHat"},{"floor":41,"key":"jedi:angrymask"},{"floor":46,"key":"Potion Belt"},{"floor":52,"key":"Chemical X"},{"floor":52,"key":"Nunchaku"}],"event_choices":[{"damage_healed":0,"gold_gain":200,"player_choice":"Gold","damage_taken":0,"max_hp_gain":0,"max_hp_loss":0,"event_name":"Wheel of Change","floor":22,"gold_loss":0},{"cards_removed":["champ:GutPunch"],"damage_healed":0,"gold_gain":0,"player_choice":"Removed Attack","damage_taken":0,"max_hp_gain":0,"max_hp_loss":0,"event_name":"Falling","floor":47,"gold_loss":0}],"is_beta":false,"boss_relics":[{"not_picked":["Astrolabe","hubris:CrackedHourglass"],"picked":"SlaversCollar"},{"not_picked":["Snecko Eye","hubris:GrandSneckoEye"],"picked":"hubris:Backtick"}],"items_purged_floors":[8,28],"is_endless":false,"potions_floor_spawned":[5,15,19,20,31,32,38,43,49,52],"ascension_level":0}}