{"host":"qw1m3zcvi888b4j7","time":1607888582,"event":{"mods":["AchievementEnabler","BaseMod","Block Reminder","Colored Map","Colored Powertips","Consume Value Calculator","DeckTracker","Highlight Path","Minty Spire (QoL Compilation)","Quick Restart","Rare Cards Sparkle","Relic Sorter","Relic Stats"],"gold_per_floor":[114,189,154,170,184,184,198,227,299,0,16,46,46,381,381,381,381],"floor_reached":16,"playtime":655,"items_purged":[],"score":126,"play_id":"ecf552b4-31d4-4fe7-88ee-4387cb0e72db","local_time":"20201213204302","is_ascension_mode":true,"campfire_choices":[{"floor":6,"key":"RECALL"},{"floor":13,"key":"REST"},{"floor":15,"key":"REST"}],"circlet_count":0,"master_deck":["Strike_B","Strike_B","Strike_B","Strike_B","Defend_B","Defend_B","Defend_B","Defend_B","Zap","Dualcast","Beam Cell","Double Energy","Biased Cognition","Cold Snap","Auto Shields","Consume","Sunder","Beam Cell","Ball Lightning"],"relics":["Cracked Core","NeowsBlessing","Prayer Wheel","Shovel","Boot","Old Coin"],"acts_visited":["Exordium"],"potions_floor_usage":[16],"damage_taken":[{"damage":0,"enemies":"Small Slimes","floor":1,"turns":1},{"damage":0,"enemies":"2 Louse","floor":4,"turns":1},{"damage":0,"enemies":"Jaw Worm","floor":5,"turns":1},{"damage":16,"enemies":"Exordium Wildlife","floor":7,"turns":3},{"damage":40,"enemies":"Lagavulin","floor":8,"turns":6},{"damage":0,"enemies":"Blue Slaver","floor":11,"turns":3},{"damage":12,"enemies":"Gremlin Nob","floor":12,"turns":4},{"damage":17,"enemies":"3 Sentries","floor":14,"turns":6},{"damage":34,"enemies":"Hexaghost","floor":16,"turns":9}],"seed_played":"2177965787631429794","potions_obtained":[{"floor":8,"key":"GamblersBrew"},{"floor":11,"key":"FearPotion"}],"is_trial":false,"path_per_floor":["M","?","?","M","M","R","M","E","T","$","M","E","R","E","R","B"],"character_chosen":"DEFECT","items_purchased":["Shovel"],"campfire_rested":2,"item_purchase_floors":[10],"current_hp_per_floor":[75,64,75,75,75,75,59,19,19,19,19,7,29,12,34,0,0],"gold":381,"neow_bonus":"THREE_ENEMY_KILL","is_daily":false,"chose_seed":false,"campfire_upgraded":0,"win_rate":0.0,"timestamp":1607888582,"path_taken":["M","?","?","M","M","R","M","E","T","$","M","E","R","E","R","BOSS"],"items_purchased_type":["Relic"],"build_version":"2020-11-30","purchased_purges":0,"victory":false,"max_hp_per_floor":[75,75,75,75,75,75,75,75,75,75,75,75,75,75,75,75,75],"relic_stats":{"Shovel":0,"counters":[9,34],"Prayer Wheel":1,"Boot":[11],"obtain_stats":[{"Shovel":10,"NeowsBlessing":0,"Prayer Wheel":8,"Cracked Core":0,"Boot":12,"Old Coin":14},{"Shovel":5,"NeowsBlessing":0,"Prayer Wheel":5,"Cracked Core":0,"Boot":7,"Old Coin":8},{"Shovel":12,"NeowsBlessing":0,"Prayer Wheel":12,"Cracked Core":0,"Boot":19,"Old Coin":25}]},"card_choices":[{"not_picked":["Hologram","Streamline"],"picked":"Beam Cell","floor":1},{"not_picked":["Hologram","Compile Driver"],"picked":"Double Energy","floor":4},{"not_picked":["Self Repair","Conserve Battery"],"picked":"Biased Cognition","floor":5},{"not_picked":["Coolheaded","Ball Lightning"],"picked":"Cold Snap","floor":7},{"not_picked":["Aggregate","Double Energy"],"picked":"Auto Shields","floor":8},{"not_picked":["Redo","Go for the Eyes"],"picked":"Consume","floor":11},{"not_picked":["Rebound","Rip and Tear"],"picked":"Sunder","floor":11},{"not_picked":["Redo","Leap"],"picked":"Beam Cell","floor":12},{"not_picked":["Force Field","Rainbow"],"picked":"Ball Lightning","floor":14}],"player_experience":46719,"relics_obtained":[{"floor":8,"key":"Prayer Wheel"},{"floor":12,"key":"Boot"},{"floor":14,"key":"Old Coin"}],"event_choices":[{"damage_healed":0,"gold_gain":75,"player_choice":"Gather Gold","damage_taken":11,"max_hp_gain":0,"max_hp_loss":0,"event_name":"World of Goop","floor":2,"gold_loss":0},{"damage_healed":18,"gold_gain":0,"player_choice":"Healed","damage_taken":0,"max_hp_gain":0,"max_hp_loss":0,"event_name":"The Cleric","floor":3,"gold_loss":35}],"is_beta":false,"boss_relics":[],"items_purged_floors":[],"is_endless":false,"potions_floor_spawned":[8,11],"killed_by":"Hexaghost","ascension_level":1}}