{"host":"Crutt","time":1607833192,"event":{"mods":["Aspiration","BaseMod","Downfall","Googly Eyes","Minty Spire (QoL Compilation)","Optimize The Spire","Spicy Shops","StSLib"],"gold_per_floor":[99,129,129,0,30,42,66,66,66,66,84,259,277,47,62,159,159,159,159,171,96,46,46,46,81,99,124,31,49,8,106,120,222,222,147,178,178,34,34,34,104,104,131,131,146,164,164,183,195,195],"floor_reached":51,"playtime":5337,"items_purged":["Doubt","Injury"],"score":1274,"play_id":"e70af93e-89d5-433d-a234-76a7cd274a9f","local_time":"20201212221952","is_ascension_mode":true,"campfire_choices":[{"data":"hexamod:Sear","floor":1,"key":"SMITH"},{"data":"Envenom","floor":10,"key":"SMITH"},{"floor":18,"key":"RECALL"},{"floor":21,"key":"REST"},{"data":"hexamod:EmpoweredFlame","floor":23,"key":"SMITH"},{"floor":35,"key":"DIG"},{"floor":39,"key":"DIG"},{"floor":42,"key":"DIG"},{"floor":44,"key":"DIG"}],"circlet_count":0,"master_deck":["AscendersBane","hexamod:Strike","hexamod:Strike+1","hexamod:Strike","hexamod:Defend","hexamod:Defend","hexamod:Defend","hexamod:Sear+1","hexamod:Float","hexamod:BacktrackSmack","hexamod:ApocalypticArmor","hexamod:Hexaguard+1","hexamod:HeatShield+1","Envenom+1","Leg Sweep+1","hexamod:Hexaguard+1","hexamod:CatchUp+1","hexamod:EmpoweredFlame+1","hexamod:TimeOfNeed+1","hexamod:FastForward+1","hexamod:SpectersWail+1","hexamod:StepThrough","hexamod:StepThrough","hexamod:EmpoweredFlame+1","hexamod:FastForward+1","hexamod:FastForward+1","hexamod:FastForward+1","Parasite","hexamod:FastForward+1"],"relics":["hexamod:SpiritBrand","downfall:HeartsMalice","Toy Ornithopter","Toxic Egg 2","Incense Burner","Vajra","Singing Bowl","Runic Dome","downfall:HeartBlessingRed","aspiration:Stabinomicon","hexamod:TheBrokenSeal","hexamod:TheBrokenSeal","Shovel","DollysMirror","Oddly Smooth Stone","hexamod:IceCube","downfall:HeartBlessingBlue","Sundial","StoneCalendar","hexamod:JarOfFuel","Unceasing Top","Mercury Hourglass","Dream Catcher","Strawberry","Eternal Feather","aspiration:HummingbirdHeart"],"acts_visited":["Exordium","TheCity","TheBeyond"],"potions_floor_usage":[16,25,50,50],"damage_taken":[{"damage":0,"enemies":"3 Sentries","floor":2,"turns":1},{"damage":0,"enemies":"downfall:FleeingMerchant","floor":4,"turns":1},{"damage":0,"enemies":"Gremlin Nob","floor":5,"turns":1},{"damage":0,"enemies":"Small Slimes","floor":6,"turns":3},{"damage":5,"enemies":"2 Louse","floor":11,"turns":3},{"damage":2,"enemies":"Jaw Worm","floor":13,"turns":4},{"damage":0,"enemies":"downfall:FleeingMerchant","floor":14,"turns":4},{"damage":9,"enemies":"Blue Slaver","floor":15,"turns":4},{"damage":32,"enemies":"downfall:Silent","floor":16,"turns":13},{"damage":39,"enemies":"Chosen","floor":20,"turns":8},{"damage":57,"enemies":"Book of Stabbing","floor":25,"turns":8},{"damage":15,"enemies":"Shell Parasite","floor":26,"turns":7},{"damage":7,"enemies":"Gremlin Leader","floor":27,"turns":6},{"damage":0,"enemies":"downfall:FleeingMerchant","floor":28,"turns":4},{"damage":1,"enemies":"Snecko","floor":29,"turns":5},{"damage":0,"enemies":"downfall:FleeingMerchant","floor":30,"turns":4},{"damage":0,"enemies":"downfall:FleeingMerchant","floor":31,"turns":1},{"damage":0,"enemies":"Centurion and Healer","floor":32,"turns":3},{"damage":16,"enemies":"downfall:Watcher","floor":33,"turns":7},{"damage":9,"enemies":"Reptomancer","floor":36,"turns":7},{"damage":24,"enemies":"Nemesis","floor":43,"turns":5},{"damage":2,"enemies":"3 Shapes","floor":45,"turns":5},{"damage":0,"enemies":"3 Darklings","floor":46,"turns":4},{"damage":0,"enemies":"Writhing Mass","floor":48,"turns":4},{"damage":0,"enemies":"Spire Growth","floor":49,"turns":3},{"damage":11,"enemies":"downfall:Defect","floor":50,"turns":7}],"seed_played":"-3964489631751191312","potions_obtained":[{"floor":5,"key":"FairyPotion"},{"floor":11,"key":"ColorlessPotion"},{"floor":14,"key":"SteroidPotion"},{"floor":16,"key":"GamblersBrew"},{"floor":25,"key":"Ancient Potion"}],"is_trial":false,"path_per_floor":["R","E","?","$","E","M","T","?","?","R","M","?","M","$","M","B",null,"R","?","M","R","?","R","T","E","M","E","$","M","$","$","M","B",null,"R","E","?","$","R","$","T","R","E","R","M","M","?","M","M","B",null],"character_chosen":"THE_SPIRIT","items_purchased":["hexamod:ApocalypticArmor","hexamod:Hexaguard+1","hexamod:CatchUp+1","hexamod:EmpoweredFlame","DollysMirror","hexamod:FastForward+1","Oddly Smooth Stone","hexamod:JarOfFuel"],"campfire_rested":1,"item_purchase_floors":[4,4,14,14,28,30,31,38],"current_hp_per_floor":[63,63,63,63,63,70,70,45,45,45,47,47,52,59,59,41,66,66,66,43,65,76,76,76,28,98,93,93,92,92,94,96,82,100,110,103,103,103,103,103,103,103,88,88,88,90,90,90,92,91],"gold":195,"neow_bonus":"THREE_ENEMY_KILL","is_daily":false,"chose_seed":false,"campfire_upgraded":3,"win_rate":0.0,"timestamp":1607833192,"path_taken":["R","E","?","$","E","M","T","?","?","R","M","?","M","$","M","BOSS","R","?","M","R","?","R","T","E","M","E","?","?","?","$","M","BOSS","R","E","?","?","R","$","T","R","E","R","M","M","?","M","M","BOSS"],"items_purchased_type":["Card","Card","Card","Card","Relic","Card","Relic","Relic"],"build_version":"2020-12-07","purchased_purges":2,"victory":true,"max_hp_per_floor":[70,70,70,70,70,70,70,70,70,70,70,70,70,70,72,74,74,74,74,76,76,76,76,76,78,98,100,100,100,100,102,104,106,106,116,118,118,118,118,118,118,118,127,127,129,131,131,131,133,133],"card_choices":[{"not_picked":["hexamod:ShieldOfDarkness","hexamod:ExtraCrispy"],"picked":"hexamod:BacktrackSmack","floor":2},{"not_picked":["hexamod:InspiringFlames+1","hexamod:GhostShield+1"],"picked":"hexamod:FirstSeal","floor":4},{"not_picked":["hexamod:NightmareStrike","hexamod:RecurringNightmare+1"],"picked":"hexamod:GhostOfSpireFuture","floor":5},{"not_picked":["hexamod:InspiringFlames+1","hexamod:ShieldOfDarkness+1"],"picked":"hexamod:HeatShield+1","floor":6},{"not_picked":["hexamod:SwordOfDarkness","hexamod:NightmareGuise+1"],"picked":"hexamod:Hexaguard+1","floor":11},{"not_picked":["hexamod:NightmareGuise+1","hexamod:ExtraCrispy"],"picked":"hexamod:FourthSeal","floor":13},{"not_picked":["hexamod:NightmareStrike","hexamod:ChargedBarrage+1"],"picked":"hexamod:FifthSeal","floor":14},{"not_picked":["hexamod:SecondSeal","hexamod:FifthSeal"],"picked":"hexamod:ThirdSeal","floor":15},{"not_picked":["hexamod:Firestarter","hexamod:VolcanoVisage","hexamod:GhostLash"],"picked":"Singing Bowl","floor":15},{"not_picked":["hexamod:FifthSeal","hexamod:FourthSeal"],"picked":"hexamod:FirstSeal","floor":16},{"not_picked":["hexamod:UnleashSpirits","hexamod:SearingWound+1"],"picked":"hexamod:TimeOfNeed+1","floor":16},{"not_picked":["hexamod:ApocalypticArmor","hexamod:TurnItUp+1","hexamod:FifthSeal"],"picked":"Singing Bowl","floor":16},{"not_picked":["hexamod:FastForward+1","hexamod:NightmareGuise+1","hexamod:ThirdSeal"],"picked":"Singing Bowl","floor":20},{"not_picked":["hexamod:SecondSeal","hexamod:FourthSeal"],"picked":"hexamod:SixthSeal","floor":20},{"not_picked":["hexamod:SpectersWail","hexamod:SwordOfDarkness"],"picked":"hexamod:FastForward+1","floor":20},{"not_picked":["hexamod:SixthSeal","hexamod:FirstSeal"],"picked":"hexamod:SecondSeal","floor":25},{"not_picked":["hexamod:ThermalTransfer","hexamod:HauntingEcho","hexamod:FourthSeal"],"picked":"Singing Bowl","floor":25},{"not_picked":["hexamod:HeatCrush","hexamod:FlamesFromBeyond+1"],"picked":"hexamod:SpectersWail+1","floor":25},{"not_picked":["hexamod:ThermalTransfer","hexamod:BacktrackSmack+1"],"picked":"hexamod:StepThrough","floor":26},{"not_picked":["hexamod:InspiringFlames+1","hexamod:GhostShield+1","hexamod:PhantomCloak"],"picked":"Singing Bowl","floor":27},{"not_picked":["hexamod:RainOfEmbers","hexamod:GhostLash"],"picked":"hexamod:StepThrough","floor":28},{"not_picked":["hexamod:StepThrough+1","hexamod:NightmareStrike"],"picked":"hexamod:FastForward+1","floor":29},{"not_picked":["hexamod:SearingWound+1","hexamod:NightmareStrike"],"picked":"hexamod:FastForward+1","floor":30},{"not_picked":["hexamod:FirstSeal","hexamod:ShieldOfDarkness+1","hexamod:SpectralSpark+1"],"picked":"Singing Bowl","floor":31},{"not_picked":["hexamod:ThermalTransfer","hexamod:NecessarySacrifice+1","hexamod:BurningTouch+1"],"picked":"Singing Bowl","floor":32},{"not_picked":["hexamod:TurnItUp+1","hexamod:ParanormalForm","hexamod:CrushingStance"],"picked":"Singing Bowl","floor":33},{"not_picked":["hexamod:SearingWound+1","hexamod:RadiantFlame+1","hexamod:BacktrackSmack+1"],"picked":"Singing Bowl","floor":36},{"not_picked":["hexamod:ThermalTransfer+1","hexamod:SkipABeat+1","hexamod:Firestarter+1"],"picked":"Singing Bowl","floor":43},{"not_picked":["hexamod:SwordOfDarkness","hexamod:Hexaguard+1","hexamod:DynamicBlow+1"],"picked":"Singing Bowl","floor":45},{"not_picked":["hexamod:HeatCrush","hexamod:SoulSteal+1","hexamod:EmpoweredFlame"],"picked":"Singing Bowl","floor":46},{"not_picked":["hexamod:InspiringFlames+1","hexamod:EmpoweredFlame"],"picked":"hexamod:FastForward+1","floor":48},{"not_picked":["hexamod:InspiringFlames+1","hexamod:HexaLevel","hexamod:RetreatToShadows+1"],"picked":"Singing Bowl","floor":49}],"player_experience":3067479,"relics_obtained":[{"floor":2,"key":"Toy Ornithopter"},{"floor":5,"key":"Incense Burner"},{"floor":7,"key":"Vajra"},{"floor":25,"key":"aspiration:Stabinomicon"},{"floor":27,"key":"Shovel"},{"floor":35,"key":"Sundial"},{"floor":36,"key":"StoneCalendar"},{"floor":39,"key":"Unceasing Top"},{"floor":41,"key":"Mercury Hourglass"},{"floor":42,"key":"Dream Catcher"},{"floor":43,"key":"Strawberry"},{"floor":44,"key":"Eternal Feather"},{"floor":47,"key":"aspiration:HummingbirdHeart"}],"event_choices":[{"damage_healed":0,"gold_gain":0,"player_choice":"Success","damage_taken":25,"relics_obtained":["Singing Bowl"],"max_hp_gain":0,"max_hp_loss":0,"event_name":"Scrap Ooze","floor":8,"gold_loss":0},{"cards_removed":["Finisher"],"damage_healed":0,"gold_gain":0,"player_choice":"Card Removal","damage_taken":0,"max_hp_gain":0,"max_hp_loss":0,"event_name":"Wheel of Change","floor":37,"gold_loss":0}],"is_beta":true,"boss_relics":[{"not_picked":["Calling Bell","aspiration:FutureDiary"],"picked":"Runic Dome"},{"not_picked":["sneckomod:SneckoTalon","Busted Crown"],"picked":"hexamod:IceCube"}],"items_purged_floors":[14,31],"is_endless":false,"potions_floor_spawned":[5,11,15,26,32,36,43,45,48],"ascension_level":10}}