{"host":"ilxricga2547gmyy","time":1607818638,"event":{"mods":["AchievementEnabler","BaseMod","Minty Spire (QoL Compilation)","Quick Restart","StSLib"],"gold_per_floor":[111,124,143,160,160,204,204,204,204],"floor_reached":8,"playtime":306,"items_purged":[],"score":64,"play_id":"0efe15fb-f736-4ee2-b4df-a16a7e1a727b","local_time":"20201213011718","is_ascension_mode":true,"campfire_choices":[],"circlet_count":0,"master_deck":["Strike_G","Strike_G","Strike_G","Strike_G","Strike_G","Defend_G","Defend_G","Defend_G","Defend_G","Defend_G","Survivor","Neutralize","Deadly Poison","Catalyst","PiercingWail","Noxious Fumes"],"relics":["SlaversCollar","Golden Idol","Tiny Chest"],"acts_visited":["Exordium"],"potions_floor_usage":[6,8],"damage_taken":[{"damage":2,"enemies":"Jaw Worm","floor":1,"turns":6},{"damage":4,"enemies":"Small Slimes","floor":2,"turns":4},{"damage":6,"enemies":"2 Louse","floor":3,"turns":4},{"damage":15,"enemies":"Exordium Thugs","floor":4,"turns":7},{"damage":30,"enemies":"Gremlin Nob","floor":6,"turns":5},{"damage":15,"enemies":"3 Sentries","floor":8,"turns":6}],"seed_played":"443682553645468316","potions_obtained":[{"floor":1,"key":"Ancient Potion"},{"floor":4,"key":"PowerPotion"},{"floor":6,"key":"ColorlessPotion"}],"is_trial":false,"path_per_floor":["M","M","M","M","?","E","?","E"],"character_chosen":"THE_SILENT","items_purchased":[],"campfire_rested":0,"item_purchase_floors":[],"current_hp_per_floor":[68,64,58,43,43,13,13,0,0],"gold":204,"neow_bonus":"BOSS_RELIC","is_daily":false,"chose_seed":false,"campfire_upgraded":0,"win_rate":0.0,"timestamp":1607818638,"path_taken":["M","M","M","M","?","E","?","E"],"items_purchased_type":[],"build_version":"2020-11-30","purchased_purges":0,"victory":false,"max_hp_per_floor":[70,70,70,70,65,65,65,65,65],"card_choices":[{"not_picked":["Tactician","Outmaneuver"],"picked":"Deadly Poison","floor":1},{"not_picked":["Well Laid Plans","Sucker Punch"],"picked":"Catalyst","floor":2},{"not_picked":["Backflip","Quick Slash"],"picked":"PiercingWail","floor":3},{"not_picked":["Infinite Blades","Backstab","Blade Dance"],"picked":"SKIP","floor":4},{"not_picked":["Predator","Adrenaline"],"picked":"Noxious Fumes","floor":6}],"player_experience":206202,"relics_obtained":[{"floor":6,"key":"Tiny Chest"}],"event_choices":[{"damage_healed":0,"gold_gain":0,"player_choice":"Lose Max HP","damage_taken":0,"relics_obtained":["Golden Idol"],"max_hp_gain":0,"max_hp_loss":5,"event_name":"Golden Idol","floor":5,"gold_loss":0},{"damage_healed":0,"gold_gain":0,"player_choice":"Ignored","damage_taken":0,"max_hp_gain":0,"max_hp_loss":0,"event_name":"Golden Wing","floor":7,"gold_loss":0}],"is_beta":false,"boss_relics":[],"items_purged_floors":[],"is_endless":false,"potions_floor_spawned":[1,4,6],"killed_by":"3 Sentries","ascension_level":2}}