{"host":"kda2p2afd6bvz6qo","time":1607895266,"event":{"mods":["BaseMod","Colored Map","Minty Spire (QoL Compilation)","Relic Stats"],"gold_per_floor":[114,189,201,201,213,245,245,260,287,318,336,348,348,380,380,480,480,495,508,508,520,2,2,35,35,58,88,88,117,127,139,139,242,242,259,274,623,136,136,151,176,176,200,9,9,19,30,57,57,57],"floor_reached":51,"playtime":2970,"items_purged":["Pain","Strike_G"],"score":1079,"play_id":"1063cd4b-64ca-452e-b5eb-66c653e8b58c","local_time":"20201213213426","is_ascension_mode":true,"campfire_choices":[{"data":"Night Terror","floor":7.0,"key":"SMITH"},{"floor":13.0,"key":"REST"},{"data":"Catalyst","floor":15.0,"key":"SMITH"},{"data":"Accuracy","floor":23.0,"key":"SMITH"},{"floor":25.0,"key":"REST"},{"data":"Cloak And Dagger","floor":28.0,"key":"SMITH"},{"data":"Terror","floor":32.0,"key":"SMITH"},{"data":"Envenom","floor":42.0,"key":"SMITH"},{"data":"Sadistic Nature","floor":45.0,"key":"SMITH"},{"data":"Leg Sweep","floor":49.0,"key":"SMITH"}],"circlet_count":0,"master_deck":["Strike_G","Defend_G","Defend_G","Defend_G","Defend_G","Defend_G","Survivor","Neutralize","Noxious Fumes","Terror+1","Slice","Night Terror+1","Slice","Masterful Stab","Deadly Poison","Catalyst+1","Corpse Explosion","Blade Dance+1","Tactician+1","Distraction+1","Catalyst+1","Cloak And Dagger+1","Accuracy+1","Leg Sweep+1","Slice","PiercingWail","PiercingWail+1","Cloak And Dagger+1","Envenom+1","CurseOfTheBell","Footwork+1","Dramatic Entrance","Sadistic Nature+1","Blur+1","Accuracy+1"],"relics":["WristBlade","WarpedTongs","Bronze Scales","Anchor","Centennial Puzzle","InkBottle","Astrolabe","FossilizedHelix","Shuriken","Nunchaku","Blood Vial","Gambling Chip","Calling Bell","Orichalcum","Question Card","Calipers","Old Coin","Lee\u0027s Waffle","MealTicket","Lantern","Snake Skull","Bag of Preparation"],"acts_visited":["Exordium","TheCity","TheBeyond"],"potions_floor_usage":[50,50,50,50],"damage_taken":[{"damage":3.0,"enemies":"Small Slimes","floor":1.0,"turns":4.0},{"damage":4.0,"enemies":"Jaw Worm","floor":3.0,"turns":5.0},{"damage":5.0,"enemies":"Cultist","floor":5.0,"turns":4.0},{"damage":25.0,"enemies":"Gremlin Nob","floor":6.0,"turns":4.0},{"damage":3.0,"enemies":"Blue Slaver","floor":8.0,"turns":3.0},{"damage":12.0,"enemies":"Lagavulin","floor":10.0,"turns":5.0},{"damage":0.0,"enemies":"Exordium Wildlife","floor":11.0,"turns":3.0},{"damage":0.0,"enemies":"2 Fungi Beasts","floor":12.0,"turns":2.0},{"damage":11.0,"enemies":"Gremlin Nob","floor":14.0,"turns":3.0},{"damage":8.0,"enemies":"Hexaghost","floor":16.0,"turns":6.0},{"damage":7.0,"enemies":"2 Thieves","floor":18.0,"turns":2.0},{"damage":2.0,"enemies":"Spheric Guardian","floor":19.0,"turns":3.0},{"damage":21.0,"enemies":"Snake Plant","floor":21.0,"turns":3.0},{"damage":14.0,"enemies":"Gremlin Leader","floor":24.0,"turns":5.0},{"damage":1.0,"enemies":"Slavers","floor":27.0,"turns":2.0},{"damage":0.0,"enemies":"Book of Stabbing","floor":29.0,"turns":4.0},{"damage":0.0,"enemies":"Snecko","floor":30.0,"turns":4.0},{"damage":0.0,"enemies":"Centurion and Healer","floor":31.0,"turns":5.0},{"damage":18.0,"enemies":"Automaton","floor":33.0,"turns":6.0},{"damage":1.0,"enemies":"3 Shapes","floor":35.0,"turns":5.0},{"damage":0.0,"enemies":"3 Darklings","floor":36.0,"turns":2.0},{"damage":15.0,"enemies":"2 Orb Walkers","floor":37.0,"turns":4.0},{"damage":0.0,"enemies":"4 Shapes","floor":40.0,"turns":3.0},{"damage":0.0,"enemies":"Giant Head","floor":41.0,"turns":5.0},{"damage":0.0,"enemies":"Maw","floor":46.0,"turns":4.0},{"damage":0.0,"enemies":"3 Darklings","floor":47.0,"turns":3.0},{"damage":0.0,"enemies":"Nemesis","floor":48.0,"turns":3.0},{"damage":37,"enemies":"Donu and Deca","floor":50,"turns":6}],"seed_played":"4362008467104894140","potions_obtained":[{"floor":3.0,"key":"BlessingOfTheForge"},{"floor":6.0,"key":"SpeedPotion"},{"floor":8.0,"key":"EssenceOfSteel"},{"floor":10.0,"key":"Poison Potion"},{"floor":19.0,"key":"Strength Potion"},{"floor":30.0,"key":"SpeedPotion"},{"floor":33.0,"key":"AttackPotion"},{"floor":35.0,"key":"LiquidBronze"},{"floor":41.0,"key":"AttackPotion"},{"floor":47.0,"key":"AttackPotion"}],"is_trial":false,"path_per_floor":["M","?","M","?","M","E","R","M","T","E","M","M","R","E","R","B",null,"M","M","?","M","$","R","E","R","T","E","R","E","M","M","R","B",null,"M","M","?","$","?","M","E","R","T","$","R","M","M","E","R","B",null],"character_chosen":"THE_SILENT","items_purchased":["Accuracy","Leg Sweep","Slice","FossilizedHelix","Lee\u0027s Waffle","MealTicket","EntropicBrew","Sadistic Nature"],"campfire_rested":2,"item_purchase_floors":[22,22,22,22,38,38,38,44],"current_hp_per_floor":[67,56,52,52,47,22,22,19,19,7,7,7,28,17,17,9,70,63,61,61,40,40,40,26,47,47,46,46,48,50,52,52,36,70,69,70,55,77,77,77,77,77,77,77,77,77,77,77,77,40],"gold":57,"neow_bonus":"BOSS_RELIC","is_daily":false,"chose_seed":false,"campfire_upgraded":8,"win_rate":0.0,"timestamp":1607895266,"path_taken":["M","?","M","?","M","E","R","?","T","E","M","M","R","E","R","BOSS","M","M","?","M","$","R","E","R","T","E","R","E","M","M","R","BOSS","M","M","?","$","?","M","E","R","T","?","R","M","M","E","R","BOSS"],"items_purchased_type":["Card","Card","Card","Relic","Relic","Relic","Potion","Card"],"build_version":"2020-11-30","purchased_purges":2,"victory":true,"max_hp_per_floor":[70,70,70,70,70,70,70,70,70,70,70,70,70,70,70,70,70,70,70,70,70,70,70,70,70,70,70,70,70,70,70,70,70,70,70,70,70,77,77,77,77,77,77,77,77,77,77,77,77,77],"relic_stats":{"Lee\u0027s Waffle":22,"counters":[28,108],"Astrolabe":["Blade Dance","Tactician","Distraction"],"Snake Skull":[30],"Bag of Preparation":[2],"Orichalcum":[30],"Question Card":9,"WarpedTongs":[99],"Blood Vial":9,"Centennial Puzzle":[33],"Nunchaku":[11],"Shuriken":[23],"Bronze Scales":[229],"Gambling Chip":[24],"MealTicket":0,"obtain_stats":[{"Lee\u0027s Waffle":38,"Lantern":41,"Calipers":34,"Astrolabe":17,"Snake Skull":43,"Bag of Preparation":48,"Orichalcum":34,"Question Card":34,"WarpedTongs":4,"Old Coin":37,"Blood Vial":27,"Calling Bell":34,"Anchor":9,"Centennial Puzzle":10,"Nunchaku":26,"WristBlade":0,"Shuriken":24,"Bronze Scales":6,"Gambling Chip":29,"MealTicket":38,"InkBottle":14,"FossilizedHelix":22,"Ring of the Snake":0},{"Lee\u0027s Waffle":22,"Lantern":24,"Calipers":19,"Astrolabe":10,"Snake Skull":24,"Bag of Preparation":27,"Orichalcum":19,"Question Card":19,"WarpedTongs":2,"Old Coin":22,"Blood Vial":15,"Calling Bell":19,"Anchor":5,"Centennial Puzzle":6,"Nunchaku":14,"WristBlade":0,"Shuriken":14,"Bronze Scales":4,"Gambling Chip":16,"MealTicket":22,"InkBottle":9,"FossilizedHelix":13,"Ring of the Snake":0},{"Lee\u0027s Waffle":84,"Lantern":92,"Calipers":73,"Astrolabe":39,"Snake Skull":92,"Bag of Preparation":102,"Orichalcum":73,"Question Card":73,"WarpedTongs":9,"Old Coin":84,"Blood Vial":54,"Calling Bell":73,"Anchor":20,"Centennial Puzzle":25,"Nunchaku":52,"WristBlade":0,"Shuriken":52,"Bronze Scales":17,"Gambling Chip":58,"MealTicket":84,"InkBottle":33,"FossilizedHelix":47,"Ring of the Snake":0}],"InkBottle":[34]},"card_choices":[{"not_picked":["Sucker Punch","Deflect"],"picked":"Noxious Fumes","floor":1.0},{"not_picked":["Escape Plan","Underhanded Strike"],"picked":"Terror","floor":3.0},{"not_picked":["Acrobatics","Quick Slash"],"picked":"Slice","floor":5.0},{"not_picked":["Blur","Underhanded Strike"],"picked":"Night Terror","floor":6.0},{"not_picked":["Poisoned Stab","Cloak And Dagger"],"picked":"Slice","floor":8.0},{"not_picked":["Dagger Throw","Prepared"],"picked":"Masterful Stab","floor":10.0},{"not_picked":["Dagger Spray","Underhanded Strike","Acrobatics"],"picked":"SKIP","floor":11.0},{"not_picked":["Calculated Gamble","Prepared"],"picked":"Deadly Poison","floor":12.0},{"not_picked":["Dagger Spray","Expertise"],"picked":"Catalyst","floor":14.0},{"not_picked":["Die Die Die","Burst"],"picked":"Corpse Explosion","floor":16.0},{"not_picked":["Dagger Throw","Finisher"],"picked":"Catalyst+1","floor":18.0},{"not_picked":["Deflect","Sucker Punch","Terror"],"picked":"SKIP","floor":19.0},{"not_picked":["Crippling Poison","Acrobatics","Dagger Spray"],"picked":"SKIP","floor":21.0},{"not_picked":["Blade Dance","Endless Agony"],"picked":"PiercingWail","floor":24.0},{"not_picked":["Deflect","Masterful Stab"],"picked":"PiercingWail+1","floor":27.0},{"not_picked":["Deadly Poison","Skewer","Deflect+1"],"picked":"SKIP","floor":29.0},{"not_picked":["Acrobatics","Eviscerate","Expertise"],"picked":"SKIP","floor":30.0},{"not_picked":["Slice","Wraith Form v2"],"picked":"Cloak And Dagger+1","floor":31.0},{"not_picked":["Malaise","Adrenaline"],"picked":"Envenom","floor":33.0},{"not_picked":["Leg Sweep+1","Sucker Punch","PiercingWail","Bane"],"picked":"SKIP","floor":35.0},{"not_picked":["Endless Agony","Dagger Spray","Cloak And Dagger","Prepared"],"picked":"SKIP","floor":36.0},{"not_picked":["Bouncing Flask+1","Poisoned Stab","Acrobatics"],"picked":"Footwork+1","floor":37.0},{"not_picked":["Chrysalis","Blind","Mind Blast"],"picked":"Dramatic Entrance","floor":39.0},{"not_picked":["Backflip+1","Catalyst","Sucker Punch+1","Leg Sweep"],"picked":"SKIP","floor":40.0},{"not_picked":["Dodge and Roll+1","Heel Hook+1","Dagger Throw+1","Dagger Spray+1"],"picked":"SKIP","floor":41.0},{"not_picked":["Dagger Spray","Quick Slash","Accuracy","Cloak And Dagger+1"],"picked":"SKIP","floor":46.0},{"not_picked":["Outmaneuver+1","Leg Sweep","Dagger Throw+1"],"picked":"Blur+1","floor":47.0},{"not_picked":["Setup+1","Storm of Steel","Caltrops"],"picked":"Accuracy+1","floor":48.0}],"player_experience":37586,"relics_obtained":[{"floor":6.0,"key":"Bronze Scales"},{"floor":9.0,"key":"Anchor"},{"floor":10.0,"key":"Centennial Puzzle"},{"floor":14.0,"key":"InkBottle"},{"floor":24.0,"key":"Shuriken"},{"floor":26.0,"key":"Nunchaku"},{"floor":27.0,"key":"Blood Vial"},{"floor":29.0,"key":"Gambling Chip"},{"floor":34.0,"key":"Orichalcum"},{"floor":34.0,"key":"Question Card"},{"floor":34.0,"key":"Calipers"},{"floor":37.0,"key":"Old Coin"},{"floor":41.0,"key":"Lantern"},{"floor":43.0,"key":"Snake Skull"},{"floor":48.0,"key":"Bag of Preparation"}],"event_choices":[{"damage_healed":0.0,"max_hp_gain":0.0,"max_hp_loss":0.0,"gold_gain":75.0,"event_name":"World of Goop","player_choice":"Gather Gold","floor":2.0,"gold_loss":0.0,"damage_taken":11.0},{"damage_healed":0.0,"max_hp_gain":0.0,"max_hp_loss":0.0,"gold_gain":0.0,"event_name":"Accursed Blacksmith","player_choice":"Rummage","floor":4.0,"gold_loss":0.0,"damage_taken":0.0,"relics_obtained":["WarpedTongs"],"cards_obtained":["Pain"]},{"damage_healed":0.0,"max_hp_gain":0.0,"max_hp_loss":0.0,"gold_gain":0.0,"event_name":"The Library","player_choice":"Read","floor":20.0,"gold_loss":0.0,"damage_taken":0.0,"cards_obtained":["Cloak And Dagger"]},{"damage_healed":0.0,"max_hp_gain":0.0,"max_hp_loss":0.0,"gold_gain":0.0,"event_name":"Mysterious Sphere","player_choice":"Fight","floor":37.0,"gold_loss":0.0,"damage_taken":0.0},{"damage_healed":0.0,"max_hp_gain":0.0,"max_hp_loss":0.0,"gold_gain":0.0,"event_name":"SensoryStone","player_choice":"Memory 1","floor":39.0,"gold_loss":0.0,"damage_taken":0.0}],"is_beta":false,"boss_relics":[{"not_picked":["Empty Cage","Velvet Choker"],"picked":"Astrolabe"},{"not_picked":["SacredBark","Snecko Eye"],"picked":"Calling Bell"}],"items_purged_floors":[22,38],"is_endless":false,"potions_floor_spawned":[3,6,8,10,19,30,33,35,36,41,47],"ascension_level":4}}