{"host":"lck2g1j0kcwr02ez","time":1607844901,"event":{"mods":["BaseMod","CapriCore","Mari Mod (Legacy)","Mari\u0027s V1 Patch","Minty Spire (QoL Compilation)","Rare Cards Sparkle","StSLib","The Hierophant","The Mystic"],"gold_per_floor":[156,156,181,193,8663,8663,7992,7996,8045,8045,8045,8045,8054,8063,8063,8137,8137,8099,8099,8149,8140,8134,8116,8106,8074,8097,8097,8061,8058,7332,7332,7332,7352,7352,7357,7336,6365,6309,6262,6215,6215,6241,6265,6265,6265,6283,6283,6213,6213,6148,6148],"floor_reached":50,"playtime":2843,"items_purged":["MariMod:Mari_Defend","MariMod:Mari_Strike","MariMod:Mari_Limelight","Flash of Steel"],"score":769,"play_id":"086dcca8-ddce-44db-b8f7-e0dabae0c190","local_time":"20201213153501","is_ascension_mode":false,"campfire_choices":[{"data":"MariMod:Mari_Flaunt","floor":6,"key":"SMITH"},{"data":"MariMod:Mari_The_FLYING_CAR","floor":10,"key":"SMITH"},{"data":"MariMod:Mari_Overexertion","floor":12,"key":"SMITH"},{"data":"MariMod:Mari_The_FLYING_CAR","floor":15,"key":"SMITH"},{"data":"MariMod:Mari_All_Or_Nothing","floor":27,"key":"SMITH"},{"floor":32,"key":"REST"},{"floor":41,"key":"RECALL"},{"data":"MariMod:Mari_Boundless_Energy+1","floor":49,"key":"SMITH"}],"circlet_count":0,"master_deck":["MariMod:Mari_Reminisce","MariMod:Mari_Debut","MariMod:Mari_Overexertion+1","MariMod:Mari_Self_Care","MariMod:Mari_Withdrawal","MariMod:Mari_Flaunt+1","MariMod:Mari_Golden_Glint","MariMod:Mari_The_FLYING_CAR+1","Impatience","MariMod:Mari_The_FLYING_CAR+1","MariMod:Mari_The_HELICOPTER","MariMod:Mari_The_MANSION","MariMod:Mari_Perfect_Performance","MariMod:Mari_Character_Development","MariMod:Mari_Administrator_Privilege","MariMod:Mari_Character_Development","MariMod:Mari_All_Or_Nothing+1","MariMod:Mari_The_Light_We_Chase","MariMod:Mari_Awe","MariMod:Mari_Delicacy","MariMod:Mari_The_HELICOPTER","MariMod:Mari_The_HELICOPTER+1","MariMod:Mari_Reckless_Spending","MariMod:Mari_Wishing_Fountain","MariMod:Mari_Boundless_Energy","MariMod:Mari_Unveiled_Secret","MariMod:Mari_Golden_Glint+1","MariMod:Mari_The_FLYING_CAR","MariMod:Mari_The_GOLDEN_STATUE","MariMod:Mari_Emotional_Episode","MariMod:Mari_Delicacy","Panacea","MariMod:Mari_Tough_Front","MariMod:Mari_The_HELICOPTER","MariMod:Mari_Boundless_Energy+2","MariMod:Mari_Supervision","MariMod:Mari_The_HELICOPTER","MariMod:Mari_The_HELICOPTER","MariMod:Mari_The_FLYING_CAR","MariMod:Mari_Overexertion","MariMod:Mari_The_GOLDEN_STATUE","MariMod:Mari_Well_Kept_Secret","Madness","Madness"],"relics":["MariMod:MariTheSpark","NeowsBlessing","Whetstone","Bottled Tornado","Bag of Preparation","Bronze Scales","Sling","Boot","Omamori","Pandora\u0027s Box","HornCleat","CeramicFish","Juzu Bracelet","Medical Kit","Pen Nib","Snecko Eye","Question Card","Singing Bowl","Orrery","FossilizedHelix","PreservedInsect","Du-Vu Doll"],"acts_visited":["Exordium","TheCity","TheBeyond"],"potions_floor_usage":[13,16,16,21,25,29,29,33,40,50],"damage_taken":[{"damage":0,"enemies":"2 Louse","floor":1,"turns":1},{"damage":0,"enemies":"Jaw Worm","floor":3,"turns":1},{"damage":0,"enemies":"Cultist","floor":4,"turns":1},{"damage":10,"enemies":"3 Louse","floor":8,"turns":3},{"damage":9,"enemies":"3 Sentries","floor":13,"turns":4},{"damage":7,"enemies":"Blue Slaver","floor":14,"turns":2},{"damage":0,"enemies":"Slime Boss","floor":16,"turns":2},{"damage":0,"enemies":"2 Thieves","floor":18,"turns":2},{"damage":10,"enemies":"Chosen","floor":21,"turns":2},{"damage":0,"enemies":"Snecko","floor":22,"turns":3},{"damage":0,"enemies":"Gremlin Leader","floor":23,"turns":2},{"damage":0,"enemies":"3 Cultists","floor":24,"turns":2},{"damage":10,"enemies":"Shelled Parasite and Fungi","floor":25,"turns":3},{"damage":0,"enemies":"Chosen and Byrds","floor":28,"turns":3},{"damage":37,"enemies":"Snake Plant","floor":29,"turns":3},{"damage":0,"enemies":"Automaton","floor":33,"turns":3},{"damage":32,"enemies":"3 Shapes","floor":35,"turns":3},{"damage":0,"enemies":"Orb Walker","floor":36,"turns":2},{"damage":9,"enemies":"Sphere and 2 Shapes","floor":38,"turns":3},{"damage":2,"enemies":"Writhing Mass","floor":39,"turns":2},{"damage":13,"enemies":"Giant Head","floor":40,"turns":4},{"damage":10,"enemies":"Spire Growth","floor":42,"turns":4},{"damage":0,"enemies":"Mind Bloom Boss Battle","floor":48,"turns":3},{"damage":42,"enemies":"Time Eater","floor":50,"turns":4}],"seed_played":"2108966969010776627","potions_obtained":[{"floor":1,"key":"Energy Potion"},{"floor":3,"key":"DuplicationPotion"},{"floor":24,"key":"Ancient Potion"},{"floor":25,"key":"Fire Potion"},{"floor":29,"key":"Fruit Juice"},{"floor":33,"key":"SteroidPotion"},{"floor":39,"key":"DistilledChaos"}],"is_trial":false,"path_per_floor":["M","?","M","M","$","R","$","M","T","R","T","R","E","M","R","B",null,"M","?","?","M","M","E","M","M","T","R","M","M","$","?","R","B",null,"M","M","$","M","M","E","R","M","T","?","?","?","?","?","R","B"],"character_chosen":"MARI","items_purchased":["EntropicBrew","MariMod:Mari_Flaunt","MariMod:Mari_Golden_Glint","MariMod:Mari_Shining_Tornado","Whetstone","Bottled Tornado","Bag of Preparation","Bronze Scales","Sling","MariMod:Mari_The_FLYING_CAR","Impatience","Juzu Bracelet","Medical Kit","Pen Nib","DistilledChaos","Panacea","Question Card","Singing Bowl","MariMod:Mari_Tough_Front","MariMod:Mari_The_HELICOPTER","Flash of Steel","Orrery"],"campfire_rested":1,"item_purchase_floors":[5,5,5,5,5,5,7,7,7,7,7,30,30,30,30,30,37,37,37,37,37,37],"current_hp_per_floor":[72,72,72,72,72,72,72,62,62,62,62,62,53,46,46,46,72,72,59,59,49,49,49,49,39,39,39,39,7,7,7,31,31,82,50,50,56,49,51,42,42,34,34,34,34,21,21,29,29,0,0],"gold":6148,"neow_bonus":"THREE_ENEMY_KILL","is_daily":false,"chose_seed":false,"campfire_upgraded":6,"win_rate":0.0,"timestamp":1607844901,"path_taken":["M","?","M","M","$","R","$","M","T","R","?","R","E","M","R","BOSS","M","?","?","M","M","E","M","M","T","R","?","M","$","?","R","BOSS","M","M","$","M","M","E","R","M","T","?","?","?","?","?","R","BOSS"],"items_purchased_type":["Potion","Card","Card","Card","Relic","Relic","Relic","Relic","Relic","Card","Card","Relic","Relic","Relic","Potion","Card","Relic","Relic","Card","Card","Card","Relic"],"build_version":"2020-11-30","purchased_purges":4,"victory":false,"max_hp_per_floor":[72,72,72,72,72,72,72,72,72,72,72,72,72,72,72,72,72,72,77,77,77,77,77,77,77,77,77,77,82,82,82,82,82,82,82,82,88,90,94,98,98,100,100,100,100,100,100,108,108,108,108],"card_choices":[{"not_picked":["MariMod:Mari_Heavy_Price","MariMod:Mari_Lets_Go"],"picked":"MariMod:Mari_Overexertion","floor":1},{"not_picked":["MariMod:Mari_Old_Costume","MariMod:Mari_Glow"],"picked":"MariMod:Mari_Self_Care","floor":3},{"not_picked":["MariMod:Mari_Fire_Strike","MariMod:Mari_Lets_Go"],"picked":"MariMod:Mari_Withdrawal","floor":4},{"not_picked":["MariMod:Mari_Slap","MariMod:Mari_Fragile_Hope","MariMod:Mari_Excitement"],"picked":"SKIP","floor":8},{"not_picked":["MariMod:Mari_The_Light_We_Chase","MariMod:Mari_Reflection"],"picked":"MariMod:Mari_The_FLYING_CAR","floor":13},{"not_picked":["MariMod:Mari_Lie_In_Wait","MariMod:Mari_Dolphin_Strike","MariMod:Mari_Sparkle"],"picked":"SKIP","floor":13},{"not_picked":["MariMod:Mari_Flaunt","MariMod:Mari_No_Problem","MariMod:Mari_Old_Costume"],"picked":"SKIP","floor":14},{"not_picked":["MariMod:Mari_Research","MariMod:Mari_Withdrawal"],"picked":"MariMod:Mari_The_HELICOPTER","floor":16},{"not_picked":["MariMod:Mari_Grand_Scheme","MariMod:Mari_Lock_On"],"picked":"MariMod:Mari_The_MANSION","floor":16},{"not_picked":["MariMod:Mari_Heavy_Metal","MariMod:Mari_Closure"],"picked":"MariMod:Mari_Delicacy","floor":18},{"not_picked":["MariMod:Mari_Expenses","MariMod:Mari_Character_Development"],"picked":"MariMod:Mari_The_HELICOPTER","floor":18},{"not_picked":["MariMod:Mari_Self_Care","MariMod:Mari_Tough_Front"],"picked":"MariMod:Mari_The_HELICOPTER+1","floor":18},{"not_picked":["MariMod:Mari_Old_Costume","MariMod:Mari_Slap"],"picked":"MariMod:Mari_Reckless_Spending","floor":21},{"not_picked":["MariMod:Mari_Glimmer","MariMod:Mari_Awe"],"picked":"MariMod:Mari_Wishing_Fountain","floor":22},{"not_picked":["MariMod:Mari_No_Problem","MariMod:Mari_Fire_Strike"],"picked":"MariMod:Mari_Boundless_Energy","floor":22},{"not_picked":["MariMod:Mari_Flaunt","MariMod:Mari_The_Planisphere"],"picked":"MariMod:Mari_Unveiled_Secret","floor":23},{"not_picked":["MariMod:Mari_Tough_Front","MariMod:Mari_Lie_In_Wait"],"picked":"MariMod:Mari_Golden_Glint+1","floor":23},{"not_picked":["MariMod:Mari_Approved","MariMod:Mari_No_Problem","MariMod:Mari_Fire_Strike"],"picked":"SKIP","floor":23},{"not_picked":["MariMod:Mari_Expenses","MariMod:Mari_Collect_Thoughts"],"picked":"MariMod:Mari_The_FLYING_CAR","floor":24},{"not_picked":["MariMod:Mari_Self_Care+1","MariMod:Mari_Reckless_Driving"],"picked":"MariMod:Mari_The_GOLDEN_STATUE","floor":24},{"not_picked":["MariMod:Mari_Reflection","MariMod:Mari_Boundless_Energy","MariMod:Mari_The_FLYING_CAR"],"picked":"SKIP","floor":25},{"not_picked":["MariMod:Mari_Lets_Go+1","MariMod:Mari_Dolphin_Strike","MariMod:Mari_Kyu"],"picked":"SKIP","floor":25},{"not_picked":["MariMod:Mari_Cash_Back","MariMod:Mari_The_HELICOPTER"],"picked":"MariMod:Mari_Emotional_Episode","floor":28},{"not_picked":["MariMod:Mari_Heavy_Metal","MariMod:Mari_Flaunt","MariMod:Mari_Shut_Up"],"picked":"SKIP","floor":28},{"not_picked":["MariMod:Mari_The_Planisphere","MariMod:Mari_Flaunt","MariMod:Mari_Defiance"],"picked":"SKIP","floor":28},{"not_picked":["MariMod:Mari_Emotional_Episode","MariMod:Mari_Shine"],"picked":"MariMod:Mari_Delicacy","floor":29},{"not_picked":["MariMod:Mari_No_Problem","MariMod:Mari_Old_Costume+1","MariMod:Mari_Well_Kept_Secret"],"picked":"SKIP","floor":29},{"not_picked":["MariMod:Mari_Pretty_Bomber_Head","MariMod:Mari_Delicacy","MariMod:Mari_Hug"],"picked":"SKIP","floor":35},{"not_picked":["MariMod:Mari_Heavy_Price","MariMod:Mari_Shut_Up","MariMod:Mari_Delicacy"],"picked":"SKIP","floor":35},{"not_picked":["MariMod:Mari_Expensive_Tastes","MariMod:Mari_Boundless_Energy","MariMod:Mari_zzz"],"picked":"SKIP","floor":36},{"not_picked":["MariMod:Mari_Tough_Front+1","MariMod:Mari_Heavy_Price+1","MariMod:Mari_Defiance+1"],"picked":"SKIP","floor":36},{"not_picked":["MariMod:Mari_Sparkle","MariMod:Mari_From_Zero","MariMod:Mari_Approved+1","MariMod:Mari_Defiance+1"],"picked":"Singing Bowl","floor":37},{"not_picked":["MariMod:Mari_Reckless_Driving+1","MariMod:Mari_Approved","MariMod:Mari_Lets_Go"],"picked":"MariMod:Mari_Boundless_Energy+1","floor":37},{"not_picked":["MariMod:Mari_Slap+1","MariMod:Mari_Old_Costume","MariMod:Mari_Boundless_Energy+1"],"picked":"MariMod:Mari_Supervision","floor":37},{"not_picked":["MariMod:Mari_Approved+1","MariMod:Mari_Awe+1","MariMod:Mari_Tough_Front+1","MariMod:Mari_Second_Season"],"picked":"Singing Bowl","floor":37},{"not_picked":["MariMod:Mari_Heavy_Price","MariMod:Mari_Reckless_Spending+1","MariMod:Mari_Slap","MariMod:Mari_Reckless_Driving"],"picked":"Singing Bowl","floor":37},{"not_picked":["MariMod:Mari_The_Planisphere","MariMod:Mari_Unveiled_Secret","MariMod:Mari_Shine"],"picked":"MariMod:Mari_The_HELICOPTER","floor":38},{"not_picked":["MariMod:Mari_Flaunt","MariMod:Mari_Wishing_Fountain","MariMod:Mari_Research"],"picked":"MariMod:Mari_The_HELICOPTER","floor":38},{"not_picked":["MariMod:Mari_Pent_Up_Emotions+1","MariMod:Mari_Glimmer","MariMod:Mari_Expenses+1","MariMod:Mari_Heavy_Price"],"picked":"Singing Bowl","floor":38},{"not_picked":["MariMod:Mari_Approved","MariMod:Mari_Boundless_Energy","MariMod:Mari_Glimmer","MariMod:Mari_Withdrawal"],"picked":"Singing Bowl","floor":39},{"not_picked":["MariMod:Mari_Emotional_Episode","MariMod:Mari_Practice_Outfit","MariMod:Mari_Choreography"],"picked":"MariMod:Mari_The_FLYING_CAR","floor":39},{"not_picked":["MariMod:Mari_Fire_Strike+1","MariMod:Mari_Reckless_Driving+1","MariMod:Mari_Hug+1","MariMod:Mari_Closure"],"picked":"Singing Bowl","floor":39},{"not_picked":["MariMod:Mari_Awe","MariMod:Mari_Glimmer","MariMod:Mari_Shine","MariMod:Mari_zzz"],"picked":"Singing Bowl","floor":40},{"not_picked":["MariMod:Mari_Withdrawal","MariMod:Mari_Choreography","MariMod:Mari_Second_Season"],"picked":"MariMod:Mari_Overexertion","floor":40},{"not_picked":["MariMod:Mari_Collect_Thoughts","MariMod:Mari_Approved","MariMod:Mari_Withdrawal","MariMod:Mari_Research"],"picked":"Singing Bowl","floor":40},{"not_picked":["MariMod:Mari_Slap+1","MariMod:Mari_Expensive_Tastes","MariMod:Mari_Administrator_Privilege"],"picked":"MariMod:Mari_The_GOLDEN_STATUE","floor":40},{"not_picked":["MariMod:Mari_Collect_Thoughts","MariMod:Mari_Kyu","MariMod:Mari_Awe","MariMod:Mari_Research"],"picked":"Singing Bowl","floor":42},{"not_picked":["MariMod:Mari_Hug+1","MariMod:Mari_Character_Development+1","MariMod:Mari_Mic_Check"],"picked":"MariMod:Mari_Well_Kept_Secret","floor":42},{"not_picked":["MariMod:Mari_Heavy_Metal","MariMod:Mari_Expensive_Tastes","MariMod:Mari_Wishing_Fountain","MariMod:Mari_Boundless_Energy"],"picked":"Singing Bowl","floor":48},{"not_picked":["MariMod:Mari_Reflection","MariMod:Mari_The_Beach_Episode","MariMod:Mari_Withdrawal","MariMod:Mari_Delicacy"],"picked":"Singing Bowl","floor":48},{"not_picked":["MariMod:Mari_Character_Development","MariMod:Mari_Shut_Up","MariMod:Mari_The_Light_We_Chase","MariMod:Mari_Second_Season"],"picked":"Singing Bowl","floor":48},{"not_picked":["MariMod:Mari_Awe","MariMod:Mari_Approved","MariMod:Mari_Slap","MariMod:Mari_Old_Costume+1"],"picked":"Singing Bowl","floor":48}],"player_experience":137055,"relics_obtained":[{"floor":9,"key":"Boot"},{"floor":13,"key":"Omamori"},{"floor":23,"key":"HornCleat"},{"floor":26,"key":"CeramicFish"},{"floor":40,"key":"FossilizedHelix"},{"floor":43,"key":"PreservedInsect"},{"floor":48,"key":"Du-Vu Doll"}],"event_choices":[{"damage_healed":0,"gold_gain":0,"player_choice":"Ignored","damage_taken":0,"max_hp_gain":0,"max_hp_loss":0,"event_name":"Liars Game","floor":2,"gold_loss":0},{"damage_healed":0,"gold_gain":0,"player_choice":"Shed Blood","damage_taken":18,"max_hp_gain":5,"max_hp_loss":0,"event_name":"Forgotten Altar","floor":19,"gold_loss":0},{"damage_healed":0,"gold_gain":100,"player_choice":"Bet on Murderer","damage_taken":0,"max_hp_gain":0,"max_hp_loss":0,"event_name":"The Joust","floor":20,"gold_loss":50},{"damage_healed":0,"gold_gain":0,"player_choice":"Ignored","damage_taken":0,"max_hp_gain":0,"max_hp_loss":0,"event_name":"Vampires","floor":31,"gold_loss":0},{"cards_removed":["MariMod:Mari_Shining_Tornado"],"damage_healed":0,"gold_gain":0,"player_choice":"Removed Attack","damage_taken":0,"max_hp_gain":0,"max_hp_loss":0,"event_name":"Falling","floor":44,"gold_loss":0},{"damage_healed":0,"gold_gain":0,"player_choice":"Ignored","damage_taken":0,"max_hp_gain":0,"max_hp_loss":0,"event_name":"The Moai Head","floor":45,"gold_loss":0},{"damage_healed":0,"gold_gain":0,"player_choice":"Embrace Madness","damage_taken":13,"max_hp_gain":0,"max_hp_loss":0,"event_name":"Winding Halls","floor":46,"gold_loss":0,"cards_obtained":["Madness","Madness"]},{"damage_healed":0,"gold_gain":0,"player_choice":"Ignored","damage_taken":0,"max_hp_gain":0,"max_hp_loss":0,"event_name":"Tomb of Lord Red Mask","floor":47,"gold_loss":0},{"damage_healed":0,"gold_gain":0,"player_choice":"Fight","damage_taken":0,"max_hp_gain":0,"max_hp_loss":0,"event_name":"MindBloom","floor":48,"gold_loss":0}],"is_beta":false,"boss_relics":[{"not_picked":["Fusion Hammer","Runic Dome"],"picked":"Pandora\u0027s Box"},{"not_picked":["Tiny House","Velvet Choker"],"picked":"Snecko Eye"}],"items_purged_floors":[5,7,30,37],"is_endless":false,"potions_floor_spawned":[1,3,8,24,25,28,29,33,36,38,39],"killed_by":"Time Eater","ascension_level":0}}