{"host":"t5h83eruwt5lxl3o","time":1607821460,"event":{"mods":["AchievementEnabler","Act Like it!","BaseMod","CapriCore","Colored Map","DeckTracker","Hermit","Highlight Path","Koishi","Marisa£¨Ùöéë¡¡Øª×âÞÞ£©","Minty Spire (QoL Compilation)","Permanent Neow","Quick Restart","StSLib","SuperFastMode","The Cursed","The Immortal","everything is the same but u backflip on backflip"],"gold_per_floor":[116,133,145,157,172,201,201,216,263,283,303,330,180,240,240,316,316,329,346,360,378,391,423,423,434,457,471,504,504,504,504,504],"floor_reached":31,"playtime":4185,"items_purged":["Strike_R"],"score":502,"play_id":"b4bbc6ca-b2fc-4db7-a2d3-12e50ed077bc","local_time":"20201213100420","is_ascension_mode":true,"campfire_choices":[{"data":"Immolate","floor":7.0,"key":"SMITH"},{"data":"Body Slam","floor":15.0,"key":"SMITH"},{"data":"Burning Pact","floor":24.0,"key":"SMITH"},{"data":"Fire Breathing","floor":30.0,"key":"SMITH"}],"circlet_count":0,"master_deck":["AscendersBane","Strike_R","Strike_R","Strike_R","Defend_R","Defend_R","Defend_R","Bash","Burning Pact+1","Twin Strike","Warcry","Power Through","Shrug It Off","Inflame","Body Slam+1","Immolate+1","Ghostly Armor","Fire Breathing+1","Clumsy","Wild Strike+1"],"relics":["Burning Blood","Oddly Smooth Stone","MealTicket","Regal Pillow","White Beast Statue","Cursed Key","Bag of Marbles","Juzu Bracelet","Lantern"],"acts_visited":["Exordium","TheCity"],"potions_floor_usage":[31],"damage_taken":[{"damage":0.0,"enemies":"Small Slimes","floor":1.0,"turns":2.0},{"damage":2.0,"enemies":"Jaw Worm","floor":2.0,"turns":3.0},{"damage":8.0,"enemies":"2 Louse","floor":3.0,"turns":4.0},{"damage":1.0,"enemies":"2 Fungi Beasts","floor":4.0,"turns":4.0},{"damage":4.0,"enemies":"Looter","floor":5.0,"turns":3.0},{"damage":8.0,"enemies":"Gremlin Nob","floor":6.0,"turns":4.0},{"damage":0.0,"enemies":"3 Louse","floor":8.0,"turns":3.0},{"damage":0.0,"enemies":"2 Fungi Beasts","floor":10.0,"turns":1.0},{"damage":6.0,"enemies":"Exordium Thugs","floor":11.0,"turns":3.0},{"damage":11.0,"enemies":"3 Sentries","floor":12.0,"turns":5.0},{"damage":10.0,"enemies":"3 Sentries","floor":14.0,"turns":4.0},{"damage":16.0,"enemies":"Slime Boss","floor":16.0,"turns":7.0},{"damage":7.0,"enemies":"Spheric Guardian","floor":18.0,"turns":4.0},{"damage":9.0,"enemies":"Shell Parasite","floor":19.0,"turns":5.0},{"damage":21.0,"enemies":"Shelled Parasite and Fungi","floor":20.0,"turns":5.0},{"damage":18.0,"enemies":"Snake Plant","floor":21.0,"turns":5.0},{"damage":20.0,"enemies":"Centurion and Healer","floor":22.0,"turns":5.0},{"damage":11.0,"enemies":"Gremlin Leader","floor":23.0,"turns":5.0},{"damage":2.0,"enemies":"Sentry and Sphere","floor":25.0,"turns":4.0},{"damage":14.0,"enemies":"Shelled Parasite and Fungi","floor":27.0,"turns":4.0},{"damage":16.0,"enemies":"Slavers","floor":28.0,"turns":4.0},{"damage":27,"enemies":"Colosseum Slavers","floor":31,"turns":1}],"seed_played":"7978683063718721422","potions_obtained":[{"floor":2.0,"key":"Energy Potion"},{"floor":4.0,"key":"Weak Potion"},{"floor":5.0,"key":"Block Potion"},{"floor":6.0,"key":"Strength Potion"},{"floor":14.0,"key":"AttackPotion"},{"floor":16.0,"key":"PowerPotion"},{"floor":19.0,"key":"SneckoOil"},{"floor":20.0,"key":"SteroidPotion"},{"floor":21.0,"key":"BloodPotion"},{"floor":22.0,"key":"Weak Potion"},{"floor":23.0,"key":"BlessingOfTheForge"},{"floor":27.0,"key":"EssenceOfSteel"},{"floor":28.0,"key":"BlessingOfTheForge"}],"is_trial":false,"path_per_floor":["M","M","M","M","M","E","R","M","T","M","M","E","$","?","R","B",null,"M","M","M","M","M","E","R","M","T","M","E","?","R","?"],"character_chosen":"IRONCLAD","items_purchased":["Fire Breathing"],"campfire_rested":0,"item_purchase_floors":[13],"current_hp_per_floor":[56,60,58,63,65,63,63,69,69,75,75,70,75,71,71,61,72,71,68,53,56,42,37,37,41,41,33,23,23,23,0,0],"gold":504,"neow_bonus":"TRANSFORM_TWO_CARDS","is_daily":false,"chose_seed":false,"campfire_upgraded":4,"win_rate":0.0,"timestamp":1607821460,"path_taken":["M","M","M","M","M","E","R","M","T","M","M","E","$","?","R","BOSS","M","M","M","M","M","E","R","M","T","M","E","?","R","?"],"items_purchased_type":["Card"],"build_version":"2020-11-30","purchased_purges":1,"victory":false,"max_hp_per_floor":[75,75,75,75,75,75,75,75,75,75,75,75,75,75,75,75,75,75,75,75,75,75,75,75,75,75,75,75,75,75,75,75],"card_choices":[{"not_picked":["Seeing Red","Evolve"],"picked":"Warcry","floor":1.0},{"not_picked":["Uppercut","Flex"],"picked":"Power Through","floor":2.0},{"not_picked":["Havoc","Feel No Pain"],"picked":"Shrug It Off","floor":3.0},{"not_picked":["Shrug It Off","Sword Boomerang"],"picked":"Inflame","floor":4.0},{"not_picked":["Havoc","Perfected Strike"],"picked":"Body Slam","floor":5.0},{"not_picked":["Cleave","Perfected Strike"],"picked":"Immolate","floor":6.0},{"not_picked":["Cleave","Flex","True Grit"],"picked":"SKIP","floor":8.0},{"not_picked":["Combust","Spot Weakness","Clash"],"picked":"SKIP","floor":10.0},{"not_picked":["Warcry","Spot Weakness","Anger"],"picked":"SKIP","floor":11.0},{"not_picked":["Inflame","Intimidate"],"picked":"Ghostly Armor","floor":12.0},{"not_picked":["Twin Strike","Pommel Strike","Armaments"],"picked":"SKIP","floor":18.0},{"not_picked":["Clash+1","Rampage","Havoc"],"picked":"SKIP","floor":19.0},{"not_picked":["Carnage","Armaments","True Grit"],"picked":"SKIP","floor":20.0},{"not_picked":["Inflame","Clothesline","Armaments"],"picked":"SKIP","floor":21.0},{"not_picked":["Cleave","Metallicize","Pommel Strike"],"picked":"SKIP","floor":22.0},{"not_picked":["Sword Boomerang","Twin Strike","Metallicize"],"picked":"SKIP","floor":23.0},{"not_picked":["Hemokinesis","Iron Wave","Whirlwind"],"picked":"SKIP","floor":25.0},{"not_picked":["Perfected Strike+1","Sword Boomerang","Clothesline"],"picked":"SKIP","floor":27.0},{"not_picked":["Perfected Strike","Demon Form"],"picked":"Wild Strike+1","floor":28.0}],"player_experience":583040,"relics_obtained":[{"floor":6.0,"key":"Oddly Smooth Stone"},{"floor":9.0,"key":"MealTicket"},{"floor":12.0,"key":"Regal Pillow"},{"floor":23.0,"key":"Bag of Marbles"},{"floor":26.0,"key":"Juzu Bracelet"},{"floor":28.0,"key":"Lantern"}],"event_choices":[{"damage_healed":0.0,"max_hp_gain":0.0,"max_hp_loss":0.0,"gold_gain":0.0,"event_name":"Dead Adventurer","player_choice":"Searched \u00272\u0027 times","floor":14.0,"gold_loss":0.0,"damage_taken":0.0,"relics_obtained":["White Beast Statue"]},{"damage_healed":0.0,"max_hp_gain":0.0,"max_hp_loss":0.0,"gold_gain":0.0,"event_name":"Vampires","player_choice":"Ignored","floor":29.0,"gold_loss":0.0,"damage_taken":0.0},{"damage_healed":0,"gold_gain":0,"player_choice":"Fight","damage_taken":0,"max_hp_gain":0,"max_hp_loss":0,"event_name":"Colosseum","floor":31,"gold_loss":0}],"is_beta":false,"boss_relics":[{"not_picked":["Runic Cube","Velvet Choker"],"picked":"Cursed Key"}],"items_purged_floors":[13],"is_endless":false,"potions_floor_spawned":[2,4,5,6,8,14,16,18,19,20,21,22,23,25,27,28],"killed_by":"Colosseum Slavers","ascension_level":14}}