{"host":"w7o06k3e8uel8euj","time":1607854080,"event":{"mods":["AchievementEnabler","BaseMod","Colored Powertips","Custom Start","DeckTracker","Keyboard Shortcuts","Minty Spire (QoL Compilation)","Quick Restart","Relic Stats","StSLib","SuperFastMode","everything is the same but u backflip on backflip"],"gold_per_floor":[109,109,119,131,149,149,178,178,178,210,210,230,230,240,240,313,313,330,126,145,180,193,228,228,258,282,308,308,324,374,264,264,342,342,355,218,236,458,458,792,792,820,847,872,889,826,826,880,880,880,880,880,880,453,478,478],"floor_reached":57,"playtime":1331,"items_purged":["Cloak And Dagger","Blade Dance","Battle Trance","Blade Dance+1"],"score":3687,"play_id":"19037ca5-7728-4b7f-a4a7-895f3d25b425","local_time":"20201213190800","is_ascension_mode":true,"campfire_choices":[{"data":"Offering","floor":6.0,"key":"SMITH"},{"data":"Accuracy","floor":8.0,"key":"SMITH"},{"data":"Master of Strategy","floor":11.0,"key":"SMITH"},{"data":"Blade Dance","floor":15.0,"key":"SMITH"},{"data":"Feel No Pain","floor":24.0,"key":"SMITH"},{"data":"Rage","floor":28.0,"key":"SMITH"},{"data":"Body Slam","floor":32.0,"key":"SMITH"},{"data":"Deep Breath","floor":41.0,"key":"SMITH"},{"floor":47,"key":"RECALL"},{"floor":49,"key":"REST"},{"data":"Bash","floor":53,"key":"SMITH"}],"circlet_count":0,"master_deck":["AscendersBane","Bash+1","Blade Dance+1","Cloak And Dagger+1","Cloak And Dagger+1","Accuracy+1","Master of Strategy+1","Offering+1","Rage+1","Dark Embrace+1","Feel No Pain+1","Body Slam+1","Deep Breath+1","Flash of Steel","Dropkick"],"relics":["Burning Blood","War Paint","Bottled Tornado","Unceasing Top","SacredBark","Membership Card","Red Mask","Vajra","Kunai","Ancient Tea Set","Bag of Preparation","Black Star","Anchor","Lizard Tail","Old Coin","Mango","Mummified Hand","Self Forming Clay","Akabeko","StoneCalendar","Shuriken","HornCleat","Boot","Calipers"],"acts_visited":["Exordium","TheCity","TheBeyond","TheEnding"],"potions_floor_usage":[56,56,56,56],"damage_taken":[{"damage":0.0,"enemies":"Small Slimes","floor":1.0,"turns":2.0},{"damage":0.0,"enemies":"Cultist","floor":3.0,"turns":2.0},{"damage":0.0,"enemies":"Jaw Worm","floor":4.0,"turns":2.0},{"damage":0.0,"enemies":"Large Slime","floor":5.0,"turns":3.0},{"damage":6.0,"enemies":"Lagavulin","floor":7.0,"turns":2.0},{"damage":6.0,"enemies":"3 Sentries","floor":10.0,"turns":2.0},{"damage":0.0,"enemies":"Gremlin Gang","floor":12.0,"turns":2.0},{"damage":6.0,"enemies":"2 Fungi Beasts","floor":14.0,"turns":1.0},{"damage":6.0,"enemies":"Slime Boss","floor":16.0,"turns":5.0},{"damage":15.0,"enemies":"Shell Parasite","floor":18.0,"turns":2.0},{"damage":0.0,"enemies":"Spheric Guardian","floor":20.0,"turns":2.0},{"damage":18.0,"enemies":"Masked Bandits","floor":21.0,"turns":2.0},{"damage":16.0,"enemies":"Centurion and Healer","floor":22.0,"turns":3.0},{"damage":6.0,"enemies":"Slavers","floor":23.0,"turns":3.0},{"damage":10.0,"enemies":"Book of Stabbing","floor":25.0,"turns":3.0},{"damage":6.0,"enemies":"Gremlin Leader","floor":27.0,"turns":4.0},{"damage":6.0,"enemies":"Snake Plant","floor":29.0,"turns":1.0},{"damage":6.0,"enemies":"Collector","floor":33.0,"turns":2.0},{"damage":6.0,"enemies":"3 Darklings","floor":35.0,"turns":2.0},{"damage":6.0,"enemies":"Orb Walker","floor":37.0,"turns":1.0},{"damage":6.0,"enemies":"Nemesis","floor":40.0,"turns":3.0},{"damage":6.0,"enemies":"Reptomancer","floor":42.0,"turns":2.0},{"damage":6.0,"enemies":"Nemesis","floor":44.0,"turns":1.0},{"damage":6,"enemies":"Spire Growth","floor":45,"turns":1},{"damage":6,"enemies":"2 Orb Walkers","floor":48,"turns":1},{"damage":6,"enemies":"Awakened One","floor":50,"turns":3},{"damage":6,"enemies":"Donu and Deca","floor":51,"turns":2},{"damage":6,"enemies":"Shield and Spear","floor":55,"turns":1},{"damage":6,"enemies":"The Heart","floor":56,"turns":4}],"seed_played":"2683241239636054931","potions_obtained":[{"floor":1.0,"key":"Weak Potion"},{"floor":4.0,"key":"GamblersBrew"},{"floor":42.0,"key":"LiquidMemories"},{"floor":45,"key":"EntropicBrew"}],"is_trial":false,"path_per_floor":["M","?","M","M","M","R","E","R","T","E","R","M","?","M","R","B",null,"M","$","M","?","M","E","R","E","T","E","R","M","?","?","R","B",null,"M","$","M","?","?","E","R","E","T","E","M","$","R","?","R","B","B",null,"R","$","E","B",null],"character_chosen":"IRONCLAD","items_purchased":["Membership Card","Anchor","Shuriken","HornCleat","Swift Potion","Dropkick"],"campfire_rested":1,"item_purchase_floors":[19,36,54,54,54,54],"current_hp_per_floor":[56,49,55,61,67,67,67,67,67,67,67,73,73,73,73,73,75,66,66,72,60,50,50,50,46,46,46,46,46,46,46,46,46,68,68,68,68,68,58,58,58,72,72,72,72,72,72,72,89,89,89,89,89,89,89,89],"gold":478,"neow_bonus":"RANDOM_COLORLESS_2","is_daily":false,"chose_seed":false,"campfire_upgraded":9,"win_rate":0.0,"timestamp":1607854080,"path_taken":["M","?","M","M","M","R","E","R","T","E","R","M","?","?","R","BOSS","M","$","M","?","M","E","R","E","T","E","R","M","?","?","R","BOSS","M","$","?","?","?","E","R","E","T","E","?","$","R","?","R","BOSS","BOSS","R","$","E","BOSS"],"items_purchased_type":["Relic","Relic","Relic","Relic","Potion","Card"],"build_version":"2020-11-30","purchased_purges":4,"victory":true,"max_hp_per_floor":[75,75,75,75,75,75,75,75,75,75,75,75,75,75,75,75,75,75,75,75,75,75,75,75,75,75,75,75,75,75,75,75,75,75,75,75,75,75,75,75,75,89,89,89,89,89,89,89,89,89,89,89,89,89,89,89],"relic_stats":{"counters":[29,64],"Self Forming Clay":[6],"StoneCalendar":[0],"Bag of Preparation":[26],"War Paint":["Cloak And Dagger","Cloak And Dagger"],"Boot":[0],"Burning Blood":174,"Lizard Tail":0,"Mummified Hand":[22],"Shuriken":[16],"Black Star":4,"Kunai":[87],"obtain_stats":[{"Calipers":55,"Self Forming Clay":44,"SacredBark":17,"Vajra":23,"Mango":42,"StoneCalendar":48,"Bag of Preparation":27,"War Paint":7,"Bottled Tornado":9,"Ancient Tea Set":26,"Boot":55,"Burning Blood":0,"Akabeko":44,"Old Coin":40,"Anchor":36,"Lizard Tail":40,"HornCleat":54,"Mummified Hand":42,"Shuriken":54,"Red Mask":21,"Black Star":34,"Membership Card":19,"Kunai":25,"Unceasing Top":10},{"Calipers":28,"Self Forming Clay":23,"SacredBark":9,"Vajra":14,"Mango":22,"StoneCalendar":25,"Bag of Preparation":16,"War Paint":5,"Bottled Tornado":5,"Ancient Tea Set":15,"Boot":28,"Burning Blood":0,"Akabeko":23,"Old Coin":21,"Anchor":19,"Lizard Tail":21,"HornCleat":27,"Mummified Hand":22,"Shuriken":27,"Red Mask":12,"Black Star":18,"Membership Card":10,"Kunai":15,"Unceasing Top":6},{"Calipers":60,"Self Forming Clay":52,"SacredBark":21,"Vajra":33,"Mango":51,"StoneCalendar":54,"Bag of Preparation":40,"War Paint":11,"Bottled Tornado":11,"Ancient Tea Set":36,"Boot":60,"Burning Blood":0,"Akabeko":52,"Old Coin":49,"Anchor":45,"Lizard Tail":49,"HornCleat":59,"Mummified Hand":51,"Shuriken":59,"Red Mask":27,"Black Star":43,"Membership Card":23,"Kunai":36,"Unceasing Top":13}],"Unceasing Top":[0]},"card_choices":[{"not_picked":["Magnetism","Metamorphosis"],"picked":"Master of Strategy","floor":0.0},{"not_picked":["Twin Strike","Clash","Rupture"],"picked":"SKIP","floor":1.0},{"not_picked":["Iron Wave","Flex","Reckless Charge"],"picked":"SKIP","floor":3.0},{"not_picked":["Battle Trance","Iron Wave","Heavy Blade"],"picked":"SKIP","floor":4.0},{"not_picked":["Iron Wave","Heavy Blade"],"picked":"Battle Trance","floor":4.0},{"not_picked":["Battle Trance","Flex"],"picked":"Offering","floor":5.0},{"not_picked":["Wild Strike","Double Tap","Combust"],"picked":"SKIP","floor":7.0},{"not_picked":["Perfected Strike","Hemokinesis","Flame Barrier"],"picked":"SKIP","floor":10.0},{"not_picked":["Thunderclap","Heavy Blade","Rupture"],"picked":"SKIP","floor":12.0},{"not_picked":["Sword Boomerang","Headbutt"],"picked":"Rage","floor":14.0},{"not_picked":["Wild Strike","Anger+1","Battle Trance"],"picked":"SKIP","floor":18.0},{"not_picked":["Shockwave","Headbutt"],"picked":"Dark Embrace+1","floor":20.0},{"not_picked":["Armaments","Burning Pact"],"picked":"Feel No Pain","floor":21.0},{"not_picked":["Reckless Charge","Thunderclap","Power Through"],"picked":"SKIP","floor":22.0},{"not_picked":["Sword Boomerang","Exhume","Twin Strike"],"picked":"SKIP","floor":23.0},{"not_picked":["Seeing Red","Clash","Thunderclap"],"picked":"SKIP","floor":25.0},{"not_picked":["Flex+1","Heavy Blade","Wild Strike"],"picked":"SKIP","floor":27.0},{"not_picked":["Hemokinesis","Clash"],"picked":"Body Slam","floor":29.0},{"not_picked":["Pommel Strike","Warcry","Clash"],"picked":"SKIP","floor":35.0},{"not_picked":["Sever Soul","Sword Boomerang","Searing Blow+1"],"picked":"SKIP","floor":37.0},{"not_picked":["Panacea","Mind Blast"],"picked":"Deep Breath","floor":39.0},{"not_picked":["Dramatic Entrance","Good Instincts"],"picked":"Flash of Steel","floor":39.0},{"not_picked":["Clothesline","Shrug It Off","Pummel+1"],"picked":"SKIP","floor":40.0},{"not_picked":["Wild Strike","Disarm","Metallicize"],"picked":"SKIP","floor":42.0},{"not_picked":["Body Slam","Searing Blow+1","Headbutt"],"picked":"SKIP","floor":44.0},{"not_picked":["Perfected Strike","Body Slam","Cleave"],"picked":"SKIP","floor":45},{"not_picked":["Power Through","Juggernaut","Flex+1"],"picked":"SKIP","floor":55}],"player_experience":541946,"relics_obtained":[{"floor":7.0,"key":"War Paint"},{"floor":9.0,"key":"Bottled Tornado"},{"floor":10.0,"key":"Unceasing Top"},{"floor":21.0,"key":"Red Mask"},{"floor":23.0,"key":"Vajra"},{"floor":25.0,"key":"Kunai"},{"floor":26.0,"key":"Ancient Tea Set"},{"floor":27.0,"key":"Bag of Preparation"},{"floor":40.0,"key":"Lizard Tail"},{"floor":40.0,"key":"Old Coin"},{"floor":42.0,"key":"Mango"},{"floor":42.0,"key":"Mummified Hand"},{"floor":44.0,"key":"Self Forming Clay"},{"floor":44.0,"key":"Akabeko"},{"floor":48,"key":"StoneCalendar"},{"floor":55,"key":"Boot"},{"floor":55,"key":"Calipers"}],"event_choices":[{"cards_removed":["Blade Dance"],"damage_healed":0.0,"max_hp_gain":0.0,"max_hp_loss":0.0,"gold_gain":0.0,"event_name":"Golden Wing","player_choice":"Card Removal","floor":2.0,"gold_loss":0.0,"damage_taken":7.0},{"cards_removed":["Cloak And Dagger"],"damage_healed":0.0,"max_hp_gain":0.0,"max_hp_loss":0.0,"gold_gain":0.0,"event_name":"Purifier","player_choice":"Purged","floor":13.0,"gold_loss":0.0,"damage_taken":0.0},{"damage_healed":0.0,"max_hp_gain":0.0,"max_hp_loss":0.0,"gold_gain":0.0,"event_name":"Masked Bandits","player_choice":"Fought Bandits","floor":21.0,"gold_loss":0.0,"damage_taken":0.0},{"damage_healed":0.0,"max_hp_gain":0.0,"max_hp_loss":0.0,"gold_gain":50.0,"event_name":"Nest","player_choice":"Stole From Cult","floor":30.0,"gold_loss":0.0,"damage_taken":0.0},{"cards_removed":["Blade Dance"],"damage_healed":0.0,"max_hp_gain":0.0,"max_hp_loss":0.0,"gold_gain":0.0,"event_name":"Designer","player_choice":"Upgrade and Remove","floor":31.0,"gold_loss":110.0,"damage_taken":0.0,"cards_upgraded":["Blade Dance"]},{"damage_healed":0.0,"max_hp_gain":0.0,"max_hp_loss":0.0,"gold_gain":222.0,"event_name":"Tomb of Lord Red Mask","player_choice":"Wore Mask","floor":38.0,"gold_loss":0.0,"damage_taken":0.0},{"damage_healed":0.0,"max_hp_gain":0.0,"max_hp_loss":0.0,"gold_gain":0.0,"event_name":"SensoryStone","player_choice":"Memory 3","floor":39.0,"gold_loss":0.0,"damage_taken":10.0},{"damage_healed":0,"gold_gain":0,"player_choice":"Fight","damage_taken":0,"max_hp_gain":0,"max_hp_loss":0,"event_name":"Mysterious Sphere","floor":48,"gold_loss":0}],"is_beta":false,"boss_relics":[{"not_picked":["Fusion Hammer","Snecko Eye"],"picked":"SacredBark"},{"not_picked":["Pandora\u0027s Box","Cursed Key"],"picked":"Black Star"}],"items_purged_floors":[19,36,46,54],"is_endless":false,"potions_floor_spawned":[1,4,14,16,21,23,33,40,42,45],"ascension_level":20}}