{"host":"i4eavuqabbk5mi94","time":1607866387,"event":{"mods":["BaseMod","Googly Eyes","Minty Spire (QoL Compilation)"],"gold_per_floor":[109,127,77,87,98,124,124,137,161,161,174,207,207,207,207,207,207],"floor_reached":16,"playtime":1539,"items_purged":[],"score":123,"play_id":"b519da16-697a-44c2-b3b2-e9db09f7ef9c","local_time":"20201213133307","is_ascension_mode":true,"campfire_choices":[{"data":"Poisoned Stab","floor":7,"key":"SMITH"},{"floor":13,"key":"REST"},{"floor":15,"key":"REST"}],"circlet_count":0,"master_deck":["Strike_G","Strike_G","Strike_G","Strike_G","Defend_G","Defend_G","Defend_G","Defend_G","Defend_G","Survivor","Neutralize","Poisoned Stab+1","Dagger Throw","Bane","PiercingWail","Deadly Poison","Flying Knee","Footwork"],"relics":["Ring of the Snake","Ice Cream","Bag of Preparation","Potion Belt","Anchor","Toxic Egg 2"],"acts_visited":["Exordium"],"potions_floor_usage":[6,11,12,12],"damage_taken":[{"damage":8,"enemies":"Jaw Worm","floor":1,"turns":5},{"damage":2,"enemies":"Small Slimes","floor":2,"turns":4},{"damage":0,"enemies":"2 Louse","floor":4,"turns":3},{"damage":1,"enemies":"Exordium Thugs","floor":5,"turns":6},{"damage":10,"enemies":"Gremlin Nob","floor":6,"turns":3},{"damage":9,"enemies":"Blue Slaver","floor":8,"turns":3},{"damage":0,"enemies":"Looter","floor":11,"turns":2},{"damage":11,"enemies":"3 Sentries","floor":12,"turns":5},{"damage":67,"enemies":"Slime Boss","floor":16,"turns":11}],"seed_played":"683363599662569621","potions_obtained":[{"floor":4,"key":"Block Potion"},{"floor":5,"key":"SkillPotion"},{"floor":8,"key":"Dexterity Potion"},{"floor":11,"key":"DuplicationPotion"}],"is_trial":false,"path_per_floor":["M","M","?","M","M","E","R","M","T","?","M","E","R","T","R","B"],"character_chosen":"THE_SILENT","items_purchased":[],"campfire_rested":2,"item_purchase_floors":[],"current_hp_per_floor":[55,53,53,53,52,42,42,33,33,33,33,22,40,40,58,0,0],"gold":207,"neow_bonus":"ONE_RARE_RELIC","is_daily":false,"chose_seed":false,"campfire_upgraded":1,"win_rate":0.0,"timestamp":1607866387,"path_taken":["M","M","?","M","M","E","R","M","T","?","M","E","R","?","R","BOSS"],"items_purchased_type":[],"build_version":"2020-11-30","purchased_purges":0,"victory":false,"max_hp_per_floor":[63,63,63,63,63,63,63,63,63,63,63,63,63,63,63,63,63],"card_choices":[{"not_picked":["Flying Knee","Dash"],"picked":"Poisoned Stab","floor":1},{"not_picked":["Escape Plan","Quick Slash"],"picked":"Dagger Throw","floor":2},{"not_picked":["Underhanded Strike","Concentrate"],"picked":"Bane","floor":4},{"not_picked":["Caltrops","Underhanded Strike"],"picked":"PiercingWail","floor":5},{"not_picked":["Dodge and Roll","Dagger Throw"],"picked":"Deadly Poison","floor":6},{"not_picked":["Backstab","Dagger Spray"],"picked":"Flying Knee","floor":8},{"not_picked":["Deflect","Slice","Flying Knee"],"picked":"SKIP","floor":11},{"not_picked":["Flechettes","PiercingWail"],"picked":"Footwork","floor":12}],"player_experience":323642,"relics_obtained":[{"floor":6,"key":"Bag of Preparation"},{"floor":9,"key":"Potion Belt"},{"floor":12,"key":"Anchor"},{"floor":14,"key":"Toxic Egg 2"}],"event_choices":[{"cards_removed":["Strike_G"],"damage_healed":0,"gold_gain":0,"player_choice":"Card Removal","damage_taken":0,"max_hp_gain":0,"max_hp_loss":0,"event_name":"The Cleric","floor":3,"gold_loss":50},{"damage_healed":0,"gold_gain":0,"player_choice":"Fled","damage_taken":0,"max_hp_gain":0,"max_hp_loss":0,"event_name":"Scrap Ooze","floor":10,"gold_loss":0}],"is_beta":false,"boss_relics":[],"items_purged_floors":[],"is_endless":false,"potions_floor_spawned":[4,5,8,11],"killed_by":"Slime Boss","ascension_level":2}}