{"host":"ifd7sfhtlbe34qll","time":1607899585,"event":{"mods":["2.2 Compatiblity","BaseMod","Block Reminder","Colored Map","Downfall","Highlight Path","Minty Spire (QoL Compilation)","Potion Indicator Mod","Quick Restart","Random Character Button","Relic Stats","StSLib"],"gold_per_floor":[99,6,35,35,65,65,65,65,98,98,111,111,123,135,147,249,249,249,264,264,264],"floor_reached":20,"playtime":1042,"items_purged":[],"score":226,"play_id":"6902ec03-6ba6-4025-9b67-3a1bc785b1af","local_time":"20201213164625","is_ascension_mode":true,"campfire_choices":[{"data":"champ:Taunt","floor":1,"key":"SMITH"},{"data":"champ:GladiatorStyle","floor":6,"key":"SMITH"},{"data":"champ:BladeFlurry","floor":8,"key":"SMITH"},{"floor":10,"key":"REST"},{"data":"champ:MurderStrike","floor":18,"key":"SMITH"}],"circlet_count":0,"master_deck":["champ:Strike","champ:Strike","champ:Strike","champ:Strike","champ:Defend","champ:Defend","champ:Defend","champ:Defend","champ:Execute","champ:Taunt+1","champ:BladeFlurry+1","champ:GladiatorStyle+1","champ:BladeFlurry","champ:GladiatorsShout","champ:CrownThrow","champ:VampiricStrike","champ:GladiatorsShout+1","champ:MurderStrike+1"],"relics":["champ:ChampionCrown","downfall:HeartsMalice","champ:FightingForDummies","White Beast Statue","Letter Opener","Toxic Egg 2","Runic Pyramid"],"acts_visited":["Exordium","TheCity"],"potions_floor_usage":[15,16],"damage_taken":[{"damage":0,"enemies":"downfall:FleeingMerchant","floor":2,"turns":1},{"damage":0,"enemies":"Gremlin Nob","floor":3,"turns":1},{"damage":0,"enemies":"Jaw Worm","floor":4,"turns":1},{"damage":12,"enemies":"Lagavulin","floor":5,"turns":5},{"damage":27,"enemies":"3 Sentries","floor":9,"turns":5},{"damage":10,"enemies":"2 Louse","floor":11,"turns":2},{"damage":5,"enemies":"Small Slimes","floor":13,"turns":3},{"damage":6,"enemies":"Exordium Wildlife","floor":14,"turns":2},{"damage":4,"enemies":"2 Fungi Beasts","floor":15,"turns":2},{"damage":78,"enemies":"downfall:Ironclad","floor":16,"turns":8},{"damage":2,"enemies":"Spheric Guardian","floor":19,"turns":3},{"damage":113,"enemies":"Gremlin Leader","floor":20,"turns":9}],"seed_played":"5984638338157650204","potions_obtained":[{"floor":3,"key":"DuplicationPotion"},{"floor":9,"key":"Explosive Potion"},{"floor":11,"key":"AttackPotion"},{"floor":13,"key":"champ:OpenerPotion"},{"floor":15,"key":"Energy Potion"},{"floor":16,"key":"EssenceOfSteel"},{"floor":19,"key":"BlessingOfTheForge"}],"is_trial":false,"path_per_floor":["R","$","E","M","E","R","T","R","E","R","M","?","M","M","M","B",null,"R","M","E"],"character_chosen":"THE_CHAMP","items_purchased":["champ:GladiatorStyle","champ:BladeFlurry"],"campfire_rested":1,"item_purchase_floors":[2,2],"current_hp_per_floor":[90,90,90,90,78,78,78,78,51,78,68,73,68,72,84,21,95,95,93,0,0],"gold":264,"neow_bonus":"THREE_ENEMY_KILL","is_daily":false,"chose_seed":false,"campfire_upgraded":4,"win_rate":0.0,"timestamp":1607899585,"path_taken":["R","$","E","M","E","R","T","R","E","R","M","?","M","M","M","BOSS","R","M","E"],"items_purchased_type":["Card","Card"],"build_version":"2020-11-30","purchased_purges":0,"victory":false,"max_hp_per_floor":[90,90,90,90,90,90,90,90,90,90,90,95,95,95,95,95,95,95,95,95,95],"relic_stats":{"counters":[12,39],"Letter Opener":[0],"obtain_stats":[{"champ:ChampionCrown":0,"downfall:HeartsMalice":0,"Letter Opener":7,"champ:FightingForDummies":3,"Toxic Egg 2":9,"White Beast Statue":5,"Runic Pyramid":17},{"champ:ChampionCrown":0,"downfall:HeartsMalice":0,"Letter Opener":4,"champ:FightingForDummies":2,"Toxic Egg 2":5,"White Beast Statue":4,"Runic Pyramid":10},{"champ:ChampionCrown":0,"downfall:HeartsMalice":0,"Letter Opener":5,"champ:FightingForDummies":0,"Toxic Egg 2":10,"White Beast Statue":5,"Runic Pyramid":27}]},"card_choices":[{"not_picked":["champ:BerserkersShout","champ:Balance"],"picked":"champ:BladeFlurry","floor":2},{"not_picked":["champ:PerfectedStrike","champ:BladeFlurry"],"picked":"champ:GladiatorsShout","floor":3},{"not_picked":["champ:GladiatorsShout","champ:FanOfKnives"],"picked":"champ:CrownThrow","floor":4},{"not_picked":["champ:BringItOn","champ:RapidStrikes","champ:Lariat"],"picked":"SKIP","floor":5},{"not_picked":["champ:DefensiveShout+1","champ:RecklessLeap","champ:AdrenalArmor+1"],"picked":"SKIP","floor":9},{"not_picked":["champ:CrookedStrike","champ:DefensiveStyle","champ:FlashCut"],"picked":"SKIP","floor":11},{"not_picked":["champ:CrookedStrike","champ:DefensiveStyle","champ:FlashCut"],"picked":"SKIP","floor":11},{"not_picked":["champ:Haymaker","champ:GladiatorsShout+1"],"picked":"champ:VampiricStrike","floor":13},{"not_picked":["champ:PerfectedStrike","champ:SkillfulDodge+1","champ:Encircle"],"picked":"SKIP","floor":14},{"not_picked":["champ:Encircle","champ:BladeFlurry"],"picked":"champ:GladiatorsShout+1","floor":15},{"not_picked":["champ:SwordThrow","champ:ShieldSlam"],"picked":"champ:MurderStrike","floor":16},{"not_picked":["champ:EndlessRage","champ:FanOfKnives","champ:PerfectedStrike+1"],"picked":"SKIP","floor":19}],"player_experience":1537182,"relics_obtained":[{"floor":3,"key":"champ:FightingForDummies"},{"floor":5,"key":"White Beast Statue"},{"floor":7,"key":"Letter Opener"},{"floor":9,"key":"Toxic Egg 2"}],"event_choices":[{"damage_healed":0,"gold_gain":0,"player_choice":"Donut","damage_taken":0,"max_hp_gain":5,"max_hp_loss":0,"event_name":"Big Fish","floor":12,"gold_loss":0}],"is_beta":false,"boss_relics":[{"not_picked":["Calling Bell","expansioncontent:StudyCardRelic"],"picked":"Runic Pyramid"}],"items_purged_floors":[],"is_endless":false,"potions_floor_spawned":[3,9,11,13,14,15,16,19],"killed_by":"Gremlin Leader","ascension_level":1}}