{"host":"p084pgp93u1tv48k","time":1607883022,"event":{"mods":["AchievementEnabler","BaseMod","Bestiary","Colored Map","Hermit","Lobotomy","LobotomyExtend","Minty Spire (QoL Compilation)","Quick Restart","StSLib"],"gold_per_floor":[111,186,205,219,219,219,239,260,260,260,31,31,31],"floor_reached":12,"playtime":578,"items_purged":["hermit:Strike_Hermit"],"score":70,"play_id":"57279996-e86c-4b1d-979a-838f47479657","local_time":"20201213134022","is_ascension_mode":false,"campfire_choices":[{"data":"hermit:Covet","floor":6,"key":"SMITH"}],"circlet_count":0,"master_deck":["hermit:Strike_Hermit","hermit:Strike_Hermit","hermit:Strike_Hermit","hermit:Defend_Hermit","hermit:Defend_Hermit","hermit:Defend_Hermit","hermit:Defend_Hermit","hermit:Snapshot","hermit:Covet+1","Murderer","hermit:Misfire","hermit:Reprieve","BeautyBeast","PunishingBird","hermit:Misfire","Injury","hermit:ShadowCloak","SilentOrchestra","hermit:Manifest"],"relics":["hermit:Momento","CogitoBucket","LetterFromLob","Golden Idol","Bronze Scales","Ancient Tea Set","PreservedInsect"],"acts_visited":["Exordium"],"potions_floor_usage":[],"damage_taken":[{"damage":4,"enemies":"2 Louse","floor":1,"turns":3},{"damage":1,"enemies":"Jaw Worm","floor":3,"turns":4},{"damage":0,"enemies":"Cultist","floor":4,"turns":4},{"damage":18,"enemies":"Blue Slaver","floor":7,"turns":4},{"damage":6,"enemies":"3 Louse","floor":8,"turns":5},{"damage":29,"enemies":"3 Sentries","floor":12,"turns":4}],"seed_played":"-973732435909699438","potions_obtained":[{"floor":7,"key":"SpeedPotion"}],"is_trial":false,"path_per_floor":["M","?","M","M","?","R","M","M","T","?","$","E"],"character_chosen":"HERMIT","items_purchased":["PreservedInsect"],"campfire_rested":0,"item_purchase_floors":[11],"current_hp_per_floor":[71,60,59,59,59,59,43,45,45,20,20,0,0],"gold":31,"neow_bonus":"","is_daily":false,"chose_seed":false,"campfire_upgraded":1,"win_rate":0.0,"timestamp":1607883022,"path_taken":["M","?","M","M","?","R","M","M","T","?","$","E"],"items_purchased_type":["Relic"],"build_version":"2020-11-30","purchased_purges":1,"victory":false,"max_hp_per_floor":[75,75,75,75,75,75,75,75,75,75,75,75,75],"card_choices":[{"not_picked":["Wellcheers","HappyTeddy"],"picked":"Murderer","floor":1},{"not_picked":["hermit:Ricochet","hermit:CalledShot"],"picked":"hermit:Misfire","floor":1},{"not_picked":["hermit:FullyLoaded","hermit:Manifest"],"picked":"hermit:Reprieve","floor":3},{"not_picked":["PunishingBird","Bloodbath"],"picked":"BeautyBeast","floor":3},{"not_picked":["ShyLook","MeatLantern"],"picked":"PunishingBird","floor":4},{"not_picked":["hermit:LoneWolf","hermit:Coalescence"],"picked":"hermit:Misfire","floor":4},{"not_picked":["hermit:Ricochet","hermit:SprayPray"],"picked":"hermit:ShadowCloak","floor":7},{"not_picked":["WallGazer","VoidDream"],"picked":"SilentOrchestra","floor":7},{"not_picked":["hermit:ItchyTrigger","hermit:Desperado"],"picked":"hermit:Manifest","floor":8}],"player_experience":111607,"relics_obtained":[{"floor":1,"key":"LetterFromLob"},{"floor":9,"key":"Bronze Scales"}],"event_choices":[{"damage_healed":0,"gold_gain":75,"player_choice":"Gather Gold","damage_taken":11,"max_hp_gain":0,"max_hp_loss":0,"event_name":"World of Goop","floor":2,"gold_loss":0},{"damage_healed":0,"gold_gain":0,"player_choice":"Take Wound","damage_taken":0,"relics_obtained":["Golden Idol"],"max_hp_gain":0,"max_hp_loss":0,"event_name":"Golden Idol","floor":5,"gold_loss":0,"cards_obtained":["Injury"]},{"damage_healed":0,"gold_gain":0,"player_choice":"Success","damage_taken":25,"relics_obtained":["Ancient Tea Set"],"max_hp_gain":0,"max_hp_loss":0,"event_name":"Scrap Ooze","floor":10,"gold_loss":0}],"is_beta":false,"boss_relics":[],"items_purged_floors":[11],"is_endless":false,"potions_floor_spawned":[7],"killed_by":"3 Sentries","ascension_level":0}}