{"host":"3a1ypf1irl30q4k8","time":1607857918,"event":{"mods":["AchievementEnabler","BaseMod","Bestiary","Colored Map","Minty Spire (QoL Compilation)","Relic Stats"],"gold_per_floor":[368,68,68,88,3,3,78,78,147,167,202,202,221,234,234,355,355,389,22,40,58,67,67,67,67],"floor_reached":24,"playtime":827,"items_purged":["Writhe"],"score":272,"play_id":"82be170d-38a4-4af5-a681-6f42162e56ce","local_time":"20201213111158","is_ascension_mode":true,"campfire_choices":[{"data":"Doom and Gloom","floor":6,"key":"SMITH"},{"data":"Cold Snap","floor":8,"key":"SMITH"},{"floor":12,"key":"REST"},{"data":"Biased Cognition","floor":15,"key":"SMITH"},{"floor":23,"key":"REST"}],"circlet_count":0,"master_deck":["Strike_B","Strike_B","Defend_B","Defend_B","Defend_B","Defend_B","Zap","Dualcast","Coolheaded","Doom and Gloom+1","Go for the Eyes","Lockon","Biased Cognition+1","Cold Snap+1","Compile Driver","Steam","Capacitor","Conserve Battery","Self Repair","Tempest+1","Auto Shields+1","BootSequence+1","Machine Learning","CurseOfTheBell","Cold Snap","Apotheosis+1","Leap+1","Stack+1","Hello World","Redo+1","Necronomicurse"],"relics":["Cracked Core","Orrery","Golden Idol","Toxic Egg 2","Blood Vial","Calling Bell","CeramicFish","Meat on the Bone","Ice Cream","Runic Capacitor","Necronomicon"],"acts_visited":["Exordium","TheCity"],"potions_floor_usage":[11,11,16,21],"damage_taken":[{"damage":6,"enemies":"Cultist","floor":1,"turns":4},{"damage":6,"enemies":"Jaw Worm","floor":4,"turns":3},{"damage":11,"enemies":"2 Louse","floor":10,"turns":2},{"damage":7,"enemies":"Gremlin Nob","floor":11,"turns":3},{"damage":5,"enemies":"Red Slaver","floor":13,"turns":3},{"damage":0,"enemies":"3 Louse","floor":14,"turns":2},{"damage":30,"enemies":"Hexaghost","floor":16,"turns":10},{"damage":32,"enemies":"Spheric Guardian","floor":18,"turns":6},{"damage":8,"enemies":"2 Thieves","floor":21,"turns":4},{"damage":63,"enemies":"Gremlin Leader","floor":24,"turns":4}],"seed_played":"9093004034004778330","potions_obtained":[{"floor":4,"key":"Ancient Potion"},{"floor":10,"key":"DuplicationPotion"},{"floor":14,"key":"Fire Potion"},{"floor":18,"key":"Block Potion"}],"is_trial":false,"path_per_floor":["M","$","?","M","$","R","?","R","T","M","E","R","M","M","R","B",null,"M","$","?","M","?","R","E"],"character_chosen":"DEFECT","items_purchased":["Doom and Gloom","Orrery","Capacitor","Conserve Battery","Apotheosis+1","Runic Capacitor","Leap+1"],"campfire_rested":2,"item_purchase_floors":[2,2,5,5,19,19,19],"current_hp_per_floor":[62,62,62,56,56,56,45,45,45,34,27,47,51,53,53,32,60,49,49,49,50,34,54,0,0],"gold":67,"neow_bonus":"TWO_FIFTY_GOLD","is_daily":false,"chose_seed":false,"campfire_upgraded":3,"win_rate":0.0,"timestamp":1607857918,"path_taken":["M","$","?","M","?","R","?","R","T","M","E","R","M","?","R","BOSS","M","$","?","M","?","R","E"],"items_purchased_type":["Card","Relic","Card","Card","Card","Relic","Card"],"build_version":"2020-11-30","purchased_purges":1,"victory":false,"max_hp_per_floor":[75,75,69,69,69,69,69,69,69,69,69,69,69,69,69,69,69,69,69,69,69,69,69,69,69],"relic_stats":{"Blood Vial":12,"counters":[10,41],"Golden Idol":56,"CeramicFish":63,"Necronomicon":[0],"obtain_stats":[{"Blood Vial":11,"Calling Bell":17,"Ice Cream":17,"Golden Idol":3,"CeramicFish":17,"Orrery":2,"Runic Capacitor":19,"Necronomicon":22,"Toxic Egg 2":9,"Cracked Core":0,"Meat on the Bone":17},{"Blood Vial":4,"Calling Bell":7,"Ice Cream":7,"Golden Idol":1,"CeramicFish":7,"Orrery":1,"Runic Capacitor":8,"Necronomicon":9,"Toxic Egg 2":2,"Cracked Core":0,"Meat on the Bone":7},{"Blood Vial":12,"Calling Bell":27,"Ice Cream":27,"Golden Idol":4,"CeramicFish":27,"Orrery":4,"Runic Capacitor":33,"Necronomicon":37,"Toxic Egg 2":7,"Cracked Core":0,"Meat on the Bone":27}],"Meat on the Bone":12},"card_choices":[{"not_picked":["Streamline","Conserve Battery"],"picked":"Coolheaded","floor":1},{"not_picked":["Beam Cell","Rip and Tear"],"picked":"Go for the Eyes","floor":2},{"not_picked":["Gash","Rebound"],"picked":"Lockon","floor":2},{"not_picked":["Scrape","Steam Power"],"picked":"Biased Cognition","floor":2},{"not_picked":["Compile Driver","Fusion"],"picked":"Cold Snap","floor":2},{"not_picked":["Creative AI","Stack"],"picked":"Compile Driver","floor":2},{"not_picked":["Streamline","Lockon"],"picked":"Steam","floor":4},{"not_picked":["Hello World","Sweeping Beam"],"picked":"Self Repair","floor":10},{"not_picked":["Ball Lightning","Reinforced Body+1"],"picked":"Tempest+1","floor":11},{"not_picked":["Chill+1","Redo+1"],"picked":"Auto Shields+1","floor":13},{"not_picked":["Hologram+1","Ball Lightning"],"picked":"BootSequence+1","floor":14},{"not_picked":["Meteor Strike","Amplify+1"],"picked":"Machine Learning","floor":16},{"not_picked":["Aggregate+1","Capacitor+1"],"picked":"Cold Snap","floor":18},{"not_picked":["Beam Cell","Gash"],"picked":"Redo+1","floor":21}],"player_experience":835136,"relics_obtained":[{"floor":9,"key":"Toxic Egg 2"},{"floor":11,"key":"Blood Vial"},{"floor":17,"key":"CeramicFish"},{"floor":17,"key":"Meat on the Bone"},{"floor":17,"key":"Ice Cream"},{"floor":22,"key":"Necronomicon"}],"event_choices":[{"damage_healed":0,"gold_gain":0,"player_choice":"Lose Max HP","damage_taken":0,"relics_obtained":["Golden Idol"],"max_hp_gain":0,"max_hp_loss":6,"event_name":"Golden Idol","floor":3,"gold_loss":0},{"damage_healed":0,"gold_gain":75,"player_choice":"Gather Gold","damage_taken":11,"max_hp_gain":0,"max_hp_loss":0,"event_name":"World of Goop","floor":7,"gold_loss":0},{"damage_healed":0,"gold_gain":0,"cards_transformed":["Strike_B","Strike_B"],"player_choice":"Became Test Subject","damage_taken":0,"max_hp_gain":0,"max_hp_loss":0,"event_name":"Drug Dealer","floor":20,"gold_loss":0,"cards_obtained":["Stack","Hello World"]},{"damage_healed":0,"gold_gain":0,"player_choice":"Obtained Book","damage_taken":16,"max_hp_gain":0,"max_hp_loss":0,"event_name":"Cursed Tome","floor":22,"gold_loss":0}],"is_beta":false,"boss_relics":[{"not_picked":["Cursed Key","Runic Dome"],"picked":"Calling Bell"}],"items_purged_floors":[2],"is_endless":false,"potions_floor_spawned":[4,10,14,18],"killed_by":"Gremlin Leader","ascension_level":8}}