{"host":"qy6st0zp32tctd9l","time":1607855690,"event":{"mods":["AchievementEnabler","BaseMod","Colored Map","Downfall","Hermit","Marisa£®ÏF”Í°°ƒß¿Ì…≥£©","Minty Spire (QoL Compilation)","Remilia£®¿Ÿ√◊¿Ú—«£©","StSLib","The Cursed","The Servant 0.9.4","UnlockEverythingMod"],"gold_per_floor":[111,121,46,46,65,124,124,184,184,84,123,123,123,73,73,223,223,264,302,217,217,238,282,325,375,443,443,443,466,148,73,73,212,212,230,10,10,10,26,79,79,132,132,132,132,465,515,561,561,561,561,561,50,95,95],"floor_reached":56,"playtime":2583,"items_purged":["Strike_MRS","Strike_MRS","Strike_MRS","Defend_MRS","Defend_MRS"],"score":1605,"play_id":"3920325b-5555-4fca-b588-d23072658439","local_time":"20201213183450","is_ascension_mode":true,"campfire_choices":[{"data":"MagicChant","floor":12.0,"key":"SMITH"},{"data":"MilkyWay","floor":15.0,"key":"SMITH"},{"floor":27.0,"key":"RECALL"},{"data":"MasterSpark","floor":32.0,"key":"SMITH"},{"data":"MillisecondPulsars","floor":41,"key":"SMITH"},{"floor":44,"key":"DIG"},{"floor":45,"key":"DIG"},{"floor":49,"key":"DIG"},{"floor":52,"key":"DIG"}],"circlet_count":0,"master_deck":["MasterSpark+1","UpSweep","MagicChant+1","WitchOfGreed","MilkyWay+1","GrandCross","MilkyWay+1","SporeBomb+1","StarBarrage+1","PowerUp+1","MagicAbsorber+1","Thinking Ahead+1","MillisecondPulsars+1","MilkyWay+1","EnergyFlow","AsteroidBelt+1","OortCloud+1","expansioncontent:Chronoboost","MilkyWay+1","DeepEcoloBomb"],"relics":["MiniHakkero","Thread and Needle","FossilizedHelix","Toxic Egg 2","Ginger","Coffee Dripper","Centennial Puzzle","WingedGreaves","Pantograph","Strawberry","Toy Ornithopter","SacredBark","Pocketwatch","Boot","Shovel","Turnip","Bag of Preparation","SproutingBranch","Happy Flower","ScarletDevilRocket","Shuriken","Anchor","Pen Nib"],"acts_visited":["TheBeyond","TheEnding"],"potions_floor_usage":[42,48,50,54,55,55,55],"damage_taken":[{"damage":0.0,"enemies":"Small Slimes","floor":1.0,"turns":2.0},{"damage":2.0,"enemies":"Jaw Worm","floor":2.0,"turns":3.0},{"damage":0.0,"enemies":"2 Louse","floor":5.0,"turns":2.0},{"damage":28.0,"enemies":"Lagavulin","floor":6.0,"turns":9.0},{"damage":6.0,"enemies":"3 Sentries","floor":8.0,"turns":9.0},{"damage":0.0,"enemies":"2 Fungi Beasts","floor":11.0,"turns":4.0},{"damage":10.0,"enemies":"The Guardian","floor":16.0,"turns":8.0},{"damage":0.0,"enemies":"Chosen","floor":18.0,"turns":3.0},{"damage":0.0,"enemies":"3 Byrds","floor":19.0,"turns":5.0},{"damage":7.0,"enemies":"Snake Plant","floor":22.0,"turns":3.0},{"damage":2.0,"enemies":"Slavers","floor":23.0,"turns":4.0},{"damage":0.0,"enemies":"Centurion and Healer","floor":24.0,"turns":3.0},{"damage":0.0,"enemies":"Book of Stabbing","floor":25.0,"turns":4.0},{"damage":12.0,"enemies":"Collector","floor":33.0,"turns":4.0},{"damage":0.0,"enemies":"3 Darklings","floor":35.0,"turns":3.0},{"damage":0,"enemies":"3 Shapes","floor":39,"turns":4},{"damage":19,"enemies":"Nemesis","floor":40,"turns":3},{"damage":21,"enemies":"Reptomancer","floor":42,"turns":6},{"damage":0,"enemies":"Mind Bloom Boss Battle","floor":47,"turns":3},{"damage":0,"enemies":"Giant Head","floor":48,"turns":7},{"damage":10,"enemies":"Awakened One","floor":50,"turns":6},{"damage":30,"enemies":"Shield and Spear","floor":54,"turns":6},{"damage":38,"enemies":"The Heart","floor":55,"turns":8}],"seed_played":"-8664574932285992603","potions_obtained":[{"floor":1.0,"key":"ShroomBrew"},{"floor":5.0,"key":"SteroidPotion"},{"floor":6.0,"key":"Guardian:BlockOnCardUsePotion"},{"floor":8.0,"key":"GamblersBrew"},{"floor":23.0,"key":"Block Potion"},{"floor":25.0,"key":"Strength Potion"},{"floor":33.0,"key":"Fruit Juice"},{"floor":33.0,"key":"Fire Potion"},{"floor":40,"key":"EssenceOfSteel"},{"floor":42,"key":"ColorlessPotion"},{"floor":48,"key":"BottledSpark"},{"floor":54,"key":"SkillPotion"}],"is_trial":false,"path_per_floor":["M","M","$","?","M","E","?","E","T","$","M","R","?","?","R","B",null,"M","M","?","?","M","E","M","E","T","R","?","T","$","?","R","B",null,"M","$","?","$","M","E","R","E","T","R","R","?","?","E","R","B",null,"R","$","E","B",null],"character_chosen":"MARISA","items_purchased":["Thinking Ahead+1","EnergyFlow","Anchor","expansioncontent:Chronoboost","MilkyWay+1","hexamod:EctoCoolerPotion"],"campfire_rested":0,"item_purchase_floors":[30,36,53,53,53,53],"current_hp_per_floor":[75,73,73,55,55,27,20,14,14,14,14,14,39,39,39,29,75,75,75,75,75,68,66,66,73,73,73,73,73,73,73,73,80,87,87,87,87,87,87,68,68,52,52,52,52,52,77,87,87,83,87,87,87,65,49],"gold":95,"neow_bonus":"REMOVE_CARD","is_daily":false,"chose_seed":false,"campfire_upgraded":4,"win_rate":0.0,"timestamp":1607855690,"path_taken":["M","M","$","?","M","E","?","E","T","$","M","R","?","?","R","BOSS","M","M","?","?","?","E","?","E","T","R","?","?","$","?","R","BOSS","M","$","?","?","M","E","R","E","T","R","R","?","?","E","R","BOSS","R","$","E","BOSS"],"items_purchased_type":["Card","Card","Relic","Card","Card","Potion"],"build_version":"2020-11-30","purchased_purges":5,"victory":true,"max_hp_per_floor":[75,75,75,75,75,75,75,75,75,75,75,75,75,75,75,75,75,75,75,75,75,75,75,75,82,82,82,82,82,82,82,82,87,87,87,87,87,87,87,87,87,87,87,87,87,87,87,87,87,87,87,87,87,87,87],"card_choices":[{"not_picked":["RefractionSpark","ShootingEcho"],"picked":"MagicChant","floor":1.0},{"not_picked":["EnergyRecoil","EarthLightRay"],"picked":"DC","floor":2.0},{"not_picked":["MysteriousBeam","UnstableBomb"],"picked":"WitchOfGreed","floor":5.0},{"not_picked":["DoubleSpark","StarlightTyphoon"],"picked":"MilkyWay","floor":6.0},{"not_picked":["MagicChant+1","WitchOfGreed"],"picked":"GrandCross","floor":8.0},{"not_picked":["DoubleSpark","ShootingEcho"],"picked":"MilkyWay+1","floor":11.0},{"not_picked":["FairyDestructionRay","PowerUp+1"],"picked":"SporeBomb+1","floor":18.0},{"not_picked":["ManaConvection+1","GravityBeat+1"],"picked":"StarBarrage+1","floor":19.0},{"not_picked":["MilkyWay+1","GalacticHalo+1"],"picked":"PowerUp+1","floor":22.0},{"not_picked":["WitchLeyline","ManaRampage+1","PowerUp+1"],"picked":"SKIP","floor":23.0},{"not_picked":["WitchLeyline","ManaRampage+1","PowerUp+1"],"picked":"SKIP","floor":23.0},{"not_picked":["GravityBeat","GrandCross+1"],"picked":"MagicAbsorber+1","floor":24.0},{"not_picked":["MaximisePower+1","Occultation+1","WitchLeyline+1"],"picked":"SKIP","floor":25.0},{"not_picked":["SatelliteIllusion","BlazingStar"],"picked":"MillisecondPulsars","floor":33.0},{"not_picked":["DoubleSpark+1","GravityBeat"],"picked":"MilkyWay+1","floor":35.0},{"not_picked":["EnergyRecoil+1","ChargingUp+1","PulseMagic+1"],"picked":"SKIP","floor":39},{"not_picked":["SuperPerseids+1","LuminesStrike+1"],"picked":"AsteroidBelt+1","floor":40},{"not_picked":["AlicesGift","StarlightTyphoon+1"],"picked":"OortCloud+1","floor":42},{"not_picked":["EnergyFlow","DC+1","PowerUp+1"],"picked":"SKIP","floor":48},{"not_picked":["ManaConvection+1","AlicesGift+1"],"picked":"DeepEcoloBomb","floor":54}],"player_experience":110459,"relics_obtained":[{"floor":6.0,"key":"Thread and Needle"},{"floor":8.0,"key":"Toxic Egg 2"},{"floor":9.0,"key":"Ginger"},{"floor":23.0,"key":"Pantograph"},{"floor":25.0,"key":"Strawberry"},{"floor":29.0,"key":"Toy Ornithopter"},{"floor":40,"key":"Pocketwatch"},{"floor":42,"key":"Boot"},{"floor":43,"key":"Shovel"},{"floor":44,"key":"Turnip"},{"floor":45,"key":"Bag of Preparation"},{"floor":47,"key":"SproutingBranch"},{"floor":48,"key":"Happy Flower"},{"floor":49,"key":"ScarletDevilRocket"},{"floor":52,"key":"Shuriken"},{"floor":54,"key":"Pen Nib"}],"event_choices":[{"damage_healed":0.0,"max_hp_gain":0.0,"max_hp_loss":0.0,"gold_gain":0.0,"event_name":"Golden Idol","player_choice":"Take Damage","floor":4.0,"gold_loss":0.0,"damage_taken":18.0,"relics_obtained":["Golden Idol"]},{"damage_healed":0.0,"max_hp_gain":0.0,"max_hp_loss":0.0,"gold_gain":0.0,"event_name":"Scrap Ooze","player_choice":"Success","floor":7.0,"gold_loss":0.0,"damage_taken":7.0,"relics_obtained":["FossilizedHelix"]},{"damage_healed":25.0,"max_hp_gain":0.0,"max_hp_loss":0.0,"gold_gain":0.0,"event_name":"Big Fish","player_choice":"Banana","floor":13.0,"gold_loss":0.0,"damage_taken":0.0},{"cards_removed":["Defend_MRS"],"damage_healed":0.0,"max_hp_gain":0.0,"max_hp_loss":0.0,"gold_gain":0.0,"event_name":"The Cleric","player_choice":"Card Removal","floor":14.0,"gold_loss":50.0,"damage_taken":0.0},{"damage_healed":0.0,"max_hp_gain":0.0,"max_hp_loss":0.0,"gold_gain":0.0,"event_name":"Addict","player_choice":"Obtained Relic","floor":20.0,"gold_loss":85.0,"damage_taken":0.0,"relics_obtained":["Centennial Puzzle"]},{"cards_removed":["DC"],"damage_healed":0.0,"max_hp_gain":0.0,"max_hp_loss":0.0,"gold_gain":0.0,"event_name":"WeMeetAgain","player_choice":"Gave Card","floor":21.0,"gold_loss":0.0,"damage_taken":0.0,"relics_obtained":["WingedGreaves"]},{"damage_healed":0.0,"max_hp_gain":0.0,"max_hp_loss":0.0,"gold_gain":0.0,"event_name":"Vampires","player_choice":"Ignored","floor":28.0,"gold_loss":0.0,"damage_taken":0.0},{"cards_removed":["Defend_MRS"],"damage_healed":0.0,"max_hp_gain":0.0,"max_hp_loss":0.0,"gold_gain":0.0,"event_name":"Beggar","player_choice":"Gave Gold","floor":31.0,"gold_loss":75.0,"damage_taken":0.0},{"damage_healed":0,"gold_gain":0,"player_choice":"0 cards matched","damage_taken":0,"max_hp_gain":0,"max_hp_loss":0,"event_name":"Match and Keep!","floor":37,"gold_loss":0,"cards_obtained":[]},{"damage_healed":0,"gold_gain":333,"player_choice":"Gave Idol","damage_taken":0,"max_hp_gain":0,"max_hp_loss":0,"event_name":"The Moai Head","floor":46,"relics_lost":["Golden Idol"],"gold_loss":0},{"damage_healed":0,"gold_gain":0,"player_choice":"Fight","damage_taken":0,"max_hp_gain":0,"max_hp_loss":0,"event_name":"MindBloom","floor":47,"gold_loss":0}],"is_beta":false,"boss_relics":[{"not_picked":["Calling Bell","Sozu"],"picked":"Coffee Dripper"},{"not_picked":["Snecko Eye","Philosopher\u0027s Stone"],"picked":"SacredBark"}],"items_purged_floors":[3,10,30,36,53],"is_endless":false,"potions_floor_spawned":[1,5,16,18,23,33,40,54],"ascension_level":4}}