{"host":"19tvufa8xx4wr4o1","time":1607879646,"event":{"mods":["AchievementEnabler","BaseMod","Better Sensory Stone","Better Third Choice","Highlight Path","Minty Spire (QoL Compilation)","Relic Stats","StSLib"],"gold_per_floor":[362,382,400,417,103,103,133,133,133,165,165,165,180,195,195,266,266,280,280,294,306,17,34,34,65,65,65,94,117,35,45,45,122,122,133,146,157,157,157,157,187,187,187,187,201,201,220,240,240,240,240],"floor_reached":50,"playtime":1966,"items_purged":["Strike_G"],"score":942,"play_id":"149d026d-e1f1-4ec1-9d1c-9fcdadaf1702","local_time":"20201213111406","is_ascension_mode":true,"campfire_choices":[{"data":"Noxious Fumes","floor":6.0,"key":"SMITH"},{"data":"Neutralize","floor":8.0,"key":"SMITH"},{"data":"Caltrops","floor":11.0,"key":"SMITH"},{"floor":15.0,"key":"REST"},{"floor":24.0,"key":"REST"},{"floor":27.0,"key":"REST"},{"floor":32.0,"key":"REST"},{"data":"Wraith Form v2","floor":40,"key":"SMITH"},{"floor":42,"key":"REST"},{"floor":44,"key":"REST"},{"data":"Adrenaline","floor":49,"key":"SMITH"}],"circlet_count":0,"master_deck":["AscendersBane","Strike_G","Strike_G","Strike_G","Defend_G","Defend_G","Defend_G","Defend_G+1","Defend_G","Survivor","Neutralize+1","Predator","Caltrops+1","Leg Sweep","Blade Dance+1","Noxious Fumes+1","All Out Attack","Blade Dance","Finisher","PiercingWail","Noxious Fumes","Wraith Form v2+1","Adrenaline+1","Choke","Dagger Throw","Backstab","PiercingWail","Envenom","Footwork","Blade Dance+1","Blur+1","Dodge and Roll+1","Night Terror+1","Cloak And Dagger+1","Trip+1","Forethought+1","Riddle With Holes","Backflip+1"],"relics":["Ring of the Snake","Bronze Scales","Shuriken","Mummified Hand","Bottled Flame","Black Star","Strawberry","Toxic Egg 2","Akabeko","CaptainsWheel","Darkstone Periapt","Bag of Preparation","Anchor","Sozu","Bag of Marbles","Pantograph","Singing Bowl"],"acts_visited":["Exordium","TheCity","TheBeyond"],"potions_floor_usage":[50],"damage_taken":[{"damage":5.0,"enemies":"Cultist","floor":1.0,"turns":5.0},{"damage":0.0,"enemies":"2 Louse","floor":2.0,"turns":3.0},{"damage":4.0,"enemies":"Jaw Worm","floor":3.0,"turns":4.0},{"damage":1.0,"enemies":"Red Slaver","floor":4.0,"turns":7.0},{"damage":11.0,"enemies":"3 Sentries","floor":7.0,"turns":4.0},{"damage":11.0,"enemies":"Lagavulin","floor":10.0,"turns":6.0},{"damage":7.0,"enemies":"Exordium Thugs","floor":13.0,"turns":4.0},{"damage":4.0,"enemies":"Exordium Wildlife","floor":14.0,"turns":3.0},{"damage":25.0,"enemies":"The Guardian","floor":16.0,"turns":9.0},{"damage":3.0,"enemies":"Spheric Guardian","floor":18.0,"turns":3.0},{"damage":19.0,"enemies":"2 Thieves","floor":20.0,"turns":4.0},{"damage":9.0,"enemies":"Cultist and Chosen","floor":21.0,"turns":6.0},{"damage":0.0,"enemies":"Centurion and Healer","floor":23.0,"turns":5.0},{"damage":2.0,"enemies":"Book of Stabbing","floor":25.0,"turns":5.0},{"damage":18.0,"enemies":"Slavers","floor":28.0,"turns":7.0},{"damage":0.0,"enemies":"Snake Plant","floor":31.0,"turns":2.0},{"damage":21.0,"enemies":"Champ","floor":33.0,"turns":10.0},{"damage":4.0,"enemies":"3 Darklings","floor":35.0,"turns":4.0},{"damage":0.0,"enemies":"Orb Walker","floor":36.0,"turns":3.0},{"damage":10.0,"enemies":"Transient","floor":37.0,"turns":5.0},{"damage":25,"enemies":"Reptomancer","floor":41,"turns":6},{"damage":1,"enemies":"Writhing Mass","floor":45,"turns":5},{"damage":2,"enemies":"Jaw Worm Horde","floor":47,"turns":3},{"damage":0,"enemies":"Spire Growth","floor":48,"turns":4},{"damage":81,"enemies":"Awakened One","floor":50,"turns":9}],"seed_played":"7639101610174339163","potions_obtained":[{"floor":1.0,"key":"Regen Potion"},{"floor":2.0,"key":"Explosive Potion"},{"floor":13.0,"key":"Energy Potion"},{"floor":14.0,"key":"CunningPotion"},{"floor":16.0,"key":"Dexterity Potion"},{"floor":20.0,"key":"SkillPotion"},{"floor":23.0,"key":"Block Potion"},{"floor":31.0,"key":"BlessingOfTheForge"},{"floor":33.0,"key":"Fire Potion"}],"is_trial":false,"path_per_floor":["M","M","M","M","$","R","E","R","T","E","R","?","M","M","R","B",null,"M","?","M","M","$","M","R","E","T","R","E","T","$","M","R","B",null,"M","M","M","?","?","R","E","R","T","R","M","?","M","M","R","B"],"character_chosen":"THE_SILENT","items_purchased":["Noxious Fumes","Bronze Scales","All Out Attack","Blade Dance","Strawberry","Envenom","Blur+1"],"campfire_rested":6,"item_purchase_floors":[5,5,5,5,22,22,30],"current_hp_per_floor":[54,54,50,49,49,49,38,38,38,41,41,23,16,12,30,5,46,43,43,24,15,22,22,42,40,40,60,42,42,42,42,62,41,61,57,57,47,47,47,47,22,42,42,62,61,61,61,63,63,0,0],"gold":240,"neow_bonus":"TWO_FIFTY_GOLD","is_daily":false,"chose_seed":false,"campfire_upgraded":5,"win_rate":0.0,"timestamp":1607879646,"path_taken":["M","?","M","M","$","R","E","R","T","E","R","?","M","M","R","BOSS","M","?","?","M","$","M","R","E","T","R","E","?","?","M","R","BOSS","M","M","M","?","?","R","E","R","T","R","?","?","M","M","R","BOSS"],"items_purchased_type":["Card","Relic","Card","Card","Relic","Card","Card"],"build_version":"2020-11-30","purchased_purges":1,"victory":false,"max_hp_per_floor":[60,60,60,60,60,60,60,60,60,60,60,60,60,60,60,60,60,60,60,60,60,67,67,67,67,67,67,67,67,67,67,67,67,67,67,67,67,67,67,67,67,67,67,67,67,64,66,68,68,68,68],"relic_stats":{"Darkstone Periapt":0,"Sozu":4,"Singing Bowl":4,"counters":[25,126],"Shuriken":[73],"Mummified Hand":[65],"Bronze Scales":[314],"Pantograph":5,"Black Star":3,"Bag of Preparation":[20],"obtain_stats":[{"Darkstone Periapt":28,"Singing Bowl":43,"Bag of Preparation":28,"Akabeko":25,"Sozu":34,"Bottled Flame":10,"CaptainsWheel":26,"Anchor":29,"Shuriken":7,"Mummified Hand":9,"Bronze Scales":5,"Strawberry":22,"Pantograph":41,"Black Star":17,"Bag of Marbles":41,"Toxic Egg 2":25,"Ring of the Snake":0},{"Darkstone Periapt":15,"Singing Bowl":21,"Bag of Preparation":15,"Akabeko":14,"Sozu":17,"Bottled Flame":6,"CaptainsWheel":14,"Anchor":15,"Shuriken":5,"Mummified Hand":5,"Bronze Scales":4,"Strawberry":12,"Pantograph":21,"Black Star":9,"Bag of Marbles":21,"Toxic Egg 2":14,"Ring of the Snake":0},{"Darkstone Periapt":75,"Singing Bowl":105,"Bag of Preparation":75,"Akabeko":68,"Sozu":87,"Bottled Flame":29,"CaptainsWheel":68,"Anchor":75,"Shuriken":23,"Mummified Hand":23,"Bronze Scales":19,"Strawberry":58,"Pantograph":105,"Black Star":45,"Bag of Marbles":105,"Toxic Egg 2":68,"Ring of the Snake":0}],"Ring of the Snake":[50]},"card_choices":[{"not_picked":["Underhanded Strike","PiercingWail"],"picked":"Predator","floor":1.0},{"not_picked":["Outmaneuver","Bouncing Flask"],"picked":"Caltrops","floor":2.0},{"not_picked":["Skewer","Calculated Gamble"],"picked":"Leg Sweep","floor":3.0},{"not_picked":["Catalyst","Escape Plan"],"picked":"Blade Dance","floor":4.0},{"not_picked":["Flying Knee","PiercingWail"],"picked":"Finisher","floor":7.0},{"not_picked":["Deadly Poison","Dodge and Roll"],"picked":"PiercingWail","floor":10.0},{"not_picked":["Poisoned Stab","Tactician"],"picked":"Noxious Fumes","floor":13.0},{"not_picked":["Dagger Spray","Concentrate"],"picked":"Wraith Form v2","floor":14.0},{"not_picked":["Burst","Venomology"],"picked":"Adrenaline","floor":16.0},{"not_picked":["PiercingWail","Dagger Spray"],"picked":"Choke","floor":18.0},{"not_picked":["Poisoned Stab","Choke"],"picked":"Backstab","floor":20.0},{"not_picked":["Finisher","Dodge and Roll"],"picked":"PiercingWail","floor":21.0},{"not_picked":["Sucker Punch","Dagger Throw","Tactician"],"picked":"SKIP","floor":23.0},{"not_picked":["Sucker Punch","Dagger Throw","Tactician"],"picked":"SKIP","floor":23.0},{"not_picked":["Finisher","Deadly Poison+1"],"picked":"Footwork","floor":25.0},{"not_picked":["Caltrops","Dagger Throw"],"picked":"Blade Dance+1","floor":28.0},{"not_picked":["Flying Knee","Prepared+1"],"picked":"Dodge and Roll+1","floor":31.0},{"not_picked":["Venomology+1","Die Die Die"],"picked":"Night Terror+1","floor":33.0},{"not_picked":["Finisher","Caltrops+1","Deadly Poison+1"],"picked":"SKIP","floor":35.0},{"not_picked":["Masterful Stab","Escape Plan+1","Sucker Punch"],"picked":"SKIP","floor":36.0},{"not_picked":["Prepared+1","Sucker Punch"],"picked":"Cloak And Dagger+1","floor":37.0},{"not_picked":["Swift Strike","Dark Shackles+1"],"picked":"Trip+1","floor":38.0},{"not_picked":["Jack Of All Trades+1","Mayhem"],"picked":"Forethought+1","floor":38.0},{"not_picked":["Slice","Noxious Fumes+1"],"picked":"Riddle With Holes","floor":41},{"not_picked":["Prepared+1","Deflect+1"],"picked":"Backflip+1","floor":45},{"not_picked":["Flying Knee+1","Well Laid Plans","Poisoned Stab"],"picked":"Singing Bowl","floor":47},{"not_picked":["Slice","Bane+1","Acrobatics+1"],"picked":"Singing Bowl","floor":48}],"player_experience":486282,"relics_obtained":[{"floor":7.0,"key":"Shuriken"},{"floor":9.0,"key":"Mummified Hand"},{"floor":10.0,"key":"Bottled Flame"},{"floor":25.0,"key":"Toxic Egg 2"},{"floor":25.0,"key":"Akabeko"},{"floor":26.0,"key":"CaptainsWheel"},{"floor":28.0,"key":"Darkstone Periapt"},{"floor":28.0,"key":"Bag of Preparation"},{"floor":29.0,"key":"Anchor"},{"floor":41,"key":"Bag of Marbles"},{"floor":41,"key":"Pantograph"},{"floor":43,"key":"Singing Bowl"}],"event_choices":[{"damage_healed":41.0,"max_hp_gain":0.0,"max_hp_loss":60.0,"gold_gain":0.0,"event_name":"betterThird:BetterShining","player_choice":"Upgrade","floor":12.0,"gold_loss":0.0,"damage_taken":18.0,"cards_upgraded":["Defend_G","Blade Dance"]},{"damage_healed":0.0,"max_hp_gain":0.0,"max_hp_loss":0.0,"gold_gain":0.0,"cards_transformed":["Strike_G"],"event_name":"Transmorgrifier","player_choice":"Transformed","floor":19.0,"gold_loss":0.0,"damage_taken":0.0,"cards_obtained":["Dagger Throw"]},{"damage_healed":0.0,"max_hp_gain":0.0,"max_hp_loss":0.0,"gold_gain":3.0,"event_name":"betterStone:BetterStone","player_choice":"1","floor":38.0,"gold_loss":0.0,"damage_taken":0.0},{"damage_healed":0,"gold_gain":0,"player_choice":"Ignored","damage_taken":0,"max_hp_gain":0,"max_hp_loss":0,"event_name":"betterThird:BetterPortal","floor":39,"gold_loss":0},{"damage_healed":0,"gold_gain":0,"player_choice":"Max HP","damage_taken":0,"max_hp_gain":0,"max_hp_loss":3,"event_name":"Winding Halls","floor":46,"gold_loss":0}],"is_beta":false,"boss_relics":[{"not_picked":["Tiny House","Pandora\u0027s Box"],"picked":"Black Star"},{"not_picked":["Astrolabe","SlaversCollar"],"picked":"Sozu"}],"items_purged_floors":[22],"is_endless":false,"potions_floor_spawned":[1,2,13,14,16,20,23,31,33,35,37,45,48],"killed_by":"Awakened One","ascension_level":15}}