{"host":"cvdbfwtypahr1w62","time":1607865947,"event":{"mods":["AchievementEnabler","Act Like it!","BaseMod","BetterRewards","Colored Map","Filter the Spire","Hallownest","Highlight Path","Jorbs\u0027s Wanderer Trilogy","Marisa????????","Minty Spire (QoL Compilation)","Rare Cards Sparkle","Relic Stats","Shop Mod","StSLib","The Bug Knight","The Cursed"],"gold_per_floor":[119,119,44,44,60,60,60],"floor_reached":6,"playtime":324,"items_purged":["Strike_R"],"score":56,"play_id":"3a5e1045-109c-4b78-8efb-9d3894b46ef1","local_time":"20201213142547","is_ascension_mode":true,"campfire_choices":[],"circlet_count":0,"master_deck":["AscendersBane","Strike_R","Strike_R","Strike_R","Defend_R","Defend_R","Defend_R","Defend_R","Bash","Shrug It Off","Body Slam"],"relics":["Burning Blood"],"acts_visited":["Exordium"],"potions_floor_usage":[],"damage_taken":[{"damage":10,"enemies":"Hallownest:2_MossCreeps","floor":1,"turns":8},{"damage":22,"enemies":"Hallownest:2_Tiktiks_and_1_Crawlid","floor":5,"turns":9},{"damage":57,"enemies":"Hallownest:eliteVengeflyKing","floor":6,"turns":11}],"seed_played":"1499320085997728596","potions_obtained":[],"is_trial":false,"path_per_floor":["M","?","$","?","M","E"],"character_chosen":"IRONCLAD","items_purchased":[],"campfire_rested":0,"item_purchase_floors":[],"current_hp_per_floor":[68,68,68,68,52,0,0],"gold":60,"neow_bonus":"REMOVE_CARD","is_daily":false,"chose_seed":false,"campfire_upgraded":0,"win_rate":0.0,"timestamp":1607865947,"path_taken":["M","?","$","?","M","E"],"items_purchased_type":[],"build_version":"2020-11-30","purchased_purges":1,"victory":false,"max_hp_per_floor":[80,80,80,80,80,80,80],"relic_stats":{"counters":[63,322],"obtain_stats":[{"Lantern":26,"Hallownest:StagBellRelic1":7,"Regal Pillow":24,"Singing Bowl":9,"Gremlin Horn":0,"Black Blood":34,"Hallownest:DreamNailRelic":2,"Ancient Tea Set":43,"Smiling Mask":46,"Cursed Key":17,"Burning Blood":0,"ClockworkSouvenir":31,"Blood Vial":0,"Dream Catcher":24,"Nunchaku":14,"Matryoshka":26,"Strawberry":30,"Red Mask":19,"Chemical X":0,"HollowMod:PaleOreRelic":24,"Hallownest:TeacherSealRelic":2,"InkBottle":26,"Runic Pyramid":17,"Potion Belt":9,"Hallownest:SalubrasBlessingRelic":14,"Lee\u0027s Waffle":21,"Happy Flower":9,"Dead Branch":10,"Pen Nib":9,"Odd Mushroom":13,"Frozen Egg 2":43,"War Paint":26,"Akabeko":12,"Bottled Flame":46,"Bird Faced Urn":7,"Turnip":14,"Black Star":17,"Art of War":9,"Membership Card":0,"FossilizedHelix":0},{"Lantern":10,"Hallownest:StagBellRelic1":35,"Regal Pillow":44,"Singing Bowl":3,"Gremlin Horn":32,"Black Blood":26,"Hallownest:DreamNailRelic":47,"Ancient Tea Set":29,"Smiling Mask":31,"Cursed Key":41,"Burning Blood":0,"ClockworkSouvenir":25,"Blood Vial":32,"Dream Catcher":23,"Nunchaku":59,"Matryoshka":23,"Strawberry":11,"Red Mask":8,"Chemical X":12,"HollowMod:PaleOreRelic":23,"Hallownest:TeacherSealRelic":33,"InkBottle":45,"Runic Pyramid":6,"Potion Belt":57,"Hallownest:SalubrasBlessingRelic":53,"Lee\u0027s Waffle":43,"Happy Flower":15,"Dead Branch":51,"Pen Nib":57,"Odd Mushroom":17,"Frozen Egg 2":29,"War Paint":45,"Akabeko":58,"Bottled Flame":31,"Bird Faced Urn":15,"Turnip":40,"Black Star":19,"Art of War":50,"Membership Card":32,"FossilizedHelix":0},{"Lantern":44,"Hallownest:StagBellRelic1":154,"Regal Pillow":199,"Singing Bowl":9,"Gremlin Horn":140,"Black Blood":115,"Hallownest:DreamNailRelic":212,"Ancient Tea Set":125,"Smiling Mask":138,"Cursed Key":181,"Burning Blood":0,"ClockworkSouvenir":106,"Blood Vial":140,"Dream Catcher":100,"Nunchaku":284,"Matryoshka":100,"Strawberry":48,"Red Mask":36,"Chemical X":56,"HollowMod:PaleOreRelic":100,"Hallownest:TeacherSealRelic":146,"InkBottle":203,"Runic Pyramid":27,"Potion Belt":272,"Hallownest:SalubrasBlessingRelic":244,"Lee\u0027s Waffle":188,"Happy Flower":67,"Dead Branch":238,"Pen Nib":272,"Odd Mushroom":70,"Frozen Egg 2":125,"War Paint":203,"Akabeko":278,"Bottled Flame":138,"Bird Faced Urn":67,"Turnip":177,"Black Star":82,"Art of War":230,"Membership Card":140,"FossilizedHelix":0}],"Burning Blood":368},"card_choices":[{"not_picked":["Thunderclap","Warcry"],"picked":"Shrug It Off","floor":1},{"not_picked":["Clothesline","Wild Strike"],"picked":"Body Slam","floor":5}],"player_experience":771739,"relics_obtained":[],"event_choices":[],"is_beta":false,"boss_relics":[],"items_purged_floors":[3],"is_endless":false,"potions_floor_spawned":[],"killed_by":"Hallownest:eliteVengeflyKing","ascension_level":13}}