{"host":"ds3v42j7tpaaz1mg","time":1607836182,"event":{"mods":["AchievementEnabler","Aspiration","BaseMod","Bestiary","Better Altar","Better Note","Better Sensory Stone","BetterRewards","Block Reminder","Colored Powertips","Conspire","Downfall","Energized Spire","Halation","Hermit","Highlight Path","Hubris","Infinite Spire","Jorbs\u0027s Wanderer Trilogy","Minty Spire (QoL Compilation)","Relic Stats","Replay The Spire","StSLib","The Elementalist","The Servant 0.9.4","vexMod"],"gold_per_floor":[117,117,129,60,72,72,98,98,149,174,184,32,51,66,66,162,162,178,178,29,48,48],"floor_reached":21,"playtime":1424,"items_purged":[],"score":191,"play_id":"40eadb0e-4ea4-4a2c-aaa6-98faf07a8ac2","local_time":"20201213000942","is_ascension_mode":false,"campfire_choices":[{"data":"hermit:GhostlyPresence","floor":6,"key":"SMITH"},{"floor":8,"key":"REST"},{"data":"hermit:Horror","floor":15,"key":"SMITH"}],"circlet_count":0,"master_deck":["hermit:Strike_Hermit","hermit:Strike_Hermit","hermit:Strike_Hermit","hermit:Strike_Hermit+1","hermit:Defend_Hermit","hermit:Defend_Hermit","hermit:Defend_Hermit","hermit:Defend_Hermit","hermit:Snapshot","hermit:Covet","hermit:PistolWhip","Pain","hermit:GhostlyPresence+1","hermit:Brawl","hermit:Reprieve","hermit:Horror+1","hermit:RoundhouseKick","CurseOfTheBell","hermit:Quickdraw+1","champ:FlashCut"],"relics":["hermit:Momento","WarpedTongs","Gremlin Food","hubris:TenFootPole","Mummified Hand","Calling Bell","Blue Doll","hubris:DeckOfHolding","Pocketwatch","Nloth\u0027s Gift","PrismaticShard"],"acts_visited":["Exordium","TheCity"],"potions_floor_usage":[7,10,13,16,16],"damage_taken":[{"damage":1,"enemies":"Cultist","floor":1,"turns":4},{"damage":11,"enemies":"Jaw Worm","floor":3,"turns":2},{"damage":12,"enemies":"2 Louse","floor":5,"turns":3},{"damage":21,"enemies":"Gremlin Nob","floor":7,"turns":4},{"damage":38,"enemies":"Lagavulin","floor":10,"turns":6},{"damage":2,"enemies":"Red Slaver","floor":11,"turns":3},{"damage":17,"enemies":"Gremlin Gang","floor":13,"turns":4},{"damage":10,"enemies":"Looter","floor":14,"turns":3},{"damage":57,"enemies":"Hexaghost","floor":16,"turns":8},{"damage":30,"enemies":"Spheric Guardian","floor":18,"turns":6},{"damage":0,"enemies":"Chosen","floor":21,"turns":3}],"seed_played":"5753764635701799121","potions_obtained":[{"floor":1,"key":"BlessingOfTheForge"},{"floor":5,"key":"PowerPotion"},{"floor":11,"key":"infinitespire:BlackPotion"},{"floor":13,"key":"champ:CounterPotion"},{"floor":14,"key":"PowerPotion"},{"floor":18,"key":"Regen Potion"}],"is_trial":false,"path_per_floor":["M","?","M","$","M","R","E","R","T","E","M","$","M","M","R","B",null,"M","?","$","M"],"character_chosen":"HERMIT","items_purchased":["hermit:Brawl","Lee\u0027s Waffle","PrismaticShard"],"campfire_rested":1,"item_purchase_floors":[4,12,20],"current_hp_per_floor":[74,74,63,63,51,51,30,52,52,14,16,82,69,63,63,10,82,52,52,52,52,52],"gold":48,"neow_bonus":"THREE_CARDS","is_daily":false,"chose_seed":false,"campfire_upgraded":2,"win_rate":0.0,"timestamp":1607836182,"path_taken":["M","?","?","$","M","R","E","R","T","E","M","$","M","M","R","BOSS","M","?","$","?"],"items_purchased_type":["Card","Relic","Relic"],"build_version":"2020-11-30","purchased_purges":0,"victory":false,"max_hp_per_floor":[75,75,75,75,75,75,75,75,75,75,75,82,82,82,82,82,82,82,82,82,82,82],"relic_stats":{"counters":[11,46],"Mummified Hand":[5],"Nloth\u0027s Gift":0,"obtain_stats":[{"Gremlin Food":7,"Calling Bell":17,"Lee\u0027s Waffle":12,"Mummified Hand":10,"Blue Doll":17,"hubris:DeckOfHolding":17,"hubris:TenFootPole":9,"Nloth\u0027s Gift":19,"PrismaticShard":20,"hermit:Momento":0,"WarpedTongs":2,"Pocketwatch":17},{"Gremlin Food":4,"Calling Bell":9,"Lee\u0027s Waffle":6,"Mummified Hand":5,"Blue Doll":9,"hubris:DeckOfHolding":9,"hubris:TenFootPole":4,"Nloth\u0027s Gift":10,"PrismaticShard":10,"hermit:Momento":0,"WarpedTongs":1,"Pocketwatch":9},{"Gremlin Food":13,"Calling Bell":37,"Lee\u0027s Waffle":22,"Mummified Hand":19,"Blue Doll":37,"hubris:DeckOfHolding":37,"hubris:TenFootPole":13,"Nloth\u0027s Gift":43,"PrismaticShard":43,"hermit:Momento":0,"WarpedTongs":4,"Pocketwatch":37}],"WarpedTongs":[44],"Pocketwatch":[12]},"card_choices":[{"not_picked":["hermit:Enervate","hermit:Manifest"],"picked":"hermit:PistolWhip","floor":0},{"not_picked":["hermit:ItchyTrigger","hermit:Feint","hermit:CalledShot"],"picked":"SKIP","floor":1},{"not_picked":["hermit:TakeCover","hermit:HoleUp"],"picked":"hermit:GhostlyPresence","floor":3},{"not_picked":["hermit:HighCaliber","hermit:Roulette","hermit:ItchyTrigger"],"picked":"SKIP","floor":5},{"not_picked":["hermit:WideOpen","hermit:Adapt","hermit:Showdown"],"picked":"SKIP","floor":7},{"not_picked":["hermit:HighCaliber","hermit:ItchyTrigger"],"picked":"hermit:Reprieve","floor":10},{"not_picked":["hermit:Misfire","hermit:TrackingShot","hermit:Feint"],"picked":"SKIP","floor":11},{"not_picked":["hermit:HeroicBravado","hermit:PistolWhip"],"picked":"hermit:Horror","floor":13},{"not_picked":["hermit:SprayPray","hermit:Grudge","hermit:ShadowCloak"],"picked":"SKIP","floor":14},{"not_picked":["hermit:FatalDesire","hermit:Reprieve"],"picked":"hermit:RoundhouseKick","floor":16},{"not_picked":["hermit:CalledShot","hermit:Determination"],"picked":"hermit:Quickdraw+1","floor":18},{"not_picked":["elementalist:Monument","sneckomod:DiceBlock"],"picked":"champ:FlashCut","floor":21}],"player_experience":476055,"relics_obtained":[{"floor":7,"key":"Gremlin Food"},{"floor":9,"key":"hubris:TenFootPole"},{"floor":10,"key":"Mummified Hand"},{"floor":17,"key":"Blue Doll"},{"floor":17,"key":"hubris:DeckOfHolding"},{"floor":17,"key":"Pocketwatch"}],"event_choices":[{"damage_healed":0,"gold_gain":0,"player_choice":"Rummage","damage_taken":0,"relics_obtained":["WarpedTongs"],"max_hp_gain":0,"max_hp_loss":0,"event_name":"Accursed Blacksmith","floor":2,"gold_loss":0,"cards_obtained":["Pain"]},{"damage_healed":0,"gold_gain":0,"player_choice":"Traded Relic","damage_taken":0,"relics_obtained":["Nloth\u0027s Gift"],"max_hp_gain":0,"max_hp_loss":0,"event_name":"N\u0027loth","floor":19,"relics_lost":["Lee\u0027s Waffle"],"gold_loss":0}],"is_beta":false,"boss_relics":[{"not_picked":["halation:ForbiddenBikini","aspiration:SecretTechniqueScroll"],"picked":"Calling Bell"}],"items_purged_floors":[],"is_endless":false,"potions_floor_spawned":[1,5,11,13,14,18],"killed_by":"Chosen","ascension_level":0}}