{"host":"l8lm1goh5xm9tkuw","time":1607855451,"event":{"mods":["Act Like it!","Alarm Clock","Astrologer","BaseMod","Colored Map","Colored Powertips","GungeonMod","Hermit","KinomotoSakuraMod(木之本樱)","KomeijiMod","Library of Ruina","Library of Ruina Extra","Lobotomy","LobotomyExtend","Marisa（F雨　魔理沙）","Minty Spire (QoL Compilation)","MostiFishMod","Quick Restart","Replay The Spire","Shade Mod","StSLib","TestMod","The Animator","The Bug Knight","The Hierophant","UnlockEverythingMod","Yuri Mod","vexMod","【遗物卡牌】REMEMod"],"gold_per_floor":[115,115,179,199,278,306,324,351,378,411,112,112,125,125,125,199,199,211,211,226,240,251,278,293,203,252,265,296,312,312,347,347,423,423,433,458,469,469,485,511,511,511,511,537,537,570,570,587,587,587,587,587,587,347,378,378],"floor_reached":57,"playtime":1370,"items_purged":[],"score":2909,"play_id":"ee4303ee-00c0-48a8-8a17-e04feea62bee","local_time":"20201213183051","is_ascension_mode":true,"campfire_choices":[{"data":"UnforgettableMelody","floor":15,"key":"SMITH"},{"data":"SharpenedBlade","floor":32,"key":"SMITH"},{"data":"CleanUp","floor":41,"key":"SMITH"},{"floor":49,"key":"RECALL"},{"data":"TheRedNotes","floor":53,"key":"SMITH"}],"circlet_count":0,"master_deck":["DegradedFairy+1","DegradedFairy+1","DegradedFairy+1","DegradedChain","DegradedChain","DegradedLock","DegradedPillar+1","DegradedPillar+1","DegradedShockwave+1","SunsetBlade","UnforgettableMelody+1","TheRedNotes+1","DegradedShockwave+1","SharpenedBlade+1","CrackOfDawn+1","CleanUp+1"],"relics":["PageOfLibrarian","DaveBox","testmod-TestBox","REME_ComplimentaryCards","BionicSphere","testmod-BouquetWithThorns","Question Card","LetterFromLob","PageOfPinocchio","DemoMod:GlassGuonStoneRelic","Ancient Tea Set","Boot","ReplayTheSpireMod:Lightbulb","Gremlin Food","Replay:Bottled Eggs","Gaze_r","ImportantClient","testmod-Fanaticism","Bag of Marbles","StrikeDummy","PageOfBloodbath","HollowMod:LifeEnderRelic","HereWithMe","DemoMod:PartiallyEatenCheese","Thread and Needle","Chameleon Ring","testmod-TurbochargingSystem","Whetstone","testmod-IndustrialRevolution","ClockworkSouvenir","PageOfRedShoes"],"acts_visited":["Exordium","TheCity","TheBeyond","TheEnding"],"potions_floor_usage":[27],"damage_taken":[{"damage":0.0,"enemies":"Small Slimes","floor":1.0,"turns":1.0},{"damage":0,"enemies":"2 Louse","floor":4,"turns":1},{"damage":0,"enemies":"Lagavulin","floor":6,"turns":2},{"damage":0,"enemies":"Jaw Worm","floor":7,"turns":1},{"damage":0,"enemies":"Gremlin Nob","floor":8,"turns":2},{"damage":0,"enemies":"3 Sentries","floor":10,"turns":2},{"damage":0,"enemies":"Gremlin Nob","floor":12,"turns":1},{"damage":0,"enemies":"Exordium Thugs","floor":13,"turns":2},{"damage":0,"enemies":"Slime Boss","floor":16,"turns":3},{"damage":0,"enemies":"3 Byrds","floor":18,"turns":1},{"damage":0,"enemies":"2 Thieves","floor":20,"turns":1},{"damage":0,"enemies":"Snake Plant","floor":21,"turns":1},{"damage":0,"enemies":"Snecko","floor":22,"turns":2},{"damage":0,"enemies":"Book of Stabbing","floor":23,"turns":2},{"damage":0,"enemies":"Chosen and Byrds","floor":24,"turns":1},{"damage":0,"enemies":"3 Cultists","floor":27,"turns":1},{"damage":0,"enemies":"Gremlin Leader","floor":28,"turns":1},{"damage":0,"enemies":"Snake Plant","floor":29,"turns":1},{"damage":0,"enemies":"Slavers","floor":31,"turns":1},{"damage":0,"enemies":"Collector","floor":33,"turns":2},{"damage":0,"enemies":"Orb Walker","floor":35,"turns":1},{"damage":0,"enemies":"Mind Bloom Boss Battle","floor":36,"turns":2},{"damage":0,"enemies":"3 Shapes","floor":37,"turns":1},{"damage":0,"enemies":"Maw","floor":39,"turns":2},{"damage":0,"enemies":"Nemesis","floor":40,"turns":3},{"damage":0,"enemies":"Reptomancer","floor":44,"turns":2},{"damage":0,"enemies":"Giant Head","floor":46,"turns":2},{"damage":0,"enemies":"Spire Growth","floor":48,"turns":2},{"damage":0,"enemies":"Awakened One","floor":50,"turns":4},{"damage":0,"enemies":"Awakened One","floor":51,"turns":3},{"damage":0,"enemies":"Shield and Spear","floor":55,"turns":2},{"damage":0,"enemies":"The Heart","floor":56,"turns":4}],"seed_played":"1833288297524679655","potions_obtained":[{"floor":4,"key":"DuplicationPotion"},{"floor":7,"key":"DemoMod:LeadSkinPotion"},{"floor":27,"key":"testmod-SpacePotion"},{"floor":29,"key":"Elixir"},{"floor":33,"key":"DemoMod:LeadSkinPotion"},{"floor":36,"key":"Weak Potion"},{"floor":37,"key":"PowerPotion"}],"is_trial":false,"path_per_floor":["M","?","?","M","T","E","M","E","T","E","$","E","M","?","R","B",null,"M","?","M","M","M","E","M","?","T","M","E","M","?","E","R","B",null,"M","?","M","?","M","E","R","?","T","E","R","E","?","M","R","B",null,null,"R","$","E","B",null],"character_chosen":"Librarian","items_purchased":["Replay:Bottled Eggs","TheRedNotes","testmod-IndustrialRevolution","ClockworkSouvenir"],"campfire_rested":0,"item_purchase_floors":[11,11,54,54],"current_hp_per_floor":[54,90,90,90,90,90,90,90,90,90,90,90,90,90,90,90,90,90,90,90,90,90,90,90,90,90,90,90,90,90,90,90,90,90,90,90,90,90,90,90,90,90,90,90,90,90,90,90,90,90,90,90,90,90,90,90],"gold":378,"neow_bonus":"UPGRADE_CARD","is_daily":false,"chose_seed":false,"campfire_upgraded":4,"win_rate":0.0,"timestamp":1607855451,"path_taken":["M","?","?","?","?","E","M","E","T","E","?","E","M","?","R","BOSS","M","?","M","M","M","E","?","?","T","?","E","M","?","E","R","BOSS","M","?","M","?","M","E","R","?","T","E","R","E","?","M","R","BOSS","R","$","E","BOSS"],"items_purchased_type":["Relic","Card","Relic","Relic"],"build_version":"2020-11-30","purchased_purges":0,"victory":true,"max_hp_per_floor":[90,90,90,90,90,90,90,90,90,90,90,90,90,90,90,90,90,90,90,90,90,90,90,90,90,90,90,90,90,90,90,90,90,90,90,90,90,90,90,90,90,90,90,90,90,90,90,90,90,90,90,90,90,90,90,90],"card_choices":[{"not_picked":["DarkCloud","HighKick","BiteOff","GuidanceOfTheGears"],"picked":"SKIP","floor":1.0},{"not_picked":["BlowItUp","ICanCookAnything","DarkCloud","HiddenBlade","Leap_lor"],"picked":"SKIP","floor":4},{"not_picked":["Outburst","AssaultOrder","DefenseOrder","AsThePrescriptOrders","BlowItUp"],"picked":"SKIP","floor":6},{"not_picked":["SpearedSweep","BackAttack","FleshFillet","TendonChords"],"picked":"SunsetBlade","floor":7},{"not_picked":["Leap_lor","Mutilate","SunsetBlade","TendonChords"],"picked":"Rewind","floor":8},{"not_picked":["SharpSwipe","IronWall","GuidanceOfTheGears","SilentMist"],"picked":"UnforgettableMelody","floor":10},{"not_picked":["AlloutWar","EnergyCycle","Mutilate","BackAttack","SpearedSweep"],"picked":"SKIP","floor":13},{"not_picked":["Overpower","DefenseOrder","BackAttack","EnergyCycle","GuidanceOfTheGears"],"picked":"SKIP","floor":18},{"not_picked":["SharpSwipe","AsThePrescriptOrders","BackAttack","HighKick","BackstreetsDash+1"],"picked":"SKIP","floor":20},{"not_picked":["DimensionalRift","Eject","Outburst","Standoff","TraceOfFumes"],"picked":"SKIP","floor":21},{"not_picked":["Rewind+1","Eject","Leap_lor","Mutilate"],"picked":"SharpenedBlade","floor":22},{"not_picked":["Tailoring","DarkCloud","Cruelty","HandleRequest","IngredientHunt"],"picked":"SKIP","floor":23},{"not_picked":["DefenseOrder","EnergyCycle","SharpSwipe","AssaultOrder","BladeWhirl"],"picked":"SKIP","floor":24},{"not_picked":["DirtyBlow","Diversion","GaleKick","SpearedSweep"],"picked":"CrackOfDawn","floor":27},{"not_picked":["DarkCloud+1","AsThePrescriptOrders","FleshFillet","Leap_lor","TendonChords+1"],"picked":"SKIP","floor":28},{"not_picked":["SunsetBlade+1","HiddenBlade","SmokingPipe","AssaultOrder","SharpSwipe"],"picked":"SKIP","floor":29},{"not_picked":["RulesOfTheBackstreets","IronWall","Feast","LawAndOrder","Overcharge"],"picked":"SKIP","floor":31},{"not_picked":["ChargeUp","FleshFillet","WillProduceFineSilk"],"picked":"CleanUp","floor":33},{"not_picked":["HiddenBlade+1","InhaleSmoke+1","SpearedSweep","HighKick","Feast"],"picked":"SKIP","floor":35},{"not_picked":["UpbeatPerformance","Outburst","Overcharge","SharpSwipe","RatsGuideToSurvival+1"],"picked":"SKIP","floor":37},{"not_picked":["HandleRequest","SkitterAway+1","SunsetBlade+1","DimensionalRift","TendonChords+1"],"picked":"SKIP","floor":39},{"not_picked":["Diversion+1","FormingStorm","Rewind","DirtyBlow","HandleRequest"],"picked":"SKIP","floor":40},{"not_picked":["HighKick","AlloutWar","InkOver","EnergyCycle","Deflect_lor"],"picked":"SKIP","floor":44},{"not_picked":["FendThisOffIfYouCan","BackAttack","FlashOfSunup","Guardian_lor","Outburst"],"picked":"SKIP","floor":46},{"not_picked":["Standoff+1","AutonomousRush+1","Guardian_lor","DeepDrag","BackstreetsDash"],"picked":"SKIP","floor":48},{"not_picked":["FormingStorm","BladeWhirl+1","RatsGuideToSurvival","TendonChords+1","TrimTheIngredients"],"picked":"SKIP","floor":55},{"not_picked":["FormingStorm","BladeWhirl+1","RatsGuideToSurvival","TendonChords+1","TrimTheIngredients"],"picked":"SKIP","floor":55}],"player_experience":309678,"relics_obtained":[{"floor":1.0,"key":"Question Card"},{"floor":1.0,"key":"LetterFromLob"},{"floor":5,"key":"PageOfPinocchio"},{"floor":6,"key":"Ancient Tea Set"},{"floor":8,"key":"Boot"},{"floor":9,"key":"ReplayTheSpireMod:Lightbulb"},{"floor":10,"key":"Gremlin Food"},{"floor":16,"key":"ImportantClient"},{"floor":23,"key":"Bag of Marbles"},{"floor":28,"key":"StrikeDummy"},{"floor":31,"key":"HollowMod:LifeEnderRelic"},{"floor":36,"key":"DemoMod:PartiallyEatenCheese"},{"floor":40,"key":"Thread and Needle"},{"floor":43,"key":"Chameleon Ring"},{"floor":44,"key":"testmod-TurbochargingSystem"},{"floor":46,"key":"Whetstone"},{"floor":55,"key":"PageOfRedShoes"}],"event_choices":[{"damage_healed":0,"gold_gain":64,"player_choice":"Gained Gold","damage_taken":0,"max_hp_gain":0,"max_hp_loss":0,"event_name":"Golden Wing","floor":3,"gold_loss":0},{"damage_healed":0,"gold_gain":0,"player_choice":"Copied","damage_taken":0,"max_hp_gain":0,"max_hp_loss":0,"event_name":"Duplicator","floor":19,"gold_loss":0,"cards_obtained":["DegradedShockwave"]},{"cards_removed":["Rewind"],"damage_healed":0,"gold_gain":0,"player_choice":"Upgrade and Remove","damage_taken":0,"max_hp_gain":0,"max_hp_loss":0,"event_name":"Designer","floor":25,"gold_loss":90,"cards_upgraded":["DegradedPillar"]},{"damage_healed":0,"gold_gain":0,"player_choice":"Gave Potion","damage_taken":0,"relics_obtained":["PageOfBloodbath"],"max_hp_gain":0,"max_hp_loss":0,"event_name":"WeMeetAgain","floor":30,"gold_loss":0},{"damage_healed":0,"gold_gain":0,"player_choice":"Fight","damage_taken":0,"max_hp_gain":0,"max_hp_loss":0,"event_name":"MindBloom","floor":36,"gold_loss":0},{"damage_healed":0,"gold_gain":0,"player_choice":"Ignored","damage_taken":0,"max_hp_gain":0,"max_hp_loss":0,"event_name":"给自己的盒子","floor":38,"gold_loss":0},{"damage_healed":0,"gold_gain":0,"player_choice":"Memory 1","damage_taken":0,"max_hp_gain":0,"max_hp_loss":0,"event_name":"SensoryStone","floor":42,"gold_loss":0}],"is_beta":false,"boss_relics":[{"not_picked":["TimeKeys","SlaversCollar"],"picked":"testmod-Fanaticism"},{"not_picked":["Transparent","vexMod:DeviousBotling"],"picked":"HereWithMe"}],"items_purged_floors":[],"is_endless":false,"potions_floor_spawned":[4,7,10,13,20,23,27,29,33,36,37,44,48],"ascension_level":13}}