{"host":"iuz15hczu39z2x63","time":1607874810,"event":{"mods":["Act Like it!","BaseMod","Gensokyo","Minty Spire (QoL Compilation)","Remilia£®¿Ÿ√◊¿Ú—«£©","StSLib"],"gold_per_floor":[14,24,24,36,116,162,162,179,179,210,241,241,241,241,241,345,345,355,370,387,399,411,446,326,326,353,353,379,74,105,136,136,234,234,274,274,320,85,85,418,452,452,452],"floor_reached":42,"playtime":2339,"items_purged":["Strike_RM","Strike_RM"],"score":901,"play_id":"6d8d627e-b586-4bdd-8380-f30efe44a699","local_time":"20201213235330","is_ascension_mode":true,"campfire_choices":[{"data":"RedMoon","floor":7.0,"key":"SMITH"},{"data":"BloodHunter","floor":12.0,"key":"SMITH"},{"data":"SuperhumanBloodyKnife","floor":15.0,"key":"SMITH"},{"data":"QueenOfMidnight","floor":25.0,"key":"SMITH"},{"data":"ScarletCoffin","floor":27.0,"key":"SMITH"},{"data":"RedMagic","floor":32.0,"key":"SMITH"}],"circlet_count":0,"master_deck":["AscendersBane","Defend_RM","Defend_RM","Defend_RM","RedMoon+1","ScarletShoot","FavorOfDestiny","NightDance","MillenniumVampire","BloodHunter+1","SuperhumanBloodyKnife+1","UltimateOffering","QueenOfMidnight+1","VampireClaw","VampireKiss+1","ScarletCoffin+1","RedMagic+1","NightDance","ChaoticDestiny+1","Ultimatum","EmergencyRegeneration","DevilSight+1"],"relics":["ScarletHat","Smiling Mask","Matryoshka","Question Card","Ornamental Fan","ScarletEmblem","Anchor","Gensokyo:SpiderMask","MealTicket","Bag of Preparation","Pocketwatch","Gremlin Horn","Potion Belt","Philosopher\u0027s Stone","ScarletDevilRocket","Mango","Membership Card","Old Coin","Toy Ornithopter"],"acts_visited":["Gensokyo:Gensokyo","Gensokyo:Gensokyoer","TheBeyond"],"potions_floor_usage":[],"damage_taken":[{"damage":0.0,"enemies":"Gensokyo:Python","floor":1.0,"turns":4.0},{"damage":6.0,"enemies":"Gensokyo:Gryphon","floor":2.0,"turns":8.0},{"damage":0.0,"enemies":"Gensokyo:2_Kodama","floor":4.0,"turns":2.0},{"damage":31.0,"enemies":"Gensokyo:Cirno","floor":6.0,"turns":9.0},{"damage":8.0,"enemies":"Gensokyo:2_Rabbits","floor":8.0,"turns":6.0},{"damage":0.0,"enemies":"Gensokyo:Mamizou","floor":10.0,"turns":19.0},{"damage":20.0,"enemies":"Gensokyo:3_Kodama","floor":11.0,"turns":4.0},{"damage":6.0,"enemies":"Gensokyo:Kokoro","floor":16.0,"turns":11.0},{"damage":30.0,"enemies":"Gensokyo:AngelMirror","floor":18.0,"turns":1.0},{"damage":33.0,"enemies":"Gensokyo:2_Gloops","floor":19.0,"turns":6.0},{"damage":34.0,"enemies":"Gensokyo:Swordslinger","floor":20.0,"turns":4.0},{"damage":49.0,"enemies":"Gensokyo:Wraith","floor":21.0,"turns":4.0},{"damage":35.0,"enemies":"Gensokyo:Slime_Group","floor":22.0,"turns":4.0},{"damage":15.0,"enemies":"Gensokyo:Tenshi","floor":23.0,"turns":5.0},{"damage":16.0,"enemies":"Gensokyo:Koishi","floor":28.0,"turns":6.0},{"damage":22.0,"enemies":"Gensokyo:Tenshi","floor":30.0,"turns":3.0},{"damage":0.0,"enemies":"Gensokyo:Mirror_and_Dog","floor":31.0,"turns":2.0},{"damage":14.0,"enemies":"Gensokyo:Eternal_Rivals","floor":33.0,"turns":8.0},{"damage":41.0,"enemies":"Orb Walker","floor":35.0,"turns":3.0},{"damage":47.0,"enemies":"2 Orb Walkers","floor":37.0,"turns":1.0},{"damage":90.0,"enemies":"Giant Head","floor":40.0,"turns":7.0},{"damage":60.0,"enemies":"3 Darklings","floor":41.0,"turns":3.0},{"damage":193,"enemies":"Nemesis","floor":42,"turns":3}],"seed_played":"-7423975469846845831","potions_obtained":[{"floor":2.0,"key":"Dexterity Potion"},{"floor":6.0,"key":"DistilledChaos"},{"floor":8.0,"key":"Block Potion"},{"floor":10.0,"key":"BlessingOfTheForge"},{"floor":10.0,"key":"AttackPotion"},{"floor":11.0,"key":"DuplicationPotion"},{"floor":21.0,"key":"DuplicationPotion"},{"floor":22.0,"key":"Dexterity Potion"},{"floor":23.0,"key":"Dexterity Potion"},{"floor":33.0,"key":"SpeedPotion"},{"floor":33.0,"key":"Energy Potion"},{"floor":40.0,"key":"Explosive Potion"},{"floor":41.0,"key":"Strength Potion"}],"is_trial":false,"path_per_floor":["M","M","?","M","?","E","R","M","T","E","M","R","T","?","R","B",null,"M","M","M","M","M","E","?","R","T","R","E","$","E","M","R","B",null,"M","?","?","$","?","E","M","E"],"character_chosen":"REMILIA","items_purchased":["Gremlin Horn","Membership Card","EmergencyRegeneration"],"campfire_rested":0,"item_purchase_floors":[29,38,38],"current_hp_per_floor":[82,81,89,90,90,65,65,58,58,65,48,48,48,10,10,21,78,78,81,81,51,26,24,24,24,24,24,21,36,24,30,30,51,95,101,101,117,123,117,117,117,0,0],"gold":452,"neow_bonus":"TWENTY_PERCENT_HP_BONUS","is_daily":false,"chose_seed":false,"campfire_upgraded":6,"win_rate":0.0,"timestamp":1607874810,"path_taken":["M","M","?","M","?","E","R","M","T","E","M","R","?","?","R","BOSS","M","M","?","M","M","E","?","R","T","R","E","$","E","?","R","BOSS","M","?","?","$","?","E","M","E"],"items_purchased_type":["Relic","Relic","Card"],"build_version":"2020-11-30","purchased_purges":2,"victory":false,"max_hp_per_floor":[89,89,97,97,97,97,97,97,97,97,97,97,97,97,97,97,97,97,97,97,97,97,100,100,100,100,100,100,100,103,106,106,109,109,109,109,123,123,117,117,117,117,117],"card_choices":[{"not_picked":["DiffusionOfMisfortune","CharismaGuard"],"picked":"FavorOfDestiny","floor":1.0},{"not_picked":["ScarletDevilSign","DiffusionOfMisfortune"],"picked":"NightDance","floor":2.0},{"not_picked":["VampireKiss","RedRainbow"],"picked":"MillenniumVampire","floor":4.0},{"not_picked":["MastersStateliness","HellCatastrophe"],"picked":"BloodHunter","floor":6.0},{"not_picked":["BombardNight","Maim"],"picked":"SuperhumanBloodyKnife","floor":8.0},{"not_picked":["EndlessAdversity","ScarletSymphony"],"picked":"UltimateOffering","floor":10.0},{"not_picked":["ChainGang","MastersStateliness","BombardNight","Septette"],"picked":"SKIP","floor":11.0},{"not_picked":["ChainGang","MastersStateliness","BombardNight","Septette"],"picked":"SKIP","floor":11.0},{"not_picked":["ChaoticDestiny","DemonKingCradle","BloodRain"],"picked":"QueenOfMidnight","floor":16.0},{"not_picked":["BloodHunter","BlasphemousPunishment","UnderTheZenith","ScarletDevilSign"],"picked":"SKIP","floor":18.0},{"not_picked":["EndlessAdversity","Septette","RedRainbow"],"picked":"VampireKiss","floor":19.0},{"not_picked":["HunterOfTheNight","RedRainbow+1","Septette"],"picked":"VampireClaw","floor":20.0},{"not_picked":["BloodyTrap+1","UnstableMagic","MastersStateliness"],"picked":"VampireKiss+1","floor":21.0},{"not_picked":["ScarletDevil","ChainGang+1","TwelveNightmare"],"picked":"ScarletCoffin","floor":22.0},{"not_picked":["MiserableFate","CharismaGuard","DiffusionOfMisfortune"],"picked":"RedMagic","floor":23.0},{"not_picked":["UnstableMagic","ScarletImprint","ScarletDevil"],"picked":"NightDance","floor":28.0},{"not_picked":["FavorOfDestiny","TricksterDevil","ScarletGensokyo","StarOfDavid"],"picked":"SKIP","floor":30.0},{"not_picked":["BloodHunter","BlasphemousPunishment+1","ChainGang","CharismaGuard"],"picked":"SKIP","floor":31.0},{"not_picked":["QueenOfMidnight","KillingBlow","HeartBreak"],"picked":"ChaoticDestiny","floor":33.0},{"not_picked":["BlasphemousPunishment+1","NightDance+1","Stigmanizer","NightLord"],"picked":"SKIP","floor":35.0},{"not_picked":["BombardNight","DiffusionOfMisfortune","BloodAndWine+1"],"picked":"Ultimatum","floor":37.0},{"not_picked":["ScarletDevil","BloodAndWine","ForbiddenFruit","Ultimatum+1"],"picked":"SKIP","floor":40.0},{"not_picked":["UnderTheZenith","MillenniumVampire","StarOfDavid+1"],"picked":"DevilSight+1","floor":41.0}],"player_experience":693767,"relics_obtained":[{"floor":6.0,"key":"Smiling Mask"},{"floor":9.0,"key":"Matryoshka"},{"floor":10.0,"key":"Question Card"},{"floor":13.0,"key":"Ornamental Fan"},{"floor":23.0,"key":"Anchor"},{"floor":26.0,"key":"MealTicket"},{"floor":26.0,"key":"Bag of Preparation"},{"floor":28.0,"key":"Pocketwatch"},{"floor":30.0,"key":"Potion Belt"},{"floor":35.0,"key":"ScarletDevilRocket"},{"floor":37.0,"key":"Mango"},{"floor":40.0,"key":"Old Coin"},{"floor":40.0,"key":"Toy Ornithopter"}],"event_choices":[{"cards_removed":["VampireKiss"],"damage_healed":0.0,"max_hp_gain":0.0,"max_hp_loss":0.0,"gold_gain":0.0,"event_name":"Falling","player_choice":"Removed Attack","floor":36.0,"gold_loss":0.0,"damage_taken":0.0},{"damage_healed":0.0,"max_hp_gain":0.0,"max_hp_loss":0.0,"gold_gain":0.0,"event_name":"Mysterious Sphere","player_choice":"Fight","floor":37.0,"gold_loss":0.0,"damage_taken":0.0},{"damage_healed":0.0,"max_hp_gain":0.0,"max_hp_loss":6.0,"gold_gain":0.0,"event_name":"Winding Halls","player_choice":"Max HP","floor":39.0,"gold_loss":0.0,"damage_taken":0.0}],"is_beta":false,"boss_relics":[{"not_picked":["Busted Crown","Coffee Dripper"],"picked":"ScarletEmblem"},{"not_picked":["Cursed Key","Empty Cage"],"picked":"Philosopher\u0027s Stone"}],"items_purged_floors":[29,38],"is_endless":false,"potions_floor_spawned":[6,10,11,21,22,28,33,41],"killed_by":"Nemesis","ascension_level":12}}