{"host":"ow9msrs9p2ctkx99","time":1607856993,"event":{"mods":["AchievementEnabler","BaseMod","Colored Map","Colored Powertips","Minty Spire (QoL Compilation)","Permanent Neow","Quick Restart","SuperFastMode"],"gold_per_floor":[213,288,305,255,255,255,281,293,293,293,324,324,354,374,374,475,475,492,60,135,152,167,202,202,202,202,202,202,227,227,262,262,360,360,371,386,386,386,386,386,386,406,455,455,355,355,355],"floor_reached":46,"playtime":999,"items_purged":["Strike_B","Writhe"],"score":729,"play_id":"b59392ef-2122-48c0-9b3b-699b0df6d0f4","local_time":"20201213115633","is_ascension_mode":true,"campfire_choices":[{"data":"Sunder","floor":6.0,"key":"SMITH"},{"floor":15.0,"key":"REST"},{"floor":24.0,"key":"REST"},{"floor":28.0,"key":"REST"},{"floor":30.0,"key":"REST"},{"data":"Defragment","floor":32.0,"key":"SMITH"},{"floor":40.0,"key":"REST"},{"floor":44,"key":"RECALL"}],"circlet_count":0,"master_deck":["AscendersBane","Strike_B","Defend_B+1","Defend_B","Defend_B","Defend_B","Zap","Dualcast+1","Glacier+1","Sunder+1","Doom and Gloom","Compile Driver+1","Defragment+1","Cold Snap+1","Electrodynamics","Self Repair+1","Rebound+1","Beam Cell+1","BootSequence+1","Steam","Chill","FTL+1","Stack","Sweeping Beam+1","Double Energy+1","Redo+1","Core Surge+1","Consume+1","Meteor Strike+1","Secret Technique","Flash of Steel+1","Panacea","Tempest+1"],"relics":["FrozenCore","CaptainsWheel","Question Card","Molten Egg 2","Du-Vu Doll","Empty Cage","Juzu Bracelet","Orrery","Dream Catcher","Enchiridion","Unceasing Top","Bronze Scales","Red Mask","Bag of Preparation"],"acts_visited":["Exordium","TheCity","TheBeyond"],"potions_floor_usage":[42,46],"damage_taken":[{"damage":6.0,"enemies":"2 Louse","floor":1.0,"turns":3.0},{"damage":0.0,"enemies":"Small Slimes","floor":3.0,"turns":4.0},{"damage":11.0,"enemies":"Gremlin Nob","floor":7.0,"turns":5.0},{"damage":0.0,"enemies":"Cultist","floor":8.0,"turns":3.0},{"damage":12.0,"enemies":"Lagavulin","floor":11.0,"turns":7.0},{"damage":20.0,"enemies":"Gremlin Nob","floor":13.0,"turns":3.0},{"damage":0.0,"enemies":"Exordium Wildlife","floor":14.0,"turns":3.0},{"damage":29.0,"enemies":"The Guardian","floor":16.0,"turns":14.0},{"damage":14.0,"enemies":"3 Byrds","floor":18.0,"turns":3.0},{"damage":0.0,"enemies":"Chosen","floor":21.0,"turns":4.0},{"damage":14.0,"enemies":"3 Cultists","floor":22.0,"turns":5.0},{"damage":35.0,"enemies":"Book of Stabbing","floor":23.0,"turns":6.0},{"damage":20.0,"enemies":"Slavers","floor":29.0,"turns":6.0},{"damage":4.0,"enemies":"Masked Bandits","floor":31.0,"turns":4.0},{"damage":22.0,"enemies":"Champ","floor":33.0,"turns":11.0},{"damage":7.0,"enemies":"3 Darklings","floor":35.0,"turns":9.0},{"damage":0.0,"enemies":"Orb Walker","floor":36.0,"turns":3.0},{"damage":3,"enemies":"Sphere and 2 Shapes","floor":42,"turns":5},{"damage":79,"enemies":"Giant Head","floor":46,"turns":7}],"seed_played":"-7874526624139363371","potions_obtained":[{"floor":1.0,"key":"ColorlessPotion"},{"floor":8.0,"key":"CultistPotion"},{"floor":13.0,"key":"FocusPotion"},{"floor":16.0,"key":"SkillPotion"},{"floor":23.0,"key":"Weak Potion"},{"floor":33.0,"key":"Block Potion"},{"floor":36.0,"key":"Fire Potion"}],"is_trial":false,"path_per_floor":["M","?","M","?","?","R","E","M","T","?","E","?","E","M","R","B",null,"M","$","?","M","M","E","R","?","T","?","R","E","R","?","R","B",null,"M","M","?","$","?","R","?","M","T","R","$","E"],"character_chosen":"DEFECT","items_purchased":["Juzu Bracelet","Rebound+1","Orrery"],"campfire_rested":5,"item_purchase_floors":[19,19,19],"current_hp_per_floor":[62,51,51,51,36,36,25,25,25,25,13,31,11,11,33,4,55,41,41,34,44,40,15,36,20,20,20,41,31,52,48,48,36,63,66,72,72,72,68,68,58,55,55,55,55,0,0],"gold":355,"neow_bonus":"HUNDRED_GOLD","is_daily":false,"chose_seed":false,"campfire_upgraded":2,"win_rate":0.0,"timestamp":1607856993,"path_taken":["M","?","M","?","?","R","E","M","T","?","E","?","E","M","R","BOSS","M","$","?","M","M","E","R","?","T","?","R","E","R","?","R","BOSS","M","M","?","$","?","R","?","M","T","R","?","E"],"items_purchased_type":["Relic","Card","Relic"],"build_version":"2020-11-30","purchased_purges":2,"victory":false,"max_hp_per_floor":[75,75,75,75,75,75,75,75,75,75,75,75,75,75,75,75,72,72,72,72,72,72,72,72,72,72,72,72,72,72,72,72,72,72,72,72,72,72,68,68,68,68,68,68,68,68,68],"card_choices":[{"not_picked":["Coolheaded","Capacitor"],"picked":"Glacier","floor":1.0},{"not_picked":["Compile Driver","Darkness"],"picked":"Sunder","floor":3.0},{"not_picked":["Rip and Tear","Leap"],"picked":"Doom and Gloom","floor":7.0},{"not_picked":["Go for the Eyes","Coolheaded","Storm"],"picked":"SKIP","floor":8.0},{"not_picked":["Barrage+1","Turbo","Rip and Tear+1"],"picked":"Compile Driver+1","floor":11.0},{"not_picked":["Redo","Turbo","Coolheaded"],"picked":"Defragment","floor":13.0},{"not_picked":["Defragment","Reboot","Force Field"],"picked":"Cold Snap+1","floor":14.0},{"not_picked":["Creative AI","Machine Learning","Meteor Strike+1"],"picked":"Electrodynamics","floor":16.0},{"not_picked":["Rebound+1","Streamline+1","Tempest"],"picked":"Self Repair+1","floor":18.0},{"not_picked":["Streamline+1","Steam","Storm"],"picked":"Beam Cell+1","floor":19.0},{"not_picked":["Defragment","Fission","Stack"],"picked":"BootSequence+1","floor":19.0},{"not_picked":["Recycle","Rebound+1","Redo"],"picked":"Steam","floor":19.0},{"not_picked":["Rebound+1","Hologram","Self Repair"],"picked":"Chill","floor":21.0},{"not_picked":["Scrape+1","Hologram","Chaos+1"],"picked":"FTL+1","floor":22.0},{"not_picked":["White Noise","Auto Shields","Hello World","Rebound+1"],"picked":"SKIP","floor":23.0},{"not_picked":["Beam Cell+1","Steam","Hello World"],"picked":"Stack","floor":24.0},{"not_picked":["Rebound+1","Streamline+1","Chill"],"picked":"Sweeping Beam+1","floor":28.0},{"not_picked":["Barrage+1","Ball Lightning+1","Reprogram","Scrape+1"],"picked":"SKIP","floor":29.0},{"not_picked":["Streamline+1","Turbo","Sunder+1"],"picked":"Double Energy+1","floor":30.0},{"not_picked":["BootSequence","Doom and Gloom+1","Steam"],"picked":"Redo+1","floor":31.0},{"not_picked":["All For One+1","Creative AI","Electrodynamics"],"picked":"Core Surge+1","floor":33.0},{"not_picked":["Stack+1","Auto Shields+1","Undo+1"],"picked":"Consume+1","floor":35.0},{"not_picked":["Conserve Battery","White Noise","Hologram+1"],"picked":"Streamline+1","floor":36.0},{"not_picked":["Scrape+1","Ball Lightning+1","Beam Cell+1"],"picked":"Meteor Strike+1","floor":40.0},{"not_picked":["Bandage Up","Apotheosis","Discovery"],"picked":"Secret Technique","floor":41.0},{"not_picked":["Swift Strike+1","Forethought","Impatience"],"picked":"Flash of Steel+1","floor":41.0},{"not_picked":["Enlightenment","Bandage Up","Swift Strike+1"],"picked":"Panacea","floor":41.0},{"not_picked":["Stack+1","Go for the Eyes+1","Lockon+1"],"picked":"Tempest+1","floor":42}],"player_experience":1007037,"relics_obtained":[{"floor":7.0,"key":"CaptainsWheel"},{"floor":9.0,"key":"Question Card"},{"floor":11.0,"key":"Molten Egg 2"},{"floor":13.0,"key":"Du-Vu Doll"},{"floor":23.0,"key":"Dream Catcher"},{"floor":25.0,"key":"Enchiridion"},{"floor":29.0,"key":"Bronze Scales"},{"floor":31.0,"key":"Red Mask"},{"floor":43,"key":"Bag of Preparation"}],"event_choices":[{"damage_healed":0.0,"max_hp_gain":0.0,"max_hp_loss":0.0,"gold_gain":75.0,"event_name":"World of Goop","player_choice":"Gather Gold","floor":2.0,"gold_loss":0.0,"damage_taken":11.0},{"cards_removed":["Strike_B"],"damage_healed":0.0,"max_hp_gain":0.0,"max_hp_loss":0.0,"gold_gain":0.0,"event_name":"The Cleric","player_choice":"Card Removal","floor":4.0,"gold_loss":50.0,"damage_taken":0.0},{"damage_healed":0.0,"max_hp_gain":0.0,"max_hp_loss":0.0,"gold_gain":0.0,"event_name":"Shining Light","player_choice":"Entered Light","floor":5.0,"gold_loss":0.0,"damage_taken":15.0,"cards_upgraded":["Defend_B","Dualcast"]},{"damage_healed":0.0,"max_hp_gain":0.0,"max_hp_loss":0.0,"gold_gain":0.0,"event_name":"Living Wall","player_choice":"Grow","floor":10.0,"gold_loss":0.0,"damage_taken":0.0,"cards_upgraded":["Glacier"]},{"damage_healed":18.0,"max_hp_gain":0.0,"max_hp_loss":0.0,"gold_gain":0.0,"event_name":"Mushrooms","player_choice":"Healed and dodged fight","floor":12.0,"gold_loss":0.0,"damage_taken":0.0,"cards_obtained":["Parasite"]},{"damage_healed":0.0,"max_hp_gain":0.0,"max_hp_loss":0.0,"gold_gain":75.0,"event_name":"FaceTrader","player_choice":"Touch","floor":20.0,"gold_loss":0.0,"damage_taken":7.0},{"damage_healed":0.0,"max_hp_gain":0.0,"max_hp_loss":0.0,"gold_gain":0.0,"event_name":"Cursed Tome","player_choice":"Obtained Book","floor":25.0,"gold_loss":0.0,"damage_taken":16.0},{"damage_healed":0.0,"max_hp_gain":0.0,"max_hp_loss":0.0,"gold_gain":0.0,"event_name":"The Mausoleum","player_choice":"Opened","floor":27.0,"gold_loss":0.0,"damage_taken":0.0,"relics_obtained":["Unceasing Top"],"cards_obtained":["Writhe"]},{"damage_healed":0.0,"max_hp_gain":0.0,"max_hp_loss":0.0,"gold_gain":0.0,"event_name":"Masked Bandits","player_choice":"Fought Bandits","floor":31.0,"gold_loss":0.0,"damage_taken":0.0},{"cards_removed":["Streamline"],"damage_healed":0.0,"max_hp_gain":0.0,"max_hp_loss":0.0,"gold_gain":0.0,"event_name":"Falling","player_choice":"Removed Attack","floor":37.0,"gold_loss":0.0,"damage_taken":0.0},{"damage_healed":0.0,"max_hp_gain":0.0,"max_hp_loss":4.0,"gold_gain":0.0,"event_name":"Winding Halls","player_choice":"Max HP","floor":39.0,"gold_loss":0.0,"damage_taken":0.0},{"damage_healed":0.0,"max_hp_gain":0.0,"max_hp_loss":0.0,"gold_gain":0.0,"event_name":"SensoryStone","player_choice":"Memory 3","floor":41.0,"gold_loss":0.0,"damage_taken":10.0}],"is_beta":false,"boss_relics":[{"not_picked":["Black Star","Sozu"],"picked":"Empty Cage"},{"not_picked":["Velvet Choker","Calling Bell"],"picked":"FrozenCore"}],"items_purged_floors":[19,45],"is_endless":false,"potions_floor_spawned":[1,8,13,16,23,29,31,33,36],"killed_by":"Giant Head","ascension_level":11}}