{"host":"x6tlfgqpy55vgxdn","time":1607836348,"event":{"mods":["AchievementEnabler","BaseMod","DeckTracker","Minty Spire (QoL Compilation)","Permanent Neow","StSLib","SuperFastMode"],"gold_per_floor":[111,131,131,141,141,167,167,192,192,206,221,221,232,232,232,353,353,369,369,59,75,75,110,131,144,144,44,63,103,122,163,163,283,283,301,301,346,414,58,89,89,113,162,196,278,341,375,391,391,391],"floor_reached":51,"playtime":2437,"items_purged":["Defend_P+1","Strike_P+1","Eruption+1"],"score":1173,"play_id":"3c979545-15e1-4dc1-b2fa-2d340e16e6f1","local_time":"20201213141228","is_ascension_mode":true,"campfire_choices":[{"data":"Eruption","floor":7.0,"key":"SMITH"},{"data":"FlyingSleeves","floor":15.0,"key":"SMITH"},{"floor":32.0,"key":"REST"},{"floor":41.0,"key":"REST"},{"floor":49,"key":"REST"}],"circlet_count":0,"master_deck":["Vigilance+1","LessonLearned+1","FearNoEvil+1","Meditate+1","InnerPeace+1","Vengeance+1","Blasphemy+1","FlurryOfBlows+1","Worship+1","SignatureMove+1","Establishment+1","EmptyBody+1","ForeignInfluence+1","Violence+1","Worship+1","Vault+1"],"relics":["PureWater","Anchor","Kunai","Toxic Egg 2","Golden Idol","VioletLotus","Bag of Preparation","Singing Bowl","Frozen Egg 2","StoneCalendar","Happy Flower","Astrolabe","MealTicket","Calipers","PreservedInsect","Boot","Regal Pillow","Thread and Needle","GoldenEye","Blood Vial"],"acts_visited":["Exordium","TheCity","TheBeyond"],"potions_floor_usage":[50,50,50],"damage_taken":[{"damage":0.0,"enemies":"Small Slimes","floor":1.0,"turns":2.0},{"damage":0.0,"enemies":"Cultist","floor":2.0,"turns":2.0},{"damage":0.0,"enemies":"2 Louse","floor":4.0,"turns":2.0},{"damage":16.0,"enemies":"Lagavulin","floor":6.0,"turns":5.0},{"damage":5.0,"enemies":"3 Sentries","floor":8.0,"turns":5.0},{"damage":0.0,"enemies":"Exordium Thugs","floor":10.0,"turns":2.0},{"damage":3.0,"enemies":"Blue Slaver","floor":11.0,"turns":2.0},{"damage":6.0,"enemies":"Exordium Wildlife","floor":13.0,"turns":3.0},{"damage":0.0,"enemies":"Slime Boss","floor":16.0,"turns":2.0},{"damage":2.0,"enemies":"Chosen","floor":18.0,"turns":2.0},{"damage":0.0,"enemies":"3 Byrds","floor":21.0,"turns":4.0},{"damage":0.0,"enemies":"Gremlin Leader","floor":23.0,"turns":2.0},{"damage":0.0,"enemies":"Centurion and Healer","floor":24.0,"turns":2.0},{"damage":9.0,"enemies":"Snake Plant","floor":25.0,"turns":3.0},{"damage":0.0,"enemies":"Cultist and Chosen","floor":28.0,"turns":2.0},{"damage":11.0,"enemies":"Slavers","floor":29.0,"turns":3.0},{"damage":0.0,"enemies":"Sentry and Sphere","floor":30.0,"turns":2.0},{"damage":4.0,"enemies":"Book of Stabbing","floor":31.0,"turns":2.0},{"damage":24.0,"enemies":"Champ","floor":33.0,"turns":5.0},{"damage":0.0,"enemies":"Orb Walker","floor":35.0,"turns":1.0},{"damage":1.0,"enemies":"2 Orb Walkers","floor":38.0,"turns":2.0},{"damage":0.0,"enemies":"Reptomancer","floor":40.0,"turns":2.0},{"damage":22.0,"enemies":"3 Darklings","floor":42.0,"turns":3.0},{"damage":0.0,"enemies":"Giant Head","floor":44.0,"turns":4.0},{"damage":0.0,"enemies":"Mind Bloom Boss Battle","floor":46.0,"turns":2.0},{"damage":4.0,"enemies":"Reptomancer","floor":47.0,"turns":2.0},{"damage":5,"enemies":"Sphere and 2 Shapes","floor":48,"turns":4},{"damage":0,"enemies":"Donu and Deca","floor":50,"turns":5}],"seed_played":"4968763335021350796","potions_obtained":[{"floor":6.0,"key":"CultistPotion"},{"floor":11.0,"key":"PowerPotion"},{"floor":13.0,"key":"FearPotion"},{"floor":18.0,"key":"LiquidMemories"},{"floor":25.0,"key":"Explosive Potion"},{"floor":29.0,"key":"StancePotion"}],"is_trial":false,"path_per_floor":["M","M","?","M","?","E","R","E","T","M","M","?","M","?","R","B",null,"M","?","$","M","?","E","M","M","T","$","M","E","M","E","R","B",null,"M","?","T","?","$","E","R","M","T","E","T","?","E","M","R","B",null],"character_chosen":"WATCHER","items_purchased":["Enlightenment+1","Bag of Preparation","PreservedInsect","Worship+1"],"campfire_rested":3,"item_purchase_floors":[20,20,39,39],"current_hp_per_floor":[65,65,58,58,58,42,42,37,37,37,34,34,28,12,12,12,65,63,63,63,63,63,65,67,60,60,60,62,51,51,49,71,47,75,77,73,73,74,75,75,75,55,55,57,57,59,57,56,85,85],"gold":391,"neow_bonus":"TRANSFORM_TWO_CARDS","is_daily":false,"chose_seed":false,"campfire_upgraded":2,"win_rate":0.0,"timestamp":1607836348,"path_taken":["M","M","?","M","?","E","R","E","T","?","M","?","M","?","R","BOSS","M","?","$","M","?","E","M","M","T","$","?","E","M","E","R","BOSS","M","?","?","?","$","E","R","M","T","E","?","?","E","M","R","BOSS"],"items_purchased_type":["Card","Relic","Relic","Card"],"build_version":"2020-11-30","purchased_purges":3,"victory":true,"max_hp_per_floor":[65,65,65,65,65,65,65,65,65,65,65,65,65,65,65,65,65,65,65,65,65,65,67,69,71,71,71,73,73,73,75,75,75,75,77,73,73,75,75,75,75,77,77,79,79,81,83,85,85,85],"card_choices":[{"not_picked":["ThirdEye","EmptyBody","Crescendo"],"picked":"SKIP","floor":1.0},{"not_picked":["Prostrate","CrushJoints"],"picked":"FearNoEvil","floor":2.0},{"not_picked":["Crescendo","PathToVictory"],"picked":"Meditate","floor":4.0},{"not_picked":["Vengeance","Study"],"picked":"InnerPeace","floor":6.0},{"not_picked":["CarveReality","Meditate","Collect"],"picked":"SKIP","floor":8.0},{"not_picked":["Crescendo+1","BattleHymn","PathToVictory+1"],"picked":"SKIP","floor":10.0},{"not_picked":["Crescendo+1","BattleHymn","PathToVictory+1"],"picked":"SKIP","floor":10.0},{"not_picked":["ReachHeaven","InnerPeace+1"],"picked":"Vengeance+1","floor":11.0},{"not_picked":["FollowUp","FlyingSleeves"],"picked":"WaveOfTheHand+1","floor":13.0},{"not_picked":["Judgement+1","ConjureBlade+1"],"picked":"Blasphemy+1","floor":16.0},{"not_picked":["WheelKick","ThirdEye+1","ClearTheMind+1"],"picked":"SKIP","floor":18.0},{"not_picked":["Pray+1","FlurryOfBlows+1","FearNoEvil"],"picked":"SKIP","floor":21.0},{"not_picked":["Pray+1","FearNoEvil"],"picked":"FlurryOfBlows+1","floor":21.0},{"not_picked":["ClearTheMind+1","Vengeance+1","Nirvana"],"picked":"Singing Bowl","floor":23.0},{"not_picked":["ClearTheMind+1","ThirdEye+1","Study"],"picked":"Singing Bowl","floor":24.0},{"not_picked":["SignatureMove","Nirvana","SashWhip"],"picked":"Singing Bowl","floor":25.0},{"not_picked":["FlyingSleeves","ForeignInfluence+1","ThirdEye+1"],"picked":"Singing Bowl","floor":28.0},{"not_picked":["Brilliance","WreathOfFlame+1"],"picked":"Worship+1","floor":29.0},{"not_picked":["Halt+1","InnerPeace+1"],"picked":"SignatureMove","floor":30.0},{"not_picked":["Consecrate","ClearTheMind+1","Vengeance+1"],"picked":"Singing Bowl","floor":31.0},{"not_picked":["Blasphemy+1","Scrawl+1"],"picked":"Establishment+1","floor":33.0},{"not_picked":["Conclude+1","BattleHymn+1","Swivel+1"],"picked":"Singing Bowl","floor":35.0},{"not_picked":["BattleHymn+1","Crescendo+1","FlurryOfBlows+1"],"picked":"Singing Bowl","floor":38.0},{"not_picked":["Protect+1","CrushJoints"],"picked":"Vault+1","floor":40.0},{"not_picked":["SashWhip","LikeWater+1","Evaluate+1"],"picked":"Singing Bowl","floor":42.0},{"not_picked":["PathToVictory+1","ClearTheMind+1","Protect+1"],"picked":"Singing Bowl","floor":44.0},{"not_picked":["Consecrate+1","ClearTheMind+1","Evaluate+1"],"picked":"Singing Bowl","floor":46.0},{"not_picked":["EmptyFist","BowlingBash+1","Indignation+1"],"picked":"Singing Bowl","floor":47.0},{"not_picked":["ThirdEye+1","FollowUp+1","Protect+1"],"picked":"Singing Bowl","floor":48}],"player_experience":126845,"relics_obtained":[{"floor":6.0,"key":"Anchor"},{"floor":8.0,"key":"Kunai"},{"floor":9.0,"key":"Toxic Egg 2"},{"floor":23.0,"key":"Singing Bowl"},{"floor":26.0,"key":"Frozen Egg 2"},{"floor":29.0,"key":"StoneCalendar"},{"floor":31.0,"key":"Happy Flower"},{"floor":37.0,"key":"MealTicket"},{"floor":38.0,"key":"Calipers"},{"floor":40.0,"key":"Boot"},{"floor":43.0,"key":"Regal Pillow"},{"floor":44.0,"key":"Thread and Needle"},{"floor":46.0,"key":"GoldenEye"},{"floor":47.0,"key":"Blood Vial"}],"event_choices":[{"cards_removed":["Strike_P"],"damage_healed":0.0,"max_hp_gain":0.0,"max_hp_loss":0.0,"gold_gain":0.0,"event_name":"Golden Wing","player_choice":"Card Removal","floor":3.0,"gold_loss":0.0,"damage_taken":7.0},{"cards_removed":["Defend_P"],"damage_healed":0.0,"max_hp_gain":0.0,"max_hp_loss":0.0,"gold_gain":0.0,"event_name":"Wheel of Change","player_choice":"Card Removal","floor":5.0,"gold_loss":0.0,"damage_taken":0.0},{"cards_removed":["Defend_P"],"damage_healed":0.0,"max_hp_gain":0.0,"max_hp_loss":0.0,"gold_gain":0.0,"event_name":"Living Wall","player_choice":"Forget","floor":12.0,"gold_loss":0.0,"damage_taken":0.0},{"damage_healed":0.0,"max_hp_gain":0.0,"max_hp_loss":0.0,"gold_gain":0.0,"event_name":"Golden Idol","player_choice":"Take Damage","floor":14.0,"gold_loss":0.0,"damage_taken":16.0,"relics_obtained":["Golden Idol"]},{"cards_removed":["Strike_P"],"damage_healed":0.0,"max_hp_gain":0.0,"max_hp_loss":0.0,"gold_gain":0.0,"event_name":"Back to Basics","player_choice":"Elegance","floor":19.0,"gold_loss":0.0,"damage_taken":0.0},{"damage_healed":0.0,"max_hp_gain":0.0,"max_hp_loss":0.0,"gold_gain":0.0,"event_name":"Ghosts","player_choice":"Ignored","floor":22.0,"gold_loss":0.0,"damage_taken":0.0},{"damage_healed":0.0,"max_hp_gain":0.0,"max_hp_loss":4.0,"gold_gain":0.0,"event_name":"Winding Halls","player_choice":"Max HP","floor":36.0,"gold_loss":0.0,"damage_taken":0.0},{"damage_healed":0.0,"max_hp_gain":0.0,"max_hp_loss":0.0,"gold_gain":0.0,"event_name":"Mysterious Sphere","player_choice":"Fight","floor":38.0,"gold_loss":0.0,"damage_taken":0.0},{"damage_healed":0.0,"max_hp_gain":0.0,"max_hp_loss":0.0,"gold_gain":0.0,"event_name":"MindBloom","player_choice":"Fight","floor":46.0,"gold_loss":0.0,"damage_taken":0.0}],"is_beta":false,"boss_relics":[{"not_picked":["Snecko Eye","Coffee Dripper"],"picked":"VioletLotus"},{"not_picked":["Fusion Hammer","Black Star"],"picked":"Astrolabe"}],"items_purged_floors":[20,27,39],"is_endless":false,"potions_floor_spawned":[6,11,13,18,25,29,31,35,44,48],"ascension_level":3}}