{"host":"7ttbe3gzet1mthv0","time":1607899115,"event":{"mods":["AchievementEnabler","BaseMod","CapriCore","Colored Map","Colored Powertips","Highlight Path","Jorbs\u0027s Wanderer Trilogy","Marisa????????","Minty Spire (QoL Compilation)","Rare Cards Sparkle","Relic Stats","StSLib","The Alterego","The Bug Knight"],"gold_per_floor":[114,129,129,152,122,157,176,176,176,191,191,227,250,266,266,394,394,413,427,448,448,363,363,398,398,398,416,435,476,325,10,10,133,133,153,216,235,235,258,258,258,277,353,386,386,52,52,67,67,67],"floor_reached":51,"playtime":10403,"items_purged":["Strike_R","Injury","Doubt"],"score":779,"play_id":"54d6df14-866e-4283-9a92-aa5f8e3830b5","local_time":"20201213233835","is_ascension_mode":false,"campfire_choices":[{"data":"Bash","floor":8,"key":"SMITH"},{"data":"Shrug It Off","floor":11,"key":"SMITH"},{"data":"Demon Form","floor":15,"key":"SMITH"},{"data":"Offering","floor":23,"key":"SMITH"},{"data":"Feel No Pain","floor":25,"key":"SMITH"},{"data":"Inflame","floor":32,"key":"SMITH"},{"data":"Corruption","floor":40,"key":"SMITH"},{"data":"Demon Form","floor":45,"key":"SMITH"},{"data":"Feel No Pain","floor":47,"key":"SMITH"},{"data":"Shockwave","floor":49,"key":"SMITH"}],"circlet_count":0,"master_deck":["Strike_R","Strike_R","Strike_R","Strike_R","Defend_R","Defend_R","Defend_R","Defend_R","Bash+1","Rampage+1","Feel No Pain+1","Shrug It Off+1","Second Wind","Pummel+1","Inflame+1","Shockwave+1","Demon Form+1","Offering+1","Flame Barrier","Feel No Pain+1","Reckless Charge+1","Warcry+1","Feel No Pain+1","Warcry","Inflame","Corruption+1","Impervious","Pommel Strike","Battle Trance+1","Armaments+1","Trip","Flame Barrier+1","Body Slam+1","Demon Form+1","Feel No Pain+1","Shrug It Off","Entrench"],"relics":["Burning Blood","Golden Idol","Magic Flower","Sundial","Mummified Hand","Cursed Key","Anchor","Ornamental Fan","Meat on the Bone","Pantograph","Matryoshka","Strange Spoon","Runic Cube","Champion Belt","Happy Flower","Bottled Flame","Whetstone"],"acts_visited":["Exordium","TheCity","TheBeyond"],"potions_floor_usage":[6,6,6,16,16,28,28,50],"damage_taken":[{"damage":3,"enemies":"Jaw Worm","floor":1,"turns":4},{"damage":1,"enemies":"Cultist","floor":2,"turns":3},{"damage":5,"enemies":"2 Louse","floor":4,"turns":3},{"damage":8,"enemies":"Gremlin Nob","floor":6,"turns":3},{"damage":7,"enemies":"Looter","floor":7,"turns":3},{"damage":21,"enemies":"Exordium Wildlife","floor":10,"turns":6},{"damage":14,"enemies":"3 Sentries","floor":12,"turns":9},{"damage":27,"enemies":"Exordium Thugs","floor":13,"turns":5},{"damage":4,"enemies":"3 Louse","floor":14,"turns":4},{"damage":15,"enemies":"The Guardian","floor":16,"turns":8},{"damage":25,"enemies":"2 Thieves","floor":18,"turns":4},{"damage":6,"enemies":"Chosen","floor":19,"turns":4},{"damage":8,"enemies":"Snake Plant","floor":20,"turns":2},{"damage":18,"enemies":"Slavers","floor":24,"turns":5},{"damage":6,"enemies":"Cultist and Chosen","floor":27,"turns":4},{"damage":6,"enemies":"Snecko","floor":28,"turns":5},{"damage":25,"enemies":"HollowMod:Nosk","floor":29,"turns":8},{"damage":13,"enemies":"Champ","floor":33,"turns":12},{"damage":6,"enemies":"3 Darklings","floor":35,"turns":4},{"damage":6,"enemies":"Mind Bloom Boss Battle","floor":36,"turns":5},{"damage":3,"enemies":"3 Shapes","floor":37,"turns":4},{"damage":21,"enemies":"Writhing Mass","floor":39,"turns":7},{"damage":6,"enemies":"3 Darklings","floor":42,"turns":6},{"damage":6,"enemies":"HollowMod:StalkingDevout","floor":44,"turns":5},{"damage":10,"enemies":"Jaw Worm Horde","floor":48,"turns":4},{"damage":19,"enemies":"Awakened One","floor":50,"turns":8}],"seed_played":"5844078810945497098","potions_obtained":[{"floor":1,"key":"SteroidPotion"},{"floor":5,"key":"DuplicationPotion"},{"floor":5,"key":"ColorlessPotion"},{"floor":10,"key":"BlessingOfTheForge"},{"floor":12,"key":"Weak Potion"},{"floor":14,"key":"CultistPotion"},{"floor":18,"key":"AttackPotion"},{"floor":19,"key":"Ancient Potion"},{"floor":29,"key":"Fire Potion"},{"floor":33,"key":"AttackPotion"},{"floor":35,"key":"Block Potion"},{"floor":36,"key":"SkillPotion"}],"is_trial":false,"path_per_floor":["M","M","?","M","?","E","M","R","T","M","R","E","M","M","R","B",null,"M","M","M","?","?","R","E","R","T","M","M","E","$","$","R","B",null,"M","?","M","?","M","R","?","M","T","E","R","$","R","M","R","B",null],"character_chosen":"IRONCLAD","items_purchased":["Inflame","Corruption","Strange Spoon","Feel No Pain","Shrug It Off","Entrench"],"campfire_rested":0,"item_purchase_floors":[30,31,31,46,46,46],"current_hp_per_floor":[80,80,60,61,61,59,61,61,61,49,49,44,26,31,31,25,80,64,67,68,68,68,68,59,59,59,62,65,67,67,67,67,76,80,80,80,80,80,68,68,80,80,80,80,80,80,80,79,79,70],"gold":67,"neow_bonus":"","is_daily":false,"chose_seed":false,"campfire_upgraded":10,"win_rate":0.0,"timestamp":1607899115,"path_taken":["M","M","?","M","?","E","?","R","T","M","R","E","M","M","R","BOSS","M","M","M","?","?","R","E","R","T","M","M","E","?","$","R","BOSS","M","?","M","?","M","R","?","M","T","E","R","$","R","M","R","BOSS"],"items_purchased_type":["Card","Card","Relic","Card","Card","Card"],"build_version":"2020-11-30","purchased_purges":3,"victory":true,"max_hp_per_floor":[80,80,80,80,80,80,80,80,80,80,80,80,80,80,80,80,80,80,80,80,80,80,80,80,80,80,80,80,80,80,80,80,80,80,80,80,80,80,80,80,80,80,80,80,80,80,80,80,80,80],"relic_stats":{"Happy Flower":[5],"counters":[26,135],"Golden Idol":185,"Magic Flower":[57],"Whetstone":["Pummel","Rampage"],"Cursed Key":2,"Burning Blood":196,"Strange Spoon":[52],"Sundial":[16],"Mummified Hand":[104],"Ornamental Fan":[80],"Pantograph":14,"Champion Belt":[28],"obtain_stats":[{"Happy Flower":43,"Golden Idol":3,"Magic Flower":6,"Whetstone":44,"Cursed Key":17,"Burning Blood":0,"Strange Spoon":31,"Anchor":21,"Bottled Flame":43,"Matryoshka":29,"Sundial":9,"Mummified Hand":12,"Ornamental Fan":22,"Pantograph":26,"Champion Belt":36,"Meat on the Bone":24,"Runic Cube":34},{"Happy Flower":23,"Golden Idol":2,"Magic Flower":4,"Whetstone":24,"Cursed Key":10,"Burning Blood":0,"Strange Spoon":17,"Anchor":13,"Bottled Flame":23,"Matryoshka":17,"Sundial":5,"Mummified Hand":7,"Ornamental Fan":13,"Pantograph":14,"Champion Belt":20,"Meat on the Bone":14,"Runic Cube":18},{"Happy Flower":118,"Golden Idol":7,"Magic Flower":13,"Whetstone":123,"Cursed Key":48,"Burning Blood":0,"Strange Spoon":80,"Anchor":58,"Bottled Flame":118,"Matryoshka":80,"Sundial":16,"Mummified Hand":31,"Ornamental Fan":58,"Pantograph":63,"Champion Belt":101,"Meat on the Bone":63,"Runic Cube":92}],"Meat on the Bone":18,"Runic Cube":[14]},"card_choices":[{"not_picked":["Bloodletting","Pommel Strike"],"picked":"Rampage","floor":1},{"not_picked":["Headbutt","Pummel"],"picked":"Feel No Pain","floor":2},{"not_picked":["Perfected Strike","Anger"],"picked":"Shrug It Off","floor":4},{"not_picked":["Twin Strike","Combust"],"picked":"Second Wind","floor":6},{"not_picked":["Body Slam","Pommel Strike"],"picked":"Blood for Blood","floor":7},{"not_picked":["Blood for Blood","Sword Boomerang"],"picked":"Pummel","floor":10},{"not_picked":["Reckless Charge","Twin Strike"],"picked":"Inflame","floor":12},{"not_picked":["Thunderclap","Anger"],"picked":"Shockwave","floor":13},{"not_picked":["Feel No Pain","Iron Wave"],"picked":"Demon Form","floor":14},{"not_picked":["Reaper","Fiend Fire"],"picked":"Offering","floor":16},{"not_picked":["Dropkick","Flex"],"picked":"Flame Barrier","floor":18},{"not_picked":["Metallicize","Cleave"],"picked":"Feel No Pain+1","floor":19},{"not_picked":["Sword Boomerang","Clothesline","Anger+1"],"picked":"SKIP","floor":20},{"not_picked":["Rampage","Combust"],"picked":"Reckless Charge+1","floor":24},{"not_picked":["Sever Soul","Clash"],"picked":"Warcry+1","floor":27},{"not_picked":["Brutality","Clash+1"],"picked":"Feel No Pain+1","floor":28},{"not_picked":["Thunderclap","Flex"],"picked":"Warcry","floor":29},{"not_picked":["Feed","Demon Form"],"picked":"Impervious","floor":33},{"not_picked":["Anger","Metallicize"],"picked":"Pommel Strike","floor":35},{"not_picked":["Thunderclap","Blood for Blood+1"],"picked":"Battle Trance+1","floor":36},{"not_picked":["Rage+1","Perfected Strike"],"picked":"Armaments+1","floor":37},{"not_picked":["Madness","Dark Shackles"],"picked":"Trip","floor":38},{"not_picked":["Clash+1","Hemokinesis+1"],"picked":"Flame Barrier+1","floor":39},{"not_picked":["Sword Boomerang+1","Iron Wave"],"picked":"Body Slam+1","floor":42},{"not_picked":["Iron Wave+1","Pummel+1"],"picked":"Demon Form","floor":44},{"not_picked":["Thunderclap+1","Warcry","Ghostly Armor+1"],"picked":"SKIP","floor":48}],"player_experience":0,"relics_obtained":[{"floor":6,"key":"Magic Flower"},{"floor":9,"key":"Sundial"},{"floor":12,"key":"Mummified Hand"},{"floor":24,"key":"Meat on the Bone"},{"floor":26,"key":"Pantograph"},{"floor":29,"key":"Matryoshka"},{"floor":36,"key":"Champion Belt"},{"floor":43,"key":"Happy Flower"},{"floor":43,"key":"Bottled Flame"},{"floor":44,"key":"Whetstone"}],"event_choices":[{"damage_healed":0,"gold_gain":0,"player_choice":"Take Damage","damage_taken":20,"relics_obtained":["Golden Idol"],"max_hp_gain":0,"max_hp_loss":0,"event_name":"Golden Idol","floor":3,"gold_loss":0},{"damage_healed":0,"gold_gain":0,"player_choice":"Bought 2 Potions","damage_taken":0,"max_hp_gain":0,"max_hp_loss":0,"event_name":"The Woman in Blue","floor":5,"gold_loss":0},{"damage_healed":0,"gold_gain":0,"player_choice":"Opened","damage_taken":0,"relics_obtained":["Anchor"],"max_hp_gain":0,"max_hp_loss":0,"event_name":"The Mausoleum","floor":21,"gold_loss":0},{"damage_healed":0,"gold_gain":0,"player_choice":"Obtained Relic","damage_taken":0,"relics_obtained":["Ornamental Fan"],"max_hp_gain":0,"max_hp_loss":0,"event_name":"Addict","floor":22,"gold_loss":85},{"damage_healed":0,"gold_gain":0,"player_choice":"Fight","damage_taken":0,"max_hp_gain":0,"max_hp_loss":0,"event_name":"MindBloom","floor":36,"gold_loss":0},{"damage_healed":0,"gold_gain":0,"player_choice":"Memory 1","damage_taken":0,"max_hp_gain":0,"max_hp_loss":0,"event_name":"SensoryStone","floor":38,"gold_loss":0},{"cards_removed":["Blood for Blood"],"damage_healed":12,"gold_gain":0,"player_choice":"Offered Uncommon","damage_taken":0,"max_hp_gain":0,"max_hp_loss":0,"event_name":"Bonfire Elementals","floor":41,"gold_loss":0}],"is_beta":false,"boss_relics":[{"not_picked":["Fusion Hammer","Velvet Choker"],"picked":"Cursed Key"},{"not_picked":["Runic Pyramid","Black Star"],"picked":"Runic Cube"}],"items_purged_floors":[30,31,46],"is_endless":false,"potions_floor_spawned":[1,10,12,14,18,19,24,29,33,35,36,39],"ascension_level":0}}