{"host":"qwttrqaysb380yri","time":1607824798,"event":{"mods":["BaseMod","Custom Start","Minty Spire (QoL Compilation)","Puzzle Mod","Relic Stats","StSLib","The Cursed","The Hierophant"],"gold_per_floor":[111,111,13,31,40,40,67,90,115,17,17,39,39,72,72,153,153,210,260,67,99,124,151,151,186,186,213,205,205,205,213,213,185,185],"floor_reached":33,"playtime":1327,"items_purged":["hierophant:Strike_Hierophant","hierophant:Martyrdom+1"],"score":620,"play_id":"e4e55568-b4e9-4aa8-9bdd-4543110a54fc","local_time":"20201213025958","is_ascension_mode":true,"campfire_choices":[{"data":"hierophant:Remorse","floor":6,"key":"SMITH"},{"data":"hierophant:Martyrdom","floor":11,"key":"SMITH"},{"data":"hierophant:Remorse","floor":15,"key":"SMITH"},{"data":"hierophant:ChurchCoffers","floor":24,"key":"SMITH"},{"floor":29,"key":"REST"},{"floor":32,"key":"REST"}],"circlet_count":0,"master_deck":["AscendersBane","hierophant:Punish","hierophant:Defend_Hierophant","hierophant:Defend_Hierophant","hierophant:Defend_Hierophant","hierophant:ChurchCoffers+1","hierophant:Doubloon+1","hierophant:Remorse+1","hierophant:OrnateBuckler","hierophant:FieryStrike","hierophant:Doubloon+1","hierophant:Remorse+1","hierophant:Martyrdom+1","hierophant:Batter","hierophant:MorningPrayer","hierophant:OrnateJavelin","hierophant:Endure","hierophant:Kindle","hierophant:Dazzle+1","hierophant:Refuge+1","hierophant:Doubloon","hierophant:Doubloon","hierophant:OrnateBuckler","hierophant:HolyVerse","hierophant:HolyVerse+1","Writhe","hierophant:HammerAndAnvil+1","hierophant:ArchangelShield"],"relics":["hierophant:PropheticMaskRelic","Smiling Mask","War Paint","Bag of Preparation","Peace Pipe","Ancient Tea Set","Astrolabe","PreservedInsect","Girya","Gremlin Horn","Prayer Wheel","Mercury Hourglass","Incense Burner"],"acts_visited":["Exordium","TheCity"],"potions_floor_usage":[14,21,22,23,31,33,33],"damage_taken":[{"damage":0,"enemies":"2 Louse","floor":1,"turns":2},{"damage":0,"enemies":"Cultist","floor":4,"turns":3},{"damage":2,"enemies":"Jaw Worm","floor":5,"turns":3},{"damage":20,"enemies":"3 Sentries","floor":7,"turns":7},{"damage":8,"enemies":"Blue Slaver","floor":8,"turns":3},{"damage":4,"enemies":"Exordium Wildlife","floor":12,"turns":4},{"damage":0,"enemies":"Gremlin Nob","floor":14,"turns":2},{"damage":8,"enemies":"The Guardian","floor":16,"turns":13},{"damage":12,"enemies":"Spheric Guardian","floor":18,"turns":4},{"damage":22,"enemies":"Shell Parasite","floor":21,"turns":4},{"damage":0,"enemies":"Chosen and Byrds","floor":22,"turns":3},{"damage":8,"enemies":"Slavers","floor":23,"turns":3},{"damage":13,"enemies":"Book of Stabbing","floor":25,"turns":3},{"damage":17,"enemies":"Gremlin Leader","floor":27,"turns":4},{"damage":9,"enemies":"Shelled Parasite and Fungi","floor":28,"turns":4},{"damage":11,"enemies":"Cultist and Chosen","floor":31,"turns":6},{"damage":44,"enemies":"Collector","floor":33,"turns":9}],"seed_played":"-5755809044754829271","potions_obtained":[{"floor":1,"key":"AttackPotion"},{"floor":16,"key":"Regen Potion"},{"floor":21,"key":"Regen Potion"},{"floor":25,"key":"Explosive Potion"},{"floor":28,"key":"DistilledChaos"},{"floor":31,"key":"SkillPotion"}],"is_trial":false,"path_per_floor":["M","?","$","M","M","R","E","M","T","$","R","M","T","E","R","B",null,"M","?","$","M","M","E","R","E","T","E","M","R","?","M","R","B"],"character_chosen":"HIEROPHANT","items_purchased":["hierophant:OrnateBuckler","hierophant:MorningPrayer","SkillPotion","PreservedInsect"],"campfire_rested":2,"item_purchase_floors":[3,10,10,20],"current_hp_per_floor":[68,68,68,68,66,66,46,38,38,38,38,34,34,34,34,26,63,51,51,51,41,53,45,45,32,32,15,6,28,28,17,39,0,0],"gold":185,"neow_bonus":"RANDOM_COMMON_RELIC","is_daily":false,"chose_seed":false,"campfire_upgraded":4,"win_rate":0.0,"timestamp":1607824798,"path_taken":["M","?","$","M","M","R","E","M","T","$","R","?","?","E","R","BOSS","M","?","$","M","M","E","R","E","T","E","M","R","?","M","R","BOSS"],"items_purchased_type":["Card","Card","Potion","Relic"],"build_version":"2020-11-30","purchased_purges":2,"victory":false,"max_hp_per_floor":[75,75,75,75,75,75,75,75,75,75,75,75,75,75,75,75,75,75,75,75,75,75,75,75,75,75,75,75,75,75,75,75,75,75],"relic_stats":{"Peace Pipe":0,"Gremlin Horn":[8,8],"counters":[17,77],"Astrolabe":["hierophant:Dazzle","hierophant:Martyrdom","hierophant:Refuge"],"Prayer Wheel":2,"PreservedInsect":129,"Bag of Preparation":[24],"War Paint":["hierophant:Doubloon","hierophant:Doubloon"],"Smiling Mask":75,"obtain_stats":[{"Girya":23,"Gremlin Horn":25,"hierophant:PropheticMaskRelic":0,"Astrolabe":17,"PreservedInsect":20,"Bag of Preparation":9,"Incense Burner":30,"War Paint":7,"Smiling Mask":0,"Ancient Tea Set":14,"Mercury Hourglass":27,"Peace Pipe":13,"Prayer Wheel":26},{"Girya":12,"Gremlin Horn":13,"hierophant:PropheticMaskRelic":0,"Astrolabe":8,"PreservedInsect":9,"Bag of Preparation":5,"Incense Burner":15,"War Paint":4,"Smiling Mask":0,"Ancient Tea Set":7,"Mercury Hourglass":14,"Peace Pipe":6,"Prayer Wheel":13},{"Girya":51,"Gremlin Horn":54,"hierophant:PropheticMaskRelic":0,"Astrolabe":37,"PreservedInsect":41,"Bag of Preparation":18,"Incense Burner":62,"War Paint":15,"Smiling Mask":0,"Ancient Tea Set":24,"Mercury Hourglass":58,"Peace Pipe":22,"Prayer Wheel":54}],"Mercury Hourglass":[69]},"card_choices":[{"not_picked":["hierophant:PristineSoul","hierophant:MirrorShield"],"picked":"hierophant:Remorse","floor":1},{"not_picked":["hierophant:MorningPrayer","hierophant:Rebuild"],"picked":"hierophant:FieryStrike","floor":4},{"not_picked":["hierophant:Exaltation","hierophant:Zeal"],"picked":"hierophant:Remorse","floor":5},{"not_picked":["hierophant:RecallFunds","hierophant:RustyCrate"],"picked":"hierophant:Martyrdom","floor":7},{"not_picked":["hierophant:Prophecy","hierophant:Shelter"],"picked":"hierophant:Batter","floor":8},{"not_picked":["hierophant:Alms","hierophant:Martyrdom"],"picked":"hierophant:OrnateJavelin","floor":12},{"not_picked":["hierophant:Remorse","hierophant:AuricBeam"],"picked":"hierophant:Endure","floor":14},{"not_picked":["hierophant:Batter","hierophant:DeathKnell"],"picked":"hierophant:Kindle","floor":16},{"not_picked":["hierophant:Remorse","hierophant:Smite"],"picked":"hierophant:OrnateBuckler","floor":18},{"not_picked":["hierophant:Upheaval","hierophant:CursedGold"],"picked":"hierophant:HolyVerse","floor":21},{"not_picked":["hierophant:Encroach","hierophant:Alms","hierophant:Remorse"],"picked":"SKIP","floor":22},{"not_picked":["hierophant:Community","hierophant:Doubloon"],"picked":"hierophant:HolyVerse+1","floor":23},{"not_picked":["hierophant:Remorse","hierophant:Encroach+1","hierophant:Repentance"],"picked":"SKIP","floor":25},{"not_picked":["hierophant:Racketeering","hierophant:HammerAndAnvil","hierophant:Charity"],"picked":"SKIP","floor":27},{"not_picked":["hierophant:Smite+1","hierophant:Encroach","hierophant:MorningPrayer+1"],"picked":"SKIP","floor":28},{"not_picked":["hierophant:Endure","hierophant:Refuge+1","hierophant:FieryStrike"],"picked":"SKIP","floor":28},{"not_picked":["hierophant:Empathy","hierophant:AuricForm"],"picked":"hierophant:HammerAndAnvil+1","floor":31},{"not_picked":["hierophant:PassingBell","hierophant:SealAway"],"picked":"hierophant:ArchangelShield","floor":31}],"player_experience":1816487,"relics_obtained":[{"floor":7,"key":"War Paint"},{"floor":9,"key":"Bag of Preparation"},{"floor":13,"key":"Peace Pipe"},{"floor":14,"key":"Ancient Tea Set"},{"floor":23,"key":"Girya"},{"floor":25,"key":"Gremlin Horn"},{"floor":26,"key":"Prayer Wheel"},{"floor":27,"key":"Mercury Hourglass"}],"event_choices":[{"cards_removed":["hierophant:Strike_Hierophant"],"damage_healed":0,"gold_gain":0,"player_choice":"Purged","damage_taken":0,"max_hp_gain":0,"max_hp_loss":0,"event_name":"Purifier","floor":2,"gold_loss":0},{"damage_healed":0,"gold_gain":50,"player_choice":"Stole From Cult","damage_taken":0,"max_hp_gain":0,"max_hp_loss":0,"event_name":"Nest","floor":19,"gold_loss":0},{"damage_healed":0,"gold_gain":0,"player_choice":"Opened","damage_taken":0,"relics_obtained":["Incense Burner"],"max_hp_gain":0,"max_hp_loss":0,"event_name":"The Mausoleum","floor":30,"gold_loss":0,"cards_obtained":["Writhe"]}],"is_beta":false,"boss_relics":[{"not_picked":["Coffee Dripper","Tiny House"],"picked":"Astrolabe"}],"items_purged_floors":[3,20],"is_endless":false,"potions_floor_spawned":[1,16,21,25,28,31],"killed_by":"Collector","ascension_level":15}}