{"host":"hszimsrtxxc2k25w","time":1607885354,"event":{"mods":["AchievementEnabler","BaseMod","Colored Map","DeckTracker","Minty Spire (QoL Compilation)","Rare Cards Sparkle","SuperFastMode"],"gold_per_floor":[116,127,52,71,71,71,71,87,87,87,104,4,4,20,20,94,94,109,109,121,134,151,151,164,164,164],"floor_reached":25,"playtime":717,"items_purged":["Strike_G","Strike_G"],"score":374,"play_id":"62244d3d-963f-41ad-acbe-979647dd313a","local_time":"20201214034914","is_ascension_mode":true,"campfire_choices":[{"data":"Poisoned Stab","floor":6,"key":"SMITH"},{"data":"Neutralize","floor":10,"key":"SMITH"},{"data":"Predator","floor":15,"key":"SMITH"},{"floor":23,"key":"REST"}],"circlet_count":0,"master_deck":["AscendersBane","Strike_G","Strike_G","Defend_G","Defend_G","Defend_G","Defend_G","Survivor","Neutralize+1","Quick Slash","Poisoned Stab+1","Adrenaline","Cloak And Dagger","Predator+1","Glass Knife","Dagger Spray","Well Laid Plans","Backflip+1","Blade Dance"],"relics":["Ring of the Snake","Paper Crane","SacredBark"],"acts_visited":["Exordium","TheCity"],"potions_floor_usage":[16,20,25],"damage_taken":[{"damage":2,"enemies":"2 Louse","floor":1,"turns":3},{"damage":0,"enemies":"Small Slimes","floor":2,"turns":4},{"damage":0,"enemies":"Jaw Worm","floor":4,"turns":4},{"damage":0,"enemies":"Blue Slaver","floor":8,"turns":3},{"damage":3,"enemies":"Lots of Slimes","floor":11,"turns":4},{"damage":3,"enemies":"3 Louse","floor":14,"turns":3},{"damage":29,"enemies":"Slime Boss","floor":16,"turns":10},{"damage":10,"enemies":"Chosen","floor":18,"turns":4},{"damage":8,"enemies":"3 Byrds","floor":20,"turns":5},{"damage":14,"enemies":"Centurion and Healer","floor":21,"turns":6},{"damage":33,"enemies":"Shelled Parasite and Fungi","floor":22,"turns":7},{"damage":20,"enemies":"Snecko","floor":24,"turns":4},{"damage":26,"enemies":"Slavers","floor":25,"turns":1}],"seed_played":"-882012575573731642","potions_obtained":[{"floor":11,"key":"AttackPotion"},{"floor":14,"key":"GamblersBrew"},{"floor":16,"key":"GamblersBrew"},{"floor":18,"key":"AttackPotion"},{"floor":20,"key":"Strength Potion"}],"is_trial":false,"path_per_floor":["M","M","$","M","?","R","?","M","T","R","M","$","$","M","R","B",null,"M","?","M","M","M","R","M","E"],"character_chosen":"THE_SILENT","items_purchased":[],"campfire_rested":1,"item_purchase_floors":[],"current_hp_per_floor":[57,57,57,57,50,50,55,55,55,55,52,52,52,49,49,20,58,48,71,63,49,16,37,17,0,0],"gold":164,"neow_bonus":"REMOVE_CARD","is_daily":false,"chose_seed":false,"campfire_upgraded":3,"win_rate":0.0,"timestamp":1607885354,"path_taken":["M","M","$","M","?","R","?","M","T","R","M","?","$","M","R","BOSS","M","?","M","M","?","R","M","E"],"items_purchased_type":[],"build_version":"2020-11-30","purchased_purges":2,"victory":false,"max_hp_per_floor":[66,66,66,66,66,66,71,71,71,71,71,71,71,71,71,71,71,71,71,71,71,71,71,71,71,71],"card_choices":[{"not_picked":["Prepared","Dodge and Roll"],"picked":"Quick Slash","floor":1},{"not_picked":["Tactician","Prepared"],"picked":"Poisoned Stab","floor":2},{"not_picked":["Catalyst","Poisoned Stab"],"picked":"Adrenaline","floor":4},{"not_picked":["Blade Dance","Acrobatics","Riddle With Holes"],"picked":"SKIP","floor":8},{"not_picked":["Deflect","Bane"],"picked":"Cloak And Dagger","floor":11},{"not_picked":["Deflect","Concentrate"],"picked":"Predator","floor":14},{"not_picked":["Night Terror","Storm of Steel"],"picked":"Glass Knife","floor":16},{"not_picked":["All Out Attack","Bane"],"picked":"Dagger Spray","floor":18},{"not_picked":["Sucker Punch","Bane"],"picked":"Well Laid Plans","floor":20},{"not_picked":["Quick Slash","Footwork"],"picked":"Backflip+1","floor":21},{"not_picked":["Underhanded Strike","Dodge and Roll","Sucker Punch"],"picked":"SKIP","floor":22},{"not_picked":["Prepared","Poisoned Stab"],"picked":"Blade Dance","floor":24}],"player_experience":580932,"relics_obtained":[{"floor":9,"key":"Paper Crane"}],"event_choices":[{"cards_removed":["Defend_G"],"damage_healed":0,"gold_gain":0,"player_choice":"Card Removal","damage_taken":7,"max_hp_gain":0,"max_hp_loss":0,"event_name":"Golden Wing","floor":5,"gold_loss":0},{"damage_healed":0,"gold_gain":0,"player_choice":"Donut","damage_taken":0,"max_hp_gain":5,"max_hp_loss":0,"event_name":"Big Fish","floor":7,"gold_loss":0},{"damage_healed":23,"gold_gain":0,"player_choice":"Full Heal","damage_taken":0,"max_hp_gain":0,"max_hp_loss":0,"event_name":"Wheel of Change","floor":19,"gold_loss":0}],"is_beta":false,"boss_relics":[{"not_picked":["Velvet Choker","Ectoplasm"],"picked":"SacredBark"}],"items_purged_floors":[3,12],"is_endless":false,"potions_floor_spawned":[11,14,16,18,20],"killed_by":"Slavers","ascension_level":18}}