{"host":"rtq35k3rt1qs984b","time":1607896612,"event":{"mods":["2.2 Compatiblity","AchievementEnabler","Act Like it!","Aspiration","BaseMod","Better Note","BetterRewards","Card Forge","Colored Map","Colored Powertips","Conspire","Downfall","Friendly Minions","Gensokyo","GifTheSpireLib","Grow up Mod","Halation","Hallownest","Highlight Path","Hubris","Infinite Spire","Minty Spire (QoL Compilation)","Permanent Neow","Rare Cards Sparkle","Replay The Spire","Shop Mod","StSLib","Steal the Spire","Stuff the Spire","SuperFastMode"],"gold_per_floor":[111,111,186,199,212,244,244,273,300,319,284,284,284,300,300,300,300],"floor_reached":16,"playtime":319,"items_purged":[],"score":199,"play_id":"fd929859-ead4-4646-a3a3-19fac4bfd08a","local_time":"20201213215652","is_ascension_mode":true,"campfire_choices":[{"data":"infinitespire:OneForAll","floor":7,"key":"SMITH"},{"data":"Dark Embrace","floor":12,"key":"SMITH"},{"data":"Shrug It Off","floor":15,"key":"SMITH"}],"circlet_count":0,"master_deck":["Strike_R","Strike_R","Strike_R","Strike_R","Strike_R","Defend_R","Defend_R","Defend_R","Defend_R","Bash+1","Disarm","Dark Embrace+1","infinitespire:OneForAll+1","Havoc","Clash","StuffTheSpire:CuriosityCurse","Shrug It Off+1"],"relics":["Burning Blood","Hammer of Thor","Seething Fire","Anvil of the Gods","ReplayTheSpireMod:Lightbulb","hubris:Reverence","halation:KoshaPiece","Art of War"],"acts_visited":["Exordium"],"potions_floor_usage":[16],"damage_taken":[{"damage":6,"enemies":"Cultist","floor":1,"turns":3},{"damage":12,"enemies":"Jaw Worm","floor":4,"turns":3},{"damage":10,"enemies":"Small Slimes","floor":5,"turns":3},{"damage":70,"enemies":"Lagavulin","floor":6,"turns":7},{"damage":40,"enemies":"Gremlin Nob","floor":8,"turns":5},{"damage":24,"enemies":"Red Slaver","floor":10,"turns":5},{"damage":20,"enemies":"Looter","floor":14,"turns":3},{"damage":33,"enemies":"Slime Boss","floor":16,"turns":7}],"seed_played":"2154270179055439578","potions_obtained":[{"floor":1,"key":"champ:CounterPotion"},{"floor":6,"key":"Strength Potion"},{"floor":8,"key":"Explosive Potion"}],"is_trial":false,"path_per_floor":["M","$","?","M","M","E","R","E","T","M","?","R","?","M","R","B"],"character_chosen":"IRONCLAD","items_purchased":[],"campfire_rested":0,"item_purchase_floors":[],"current_hp_per_floor":[92,102,101,105,111,57,67,43,53,45,102,112,122,118,128,95,95],"gold":300,"neow_bonus":"RANDOM_EVENT","is_daily":false,"chose_seed":false,"campfire_upgraded":3,"win_rate":0.0,"timestamp":1607896612,"path_taken":["M","$","?","M","M","E","R","E","T","M","?","R","?","M","R","BOSS"],"items_purchased_type":[],"build_version":"2020-11-30","purchased_purges":0,"victory":false,"max_hp_per_floor":[100,110,120,130,140,150,160,170,180,190,200,210,220,230,240,240,240],"card_choices":[{"not_picked":["Ghostly Armor","hubris:CleavingFinish"],"picked":"Disarm","floor":1},{"not_picked":["Shrug It Off","Anger"],"picked":"Dark Embrace","floor":4},{"not_picked":["Pommel Strike","StuffTheSpire:Slingshot"],"picked":"infinitespire:OneForAll","floor":5},{"not_picked":["Sword Boomerang","Hemogenesis"],"picked":"Havoc","floor":6},{"not_picked":["Heavy Blade","Cleave","Flame Barrier"],"picked":"SKIP","floor":8},{"not_picked":["Headbutt","Cleave"],"picked":"Clash","floor":10},{"not_picked":["Body Slam","Anger"],"picked":"Shrug It Off","floor":14}],"player_experience":117036,"relics_obtained":[{"floor":6,"key":"ReplayTheSpireMod:Lightbulb"},{"floor":8,"key":"hubris:Reverence"},{"floor":9,"key":"halation:KoshaPiece"}],"event_choices":[{"damage_healed":0,"gold_gain":75,"player_choice":"Gather Gold","damage_taken":11,"max_hp_gain":0,"max_hp_loss":0,"event_name":"World of Goop","floor":3,"gold_loss":0},{"damage_healed":47,"gold_gain":0,"player_choice":"Healed","damage_taken":0,"max_hp_gain":0,"max_hp_loss":0,"event_name":"The Cleric","floor":11,"gold_loss":35}],"is_beta":false,"boss_relics":[],"items_purged_floors":[],"is_endless":false,"potions_floor_spawned":[1,6,8,10],"killed_by":"Slime Boss","ascension_level":7}}