{"host":"cvdbfwtypahr1w62","time":1607901042,"event":{"mods":["AchievementEnabler","Act Like it!","BaseMod","BetterRewards","Colored Map","Filter the Spire","Hallownest","Highlight Path","Jorbs\u0027s Wanderer Trilogy","Marisa????????","Minty Spire (QoL Compilation)","Rare Cards Sparkle","Relic Stats","Shop Mod","StSLib","The Bug Knight","The Cursed"],"gold_per_floor":[109,109,109,9,25,25,35,35,35,50,82,82,82,100,100,177,177,195,195,205,221,221,221,236,236,263,313,313,325,55,55,55,130,130,142,152,68,68,88,88,101,101,101,101,101,101,101],"floor_reached":46,"playtime":1613,"items_purged":["Strike_G","Strike_G"],"score":1098,"play_id":"b0585dcb-62f5-469b-9baa-bc126e8502df","local_time":"20201214001042","is_ascension_mode":true,"campfire_choices":[{"data":"Flechettes","floor":6,"key":"SMITH"},{"data":"Caltrops","floor":8,"key":"SMITH"},{"floor":15,"key":"REST"},{"data":"Burst","floor":23,"key":"SMITH"},{"data":"Cloak And Dagger","floor":25,"key":"SMITH"},{"data":"Terror","floor":28,"key":"SMITH"},{"floor":32,"key":"REST"},{"data":"Storm of Steel","floor":40,"key":"SMITH"},{"data":"Dodge and Roll","floor":42,"key":"SMITH"}],"circlet_count":0,"master_deck":["AscendersBane","Survivor","Neutralize+1","Caltrops+1","Flechettes+1","Cloak And Dagger+1","Accuracy+1","Burst+1","Backflip","Backstab","Dash","Terror+1","Dodge and Roll+1","Envenom+1","Outmaneuver","Storm of Steel+1","Blade Dance+1","Panache+1","Infinite Blades+1","After Image+1","Footwork+1","Madness","Madness+1"],"relics":["Ring of the Snake","HollowMod:JonisBlessing","Torii","Frozen Egg 2","MealTicket","Pandora\u0027s Box","Pen Nib","Orichalcum","Runic Pyramid","Ornamental Fan"],"acts_visited":["Exordium","TheCity","TheBeyond"],"potions_floor_usage":[5,16,18,21,33,33,41],"damage_taken":[{"damage":0,"enemies":"2_ Uuma","floor":1,"turns":8},{"damage":0,"enemies":"Hallownest:2_Baldur","floor":5,"turns":8},{"damage":0,"enemies":"Hallownest:2_Tiktiks_and_1_Crawlid","floor":7,"turns":5},{"damage":8,"enemies":"Hallownest:2_Tiktiks_1_Baldur_1_Crawlid","floor":10,"turns":4},{"damage":1,"enemies":"Hallownest:eliteVengeflyKing","floor":11,"turns":8},{"damage":0,"enemies":"Hallownest:MossCreep_and_Mosskin","floor":14,"turns":6},{"damage":30,"enemies":"Hallownest:BossHornet","floor":16,"turns":20},{"damage":1,"enemies":"Spheric Guardian","floor":18,"turns":4},{"damage":0,"enemies":"Chosen","floor":20,"turns":4},{"damage":1,"enemies":"Snake Plant","floor":21,"turns":3},{"damage":23,"enemies":"Cultist and Chosen","floor":24,"turns":6},{"damage":0,"enemies":"Snecko","floor":29,"turns":3},{"damage":1,"enemies":"Automaton","floor":33,"turns":6},{"damage":0,"enemies":"3 Darklings","floor":35,"turns":4},{"damage":21,"enemies":"3 Shapes","floor":36,"turns":3},{"damage":7,"enemies":"3 Darklings","floor":39,"turns":4},{"damage":0,"enemies":"4 Shapes","floor":41,"turns":4},{"damage":54,"enemies":"Reptomancer","floor":46,"turns":3}],"seed_played":"9023864147240487192","potions_obtained":[{"floor":1,"key":"SteroidPotion"},{"floor":14,"key":"Regen Potion"},{"floor":16,"key":"DistilledChaos"},{"floor":18,"key":"SpeedPotion"},{"floor":20,"key":"Poison Potion"},{"floor":29,"key":"Dexterity Potion"},{"floor":39,"key":"Block Potion"}],"is_trial":false,"path_per_floor":["M","?","?","$","M","R","M","R","T","M","E","?","?","M","R","B",null,"M","?","M","M","?","R","M","R","T","?","R","M","$","T","R","B",null,"M","M","$","?","M","R","M","R","T","?","?","E"],"character_chosen":"THE_SILENT","items_purchased":["HollowMod:JonisBlessing","Caltrops","Panache+1","Infinite Blades+1","Footwork+1"],"campfire_rested":2,"item_purchase_floors":[0,0,30,30,37],"current_hp_per_floor":[37,37,26,26,26,26,26,26,26,18,17,17,17,17,34,4,45,44,44,44,43,43,43,20,20,20,20,20,20,35,35,52,51,56,56,35,50,50,43,43,43,43,43,33,33,0,0],"gold":101,"neow_bonus":"","is_daily":false,"chose_seed":false,"campfire_upgraded":7,"win_rate":0.0,"timestamp":1607901042,"path_taken":["M","?","?","$","M","R","M","R","T","M","E","?","?","M","R","BOSS","M","?","?","M","?","R","M","R","T","?","R","M","?","?","R","BOSS","M","M","$","?","M","R","M","R","T","?","?","E"],"items_purchased_type":["Relic","Card","Card","Card","Card"],"build_version":"2020-11-30","purchased_purges":2,"victory":false,"max_hp_per_floor":[66,58,58,58,58,58,58,58,58,58,58,58,58,58,58,58,58,58,58,58,58,58,58,58,58,58,58,58,58,58,58,58,58,58,58,58,58,58,58,58,58,58,58,58,58,58,58],"relic_stats":{"Torii":23,"counters":[385,2103],"Ornamental Fan":[12],"MealTicket":30,"Pandora\u0027s Box":["Backflip","Backstab","Dash","Terror","Dodge and Roll","Envenom"],"Pen Nib":[21],"Orichalcum":[12],"obtain_stats":[{"TwistedFunnel":19,"Whetstone":0,"Bottled Tornado":28,"Boot":8,"Sling":19,"Blood Vial":2,"Sundial":43,"MealTicket":7,"Fusion Hammer":34,"Kunai":9,"HollowMod:PaleOreRelic":40,"HollowMod:QueensCombRelic":0,"Pear":9,"Blue Candle":31,"HollowMod:JonisBlessing":0,"Eternal Feather":13,"Pen Nib":27,"Paper Crane":10,"Akabeko":45,"SlaversCollar":17,"MutagenicStrength":20,"Bird Faced Urn":25,"Pandora\u0027s Box":17,"Ring of the Serpent":34,"Unceasing Top":14,"Lantern":24,"Regal Pillow":26,"Torii":0,"Singing Bowl":9,"Magic Flower":0,"StoneCalendar":0,"Bag of Preparation":25,"Smiling Mask":9,"Hallownest:GodTamersBeastRelic":45,"Cursed Key":17,"Ancient Tea Set":7,"Matryoshka":31,"Shovel":0,"WristBlade":34,"Ninja Scroll":0,"WingedGreaves":0,"Chemical X":30,"InkBottle":14,"Ring of the Snake":0,"Potion Belt":43,"Lee\u0027s Waffle":30,"Golden Idol":2,"Circlet":30,"Thread and Needle":40,"PreservedInsect":5,"Omamori":13,"Frozen Egg 2":22,"Hallownest:WatcherSealRelic":20,"Busted Crown":34,"Ornamental Fan":11,"Turnip":24,"Bottled Lightning":26,"Toy Ornithopter":9,"Ice Cream":39,"Mark of the Bloom":36,"Calipers":10,"Tiny House":17,"Gremlin Horn":29,"CeramicFish":26,"Vajra":10,"HoveringKite":34,"HollowMod:VesselMask":0,"HollowMod:StagPassRelic":9,"Sozu":34,"Lizard Tail":43,"HornCleat":0,"Strawberry":26,"Philosopher\u0027s Stone":17,"Prayer Wheel":27,"Toxic Egg 2":9,"Girya":8,"Happy Flower":0,"Oddly Smooth Stone":0,"War Paint":30,"Question Card":26,"WarpedTongs":28,"Du-Vu Doll":25,"Bottled Flame":26,"Shuriken":9,"Bronze Scales":20,"Molten Egg 2":45,"CatCart":37,"Pocketwatch":0,"Meat on the Bone":4,"Darkstone Periapt":26,"Hallownest:StagBellRelic1":3,"SacredBark":34,"Enchiridion":27,"Mango":0,"Snake Skull":0,"Juzu Bracelet":43,"Incense Burner":2,"Hallownest:DreamNailRelic":3,"Empty Cage":17,"ClockworkSouvenir":0,"Nunchaku":26,"Dream Catcher":9,"Tough Bandages":0,"Mummified Hand":44,"Pantograph":6,"Tiny Chest":31,"Red Mask":48,"Runic Pyramid":34,"Hallownest:BeastSealRelic":48,"Hallownest:SalubrasBlessingRelic":2,"HollowMod:LifeEnderRelic":40,"Odd Mushroom":11,"Orichalcum":44,"White Beast Statue":26,"Peace Pipe":13,"Anchor":30,"Membership Card":0,"TungstenRod":43},{"TwistedFunnel":198,"Whetstone":0,"Bottled Tornado":112,"Boot":4,"Sling":64,"Blood Vial":56,"Sundial":17,"MealTicket":96,"Fusion Hammer":46,"Kunai":20,"HollowMod:PaleOreRelic":287,"HollowMod:QueensCombRelic":188,"Pear":58,"Blue Candle":158,"HollowMod:JonisBlessing":0,"Eternal Feather":238,"Pen Nib":68,"Paper Crane":148,"Akabeko":73,"SlaversCollar":39,"MutagenicStrength":111,"Bird Faced Urn":111,"Pandora\u0027s Box":374,"Ring of the Serpent":136,"Unceasing Top":218,"Lantern":10,"Regal Pillow":131,"Torii":250,"Singing Bowl":292,"Magic Flower":55,"StoneCalendar":55,"Bag of Preparation":179,"Smiling Mask":4,"Hallownest:GodTamersBeastRelic":54,"Cursed Key":110,"Ancient Tea Set":359,"Matryoshka":12,"Shovel":289,"WristBlade":182,"Ninja Scroll":210,"WingedGreaves":105,"Chemical X":44,"InkBottle":22,"Ring of the Snake":336,"Potion Belt":230,"Lee\u0027s Waffle":68,"Golden Idol":106,"Circlet":222,"Thread and Needle":184,"PreservedInsect":99,"Omamori":173,"Frozen Egg 2":9,"Hallownest:WatcherSealRelic":41,"Busted Crown":115,"Ornamental Fan":36,"Turnip":130,"Bottled Lightning":280,"Toy Ornithopter":107,"Ice Cream":286,"Mark of the Bloom":183,"Calipers":124,"Tiny House":127,"Gremlin Horn":200,"CeramicFish":179,"Vajra":59,"HoveringKite":202,"HollowMod:VesselMask":0,"HollowMod:StagPassRelic":255,"Sozu":244,"Lizard Tail":287,"HornCleat":188,"Strawberry":261,"Philosopher\u0027s Stone":7,"Prayer Wheel":87,"Toxic Egg 2":34,"Girya":255,"Happy Flower":55,"Oddly Smooth Stone":119,"War Paint":68,"Question Card":155,"WarpedTongs":43,"Du-Vu Doll":347,"Bottled Flame":11,"Shuriken":123,"Bronze Scales":25,"Molten Egg 2":208,"CatCart":226,"Pocketwatch":0,"Meat on the Bone":106,"Darkstone Periapt":198,"Hallownest:StagBellRelic1":145,"SacredBark":70,"Enchiridion":241,"Mango":18,"Snake Skull":188,"Juzu Bracelet":17,"Incense Burner":19,"Hallownest:DreamNailRelic":31,"Empty Cage":63,"ClockworkSouvenir":18,"Nunchaku":67,"Dream Catcher":147,"Tough Bandages":250,"Mummified Hand":207,"Pantograph":3,"Tiny Chest":303,"Red Mask":75,"Runic Pyramid":13,"Hallownest:BeastSealRelic":54,"Hallownest:SalubrasBlessingRelic":290,"HollowMod:LifeEnderRelic":229,"Odd Mushroom":102,"Orichalcum":187,"White Beast Statue":86,"Peace Pipe":81,"Anchor":134,"Membership Card":55,"TungstenRod":140},{"TwistedFunnel":1059,"Whetstone":0,"Bottled Tornado":608,"Boot":16,"Sling":351,"Blood Vial":314,"Sundial":91,"MealTicket":529,"Fusion Hammer":267,"Kunai":105,"HollowMod:PaleOreRelic":1541,"HollowMod:QueensCombRelic":1010,"Pear":321,"Blue Candle":829,"HollowMod:JonisBlessing":0,"Eternal Feather":1270,"Pen Nib":370,"Paper Crane":780,"Akabeko":387,"SlaversCollar":217,"MutagenicStrength":605,"Bird Faced Urn":605,"Pandora\u0027s Box":2059,"Ring of the Serpent":725,"Unceasing Top":1160,"Lantern":51,"Regal Pillow":701,"Torii":1334,"Singing Bowl":1609,"Magic Flower":310,"StoneCalendar":310,"Bag of Preparation":959,"Smiling Mask":16,"Hallownest:GodTamersBeastRelic":299,"Cursed Key":602,"Ancient Tea Set":1959,"Matryoshka":59,"Shovel":1574,"WristBlade":981,"Ninja Scroll":1121,"WingedGreaves":578,"Chemical X":253,"InkBottle":113,"Ring of the Snake":1845,"Potion Belt":1228,"Lee\u0027s Waffle":370,"Golden Idol":582,"Circlet":1184,"Thread and Needle":990,"PreservedInsect":549,"Omamori":913,"Frozen Egg 2":39,"Hallownest:WatcherSealRelic":230,"Busted Crown":624,"Ornamental Fan":195,"Turnip":698,"Bottled Lightning":1495,"Toy Ornithopter":585,"Ice Cream":1536,"Mark of the Bloom":985,"Calipers":675,"Tiny House":688,"Gremlin Horn":1072,"CeramicFish":959,"Vajra":325,"HoveringKite":1081,"HollowMod:VesselMask":0,"HollowMod:StagPassRelic":1359,"Sozu":1306,"Lizard Tail":1541,"HornCleat":1010,"Strawberry":1400,"Philosopher\u0027s Stone":32,"Prayer Wheel":476,"Toxic Egg 2":181,"Girya":1359,"Happy Flower":310,"Oddly Smooth Stone":643,"War Paint":370,"Question Card":814,"WarpedTongs":248,"Du-Vu Doll":1899,"Bottled Flame":55,"Shuriken":667,"Bronze Scales":137,"Molten Egg 2":1106,"CatCart":1208,"Pocketwatch":0,"Meat on the Bone":582,"Darkstone Periapt":1059,"Hallownest:StagBellRelic1":767,"SacredBark":378,"Enchiridion":1289,"Mango":100,"Snake Skull":1010,"Juzu Bracelet":91,"Incense Burner":102,"Hallownest:DreamNailRelic":168,"Empty Cage":346,"ClockworkSouvenir":100,"Nunchaku":364,"Dream Catcher":775,"Tough Bandages":1334,"Mummified Hand":1100,"Pantograph":11,"Tiny Chest":1687,"Red Mask":396,"Runic Pyramid":71,"Hallownest:BeastSealRelic":299,"Hallownest:SalubrasBlessingRelic":1591,"HollowMod:LifeEnderRelic":1224,"Odd Mushroom":563,"Orichalcum":1003,"White Beast Statue":466,"Peace Pipe":431,"Anchor":716,"Membership Card":310,"TungstenRod":739}],"Ring of the Snake":[58]},"card_choices":[{"not_picked":["Leg Sweep","Caltrops","PiercingWail"],"picked":"SKIP","floor":1},{"not_picked":["Concentrate","Slice"],"picked":"Flechettes","floor":5},{"not_picked":["Catalyst","Acrobatics","Poisoned Stab"],"picked":"SKIP","floor":7},{"not_picked":["Accuracy+1","Catalyst"],"picked":"Cloak And Dagger","floor":10},{"not_picked":["Outmaneuver","Acrobatics","Cloak And Dagger"],"picked":"SKIP","floor":11},{"not_picked":["Flying Knee","Backflip"],"picked":"Accuracy+1","floor":14},{"not_picked":["Wraith Form v2+1","Die Die Die"],"picked":"Burst","floor":16},{"not_picked":["Cloak And Dagger","Sucker Punch","Dodge and Roll"],"picked":"SKIP","floor":18},{"not_picked":["Dodge and Roll","Leg Sweep+1"],"picked":"Blade Dance+1","floor":20},{"not_picked":["Backflip","Quick Slash","Bane"],"picked":"SKIP","floor":21},{"not_picked":["Outmaneuver+1","Poisoned Stab","Distraction"],"picked":"SKIP","floor":24},{"not_picked":["Poisoned Stab+1","Flechettes","Predator"],"picked":"SKIP","floor":29},{"not_picked":["Grand Finale","Wraith Form v2+1"],"picked":"After Image+1","floor":33},{"not_picked":["Blade Dance","Backflip","Acrobatics+1"],"picked":"SKIP","floor":35},{"not_picked":["Crippling Poison","Bane","Distraction+1"],"picked":"SKIP","floor":36},{"not_picked":["Outmaneuver+1","All Out Attack","Deflect"],"picked":"SKIP","floor":39},{"not_picked":["Choke","PiercingWail","Dagger Spray"],"picked":"SKIP","floor":41}],"player_experience":781947,"relics_obtained":[{"floor":9,"key":"Frozen Egg 2"},{"floor":11,"key":"MealTicket"},{"floor":26,"key":"Pen Nib"},{"floor":31,"key":"Orichalcum"},{"floor":43,"key":"Ornamental Fan"}],"event_choices":[{"damage_healed":0,"gold_gain":0,"player_choice":"2 cards matched","damage_taken":0,"max_hp_gain":0,"max_hp_loss":0,"event_name":"Match and Keep!","floor":19,"gold_loss":0,"cards_obtained":["Outmaneuver","Storm of Steel"]},{"damage_healed":0,"gold_gain":0,"player_choice":"Ignored","damage_taken":0,"max_hp_gain":0,"max_hp_loss":0,"event_name":"Ghosts","floor":22,"gold_loss":0},{"damage_healed":0,"gold_gain":50,"player_choice":"Stole From Cult","damage_taken":0,"max_hp_gain":0,"max_hp_loss":0,"event_name":"Nest","floor":27,"gold_loss":0},{"damage_healed":0,"gold_gain":0,"player_choice":"Ignored","damage_taken":0,"max_hp_gain":0,"max_hp_loss":0,"event_name":"Mysterious Sphere","floor":38,"gold_loss":0},{"damage_healed":0,"gold_gain":0,"player_choice":"Embrace Madness","damage_taken":10,"max_hp_gain":0,"max_hp_loss":0,"event_name":"Winding Halls","floor":44,"gold_loss":0,"cards_obtained":["Madness","Madness"]},{"damage_healed":0,"gold_gain":0,"player_choice":"Upgraded","damage_taken":0,"max_hp_gain":0,"max_hp_loss":0,"event_name":"Upgrade Shrine","floor":45,"gold_loss":0,"cards_upgraded":["Madness"]}],"is_beta":false,"boss_relics":[{"not_picked":["Ectoplasm","Snecko Eye"],"picked":"Pandora\u0027s Box"},{"not_picked":["Black Star","Busted Crown"],"picked":"Runic Pyramid"}],"items_purged_floors":[0,4],"is_endless":false,"potions_floor_spawned":[1,14,16,18,20,29,39],"killed_by":"Reptomancer","ascension_level":19}}