{"host":"ow9msrs9p2ctkx99","time":1607880181,"event":{"mods":["AchievementEnabler","BaseMod","Colored Map","Colored Powertips","Minty Spire (QoL Compilation)","Permanent Neow","Quick Restart","SuperFastMode"],"gold_per_floor":[218,218,71,71,71,71,115,115,115,134,158,158,84,108,108,233,233,173,173],"floor_reached":18,"playtime":4559,"items_purged":["Strike_B"],"score":245,"play_id":"0ff4d3af-3441-4926-ba85-43921d273c35","local_time":"20201213182301","is_ascension_mode":true,"campfire_choices":[{"floor":6,"key":"REST"},{"floor":12,"key":"REST"},{"floor":15,"key":"REST"}],"circlet_count":0,"master_deck":["AscendersBane","Strike_B","Strike_B","Strike_B","Defend_B+1","Defend_B","Defend_B+1","Defend_B","Zap","Dualcast","Steam","Defragment","Darkness","Rebound","Multi-Cast","Sunder","Chill","Seek","CurseOfTheBell"],"relics":["Cracked Core","Peace Pipe","Golden Idol","Oddly Smooth Stone","Question Card","Calling Bell","CeramicFish","Eternal Feather","Unceasing Top"],"acts_visited":["Exordium","TheCity"],"potions_floor_usage":[16,16],"damage_taken":[{"damage":1,"enemies":"Cultist","floor":1,"turns":3},{"damage":28,"enemies":"Lagavulin","floor":7,"turns":8},{"damage":0,"enemies":"2 Louse","floor":10,"turns":3},{"damage":3,"enemies":"Small Slimes","floor":11,"turns":4},{"damage":7,"enemies":"Blue Slaver","floor":14,"turns":4},{"damage":6,"enemies":"The Guardian","floor":16,"turns":9},{"damage":14,"enemies":"2 Thieves","floor":18,"turns":3}],"seed_played":"-1759270289004078243","potions_obtained":[{"floor":11,"key":"Fire Potion"},{"floor":14,"key":"Fire Potion"},{"floor":16,"key":"Block Potion"}],"is_trial":false,"path_per_floor":["M","?","$","?","?","R","E","$","T","M","M","R","$","M","R","B",null,"M"],"character_chosen":"DEFECT","items_purchased":["Defragment","Sunder"],"campfire_rested":3,"item_purchase_floors":[3,13],"current_hp_per_floor":[67,42,42,27,27,47,19,19,19,19,16,36,36,29,49,43,63,49,49],"gold":173,"neow_bonus":"HUNDRED_GOLD","is_daily":false,"chose_seed":false,"campfire_upgraded":0,"win_rate":0.0,"timestamp":1607880181,"path_taken":["M","?","$","?","?","R","E","?","T","M","M","R","$","M","R","BOSS","M"],"items_purchased_type":["Card","Card"],"build_version":"2020-11-30","purchased_purges":1,"victory":false,"max_hp_per_floor":[75,75,75,75,69,69,69,69,69,69,69,69,69,69,69,69,69,69,69],"card_choices":[{"not_picked":["Rebound","Gash"],"picked":"Steam","floor":1},{"not_picked":["Redo","Chaos"],"picked":"Darkness","floor":7},{"not_picked":["Recycle","Genetic Algorithm","Beam Cell"],"picked":"Rebound","floor":10},{"not_picked":["Redo","Leap","Hologram"],"picked":"Multi-Cast","floor":11},{"not_picked":["Conserve Battery","Scrape","Streamline"],"picked":"Chill","floor":14},{"not_picked":["Buffer","Creative AI","Amplify"],"picked":"Seek","floor":16}],"player_experience":1017689,"relics_obtained":[{"floor":7,"key":"Oddly Smooth Stone"},{"floor":9,"key":"Question Card"},{"floor":17,"key":"CeramicFish"},{"floor":17,"key":"Eternal Feather"},{"floor":17,"key":"Unceasing Top"}],"event_choices":[{"damage_healed":0,"gold_gain":0,"player_choice":"Success","damage_taken":25,"relics_obtained":["Peace Pipe"],"max_hp_gain":0,"max_hp_loss":0,"event_name":"Scrap Ooze","floor":2,"gold_loss":0},{"damage_healed":0,"gold_gain":0,"player_choice":"Entered Light","damage_taken":15,"max_hp_gain":0,"max_hp_loss":0,"event_name":"Shining Light","floor":4,"gold_loss":0,"cards_upgraded":["Defend_B","Defend_B"]},{"damage_healed":0,"gold_gain":0,"player_choice":"Lose Max HP","damage_taken":0,"relics_obtained":["Golden Idol"],"max_hp_gain":0,"max_hp_loss":6,"event_name":"Golden Idol","floor":5,"gold_loss":0}],"is_beta":false,"boss_relics":[{"not_picked":["Runic Dome","Ectoplasm"],"picked":"Calling Bell"}],"items_purged_floors":[3],"is_endless":false,"potions_floor_spawned":[11,14,16],"killed_by":"2 Thieves","ascension_level":11}}