{"host":"ycjouya8nk9d76s1","time":1607883929,"event":{"mods":["BaseMod","Downfall","Minty Spire (QoL Compilation)","Shop Mod","StSLib"],"gold_per_floor":[99,116,130,130,130,156,181,181,191,41,57,69,244,259,279,377,377,377,395,395,495,528,538,538,538,638,638,283,283,302,313,330,426,426,426,445,475,163,163,163,163,163,176,176,176,276,291,308,320,320],"floor_reached":51,"playtime":6653,"items_purged":["Doubt","Slimebound:DouseInSlime+1"],"score":724,"play_id":"3a68d357-d8a7-47c6-9f96-827d917e13e9","local_time":"20201213192529","is_ascension_mode":false,"campfire_choices":[{"data":"Slimebound:CorrosiveSpit","floor":1.0,"key":"SMITH"},{"data":"Slimebound:SlimeSpikes","floor":4.0,"key":"SMITH"},{"floor":8.0,"key":"REST"},{"data":"Slimebound:Gluttony","floor":10.0,"key":"SMITH"},{"data":"Slimebound:DouseInSlime","floor":18.0,"key":"SMITH"},{"data":"Slimebound:SlimeSpikes","floor":20.0,"key":"SMITH"},{"data":"Slimebound:DisruptingSlam","floor":25.0,"key":"SMITH"},{"data":"Slimebound:FirmFortitude","floor":27.0,"key":"SMITH"},{"data":"Slimebound:PrepareCrush","floor":35,"key":"SMITH"},{"data":"Apotheosis","floor":39,"key":"SMITH"},{"data":"Slimebound:LivingWall","floor":42,"key":"SMITH"},{"data":"Slimebound:Prepare","floor":44,"key":"SMITH"}],"circlet_count":0,"master_deck":["Slimebound:Split","Slimebound:CorrosiveSpit+1","Slimebound:MegaLick","Slimebound:SlimeSpikes+1","Slimebound:SplitMire","Slimebound:Gluttony+1","Slimebound:SplitAcid","Slimebound:DisruptingSlam+1","Slimebound:OneTwoCombo","Slimebound:Repurpose","Slimebound:OozeBath","Slimebound:LivingWall","Slimebound:SlimeSpikes+1","Slimebound:SplitMire","Slimebound:SelfFormingGoo","Slimebound:LivingWall+1","Slimebound:RainOfGoop","Slimebound:HauntingLick+1","Slimebound:LeechEnergy+1","Slimebound:FirmFortitude+1","Slimebound:SlimeTap","Slimebound:RallyTheTroops","Slimebound:Grow+1","Slimebound:PressTheAttack+1","Slimebound:PressTheAttack+1","Slimebound:PrepareCrush+1","Slimebound:Nibble+1","Slimebound:GrowthPunch","Apotheosis+1","expansioncontent:SuperHexaguard","expansioncontent:AwakenDeath","expansioncontent:Flail","Slimebound:Prepare+1","Slimebound:SpikyOuterGoop+1","Slimebound:DuplicatedForm","Slimebound:TongueLash","Slimebound:ComboTackle","hexamod:Haunted","Slimebound:Split","expansioncontent:FaceSlap","Slimebound:SplitAcid+1"],"relics":["Slimebound:AbsorbEndCombat","StoneCalendar","downfall:HeartBlessingBlue","downfall:HeartBlessingGreen","Pandora\u0027s Box","downfall:GremlinWheel","Gremlin Horn","Incense Burner","Darkstone Periapt","Prayer Wheel","Mummified Hand","Membership Card","Black Star","Toy Ornithopter","White Beast Statue","Strange Spoon","Nunchaku","Bag of Preparation","downfall:GremlinSack"],"acts_visited":["Exordium","TheCity","TheBeyond"],"potions_floor_usage":[36,38,46,50,50],"damage_taken":[{"damage":8.0,"enemies":"Jaw Worm","floor":2.0,"turns":3.0},{"damage":4.0,"enemies":"Small Slimes","floor":3.0,"turns":3.0},{"damage":40.0,"enemies":"Lagavulin","floor":6.0,"turns":10.0},{"damage":8.0,"enemies":"2 Louse","floor":9.0,"turns":2.0},{"damage":21.0,"enemies":"Lots of Slimes","floor":11.0,"turns":4.0},{"damage":6.0,"enemies":"3 Louse","floor":12.0,"turns":2.0},{"damage":13.0,"enemies":"Blue Slaver","floor":14.0,"turns":4.0},{"damage":17.0,"enemies":"Exordium Wildlife","floor":15.0,"turns":3.0},{"damage":16.0,"enemies":"downfall:Watcher","floor":16.0,"turns":7.0},{"damage":34.0,"enemies":"Shell Parasite","floor":19.0,"turns":4.0},{"damage":12.0,"enemies":"Shell Parasite","floor":21.0,"turns":3.0},{"damage":36.0,"enemies":"Book of Stabbing","floor":22.0,"turns":5.0},{"damage":8.0,"enemies":"Snake Plant","floor":23.0,"turns":2.0},{"damage":32.0,"enemies":"Colosseum Nobs","floor":26.0,"turns":4.0},{"damage":6.0,"enemies":"downfall:FleeingMerchant","floor":28.0,"turns":4.0},{"damage":32.0,"enemies":"Centurion and Healer","floor":30.0,"turns":3.0},{"damage":0.0,"enemies":"Cultist and Chosen","floor":31.0,"turns":3.0},{"damage":3.0,"enemies":"Snecko","floor":32.0,"turns":3.0},{"damage":47.0,"enemies":"downfall:Silent","floor":33.0,"turns":7.0},{"damage":5,"enemies":"Orb Walker","floor":36,"turns":3},{"damage":25,"enemies":"Nemesis","floor":37,"turns":5},{"damage":4,"enemies":"downfall:FleeingMerchant","floor":38,"turns":4},{"damage":10,"enemies":"3 Darklings","floor":43,"turns":3},{"damage":0,"enemies":"3 Darklings","floor":46,"turns":2},{"damage":2,"enemies":"Sphere and 2 Shapes","floor":47,"turns":3},{"damage":17,"enemies":"4 Shapes","floor":48,"turns":2},{"damage":0,"enemies":"Transient","floor":49,"turns":5},{"damage":23,"enemies":"downfall:Ironclad","floor":50,"turns":6}],"seed_played":"-7329032509482023876","potions_obtained":[{"floor":2.0,"key":"FairyPotion"},{"floor":3.0,"key":"EssenceOfSteel"},{"floor":6.0,"key":"Weak Potion"},{"floor":12.0,"key":"PowerPotion"},{"floor":16.0,"key":"Dexterity Potion"},{"floor":22.0,"key":"hexamod:EctoCoolerPotion"},{"floor":26.0,"key":"Weak Potion"},{"floor":31.0,"key":"Fire Potion"},{"floor":32.0,"key":"Block Potion"},{"floor":37,"key":"SkillPotion"},{"floor":38,"key":"GamblersBrew"},{"floor":43,"key":"Energy Potion"},{"floor":46,"key":"DuplicationPotion"},{"floor":48,"key":"Slimebound:SpawnSlimePotion"}],"is_trial":false,"path_per_floor":["R","M","M","R","?","E","T","R","M","R","M","M","?","M","M","B",null,"R","M","R","?","E","M","T","R","?","R","$","?","M","M","M","B",null,"R","M","E","$","R","?","T","R","M","R","?","?","M","M","M","B",null],"character_chosen":"SLIMEBOUND","items_purchased":["Membership Card","Slimebound:LevelUp","Slimebound:RallyTheTroops","Apotheosis","Strange Spoon","Nunchaku"],"campfire_rested":1,"item_purchase_floors":[28,28,28,38,38,38],"current_hp_per_floor":[66,64,66,66,66,39,39,58,62,72,65,65,65,68,69,76,76,76,64,64,74,56,66,66,66,62,62,76,76,70,76,75,57,76,76,76,60,76,76,66,66,66,70,70,70,82,82,81,82,80],"gold":320,"neow_bonus":"TEN_PERCENT_HP_BONUS","is_daily":false,"chose_seed":false,"campfire_upgraded":11,"win_rate":0.0,"timestamp":1607883929,"path_taken":["R","M","M","R","?","E","T","R","M","R","M","M","?","M","M","BOSS","R","M","R","?","E","?","T","R","?","R","$","?","M","?","M","BOSS","R","M","E","$","R","?","T","R","M","R","?","?","?","?","M","BOSS"],"items_purchased_type":["Relic","Card","Card","Card","Relic","Relic"],"build_version":"2020-11-30","purchased_purges":2,"victory":true,"max_hp_per_floor":[66,66,66,66,66,66,66,66,66,76,76,76,76,76,76,76,76,76,76,76,76,76,76,76,76,76,76,76,76,76,76,76,76,76,76,76,76,76,76,76,76,76,76,76,76,82,82,82,82,82],"card_choices":[{"not_picked":["Slimebound:Grow","Slimebound:FormOfPuddle"],"picked":"Slimebound:MegaLick","floor":2.0},{"not_picked":["Slimebound:AcidTongue","Slimebound:GoopTackle"],"picked":"Slimebound:SlimeSpikes","floor":3.0},{"not_picked":["Slimebound:SlimeSpikes","Slimebound:MinionMaster"],"picked":"Slimebound:SplitMire","floor":6.0},{"not_picked":["Slimebound:LeechEnergy","Slimebound:LeechingTouch"],"picked":"Slimebound:Gluttony","floor":9.0},{"not_picked":["Slimebound:Chomp","Slimebound:LeechEnergy"],"picked":"Slimebound:SplitAcid","floor":11.0},{"not_picked":["Slimebound:PressTheAttack","Slimebound:HauntingLick"],"picked":"Slimebound:DisruptingSlam","floor":12.0},{"not_picked":["Slimebound:SlimeSpikes","Slimebound:SlimeBrawl"],"picked":"Slimebound:OneTwoCombo","floor":14.0},{"not_picked":["Slimebound:SlimeSpikes","Slimebound:RejuvenatingLick"],"picked":"Slimebound:Repurpose","floor":15.0},{"not_picked":["Slimebound:MassRepurpose","Slimebound:SlimeSlap"],"picked":"Slimebound:OozeBath","floor":16.0},{"not_picked":["Slimebound:SplitLeeching","Slimebound:RainOfGoop"],"picked":"Slimebound:HauntingLick+1","floor":19.0},{"not_picked":["Slimebound:PressTheAttack","Slimebound:LivingWall"],"picked":"Slimebound:LeechEnergy+1","floor":22.0},{"not_picked":["Slimebound:BestDefense","Slimebound:SplitAcid","Slimebound:ComboTackle"],"picked":"SKIP","floor":23.0},{"not_picked":["Slimebound:FlameTackle","Slimebound:LeechingTouch"],"picked":"Slimebound:FirmFortitude","floor":26.0},{"not_picked":["Slimebound:SplitMire","Slimebound:RollThrough"],"picked":"Slimebound:SlimeTap","floor":28.0},{"not_picked":["Slimebound:SamplingLick+1","Slimebound:BestDefense"],"picked":"Slimebound:Grow+1","floor":30.0},{"not_picked":["Slimebound:Equalize","Slimebound:ItLooksTasty","Slimebound:Schlurp"],"picked":"SKIP","floor":30.0},{"not_picked":["Slimebound:SplitLeeching","Slimebound:RollThrough+1"],"picked":"Slimebound:PressTheAttack+1","floor":31.0},{"not_picked":["Slimebound:SlimeSpikes","Slimebound:FormOfPuddle","Slimebound:Schlurp"],"picked":"SKIP","floor":31.0},{"not_picked":["Slimebound:ComboTackle","Slimebound:SlimeSlap"],"picked":"Slimebound:PressTheAttack+1","floor":32.0},{"not_picked":["Slimebound:Gluttony","Slimebound:SplitLeeching","Slimebound:TongueLash+1"],"picked":"SKIP","floor":32.0},{"not_picked":["Slimebound:DouseInSlime","Slimebound:MinionMaster"],"picked":"Slimebound:PrepareCrush","floor":33.0},{"not_picked":["Slimebound:FinishingTackle+1","Slimebound:LeechEnergy"],"picked":"Slimebound:Nibble+1","floor":36},{"not_picked":["Slimebound:Dissolve","Slimebound:PressTheAttack"],"picked":"Slimebound:GrowthPunch","floor":36},{"not_picked":["Slimebound:RollThrough+1","Slimebound:FirmFortitude","Slimebound:SamplingLick+1"],"picked":"SKIP","floor":37},{"not_picked":["Slimebound:SplitMire","Slimebound:SlimeSlap","Slimebound:FinishingTackle"],"picked":"SKIP","floor":38},{"not_picked":["expansioncontent:BronzeBeam","expansioncontent:HyperBeam"],"picked":"expansioncontent:SuperHexaguard","floor":40},{"not_picked":["expansioncontent:LastStand","expansioncontent:Collect"],"picked":"expansioncontent:AwakenDeath","floor":40},{"not_picked":["expansioncontent:DarkVoid","expansioncontent:GuardianWhirl"],"picked":"expansioncontent:Flail","floor":40},{"not_picked":["Slimebound:Replication+1","Slimebound:Repurpose"],"picked":"Slimebound:Prepare","floor":43},{"not_picked":["Slimebound:SplitLeeching+1","Slimebound:LeechingTouch"],"picked":"Slimebound:SpikyOuterGoop+1","floor":43},{"not_picked":["Slimebound:SamplingLick+1","Slimebound:DuplicatedForm"],"picked":"Slimebound:SplitAcid+1","floor":47},{"not_picked":["Slimebound:LeechingTouch","Slimebound:GrowthPunch","Slimebound:SplitLeeching"],"picked":"SKIP","floor":47},{"not_picked":["Slimebound:SplitAcid+1","Slimebound:Repurpose+1","Slimebound:ViciousTackle"],"picked":"SKIP","floor":48},{"not_picked":["Slimebound:Grow","Slimebound:SamplingLick","Slimebound:Replication+1"],"picked":"SKIP","floor":48},{"not_picked":["Slimebound:SlimeTap+1","Slimebound:SplitLeeching+1","Slimebound:SplitMire"],"picked":"SKIP","floor":49},{"not_picked":["Slimebound:SplitLeeching+1","Slimebound:SplitAcid+1","Slimebound:FlameTackle+1"],"picked":"SKIP","floor":49}],"player_experience":184108,"relics_obtained":[{"floor":6.0,"key":"StoneCalendar"},{"floor":21.0,"key":"downfall:GremlinWheel"},{"floor":22.0,"key":"Gremlin Horn"},{"floor":24.0,"key":"Incense Burner"},{"floor":25.0,"key":"Darkstone Periapt"},{"floor":26.0,"key":"Prayer Wheel"},{"floor":26.0,"key":"Mummified Hand"},{"floor":37,"key":"Toy Ornithopter"},{"floor":37,"key":"White Beast Statue"},{"floor":41,"key":"Bag of Preparation"},{"floor":46,"key":"downfall:GremlinSack"}],"event_choices":[{"damage_healed":0.0,"max_hp_gain":0.0,"max_hp_loss":0.0,"gold_gain":0.0,"event_name":"Wheel of Change","player_choice":"Relic","floor":25.0,"gold_loss":0.0,"damage_taken":0.0},{"cards_removed":["Slimebound:LevelUp"],"damage_healed":0,"gold_gain":0,"player_choice":"Removed Power","damage_taken":0,"max_hp_gain":0,"max_hp_loss":0,"event_name":"Falling","floor":45,"gold_loss":0}],"is_beta":false,"boss_relics":[{"not_picked":["Runic Dome","Fusion Hammer"],"picked":"Pandora\u0027s Box"},{"not_picked":["Velvet Choker","Coffee Dripper"],"picked":"Black Star"}],"items_purged_floors":[28,38],"is_endless":false,"potions_floor_spawned":[2,3,6,12,16,22,26,31,32,37,38,43,46,47,48,49],"ascension_level":0}}