{"host":"k88fqnqg39joo1wf","time":1607887931,"event":{"mods":["Act Like it!","BaseMod","Colored Powertips","Downfall","Highlight Path","Hubris","Infinite Spire","Mimic Mod","Minty Spire (QoL Compilation)","StSLib","Wandering Minibosses"],"gold_per_floor":[99,99,99,99,132,150,174,201,138,164,164,184,184,45,60,161,161,86,104,114,142,142,142,193,211,211,303,320,207,207,219,242,350,362,374,175,175,175,187,206,233,256,268,193,193,193,213,249,262,262],"floor_reached":51,"playtime":2838,"items_purged":["Regret"],"score":839,"play_id":"7f94ac13-305f-48b4-ad74-64409b434278","local_time":"20201213133211","is_ascension_mode":true,"campfire_choices":[{"floor":1,"key":"RECALL"},{"data":"champ:Encircle","floor":3,"key":"SMITH"},{"data":"champ:VampiricStrike","floor":18,"key":"SMITH"},{"data":"champ:Duel","floor":22,"key":"SMITH"},{"data":"champ:Encircle","floor":26,"key":"SMITH"},{"data":"champ:GladiatorStyle","floor":35,"key":"SMITH"},{"data":"champ:BerserkerStyle","floor":38,"key":"SMITH"},{"floor":44,"key":"REST"}],"circlet_count":0,"master_deck":["champ:Strike","champ:Strike+1","champ:Strike","champ:Defend","champ:Defend","champ:Defend","champ:Defend","champ:Execute+1","champ:Taunt","champ:Encircle+1","champ:BerserkerStyle+1","champ:Duel+1","champ:BringItOn","champ:BerserkersShout","champ:AdrenalArmor","champ:AdrenalArmor+1","champ:AdrenalArmor","champ:DeathBlow","champ:Encircle+1","champ:AdrenalArmor","champ:VampiricStrike+1","champ:Backstep+1","champ:FanOfKnives","champ:FlashCut","champ:BladeFlurry+1","champ:FanOfKnives","champ:Devastate","champ:RisingSlash","champ:GladiatorStyle+1","champ:Backstep+1","champ:MurderStrike","champ:FocusedBerserking","champ:Encircle","champ:GutPunch","champ:MurderStrike","champ:EndlessRage+1","champ:Aggression","champ:StanceDance+1","champ:Aggression+1","champ:FalseCounter+1"],"relics":["champ:ChampionCrown","downfall:HeartsMalice","Bag of Marbles","infinitespire:Beetle Shell","Ancient Tea Set","Bronze Scales","champ:ChampionCrownUpgraded","downfall:HeartBlessingRed","Smiling Mask","Potion Belt","MawBank","Velvet Choker","champ:BerserkersGuideToSlaughter","Oddly Smooth Stone","downfall:HeartBlessingBlue","hubris:Teleporter"],"acts_visited":["Exordium","TheCity","TheBeyond"],"potions_floor_usage":[8,27,50,50,50],"damage_taken":[{"damage":0,"enemies":"infinitespire:Voidling","floor":2,"turns":1},{"damage":0,"enemies":"Small Slimes","floor":4,"turns":1},{"damage":0,"enemies":"Gremlin Nob","floor":5,"turns":1},{"damage":8,"enemies":"Cultist","floor":6,"turns":4},{"damage":34,"enemies":"Lagavulin","floor":8,"turns":4},{"damage":9,"enemies":"downfall:FleeingMerchant","floor":9,"turns":4},{"damage":48,"enemies":"3 Sentries","floor":10,"turns":6},{"damage":22,"enemies":"Blue Slaver","floor":12,"turns":3},{"damage":38,"enemies":"downfall:FleeingMerchant","floor":14,"turns":4},{"damage":41,"enemies":"Exordium Thugs","floor":15,"turns":2},{"damage":65,"enemies":"downfall:Watcher","floor":16,"turns":8},{"damage":44,"enemies":"Spheric Guardian","floor":19,"turns":2},{"damage":23,"enemies":"3 Byrds","floor":20,"turns":2},{"damage":88,"enemies":"Gremlin Leader","floor":21,"turns":7},{"damage":20,"enemies":"Shelled Parasite and Fungi","floor":25,"turns":2},{"damage":58,"enemies":"downfall:FleeingMerchant","floor":27,"turns":5},{"damage":21,"enemies":"Snake Plant","floor":28,"turns":2},{"damage":40,"enemies":"Centurion and Healer","floor":32,"turns":4},{"damage":74,"enemies":"downfall:Silent","floor":33,"turns":6},{"damage":30,"enemies":"Orb Walker","floor":39,"turns":3},{"damage":45,"enemies":"3 Darklings","floor":40,"turns":2},{"damage":78,"enemies":"Jaw Worm Horde","floor":43,"turns":2},{"damage":87,"enemies":"Transient","floor":47,"turns":5},{"damage":78,"enemies":"Writhing Mass","floor":48,"turns":5},{"damage":64,"enemies":"Writhing Mass","floor":49,"turns":4},{"damage":130,"enemies":"downfall:Ironclad","floor":50,"turns":8}],"seed_played":"-7910422212390197349","potions_obtained":[{"floor":5,"key":"FearPotion"},{"floor":6,"key":"champ:TechniquePotion"},{"floor":8,"key":"DistilledChaos"},{"floor":11,"key":"LiquidBronze"},{"floor":28,"key":"DistilledChaos"},{"floor":40,"key":"sneckomod:MuddlingPotion"},{"floor":47,"key":"Explosive Potion"}],"is_trial":false,"path_per_floor":["R","M","R","M","E","M","T","E","$","E","?","M","?","$","M","B",null,"R","M","M","E","R","?","T","M","R","$","M","$","?","?","M","B",null,"R","$","?","R","M","M","T","T","M","R","?","?","M","MIM","M","B",null],"character_chosen":"THE_CHAMP","items_purchased":["champ:AdrenalArmor","champ:Encircle","Potion Belt","champ:FanOfKnives","champ:RisingSlash","champ:GladiatorStyle","champ:BerserkersGuideToSlaughter","champ:FocusedBerserking"],"campfire_rested":1,"item_purchase_floors":[9,14,27,27,29,29,36,36],"current_hp_per_floor":[90,90,90,90,90,89,89,72,72,68,68,68,68,67,57,45,90,90,90,90,90,90,90,90,90,90,90,90,90,90,72,90,95,95,95,95,95,95,83,95,95,95,65,105,105,105,105,105,105,105],"gold":262,"neow_bonus":"THREE_ENEMY_KILL","is_daily":false,"chose_seed":false,"campfire_upgraded":6,"win_rate":0.0,"timestamp":1607887931,"path_taken":["R","M","R","?","E","M","T","E","$","E","?","?","?","?","M","BOSS","R","M","?","E","R","?","T","?","R","?","?","?","?","?","M","BOSS","R","$","?","R","M","?","T","?","M","R","?","?","M","?","M","BOSS"],"items_purchased_type":["Card","Card","Relic","Card","Card","Card","Relic","Card"],"build_version":"2020-11-30","purchased_purges":1,"victory":true,"max_hp_per_floor":[90,90,90,90,90,90,90,90,90,90,90,90,90,90,90,90,90,90,90,90,90,90,90,90,90,90,90,90,90,90,95,95,95,95,95,95,95,95,95,95,95,95,95,105,105,105,105,105,105,105],"card_choices":[{"not_picked":["champ:Backstep","champ:CrookedStrike"],"picked":"champ:Encircle","floor":2},{"not_picked":["champ:Backstep","champ:FlashCut","champ:FocusedDefense"],"picked":"SKIP","floor":4},{"not_picked":["champ:GladiatorsShout","champ:BringItOn"],"picked":"champ:BerserkerStyle","floor":5},{"not_picked":["champ:ShieldSlam","champ:BladeFlurry"],"picked":"champ:Duel","floor":6},{"not_picked":["champ:GladiatorsShout","champ:RapidStrikes"],"picked":"champ:BringItOn","floor":8},{"not_picked":["champ:FlashCut","champ:GladiatorsShout"],"picked":"champ:BerserkersShout","floor":9},{"not_picked":["champ:ViciousMockery","champ:TornadoPunch"],"picked":"champ:AdrenalArmor","floor":10},{"not_picked":["champ:GladiatorsShout","champ:RecklessLeap"],"picked":"champ:AdrenalArmor","floor":12},{"not_picked":["champ:FaceSlap","champ:Riposte"],"picked":"champ:DeathBlow","floor":14},{"not_picked":["champ:FocusedDefense","champ:FocusedGladiator"],"picked":"champ:AdrenalArmor","floor":15},{"not_picked":["champ:PerfectForm","champ:HoldFirm"],"picked":"champ:VampiricStrike","floor":16},{"not_picked":["champ:Shatter","champ:Encircle"],"picked":"champ:Backstep+1","floor":19},{"not_picked":["champ:DefensiveShout","champ:Haymaker"],"picked":"champ:FanOfKnives","floor":20},{"not_picked":["champ:Haymaker","champ:BringItOn","champ:DefensiveShout"],"picked":"SKIP","floor":21},{"not_picked":["champ:GutPunch","champ:ShieldWall+1"],"picked":"champ:FlashCut","floor":25},{"not_picked":["champ:CrookedStrike+1","champ:IronFortress"],"picked":"champ:BladeFlurry+1","floor":27},{"not_picked":["champ:Haymaker","champ:RapidStrikes+1"],"picked":"champ:Devastate","floor":28},{"not_picked":["champ:EnGarde","champ:ViciousMockery"],"picked":"champ:Backstep+1","floor":32},{"not_picked":["champ:StrikeOfGenius","champ:CrownThrow"],"picked":"champ:MurderStrike","floor":33},{"not_picked":["champ:DefensiveShout","champ:AdrenalArmor"],"picked":"champ:GutPunch","floor":39},{"not_picked":["champ:Backstep","champ:FocusedDefense"],"picked":"champ:MurderStrike","floor":40},{"not_picked":["champ:AdrenalArmor","champ:SkillfulDodge+1"],"picked":"champ:EndlessRage+1","floor":43},{"not_picked":["champ:GladiatorsShout","champ:RapidStrikes"],"picked":"champ:StanceDance+1","floor":47},{"not_picked":["champ:EnragedBash","champ:PerfectedStrike+1"],"picked":"champ:Aggression+1","floor":48},{"not_picked":["champ:Haymaker","champ:FlashCut+1"],"picked":"champ:FalseCounter+1","floor":49}],"player_experience":238710,"relics_obtained":[{"floor":5,"key":"Bag of Marbles"},{"floor":7,"key":"infinitespire:Beetle Shell"},{"floor":8,"key":"Ancient Tea Set"},{"floor":10,"key":"Bronze Scales"},{"floor":24,"key":"Smiling Mask"},{"floor":42,"key":"Oddly Smooth Stone"},{"floor":48,"key":"hubris:Teleporter"}],"event_choices":[{"damage_healed":0,"gold_gain":0,"player_choice":"Got Potions","damage_taken":0,"max_hp_gain":0,"max_hp_loss":0,"event_name":"Lab","floor":11,"gold_loss":0},{"cards_removed":["champ:Strike"],"damage_healed":0,"gold_gain":0,"player_choice":"Purged","damage_taken":0,"max_hp_gain":0,"max_hp_loss":0,"event_name":"Purifier","floor":23,"gold_loss":0}],"is_beta":false,"boss_relics":[{"not_picked":["Pandora\u0027s Box","Tiny House"],"picked":"champ:ChampionCrownUpgraded"},{"not_picked":["Snecko Eye","hubris:HollowSoul"],"picked":"Velvet Choker"}],"items_purged_floors":[14],"is_endless":false,"potions_floor_spawned":[5,6,8,12,15,19,28,40,47,49],"ascension_level":1}}