{"host":"3rixevx6n8b56xaj","time":1607855026,"event":{"mods":["2.2 Compatiblity","AchievementEnabler","BaseMod","Better Third Choice","Colored Map","DeckTracker","Friendly Minions","Minty Spire (QoL Compilation)","StSLib","SuperFastMode"],"gold_per_floor":[18,18,33,0,19,19,32,49,49,60,60,72,106,119,119,214,214,225,225,241,241,255,285,305,331,331,331,208,223,236,254,254,359,359,375,393,404,417,432,432,188,214,214,228,239,239,97,123,123,123,123,123,20,45,45],"floor_reached":56,"playtime":1540,"items_purged":["Strike_R","Strike_R"],"score":1534,"play_id":"9d92ab43-f6ab-4154-96df-e074aa4722ca","local_time":"20201213192346","is_ascension_mode":false,"campfire_choices":[{"data":"Perfected Strike","floor":6,"key":"SMITH"},{"data":"Enlightenment","floor":11,"key":"SMITH"},{"data":"Dual Wield","floor":15,"key":"SMITH"},{"data":"Offering","floor":32,"key":"SMITH"},{"data":"Barricade","floor":40,"key":"SMITH"},{"floor":49,"key":"RECALL"},{"data":"Double Tap","floor":52,"key":"SMITH"}],"circlet_count":0,"master_deck":["Strike_R","Strike_R","Strike_R","Defend_R","Defend_R","Defend_R","Bash","Perfected Strike+1","Twin Strike","Cleave","Enlightenment+1","Wild Strike","Shockwave","Perfected Strike","Pommel Strike","Dual Wield+1","Perfected Strike","Offering+1","Perfected Strike","Perfected Strike","Thunderclap+1","Insight","Perfected Strike","Double Tap+1","Armaments+1","Impervious","Shrug It Off","Pommel Strike+1","Pommel Strike+1","Barricade+1","Pommel Strike+1","Shrug It Off+1","Perfected Strike+1","Pommel Strike+1","Impervious","Seeing Red+1","Perfected Strike+1","Twin Strike+1"],"relics":["Burning Blood","FossilizedHelix","Pantograph","Ornamental Fan","Cursed Key","Singing Bowl","Self Forming Clay","Molten Egg 2","Coffee Dripper","Letter Opener","Paper Frog","Kunai","White Beast Statue"],"acts_visited":["Exordium","TheCity","TheBeyond","TheEnding"],"potions_floor_usage":[16,23,25,33,44,55,55,55],"damage_taken":[{"damage":0,"enemies":"2 Louse","floor":1,"turns":3},{"damage":0,"enemies":"Jaw Worm","floor":3,"turns":2},{"damage":0,"enemies":"Small Slimes","floor":5,"turns":2},{"damage":3,"enemies":"Red Slaver","floor":7,"turns":3},{"damage":9,"enemies":"Exordium Thugs","floor":8,"turns":3},{"damage":0,"enemies":"Blue Slaver","floor":10,"turns":3},{"damage":0,"enemies":"3 Louse","floor":12,"turns":2},{"damage":0,"enemies":"Lagavulin","floor":13,"turns":5},{"damage":0,"enemies":"Large Slime","floor":14,"turns":3},{"damage":0,"enemies":"Slime Boss","floor":16,"turns":2},{"damage":0,"enemies":"Shell Parasite","floor":18,"turns":1},{"damage":0,"enemies":"Spheric Guardian","floor":20,"turns":3},{"damage":6,"enemies":"Shelled Parasite and Fungi","floor":22,"turns":3},{"damage":17,"enemies":"Book of Stabbing","floor":23,"turns":2},{"damage":0,"enemies":"Centurion and Healer","floor":24,"turns":3},{"damage":0,"enemies":"Gremlin Leader","floor":25,"turns":2},{"damage":0,"enemies":"Cultist and Chosen","floor":29,"turns":3},{"damage":0,"enemies":"Snake Plant","floor":30,"turns":2},{"damage":12,"enemies":"Shelled Parasite and Fungi","floor":31,"turns":2},{"damage":0,"enemies":"Collector","floor":33,"turns":2},{"damage":0,"enemies":"3 Shapes","floor":35,"turns":4},{"damage":0,"enemies":"Orb Walker","floor":36,"turns":1},{"damage":8,"enemies":"Transient","floor":37,"turns":5},{"damage":0,"enemies":"Spire Growth","floor":38,"turns":2},{"damage":0,"enemies":"Sphere and 2 Shapes","floor":39,"turns":2},{"damage":0,"enemies":"Giant Head","floor":42,"turns":4},{"damage":0,"enemies":"Writhing Mass","floor":44,"turns":1},{"damage":0,"enemies":"Spire Growth","floor":45,"turns":2},{"damage":9,"enemies":"Reptomancer","floor":48,"turns":2},{"damage":29,"enemies":"Donu and Deca","floor":50,"turns":6},{"damage":0,"enemies":"Shield and Spear","floor":54,"turns":2},{"damage":62,"enemies":"The Heart","floor":55,"turns":6}],"seed_played":"4591623652202767091","potions_obtained":[{"floor":1,"key":"DuplicationPotion"},{"floor":13,"key":"Energy Potion"},{"floor":14,"key":"Regen Potion"},{"floor":16,"key":"SteroidPotion"},{"floor":18,"key":"FearPotion"},{"floor":23,"key":"FearPotion"},{"floor":24,"key":"Energy Potion"},{"floor":30,"key":"SteroidPotion"},{"floor":31,"key":"AttackPotion"},{"floor":36,"key":"HeartOfIron"},{"floor":54,"key":"PowerPotion"}],"is_trial":false,"path_per_floor":["M","?","M","?","M","R","M","M","T","M","R","M","E","M","R","B",null,"M","?","M","?","M","E","M","E","T","?","$","M","M","M","R","B",null,"M","M","M","M","M","R","$","E","T","M","M","T","$","E","R","B",null,"R","$","E","B",null],"character_chosen":"IRONCLAD","items_purchased":["Shrug It Off","Impervious","Paper Frog","BloodPotion","Energy Potion"],"campfire_rested":0,"item_purchase_floors":[28,41,47,53,53],"current_hp_per_floor":[80,80,80,86,86,86,86,83,83,86,86,86,86,86,86,86,86,86,86,86,86,86,75,81,86,86,86,86,88,88,82,82,88,88,88,88,86,90,90,90,90,90,90,92,92,92,92,91,91,71,94,94,94,94,56],"gold":45,"neow_bonus":"ONE_RARE_RELIC","is_daily":false,"chose_seed":false,"campfire_upgraded":6,"win_rate":0.0,"timestamp":1607855026,"path_taken":["M","?","M","?","M","R","M","M","T","M","R","M","E","M","R","BOSS","M","?","M","?","M","E","M","E","T","?","$","M","M","M","R","BOSS","M","M","M","M","M","R","$","E","T","M","M","?","?","E","R","BOSS","R","$","E","BOSS"],"items_purchased_type":["Card","Card","Relic","Potion","Potion"],"build_version":"2020-11-30","purchased_purges":2,"victory":true,"max_hp_per_floor":[80,80,80,86,86,86,86,86,86,86,86,86,86,86,86,86,86,86,86,86,86,86,86,86,86,86,86,86,88,88,88,88,88,88,88,88,88,90,90,90,90,90,90,92,92,92,92,94,94,94,94,94,94,94,94],"card_choices":[{"not_picked":["Wild Strike","Second Wind"],"picked":"Perfected Strike","floor":1},{"not_picked":["Armaments","Clash"],"picked":"Cleave","floor":3},{"not_picked":["Thunderclap","Infernal Blade"],"picked":"Wild Strike","floor":5},{"not_picked":["Power Through","Anger","Sword Boomerang"],"picked":"SKIP","floor":7},{"not_picked":["Iron Wave","Clothesline"],"picked":"Shockwave","floor":8},{"not_picked":["Sword Boomerang","Dark Embrace"],"picked":"Perfected Strike","floor":10},{"not_picked":["Second Wind","Heavy Blade"],"picked":"Pommel Strike","floor":12},{"not_picked":["Headbutt","Flex"],"picked":"Dual Wield","floor":13},{"not_picked":["Second Wind","True Grit"],"picked":"Perfected Strike","floor":14},{"not_picked":["Corruption","Exhume"],"picked":"Offering","floor":16},{"not_picked":["Wild Strike","Shrug It Off"],"picked":"Perfected Strike","floor":18},{"not_picked":["Clash","Anger"],"picked":"Thunderclap+1","floor":20},{"not_picked":["Flex","Clothesline+1"],"picked":"Perfected Strike","floor":22},{"not_picked":["Whirlwind","Headbutt"],"picked":"Double Tap","floor":23},{"not_picked":["Wild Strike","Clothesline+1"],"picked":"Armaments+1","floor":24},{"not_picked":["Cleave","Pummel"],"picked":"Impervious","floor":25},{"not_picked":["Flex","Sword Boomerang+1","Body Slam+1"],"picked":"Singing Bowl","floor":29},{"not_picked":["Blood for Blood+1","Sentinel"],"picked":"Pommel Strike+1","floor":30},{"not_picked":["Twin Strike+1","Armaments"],"picked":"Pommel Strike+1","floor":31},{"not_picked":["Double Tap","Corruption"],"picked":"Barricade","floor":33},{"not_picked":["Clash+1","Dropkick+1"],"picked":"Pommel Strike+1","floor":35},{"not_picked":["Evolve","Sword Boomerang+1"],"picked":"Shrug It Off+1","floor":36},{"not_picked":["Cleave+1","Carnage+1"],"picked":"Perfected Strike+1","floor":37},{"not_picked":["Shrug It Off+1","Metallicize+1","Reckless Charge+1"],"picked":"Singing Bowl","floor":38},{"not_picked":["Ghostly Armor","Iron Wave+1"],"picked":"Pommel Strike+1","floor":39},{"not_picked":["Perfected Strike+1","Clothesline+1"],"picked":"Seeing Red+1","floor":42},{"not_picked":["Rampage+1","Uppercut+1","Iron Wave+1"],"picked":"Singing Bowl","floor":44},{"not_picked":["Wild Strike+1","Clothesline+1"],"picked":"Perfected Strike+1","floor":45},{"not_picked":["Cleave+1","Sentinel+1","Shockwave+1"],"picked":"Singing Bowl","floor":48},{"not_picked":["Feel No Pain","Brutality"],"picked":"Twin Strike+1","floor":54}],"player_experience":515131,"relics_obtained":[{"floor":9,"key":"Pantograph"},{"floor":13,"key":"Ornamental Fan"},{"floor":23,"key":"Singing Bowl"},{"floor":25,"key":"Self Forming Clay"},{"floor":26,"key":"Molten Egg 2"},{"floor":42,"key":"Letter Opener"},{"floor":48,"key":"Kunai"},{"floor":54,"key":"White Beast Statue"}],"event_choices":[{"damage_healed":0,"gold_gain":0,"cards_transformed":["Defend_R"],"player_choice":"Change","damage_taken":0,"max_hp_gain":0,"max_hp_loss":0,"event_name":"Living Wall","floor":2,"gold_loss":0,"cards_obtained":["Twin Strike"]},{"damage_healed":0,"gold_gain":0,"player_choice":"RENOUNCE","damage_taken":33,"max_hp_gain":0,"max_hp_loss":0,"event_name":"betterThird:BetterSerpent","floor":4,"gold_loss":33,"cards_obtained":["Enlightenment"]},{"damage_healed":0,"gold_gain":0,"player_choice":"Read","damage_taken":0,"max_hp_gain":0,"max_hp_loss":0,"event_name":"The Library","floor":19,"gold_loss":0,"cards_obtained":["Perfected Strike"]},{"damage_healed":0,"gold_gain":0,"player_choice":"Insight","damage_taken":0,"max_hp_gain":0,"max_hp_loss":0,"event_name":"betterThird:BetterWriting","floor":21,"gold_loss":0,"cards_obtained":["Insight"]},{"cards_removed":["Clumsy"],"damage_healed":0,"gold_gain":0,"player_choice":"Purged","damage_taken":0,"max_hp_gain":0,"max_hp_loss":0,"event_name":"Purifier","floor":27,"gold_loss":0}],"is_beta":false,"boss_relics":[{"not_picked":["Empty Cage","Sozu"],"picked":"Cursed Key"},{"not_picked":["Tiny House","Runic Dome"],"picked":"Coffee Dripper"}],"items_purged_floors":[28,41],"is_endless":false,"potions_floor_spawned":[1,13,14,16,18,23,24,30,31,36,38,39,42,54],"ascension_level":0}}