{"host":"ih7ofq2zpufcoifs","time":1607853207,"event":{"mods":["BaseMod","Colored Map","Minty Spire (QoL Compilation)"],"gold_per_floor":[113,29,43,118,118,118,154,154,180,220,220,245,245,266,266,396,396,410,40,40,58,77,77,117,117,117,161,260,305,305,329,329,461,461,486,819,47,74,0,33,53,92,172,16,16,27,54,79,79,79,79,79,79,123,123],"floor_reached":56,"playtime":4665,"items_purged":["Strike_G","Defend_G"],"score":2011,"play_id":"6be6c67a-e100-4190-a19d-ee02b19dff86","local_time":"20201213195327","is_ascension_mode":true,"campfire_choices":[{"data":"Sucker Punch","floor":6.0,"key":"SMITH"},{"floor":8.0,"key":"REST"},{"data":"Neutralize","floor":13.0,"key":"SMITH"},{"data":"Noxious Fumes","floor":15.0,"key":"SMITH"},{"data":"Wraith Form v2","floor":23.0,"key":"SMITH"},{"data":"Corpse Explosion","floor":25.0,"key":"SMITH"},{"data":"Catalyst","floor":30.0,"key":"SMITH"},{"data":"Well Laid Plans","floor":32.0,"key":"SMITH"},{"floor":45.0,"key":"RECALL"},{"data":"Apotheosis","floor":49.0,"key":"SMITH"},{"data":"Wraith Form v2","floor":52.0,"key":"SMITH"}],"circlet_count":0,"master_deck":["AscendersBane","Defend_G","Defend_G","Defend_G","Defend_G","Survivor","Neutralize+1","Well Laid Plans+1","Sucker Punch+1","Masterful Stab","Dash","Noxious Fumes+1","Acrobatics","Wraith Form v2+1","Escape Plan+1","Catalyst+1","Well Laid Plans+1","Skewer+1","Corpse Explosion+1","Tactician+1","Bite+1","Bite+1","Bite+1","Bite+1","Bite+1","Wraith Form v2+1","Wraith Form v2+1","Acrobatics","Noxious Fumes","Predator+1","Impatience","Acrobatics+1","Caltrops","Poisoned Stab+1","Parasite","Dark Shackles","Apotheosis+1","Sadistic Nature","PiercingWail+1"],"relics":["Ring of the Snake","Bird Faced Urn","Lantern","PreservedInsect","Turnip","Coffee Dripper","TwistedFunnel","Molten Egg 2","Bottled Lightning","CeramicFish","Cursed Key","DollysMirror","Mango","Red Mask","Blue Candle","Meat on the Bone","Frozen Eye","Dream Catcher","Orichalcum"],"acts_visited":["Exordium","TheCity","TheBeyond","TheEnding"],"potions_floor_usage":[55,55],"damage_taken":[{"damage":0.0,"enemies":"Jaw Worm","floor":1.0,"turns":6.0},{"damage":0.0,"enemies":"Small Slimes","floor":3.0,"turns":3.0},{"damage":24.0,"enemies":"Lagavulin","floor":7.0,"turns":12.0},{"damage":16.0,"enemies":"3 Sentries","floor":10.0,"turns":11.0},{"damage":0.0,"enemies":"Cultist","floor":12.0,"turns":3.0},{"damage":0.0,"enemies":"2 Fungi Beasts","floor":14.0,"turns":4.0},{"damage":2.0,"enemies":"The Guardian","floor":16.0,"turns":12.0},{"damage":0.0,"enemies":"Shell Parasite","floor":18.0,"turns":7.0},{"damage":7.0,"enemies":"2 Thieves","floor":21.0,"turns":4.0},{"damage":11.0,"enemies":"Centurion and Healer","floor":22.0,"turns":7.0},{"damage":14.0,"enemies":"Book of Stabbing","floor":24.0,"turns":6.0},{"damage":0.0,"enemies":"Gremlin Leader","floor":27.0,"turns":5.0},{"damage":4.0,"enemies":"Cultist and Chosen","floor":31.0,"turns":3.0},{"damage":42.0,"enemies":"Automaton","floor":33.0,"turns":9.0},{"damage":1.0,"enemies":"Orb Walker","floor":35.0,"turns":4.0},{"damage":9.0,"enemies":"3 Shapes","floor":38.0,"turns":4.0},{"damage":0.0,"enemies":"Nemesis","floor":40.0,"turns":5.0},{"damage":0.0,"enemies":"Sphere and 2 Shapes","floor":41.0,"turns":4.0},{"damage":0.0,"enemies":"Reptomancer","floor":42.0,"turns":4.0},{"damage":6.0,"enemies":"4 Shapes","floor":46.0,"turns":4.0},{"damage":9.0,"enemies":"Nemesis","floor":48.0,"turns":7.0},{"damage":34.0,"enemies":"Donu and Deca","floor":50.0,"turns":7.0},{"damage":7.0,"enemies":"Shield and Spear","floor":54.0,"turns":4.0},{"damage":78,"enemies":"The Heart","floor":55,"turns":9}],"seed_played":"-7638233139283897705","potions_obtained":[{"floor":1.0,"key":"Dexterity Potion"},{"floor":3.0,"key":"Energy Potion"},{"floor":10.0,"key":"Poison Potion"},{"floor":16.0,"key":"Energy Potion"},{"floor":22.0,"key":"Block Potion"},{"floor":27.0,"key":"EssenceOfSteel"},{"floor":42.0,"key":"AttackPotion"}],"is_trial":false,"path_per_floor":["M","$","M","?","?","R","E","R","T","E","?","M","R","M","R","B",null,"M","$","?","M","M","R","E","R","T","E","?","?","R","M","R","B",null,"M","?","$","M","?","E","M","E","T","$","R","M","?","E","R","B",null,"R","$","E","B",null],"character_chosen":"THE_SILENT","items_purchased":["Sucker Punch","Masterful Stab","TwistedFunnel","Catalyst","Well Laid Plans","DollysMirror","Acrobatics","Noxious Fumes","Mango","Predator+1","Impatience","Frozen Eye"],"campfire_rested":1,"item_purchase_floors":[2,2,19,19,19,37,37,37,37,37,37,44],"current_hp_per_floor":[63,63,63,52,52,52,30,47,47,33,21,23,23,27,27,29,51,57,57,57,55,49,49,43,43,43,51,51,40,40,40,40,26,37,40,40,54,54,54,54,54,54,54,54,54,54,44,54,54,53,54,54,54,54,31],"gold":123,"neow_bonus":"ONE_RARE_RELIC","is_daily":false,"chose_seed":false,"campfire_upgraded":9,"win_rate":0.0,"timestamp":1607853207,"path_taken":["M","$","M","?","?","R","E","R","T","E","?","M","R","M","R","BOSS","M","$","?","M","M","R","E","R","T","E","?","?","R","M","R","BOSS","M","?","$","M","?","E","M","E","T","?","R","?","?","E","R","BOSS","R","$","E","BOSS"],"items_purchased_type":["Card","Card","Relic","Card","Card","Relic","Card","Card","Relic","Card","Card","Relic"],"build_version":"2020-11-30","purchased_purges":2,"victory":true,"max_hp_per_floor":[63,63,63,63,58,58,58,58,58,58,58,58,58,58,58,58,58,58,58,58,58,58,58,58,58,58,58,58,40,40,40,40,40,40,40,40,54,54,54,54,54,54,54,54,54,54,54,54,54,54,54,54,54,54,54],"card_choices":[{"not_picked":["Prepared","Endless Agony"],"picked":"Well Laid Plans","floor":1.0},{"not_picked":["Acrobatics","Deadly Poison"],"picked":"Dash","floor":3.0},{"not_picked":["Masterful Stab","Prepared","Reflex"],"picked":"SKIP","floor":7.0},{"not_picked":["Expertise","Bane"],"picked":"Noxious Fumes","floor":10.0},{"not_picked":["Bane","Sucker Punch","Slice"],"picked":"SKIP","floor":12.0},{"not_picked":["Bullet Time","Slice"],"picked":"Acrobatics","floor":14.0},{"not_picked":["Phantasmal Killer","Bullet Time"],"picked":"Wraith Form v2","floor":16.0},{"not_picked":["Masterful Stab","Concentrate"],"picked":"Escape Plan+1","floor":18.0},{"not_picked":["Underhanded Strike","Endless Agony"],"picked":"Skewer+1","floor":21.0},{"not_picked":["Quick Slash","Sucker Punch","Cloak And Dagger+1"],"picked":"SKIP","floor":22.0},{"not_picked":["Riddle With Holes+1","Underhanded Strike+1"],"picked":"Corpse Explosion","floor":24.0},{"not_picked":["Terror","Riddle With Holes+1"],"picked":"Tactician+1","floor":27.0},{"not_picked":["Tactician","Slice+1","Dagger Spray+1"],"picked":"SKIP","floor":31.0},{"not_picked":["A Thousand Cuts","Doppelganger"],"picked":"Wraith Form v2","floor":33.0},{"not_picked":["Blur","Underhanded Strike+1","Slice+1"],"picked":"SKIP","floor":35.0},{"not_picked":["Masterful Stab+1","Flying Knee+1"],"picked":"Acrobatics+1","floor":38.0},{"not_picked":["Slice+1","Finisher+1","Masterful Stab+1"],"picked":"SKIP","floor":40.0},{"not_picked":["Noxious Fumes","Sucker Punch+1"],"picked":"Caltrops","floor":41.0},{"not_picked":["Dash+1","Reflex","Poisoned Stab+1"],"picked":"SKIP","floor":42.0},{"not_picked":["Dash+1","Reflex"],"picked":"Poisoned Stab+1","floor":42.0},{"not_picked":["Blur","Outmaneuver","Dodge and Roll"],"picked":"SKIP","floor":46.0},{"not_picked":["Mind Blast+1","Master of Strategy"],"picked":"Dark Shackles","floor":47.0},{"not_picked":["Discovery","Jack Of All Trades"],"picked":"Apotheosis","floor":47.0},{"not_picked":["HandOfGreed+1","Deep Breath"],"picked":"Sadistic Nature","floor":47.0},{"not_picked":["Backstab+1","Distraction","Eviscerate+1"],"picked":"SKIP","floor":48.0},{"not_picked":["Crippling Poison","Underhanded Strike+1"],"picked":"PiercingWail+1","floor":54.0}],"player_experience":302587,"relics_obtained":[{"floor":7.0,"key":"Lantern"},{"floor":9.0,"key":"PreservedInsect"},{"floor":10.0,"key":"Turnip"},{"floor":24.0,"key":"Molten Egg 2"},{"floor":26.0,"key":"Bottled Lightning"},{"floor":27.0,"key":"CeramicFish"},{"floor":40.0,"key":"Blue Candle"},{"floor":42.0,"key":"Meat on the Bone"},{"floor":48.0,"key":"Dream Catcher"},{"floor":54.0,"key":"Orichalcum"}],"event_choices":[{"damage_healed":0.0,"max_hp_gain":0.0,"max_hp_loss":0.0,"gold_gain":75.0,"event_name":"World of Goop","player_choice":"Gather Gold","floor":4.0,"gold_loss":0.0,"damage_taken":11.0},{"damage_healed":0.0,"max_hp_gain":0.0,"max_hp_loss":5.0,"gold_gain":0.0,"event_name":"Golden Idol","player_choice":"Lose Max HP","floor":5.0,"gold_loss":0.0,"damage_taken":0.0,"relics_obtained":["Golden Idol"]},{"damage_healed":0.0,"max_hp_gain":0.0,"max_hp_loss":0.0,"gold_gain":0.0,"event_name":"Shining Light","player_choice":"Entered Light","floor":11.0,"gold_loss":0.0,"damage_taken":12.0,"cards_upgraded":["Strike_G","Well Laid Plans"]},{"damage_healed":0.0,"max_hp_gain":0.0,"max_hp_loss":0.0,"gold_gain":0.0,"event_name":"The Mausoleum","player_choice":"Ignored","floor":20.0,"gold_loss":0.0,"damage_taken":0.0},{"damage_healed":0.0,"max_hp_gain":0.0,"max_hp_loss":0.0,"gold_gain":99.0,"event_name":"Nest","player_choice":"Stole From Cult","floor":28.0,"gold_loss":0.0,"damage_taken":0.0},{"damage_healed":0.0,"max_hp_gain":0.0,"max_hp_loss":18.0,"gold_gain":0.0,"event_name":"Vampires","player_choice":"Became a vampire","floor":29.0,"gold_loss":0.0,"damage_taken":0.0,"cards_obtained":["Bite","Bite","Bite","Bite","Bite"]},{"damage_healed":0.0,"max_hp_gain":0.0,"max_hp_loss":0.0,"gold_gain":333.0,"event_name":"The Moai Head","player_choice":"Gave Idol","floor":36.0,"relics_lost":["Golden Idol"],"gold_loss":0.0,"damage_taken":0.0},{"damage_healed":0.0,"max_hp_gain":0.0,"max_hp_loss":0.0,"gold_gain":0.0,"event_name":"Tomb of Lord Red Mask","player_choice":"Paid","floor":39.0,"gold_loss":74.0,"damage_taken":0.0,"relics_obtained":["Red Mask"]},{"damage_healed":0.0,"max_hp_gain":0.0,"max_hp_loss":0.0,"gold_gain":0.0,"event_name":"SensoryStone","player_choice":"Memory 3","floor":47.0,"gold_loss":0.0,"damage_taken":10.0}],"is_beta":false,"boss_relics":[{"not_picked":["Fusion Hammer","Tiny House"],"picked":"Coffee Dripper"},{"not_picked":["SlaversCollar","Calling Bell"],"picked":"Cursed Key"}],"items_purged_floors":[19,37],"is_endless":false,"potions_floor_spawned":[1,3,10,16,22,27,35,42,54],"ascension_level":12}}