{"host":"r2b8ojg4o4pyvjvq","time":1607876077,"event":{"mods":["BaseMod","Colored Map","Downfall","Highlight Path","Hubris","Minty Spire (QoL Compilation)","Replay The Spire","StSLib","SuperFastMode"],"gold_per_floor":[99,99,99,134,152,152,152,167,180,209,209,209,223,223,241,241,241],"floor_reached":16,"playtime":1511,"items_purged":[],"score":135,"play_id":"c427fd51-b1ec-4196-a865-25973cb2dfd1","local_time":"20201213171437","is_ascension_mode":false,"campfire_choices":[{"data":"champ:Execute","floor":1,"key":"SMITH"}],"circlet_count":0,"master_deck":["champ:Strike","champ:Strike","champ:Strike","champ:Strike","champ:Defend","champ:Defend","champ:Defend","champ:Defend","champ:Execute+1","champ:Taunt","champ:SkillfulDodge","champ:FanOfKnives","champ:ViciousMockery","champ:Devastate","Regret","sneckomod:QuickMove","Consecrate","Coolheaded","Replay:Hum","expansioncontent:CaCaw"],"relics":["champ:ChampionCrown","downfall:HeartsMalice","Replay:Bottled Snecko","PrismaticShard","Onion Ring","Smiling Mask","champ:LiftRelic"],"acts_visited":["Exordium"],"potions_floor_usage":[15,16,16],"damage_taken":[{"damage":0,"enemies":"Small Slimes","floor":2,"turns":1},{"damage":0,"enemies":"2 Louse","floor":3,"turns":1},{"damage":0,"enemies":"Gremlin Nob","floor":4,"turns":1},{"damage":22,"enemies":"Cultist","floor":5,"turns":5},{"damage":12,"enemies":"Blue Slaver","floor":8,"turns":4},{"damage":12,"enemies":"Exordium Thugs","floor":9,"turns":5},{"damage":45,"enemies":"3 Sentries","floor":10,"turns":8},{"damage":8,"enemies":"3 Louse","floor":13,"turns":2},{"damage":14,"enemies":"Lots of Slimes","floor":15,"turns":3},{"damage":18,"enemies":"downfall:Silent","floor":16,"turns":2}],"seed_played":"-2295357720258539085","potions_obtained":[{"floor":4,"key":"SmokeBomb"},{"floor":9,"key":"Block Potion"},{"floor":10,"key":"Regen Potion"},{"floor":13,"key":"DuplicationPotion"},{"floor":15,"key":"Fire Potion"}],"is_trial":false,"path_per_floor":["R","M","M","E","M","?","T","M","M","E","?","?","M","?","M","B"],"character_chosen":"THE_CHAMP","items_purchased":[],"campfire_rested":0,"item_purchase_floors":[],"current_hp_per_floor":[90,90,90,90,78,78,78,71,64,25,25,25,22,22,17,0,0],"gold":241,"neow_bonus":"THREE_ENEMY_KILL","is_daily":false,"chose_seed":false,"campfire_upgraded":1,"win_rate":0.0,"timestamp":1607876077,"path_taken":["R","M","M","E","M","?","T","M","M","E","?","?","M","?","M","BOSS"],"items_purchased_type":[],"build_version":"2020-11-30","purchased_purges":0,"victory":false,"max_hp_per_floor":[90,90,90,90,90,90,90,90,90,90,90,90,90,90,90,90,90],"card_choices":[{"not_picked":["champ:DefensiveShout","champ:Circumvent"],"picked":"champ:SkillfulDodge","floor":2},{"not_picked":["champ:SkillfulDodge","champ:FlashCut"],"picked":"champ:FanOfKnives","floor":3},{"not_picked":["champ:FanOfKnives","champ:RapidStrikes"],"picked":"champ:ViciousMockery","floor":4},{"not_picked":["champ:EndlessRage","champ:BladeFlurry"],"picked":"champ:Devastate","floor":5},{"not_picked":["Slimebound:Chomp","Meditate"],"picked":"sneckomod:QuickMove","floor":8},{"not_picked":["Slimebound:Darklings","Slimebound:Prepare"],"picked":"Consecrate","floor":9},{"not_picked":["champ:PerfectedStrike","sneckomod:UnknownClassGUARDIAN"],"picked":"Coolheaded","floor":10},{"not_picked":["Cleave","Underhanded Strike"],"picked":"Replay:Hum","floor":13},{"not_picked":["Gash","champ:DeathBlow"],"picked":"expansioncontent:CaCaw","floor":15}],"player_experience":387805,"relics_obtained":[{"floor":4,"key":"Replay:Bottled Snecko"},{"floor":7,"key":"Onion Ring"},{"floor":10,"key":"Smiling Mask"}],"event_choices":[{"damage_healed":0,"gold_gain":0,"player_choice":"Ignored","damage_taken":0,"max_hp_gain":0,"max_hp_loss":0,"event_name":"NoteForYourself","floor":14,"gold_loss":0}],"is_beta":false,"boss_relics":[],"items_purged_floors":[],"is_endless":false,"potions_floor_spawned":[4,9,10,13,15],"killed_by":"downfall:Silent","ascension_level":0}}