{"host":"foq4mrde4mssg7vt","time":1607871486,"event":{"mods":["AchievementEnabler","BaseMod","Colored Map","Colored Powertips","Highlight Path","Minty Spire (QoL Compilation)","Relic Stats","everything is the same but u backflip on backflip"],"gold_per_floor":[114,125,142,142,154,179,179,179,179,179,212,212,247,261,261,356,356,366,41,54,74,74,100,100,114,114,128,145,176,176,208,208,308,308,325,325,325,18,94,123,140,140,140,173,173,207,223,223,223,223,223,223,84,119,119],"floor_reached":56,"playtime":3312,"items_purged":["FlurryOfBlows"],"score":2078,"play_id":"532bb809-af08-47ef-93d3-989f77515c33","local_time":"20201213225806","is_ascension_mode":true,"campfire_choices":[{"data":"Protect","floor":12.0,"key":"SMITH"},{"data":"TalkToTheHand","floor":15.0,"key":"SMITH"},{"data":"MentalFortress","floor":24.0,"key":"SMITH"},{"data":"Blasphemy","floor":30.0,"key":"SMITH"},{"data":"Wireheading","floor":32.0,"key":"SMITH"},{"floor":42,"key":"REST"},{"data":"Meditate","floor":45,"key":"SMITH"},{"floor":49,"key":"RECALL"},{"data":"Establishment","floor":52,"key":"SMITH"}],"circlet_count":0,"master_deck":["AscendersBane","Strike_P","Strike_P","Defend_P","Defend_P+1","Defend_P","Eruption","Vigilance+1","JustLucky+1","LikeWater+1","Fasting2+1","CrushJoints","Wireheading+1","BattleHymn","PathToVictory","Protect+1","TalkToTheHand+1","Vault","MentalFortress+1","WheelKick","EmptyBody","Blasphemy+1","Adaptation","Establishment+1","FollowUp+1","SandsOfTime","Protect+1","Meditate+1","EmptyFist","DevaForm","MentalFortress+1"],"relics":["Astrolabe","WarpedTongs","Akabeko","Anchor","Sundial","Dream Catcher","Snecko Eye","HornCleat","Eternal Feather","Shuriken","StoneCalendar","InkBottle","Sozu","Mummified Hand","Bag of Preparation","Toy Ornithopter","Boot","Omamori","War Paint"],"acts_visited":["Exordium","TheCity","TheBeyond","TheEnding"],"potions_floor_usage":[55],"damage_taken":[{"damage":0.0,"enemies":"2 Louse","floor":1.0,"turns":4.0},{"damage":0.0,"enemies":"Cultist","floor":2.0,"turns":4.0},{"damage":3.0,"enemies":"Small Slimes","floor":3.0,"turns":4.0},{"damage":4.0,"enemies":"3 Louse","floor":5.0,"turns":5.0},{"damage":0.0,"enemies":"Gremlin Nob","floor":6.0,"turns":2.0},{"damage":2.0,"enemies":"3 Sentries","floor":11.0,"turns":4.0},{"damage":0.0,"enemies":"Lagavulin","floor":13.0,"turns":4.0},{"damage":1.0,"enemies":"Exordium Wildlife","floor":14.0,"turns":4.0},{"damage":30.0,"enemies":"The Guardian","floor":16.0,"turns":10.0},{"damage":0.0,"enemies":"Spheric Guardian","floor":18.0,"turns":3.0},{"damage":0.0,"enemies":"Chosen","floor":20.0,"turns":4.0},{"damage":6.0,"enemies":"Shelled Parasite and Fungi","floor":21.0,"turns":4.0},{"damage":0.0,"enemies":"Gremlin Leader","floor":23.0,"turns":6.0},{"damage":0.0,"enemies":"Cultist and Chosen","floor":25.0,"turns":6.0},{"damage":0.0,"enemies":"3 Cultists","floor":27.0,"turns":7.0},{"damage":0.0,"enemies":"Snecko","floor":28.0,"turns":5.0},{"damage":0.0,"enemies":"Book of Stabbing","floor":29.0,"turns":6.0},{"damage":8.0,"enemies":"Slavers","floor":31.0,"turns":7.0},{"damage":54.0,"enemies":"Automaton","floor":33.0,"turns":8.0},{"damage":13.0,"enemies":"Orb Walker","floor":35.0,"turns":3.0},{"damage":50.0,"enemies":"Reptomancer","floor":40.0,"turns":4.0},{"damage":0,"enemies":"3 Shapes","floor":41,"turns":7},{"damage":0,"enemies":"Giant Head","floor":44,"turns":7},{"damage":0,"enemies":"Nemesis","floor":46,"turns":5},{"damage":2,"enemies":"Maw","floor":47,"turns":6},{"damage":30,"enemies":"Donu and Deca","floor":50,"turns":6},{"damage":3,"enemies":"Shield and Spear","floor":54,"turns":5},{"damage":50,"enemies":"The Heart","floor":55,"turns":8}],"seed_played":"-661570994339871727","potions_obtained":[{"floor":2.0,"key":"SkillPotion"},{"floor":5.0,"key":"LiquidMemories"},{"floor":6.0,"key":"Fire Potion"},{"floor":31.0,"key":"FearPotion"},{"floor":33.0,"key":"Strength Potion"}],"is_trial":false,"path_per_floor":["M","M","M","?","M","E","?","?","T","?","E","R","E","M","R","B",null,"M","$","M","M","?","E","R","M","T","M","M","E","R","E","R","B",null,"M","?","?","$","T","E","M","R","T","E","R","E","M","?","R","B",null,"R","$","E","B",null],"character_chosen":"WATCHER","items_purchased":["HornCleat","Mummified Hand","SandsOfTime","DevaForm"],"campfire_rested":1,"item_purchase_floors":[19,38,38,53],"current_hp_per_floor":[65,65,62,62,58,58,63,56,56,56,54,54,54,53,53,23,64,64,64,64,58,58,58,70,70,70,70,70,70,77,69,77,23,64,51,51,51,51,51,1,1,39,39,39,54,54,52,52,67,37,67,77,77,74,27],"gold":119,"neow_bonus":"BOSS_RELIC","is_daily":false,"chose_seed":false,"campfire_upgraded":7,"win_rate":0.0,"timestamp":1607871486,"path_taken":["M","M","M","?","?","E","?","?","T","?","E","R","E","M","R","BOSS","M","$","M","M","?","E","R","M","T","M","M","E","R","E","R","BOSS","M","?","?","$","?","E","M","R","T","E","R","E","M","?","R","BOSS","R","$","E","BOSS"],"items_purchased_type":["Relic","Relic","Card","Card"],"build_version":"2020-11-30","purchased_purges":1,"victory":true,"max_hp_per_floor":[72,72,72,72,72,72,77,77,77,77,77,77,77,77,77,77,77,77,77,77,77,77,77,77,77,77,77,77,77,77,77,77,77,77,77,77,77,77,77,77,77,77,77,77,77,77,77,77,77,77,77,77,77,77,77],"relic_stats":{"counters":[28,148],"Astrolabe":["JustLucky","LikeWater","Fasting2"],"Eternal Feather":82,"StoneCalendar":[209],"Bag of Preparation":[14],"War Paint":["Defend_P","Vigilance"],"Boot":[18],"WarpedTongs":[136],"Sozu":1,"Dream Catcher":1,"Sundial":[34],"Shuriken":[30],"Mummified Hand":[100],"Snecko Eye":[192,197,188,193],"obtain_stats":[{"Astrolabe":0,"Eternal Feather":23,"StoneCalendar":29,"Bag of Preparation":40,"Omamori":46,"War Paint":54,"Boot":44,"Akabeko":6,"WarpedTongs":4,"Sozu":34,"Anchor":9,"Dream Catcher":13,"HornCleat":19,"Sundial":11,"Shuriken":26,"Mummified Hand":38,"Snecko Eye":17,"PureWater":0,"InkBottle":31,"Toy Ornithopter":43},{"Astrolabe":0,"Eternal Feather":13,"StoneCalendar":17,"Bag of Preparation":21,"Omamori":24,"War Paint":27,"Boot":23,"Akabeko":5,"WarpedTongs":3,"Sozu":19,"Anchor":5,"Dream Catcher":7,"HornCleat":10,"Sundial":6,"Shuriken":14,"Mummified Hand":20,"Snecko Eye":9,"PureWater":0,"InkBottle":18,"Toy Ornithopter":22},{"Astrolabe":0,"Eternal Feather":58,"StoneCalendar":82,"Bag of Preparation":104,"Omamori":123,"War Paint":140,"Boot":118,"Akabeko":19,"WarpedTongs":12,"Sozu":97,"Anchor":19,"Dream Catcher":27,"HornCleat":44,"Sundial":23,"Shuriken":64,"Mummified Hand":100,"Snecko Eye":41,"PureWater":0,"InkBottle":89,"Toy Ornithopter":111}],"InkBottle":[26],"Toy Ornithopter":3},"card_choices":[{"not_picked":["ClearTheMind","Crescendo"],"picked":"CrushJoints","floor":1.0},{"not_picked":["CrushJoints","MentalFortress"],"picked":"Wireheading","floor":2.0},{"not_picked":["Study","ThirdEye"],"picked":"FlurryOfBlows","floor":3.0},{"not_picked":["CarveReality","ThirdEye"],"picked":"BattleHymn","floor":5.0},{"not_picked":["Consecrate","CarveReality"],"picked":"PathToVictory","floor":6.0},{"not_picked":["Nirvana","Perseverance"],"picked":"Protect","floor":11.0},{"not_picked":["Sanctity","ThirdEye"],"picked":"TalkToTheHand","floor":13.0},{"not_picked":["Evaluate","FlyingSleeves","Collect"],"picked":"SKIP","floor":14.0},{"not_picked":["Alpha","ConjureBlade"],"picked":"Vault","floor":16.0},{"not_picked":["FlurryOfBlows","PathToVictory"],"picked":"MentalFortress","floor":18.0},{"not_picked":["Nirvana+1","Indignation","LikeWater"],"picked":"SKIP","floor":20.0},{"not_picked":["DeceiveReality+1","ReachHeaven"],"picked":"WheelKick","floor":21.0},{"not_picked":["Conclude","Halt","JustLucky"],"picked":"SKIP","floor":23.0},{"not_picked":["Conclude","SashWhip","Indignation"],"picked":"SKIP","floor":25.0},{"not_picked":["BowlingBash","FlurryOfBlows","Consecrate"],"picked":"SKIP","floor":27.0},{"not_picked":["Vengeance","Consecrate","WreathOfFlame+1"],"picked":"SKIP","floor":28.0},{"not_picked":["Consecrate","LikeWater"],"picked":"Blasphemy","floor":29.0},{"not_picked":["Consecrate","CrushJoints"],"picked":"Adaptation","floor":31.0},{"not_picked":["Scrawl","Judgement"],"picked":"Establishment","floor":33.0},{"not_picked":["Prostrate","Protect"],"picked":"FollowUp+1","floor":35.0},{"not_picked":["WaveOfTheHand+1","FlurryOfBlows","ClearTheMind+1"],"picked":"SKIP","floor":40.0},{"not_picked":["SashWhip+1","ClearTheMind+1"],"picked":"Protect+1","floor":41},{"not_picked":["SashWhip","CrushJoints+1"],"picked":"Meditate","floor":44},{"not_picked":["ThirdEye+1","FlurryOfBlows+1"],"picked":"EmptyFist","floor":46},{"not_picked":["InnerPeace","Weave","EmptyMind+1"],"picked":"SKIP","floor":47},{"not_picked":["Collect+1","WindmillStrike"],"picked":"MentalFortress+1","floor":54}],"player_experience":175036,"relics_obtained":[{"floor":6.0,"key":"Akabeko"},{"floor":9.0,"key":"Anchor"},{"floor":11.0,"key":"Sundial"},{"floor":13.0,"key":"Dream Catcher"},{"floor":23.0,"key":"Eternal Feather"},{"floor":26.0,"key":"Shuriken"},{"floor":29.0,"key":"StoneCalendar"},{"floor":31.0,"key":"InkBottle"},{"floor":40.0,"key":"Bag of Preparation"},{"floor":43,"key":"Toy Ornithopter"},{"floor":44,"key":"Boot"},{"floor":46,"key":"Omamori"},{"floor":54,"key":"War Paint"}],"event_choices":[{"damage_healed":0.0,"max_hp_gain":0.0,"max_hp_loss":0.0,"gold_gain":0.0,"event_name":"Accursed Blacksmith","player_choice":"Rummage","floor":4.0,"gold_loss":0.0,"damage_taken":0.0,"relics_obtained":["WarpedTongs"],"cards_obtained":["Pain"]},{"damage_healed":0.0,"max_hp_gain":5.0,"max_hp_loss":0.0,"gold_gain":0.0,"event_name":"Big Fish","player_choice":"Donut","floor":7.0,"gold_loss":0.0,"damage_taken":0.0},{"cards_removed":["Pain"],"damage_healed":0.0,"max_hp_gain":0.0,"max_hp_loss":0.0,"gold_gain":0.0,"event_name":"Golden Wing","player_choice":"Card Removal","floor":8.0,"gold_loss":0.0,"damage_taken":7.0},{"damage_healed":0.0,"max_hp_gain":0.0,"max_hp_loss":0.0,"gold_gain":0.0,"event_name":"Liars Game","player_choice":"Ignored","floor":10.0,"gold_loss":0.0,"damage_taken":0.0},{"damage_healed":0.0,"max_hp_gain":0.0,"max_hp_loss":0.0,"gold_gain":0.0,"event_name":"The Library","player_choice":"Read","floor":22.0,"gold_loss":0.0,"damage_taken":0.0,"cards_obtained":["EmptyBody"]},{"damage_healed":0.0,"max_hp_gain":0.0,"max_hp_loss":0.0,"gold_gain":0.0,"event_name":"Tomb of Lord Red Mask","player_choice":"Ignored","floor":36.0,"gold_loss":0.0,"damage_taken":0.0},{"damage_healed":0.0,"max_hp_gain":0.0,"max_hp_loss":0.0,"gold_gain":0.0,"event_name":"Mysterious Sphere","player_choice":"Ignored","floor":37.0,"gold_loss":0.0,"damage_taken":0.0},{"damage_healed":0,"gold_gain":0,"player_choice":"Memory 1","damage_taken":0,"max_hp_gain":0,"max_hp_loss":0,"event_name":"SensoryStone","floor":48,"gold_loss":0}],"is_beta":false,"boss_relics":[{"not_picked":["Velvet Choker","Calling Bell"],"picked":"Snecko Eye"},{"not_picked":["Philosopher\u0027s Stone","SlaversCollar"],"picked":"Sozu"}],"items_purged_floors":[19],"is_endless":false,"potions_floor_spawned":[2,5,6,14,16,25,27,31,33,40,41,46,47],"ascension_level":11}}