{"host":"ljavmhyz2e552xgo","time":1607839893,"event":{"mods":["BaseMod","Better Third Choice","Downfall","Friendly Minions","Minty Spire (QoL Compilation)","Permanent Neow","Relic Stats","Shop Mod","Spicy Shops","StSLib"],"gold_per_floor":[99,109,120,120,135,135,161,33,43,43,54,73,58,58,73,177,177,177],"floor_reached":17,"playtime":1507,"items_purged":[],"score":149,"play_id":"f0e50d26-8530-4f06-b5e1-c75f99b7124a","local_time":"20201213001133","is_ascension_mode":false,"campfire_choices":[{"data":"champ:Execute","floor":1.0,"key":"SMITH"},{"floor":10,"key":"RECALL"}],"circlet_count":0,"master_deck":["champ:Strike","champ:Strike","champ:Strike","champ:Defend","champ:Defend","champ:Defend","champ:Execute+1","champ:Taunt+1","champ:SkillfulDodge","champ:FocusedBerserking","champ:ArenaPreparation","champ:AdrenalArmor","champ:Duel","champ:BringItOn","champ:PerfectedStrike","champ:DancingMaster","champ:Backstep","champ:FlashCut","champ:Improvising"],"relics":["champ:ChampionCrown","champ:DefensiveTrainingManual","Lizard Tail","Philosopher\u0027s Stone"],"acts_visited":["Exordium","TheCity"],"potions_floor_usage":[16,16],"damage_taken":[{"damage":12.0,"enemies":"Small Slimes","floor":2.0,"turns":6.0},{"damage":1.0,"enemies":"Cultist","floor":3.0,"turns":4.0},{"damage":2.0,"enemies":"2 Louse","floor":5.0,"turns":3.0},{"damage":39.0,"enemies":"downfall:FleeingMerchant","floor":8.0,"turns":4.0},{"damage":15.0,"enemies":"Lots of Slimes","floor":9.0,"turns":4.0},{"damage":14,"enemies":"Red Slaver","floor":11,"turns":3},{"damage":21,"enemies":"Large Slime","floor":12,"turns":6},{"damage":14,"enemies":"downfall:FleeingMerchant","floor":13,"turns":4},{"damage":19,"enemies":"2 Fungi Beasts","floor":15,"turns":3},{"damage":57,"enemies":"downfall:Silent","floor":16,"turns":9}],"seed_played":"2652899809683517915","potions_obtained":[{"floor":3.0,"key":"AttackPotion"},{"floor":9.0,"key":"BlessingOfTheForge"},{"floor":12,"key":"DistilledChaos"},{"floor":16,"key":"Strength Potion"}],"is_trial":false,"path_per_floor":["R","M","M","?","M","?","T","$","M","R","M","M","$","?","M","B",null],"character_chosen":"THE_CHAMP","items_purchased":["Lizard Tail","champ:Duel"],"campfire_rested":0,"item_purchase_floors":[8,8],"current_hp_per_floor":[90,83,82,82,80,80,80,70,65,65,56,62,61,61,57,50,90,90],"gold":177,"neow_bonus":"UPGRADE_CARD","is_daily":false,"chose_seed":false,"campfire_upgraded":1,"win_rate":0.0,"timestamp":1607839893,"path_taken":["R","M","M","?","?","?","T","$","M","R","M","?","?","?","M","BOSS"],"items_purchased_type":["Relic","Card"],"build_version":"2020-11-30","purchased_purges":0,"victory":false,"max_hp_per_floor":[90,90,90,90,90,90,90,90,90,90,90,90,90,90,90,90,90,90],"relic_stats":{"Lizard Tail":0,"counters":[10,46],"obtain_stats":[{"Lizard Tail":8,"champ:DefensiveTrainingManual":7,"champ:ChampionCrown":0,"Philosopher\u0027s Stone":17},{"Lizard Tail":4,"champ:DefensiveTrainingManual":3,"champ:ChampionCrown":0,"Philosopher\u0027s Stone":10},{"Lizard Tail":17,"champ:DefensiveTrainingManual":13,"champ:ChampionCrown":0,"Philosopher\u0027s Stone":46}]},"card_choices":[{"not_picked":["champ:Encircle","champ:Circumvent"],"picked":"champ:SkillfulDodge","floor":2.0},{"not_picked":["champ:BladeFlurry","champ:TornadoPunch"],"picked":"champ:FocusedBerserking","floor":3.0},{"not_picked":["champ:RapidStrikes","champ:FightOn"],"picked":"champ:ArenaPreparation","floor":5.0},{"not_picked":["champ:ShieldSlam","champ:RapidStrikes"],"picked":"champ:AdrenalArmor","floor":8.0},{"not_picked":["champ:SkillfulDodge","champ:TornadoPunch"],"picked":"champ:BringItOn","floor":9.0},{"not_picked":["champ:BerserkersShout","champ:FanOfKnives"],"picked":"champ:PerfectedStrike","floor":11},{"not_picked":["champ:GladiatorsShout","champ:BerserkersShout"],"picked":"champ:DancingMaster","floor":12},{"not_picked":["champ:StanceDance","champ:RapidStrikes"],"picked":"champ:Backstep","floor":13},{"not_picked":["champ:FalseCounter","champ:GladiatorsShout"],"picked":"champ:FlashCut","floor":15},{"not_picked":["champ:CrownThrow","champ:LastStand"],"picked":"champ:Improvising","floor":16}],"player_experience":1384815,"relics_obtained":[{"floor":7.0,"key":"champ:DefensiveTrainingManual"}],"event_choices":[{"damage_healed":0.0,"max_hp_gain":0.0,"max_hp_loss":0.0,"gold_gain":0.0,"event_name":"NoteForYourself","player_choice":"Ignored","floor":4.0,"gold_loss":0.0,"damage_taken":0.0},{"cards_removed":["champ:Defend"],"damage_healed":0.0,"max_hp_gain":0.0,"max_hp_loss":0.0,"gold_gain":0.0,"event_name":"Purifier","player_choice":"Purged","floor":6.0,"gold_loss":0.0,"damage_taken":0.0}],"is_beta":false,"boss_relics":[{"not_picked":["SacredBark","Tiny House"],"picked":"Philosopher\u0027s Stone"}],"items_purged_floors":[],"is_endless":false,"potions_floor_spawned":[3,9,12,16],"ascension_level":0}}