{"host":"27wa8ufp4ryspt1p","time":1607901558,"event":{"mods":["2.2 Compatiblity","Abigail Mod","Act Like it!","Aspiration","BaseMod","Better Altar","Better Note","Better Skull","Better Third Choice","Colored Map","Conspire","Downfall","Elementarium","Energized Spire","Friendly Minions","Gensokyo","GifTheSpireLib","Gold Saver","Halation","Hallownest","HololiveMod","Hubris","Humility","Infinite Spire","Keyboard Shortcuts","Menagerie","Mimic Mod","Minty Spire (QoL Compilation)","Pale of the Ancients","Quarter Circle Forward PUNCH!","Reimu??????","Relic Sorter","Relic Stats","Replay The Spire","Reworked Bosses","Shop Mod","Spicy Shops","Spikes Relics","StSLib","Stuff the Spire","SuperFastMode","The Cursed","The Exalted","The Factory","The Judge","The Necromancer","Trackpad","Waifu the Spire","Wandering Minibosses","[IsaacMod]????","??????REMEMod","????"],"gold_per_floor":[241,256,271,286,286,113,182,60,298,381,381,439,439,485,218,253,253],"floor_reached":16,"playtime":468,"items_purged":[],"score":244,"play_id":"56d08f9b-a749-41ce-b907-d30085317aee","local_time":"20201213171918","daily_mods":["SealedDeck","Colorless Cards","Heirloom","Elite Swarm","Lethality"],"is_ascension_mode":true,"campfire_choices":[{"floor":11,"key":"RECALL"}],"circlet_count":0,"master_deck":["AscendersBane","BettingIsNotGood","Hololive_CocoNews","expansioncontent:DecasProtection","Replay:Sssssssssshield","expansioncontent:GuardianWhirl","Hololive_CallShiroganeNoel","Hololive_CallMurasakiShion","Hololive_FlyingPonyTail","Hololive_CandyCastle","Hololive_CocoNews","Enlightenment","AbbyMod:HolidayWishes","Delirium","Hololive_CallNakiriAyame","expansioncontent:TimeRipple","REME_AllRoundStrike","Hololive_Rebound","Hololive_CallTokoyamiTowa","Specialist","Hololive_CallMoonaHoshinova"],"relics":["Hololive_TheStar","HushsDoor","REME_ComplimentaryCards","Bromod:ArcaneAvenger","DoctorsRemote","Replay:Bandana","GiantMaggot","MerchantsRug","wanderingMiniBosses:Inkheart","Hallownest:DreamNailRelic","hubris:TenFootPole"],"acts_visited":["Hallownest:Greenpath"],"potions_floor_usage":[16],"damage_taken":[{"damage":0,"enemies":"Hallownest:2_Baldur","floor":2,"turns":2},{"damage":0,"enemies":"2_ Uuma","floor":3,"turns":3},{"damage":0,"enemies":"Hallownest:2_MossCreeps","floor":4,"turns":4},{"damage":0,"enemies":"Hallownest:eliteMossKnight","floor":7,"turns":3},{"damage":0,"enemies":"Hallownest:Guard_and_Warrior","floor":9,"turns":9},{"damage":20,"enemies":"Hallownest:Guard_and_Warrior","floor":10,"turns":2},{"damage":0,"enemies":"Hallownest:monsterFoolEater","floor":12,"turns":2},{"damage":4,"enemies":"Hallownest:2_Tiktiks_1_Baldur_1_Crawlid","floor":14,"turns":2},{"damage":14,"enemies":"Hallownest:BossHornet","floor":16,"turns":1}],"seed_played":"-9137561824662754350","potions_obtained":[{"floor":2,"key":"Swift Potion"},{"floor":4,"key":"GamblersBrew"},{"floor":10,"key":"Slimebound:ThreeZeroPotion"},{"floor":12,"key":"champ:CounterPotion"}],"is_trial":true,"path_per_floor":["?","M","M","M","?","R","E","R","MIM","M","R","M","?","M","R","B"],"character_chosen":"Hololive_HololiveCharacter","items_purchased":["Replay:Bandana","MerchantsRug","hubris:TenFootPole","Hololive_CallMoonaHoshinova","Regen Potion"],"campfire_rested":0,"item_purchase_floors":[6,8,15,15,15],"current_hp_per_floor":[27,27,27,30,30,30,30,30,30,10,10,10,10,6,6,0,0],"gold":253,"neow_bonus":"","is_daily":false,"chose_seed":false,"campfire_upgraded":0,"win_rate":0.0,"timestamp":1607901558,"path_taken":["?","M","M","M","?","R","E","R","MIM","M","R","M","?","?","R","BOSS"],"items_purchased_type":["Relic","Relic","Relic","Card","Potion"],"build_version":"2020-11-30","purchased_purges":0,"victory":false,"max_hp_per_floor":[30,30,30,30,30,30,30,30,30,30,30,30,30,30,30,30,30],"relic_stats":{"counters":[9,28],"obtain_stats":[{"KeepersGift":0,"Bromod:ArcaneAvenger":0,"DoctorsRemote":0,"MerchantsRug":8,"Replay:Bandana":6,"GiantMaggot":7,"Hololive_TheStar":0,"Hallownest:DreamNailRelic":13,"hubris:TenFootPole":15,"HushsDoor":0,"wanderingMiniBosses:Inkheart":9,"REME_ComplimentaryCards":0},{"KeepersGift":0,"Bromod:ArcaneAvenger":0,"DoctorsRemote":0,"MerchantsRug":4,"Replay:Bandana":3,"GiantMaggot":4,"Hololive_TheStar":0,"Hallownest:DreamNailRelic":7,"hubris:TenFootPole":8,"HushsDoor":0,"wanderingMiniBosses:Inkheart":5,"REME_ComplimentaryCards":0},{"KeepersGift":0,"Bromod:ArcaneAvenger":0,"DoctorsRemote":0,"MerchantsRug":12,"Replay:Bandana":9,"GiantMaggot":12,"Hololive_TheStar":0,"Hallownest:DreamNailRelic":25,"hubris:TenFootPole":27,"HushsDoor":0,"wanderingMiniBosses:Inkheart":21,"REME_ComplimentaryCards":0}]},"card_choices":[{"not_picked":[],"picked":"BettingIsNotGood","floor":0},{"not_picked":["Hololive_Psychosis","Hololive_Breathe","Hololive_CocoNews","Hololive_Trident"],"picked":"SKIP","floor":2},{"not_picked":["Hololive_Breathe","Hololive_CocoNews","Hololive_Sequa"],"picked":"Hololive_CallNakiriAyame","floor":3},{"not_picked":["Hololive_DiamondStrike","Hololive_HuntDinosaur","Hololive_Sequa"],"picked":"expansioncontent:TimeRipple","floor":4},{"not_picked":["Hololive_WolfAndLamb","Hololive_Rebirth","StuffTheSpire:Recharge"],"picked":"REME_AllRoundStrike","floor":7},{"not_picked":["Hololive_Trident","Hololive_RevenueBasedLive","Hololive_CallFriendA"],"picked":"Hololive_Rebound","floor":9},{"not_picked":["Hololive_Sequa","REME_MagicPocketWatch","Hololive_OvertimeWork","Hololive_CallFriendA"],"picked":"SKIP","floor":10},{"not_picked":["Hololive_Trident","Hololive_Sequa","Hololive_Breathe"],"picked":"Hololive_CallTokoyamiTowa","floor":12},{"not_picked":["Hololive_CallMurasakiShion","Degenerate","Hololive_FlyingPonyTail"],"picked":"Specialist","floor":14}],"player_experience":3888308,"relics_obtained":[{"floor":7,"key":"GiantMaggot"},{"floor":9,"key":"wanderingMiniBosses:Inkheart"}],"event_choices":[],"is_beta":false,"boss_relics":[],"items_purged_floors":[],"is_endless":false,"potions_floor_spawned":[2,4,10,12,14],"killed_by":"Hallownest:BossHornet","ascension_level":20}}