{"host":"ktoxvvst1mwxww91","time":1607844678,"event":{"mods":["BaseMod","Downfall","Hermit","Minty Spire (QoL Compilation)","StSLib","The Blackbeard","The Hierophant","The Mystic","The Necromancer"],"gold_per_floor":[99,127,139,139,165,177,226,236,266,116,133,149,11,11,29,125,125,50,50,50,50],"floor_reached":20,"playtime":1206,"items_purged":["hexamod:Strike"],"score":227,"play_id":"146d99ac-4e33-4aba-809b-2ae965e25655","local_time":"20201213083118","is_ascension_mode":true,"campfire_choices":[{"data":"hexamod:Sear","floor":1.0,"key":"SMITH"},{"floor":10,"key":"RECALL"},{"data":"hexamod:HexaLevel","floor":18,"key":"SMITH"}],"circlet_count":0,"master_deck":["hexamod:Defend","hexamod:Defend","hexamod:Defend","hexamod:Sear+1","hexamod:Float+1","hexamod:ExtraCrispy","hexamod:Firestarter","hexamod:InspiringFlames","hexamod:PhantomFireball","hexamod:ShieldOfDarkness","hexamod:AdvancingGuard","hexamod:SpectersWail","hexamod:Hexaguard","hexamod:HexaLevel+1","hexamod:GhostOfSpirePast","hexamod:ThermalTransfer","hexamod:ParanormalForm","hexamod:ThirdSeal","hexamod:PhantomFireball+1","hexamod:SpectralAdrenaline+1"],"relics":["hexamod:SpiritBrand","Orichalcum","The Courier","White Beast Statue","downfall:HeartBlessingBlue","downfall:HeartBlessingGreen","Astrolabe","downfall:HeartBlessingRed","Anchor"],"acts_visited":["Exordium","TheCity"],"potions_floor_usage":[11,16,16,20],"damage_taken":[{"damage":22.0,"enemies":"3 Sentries","floor":2.0,"turns":10.0},{"damage":0.0,"enemies":"Small Slimes","floor":3.0,"turns":3.0},{"damage":4.0,"enemies":"Gremlin Nob","floor":5.0,"turns":3.0},{"damage":0.0,"enemies":"Cultist","floor":6.0,"turns":3.0},{"damage":1.0,"enemies":"Jaw Worm","floor":8.0,"turns":4.0},{"damage":13,"enemies":"3 Sentries","floor":9,"turns":8},{"damage":0,"enemies":"Red Slaver","floor":11,"turns":4},{"damage":0,"enemies":"Blue Slaver","floor":12,"turns":3},{"damage":0,"enemies":"downfall:FleeingMerchant","floor":13,"turns":4},{"damage":0,"enemies":"Exordium Wildlife","floor":15,"turns":4},{"damage":9,"enemies":"downfall:Silent","floor":16,"turns":11},{"damage":86,"enemies":"Gremlin Leader","floor":20,"turns":7}],"seed_played":"-7343058822921735242","potions_obtained":[{"floor":2.0,"key":"LiquidBronze"},{"floor":3.0,"key":"Regen Potion"},{"floor":11,"key":"Fruit Juice"},{"floor":12,"key":"Swift Potion"},{"floor":13,"key":"Strength Potion"},{"floor":14,"key":"Slimebound:ThreeZeroPotion"},{"floor":16,"key":"Dexterity Potion"}],"is_trial":false,"path_per_floor":["R","E","M","?","E","M","T","M","E","R","M","M","$","?","M","B",null,"R","?","E"],"character_chosen":"THE_SPIRIT","items_purchased":["hexamod:GhostOfSpirePast"],"campfire_rested":0,"item_purchase_floors":[13],"current_hp_per_floor":[70,48,48,48,56,56,56,55,42,52,57,57,57,57,57,48,85,85,77,0,0],"gold":50,"neow_bonus":"UPGRADE_CARD","is_daily":false,"chose_seed":false,"campfire_upgraded":2,"win_rate":0.0,"timestamp":1607844678,"path_taken":["R","E","M","?","E","?","T","?","E","R","M","M","$","?","M","BOSS","R","?","E"],"items_purchased_type":["Card"],"build_version":"2020-11-30","purchased_purges":1,"victory":false,"max_hp_per_floor":[70,70,70,70,70,70,70,70,70,80,85,85,85,85,85,85,85,85,85,85,85],"card_choices":[{"not_picked":["hexamod:TimeOfNeed","hexamod:Firestarter"],"picked":"hexamod:ExtraCrispy","floor":2.0},{"not_picked":["hexamod:GhostShield","hexamod:HauntingEcho"],"picked":"hexamod:Firestarter","floor":3.0},{"not_picked":["hexamod:EtherealExpedition","hexamod:CatchUp"],"picked":"hexamod:InspiringFlames","floor":5.0},{"not_picked":["hexamod:NightmareGuise","hexamod:BacktrackSmack"],"picked":"hexamod:PhantomFireball","floor":6.0},{"not_picked":["hexamod:BacktrackSmack","hexamod:AdvancingGuard"],"picked":"hexamod:ShieldOfDarkness","floor":8.0},{"not_picked":["hexamod:RecurringNightmare","hexamod:ThirdSeal"],"picked":"hexamod:AdvancingGuard","floor":9},{"not_picked":["hexamod:HeatMetal","hexamod:ShieldOfDarkness"],"picked":"hexamod:SpectersWail","floor":11},{"not_picked":["hexamod:AdvancingGuard","hexamod:NightmareStrike"],"picked":"hexamod:Hexaguard","floor":12},{"not_picked":["hexamod:GhostLash","hexamod:FastForward"],"picked":"hexamod:HexaLevel","floor":13},{"not_picked":["hexamod:HeatMetal","hexamod:GhostShield"],"picked":"hexamod:ThermalTransfer","floor":15},{"not_picked":["hexamod:CrushingStance","hexamod:ApocalypticArmor"],"picked":"hexamod:ParanormalForm","floor":16}],"player_experience":1023675,"relics_obtained":[{"floor":2.0,"key":"Orichalcum"},{"floor":5.0,"key":"The Courier"},{"floor":9,"key":"White Beast Statue"}],"event_choices":[{"cards_removed":["hexamod:Strike"],"damage_healed":0.0,"max_hp_gain":0.0,"max_hp_loss":0.0,"gold_gain":0.0,"event_name":"Purifier","player_choice":"Purged","floor":4.0,"gold_loss":0.0,"damage_taken":0.0},{"damage_healed":0,"gold_gain":0,"player_choice":"Got Potions","damage_taken":0,"max_hp_gain":0,"max_hp_loss":0,"event_name":"Lab","floor":14,"gold_loss":0},{"damage_healed":0,"gold_gain":0,"player_choice":"Anchor","damage_taken":0,"relics_obtained":["Anchor"],"max_hp_gain":0,"max_hp_loss":0,"event_name":"blackbeard:ShipwreckEvent","floor":19,"gold_loss":0}],"is_beta":false,"boss_relics":[{"not_picked":["Ectoplasm","SacredBark"],"picked":"Astrolabe"}],"items_purged_floors":[13],"is_endless":false,"potions_floor_spawned":[2,3,11,12,13,15,16],"killed_by":"Gremlin Leader","ascension_level":1}}