{"host":"3h5qf14xt40jhha0","time":1607849800,"event":{"mods":["AlwaysNeverKeys","BaseMod","Colored Powertips","Minty Spire (QoL Compilation)","Permanent Neow","Relic Stats","StSLib"],"gold_per_floor":[111,111,124,99,110,110,140,158,158,210,210,242,259,274,274,345,345,363,141,161,174,191,191,220,220,220,220,19,33,65,81,81,157,157,168,178,193,218,237,237,265,265,265,265,285,316,316,330,330,330,330,330,330,53,88,88],"floor_reached":57,"playtime":4466,"items_purged":["Strike_B","Injury","Pain"],"score":2807,"play_id":"1c834024-f28d-4897-9b97-1d1bc266927f","local_time":"20201213035640","is_ascension_mode":true,"campfire_choices":[{"data":"Beam Cell","floor":6.0,"key":"SMITH"},{"data":"Leap","floor":15.0,"key":"SMITH"},{"data":"Hyperbeam","floor":23.0,"key":"SMITH"},{"data":"Hologram","floor":25.0,"key":"SMITH"},{"data":"FTL","floor":27.0,"key":"SMITH"},{"floor":32.0,"key":"REST"},{"data":"Biased Cognition","floor":40,"key":"SMITH"},{"data":"1","floor":42,"key":"LIFT"},{"floor":49,"key":"RECALL"},{"data":"2","floor":53,"key":"LIFT"}],"circlet_count":0,"master_deck":["AscendersBane","Zap+1","Dualcast","FTL+1","Coolheaded","Beam Cell+1","Go for the Eyes+1","Compile Driver","Leap+1","All For One","Undo","Hyperbeam+1","Hologram+1","Swift Strike","Leap+1","Steam","Capacitor+1","Finesse+1","Steam+1","Core Surge","Biased Cognition+1","Scrape","Fission+1","Storm","Chill+1","Auto Shields+1","Barrage","Self Repair","Beam Cell+1","Glacier+1","Consume+1","Capacitor","Coolheaded+1","Glacier+1","Injury","Panacea+1","Jack Of All Trades+1","Good Instincts+1","Coolheaded+1","Stack+1","Hologram+1","BootSequence+1","Steam Power+1"],"relics":["Cracked Core","Vajra","Orichalcum","Akabeko","Kunai","Cursed Key","Toxic Egg 2","White Beast Statue","Lantern","Pandora\u0027s Box","Emotion Chip","Girya","Meat on the Bone","Mercury Hourglass","DataDisk"],"acts_visited":["Exordium","TheCity","TheBeyond","TheEnding"],"potions_floor_usage":[33,39,45,46,48,51,56],"damage_taken":[{"damage":2.0,"enemies":"Jaw Worm","floor":1.0,"turns":3.0},{"damage":2.0,"enemies":"Cultist","floor":3.0,"turns":4.0},{"damage":0.0,"enemies":"2 Louse","floor":5.0,"turns":2.0},{"damage":3.0,"enemies":"Gremlin Nob","floor":7.0,"turns":3.0},{"damage":11.0,"enemies":"Exordium Thugs","floor":8.0,"turns":3.0},{"damage":7.0,"enemies":"3 Sentries","floor":12.0,"turns":7.0},{"damage":0.0,"enemies":"Gremlin Gang","floor":13.0,"turns":3.0},{"damage":3.0,"enemies":"Looter","floor":14.0,"turns":2.0},{"damage":20.0,"enemies":"The Guardian","floor":16.0,"turns":12.0},{"damage":11.0,"enemies":"3 Byrds","floor":18.0,"turns":5.0},{"damage":1.0,"enemies":"2 Thieves","floor":20.0,"turns":3.0},{"damage":13.0,"enemies":"Snake Plant","floor":21.0,"turns":3.0},{"damage":0.0,"enemies":"Centurion and Healer","floor":22.0,"turns":4.0},{"damage":0.0,"enemies":"Slavers","floor":24.0,"turns":1.0},{"damage":12.0,"enemies":"3 Cultists","floor":29.0,"turns":4.0},{"damage":0.0,"enemies":"Book of Stabbing","floor":30.0,"turns":3.0},{"damage":1.0,"enemies":"Snake Plant","floor":31.0,"turns":3.0},{"damage":1,"enemies":"Automaton","floor":33,"turns":13},{"damage":15,"enemies":"3 Darklings","floor":35,"turns":6},{"damage":2,"enemies":"3 Shapes","floor":36,"turns":4},{"damage":0,"enemies":"Sphere and 2 Shapes","floor":37,"turns":3},{"damage":0,"enemies":"Mind Bloom Boss Battle","floor":38,"turns":2},{"damage":0,"enemies":"Jaw Worm Horde","floor":39,"turns":1},{"damage":29,"enemies":"Nemesis","floor":41,"turns":7},{"damage":18,"enemies":"Transient","floor":45,"turns":6},{"damage":0,"enemies":"Reptomancer","floor":46,"turns":6},{"damage":11,"enemies":"Maw","floor":48,"turns":6},{"damage":38,"enemies":"Donu and Deca","floor":50,"turns":13},{"damage":11,"enemies":"Awakened One","floor":51,"turns":18},{"damage":53,"enemies":"Shield and Spear","floor":55,"turns":9},{"damage":49,"enemies":"The Heart","floor":56,"turns":11}],"seed_played":"518864815203827368","potions_obtained":[{"floor":1.0,"key":"AttackPotion"},{"floor":3.0,"key":"Block Potion"},{"floor":8.0,"key":"EssenceOfDarkness"},{"floor":12.0,"key":"Swift Potion"},{"floor":14.0,"key":"DuplicationPotion"},{"floor":24.0,"key":"ColorlessPotion"},{"floor":29.0,"key":"Energy Potion"},{"floor":30.0,"key":"Ancient Potion"},{"floor":31.0,"key":"DistilledChaos"},{"floor":33,"key":"Dexterity Potion"},{"floor":35,"key":"SpeedPotion"},{"floor":36,"key":"DuplicationPotion"},{"floor":39,"key":"FearPotion"},{"floor":41,"key":"LiquidMemories"},{"floor":45,"key":"Block Potion"},{"floor":46,"key":"SkillPotion"},{"floor":48,"key":"FairyPotion"},{"floor":55,"key":"SteroidPotion"}],"is_trial":false,"path_per_floor":["M","?","M","$","M","R","E","M","T","T","?","E","M","M","R","B",null,"M","$","M","M","M","R","E","R","T","R","$","M","E","M","R","B",null,"M","M","M","?","M","R","E","R","T","?","M","E","T","M","R","B","B",null,"R","$","E","B",null],"character_chosen":"DEFECT","items_purchased":["Beam Cell","Hologram","Swift Strike","Finesse+1","Hologram+1","BootSequence+1","PowerPotion"],"campfire_rested":1,"item_purchase_floors":[4,19,19,28,54,54,54],"current_hp_per_floor":[62,62,60,60,60,60,57,46,46,46,46,39,39,36,36,16,57,46,46,45,32,32,32,32,32,32,32,32,20,20,19,40,39,63,55,60,67,67,67,67,45,45,45,35,24,31,31,39,39,20,28,60,60,60,26,20],"gold":88,"neow_bonus":"UPGRADE_CARD","is_daily":false,"chose_seed":false,"campfire_upgraded":6,"win_rate":0.0,"timestamp":1607849800,"path_taken":["M","?","?","$","M","R","E","M","T","?","?","E","?","M","R","BOSS","M","$","M","?","M","R","E","R","T","R","$","M","E","M","R","BOSS","M","M","M","?","M","R","E","R","T","?","M","E","?","M","R","BOSS","BOSS","R","$","E","BOSS"],"items_purchased_type":["Card","Card","Card","Card","Card","Card","Potion"],"build_version":"2020-11-30","purchased_purges":3,"victory":true,"max_hp_per_floor":[71,71,71,71,71,71,71,71,71,71,71,71,71,71,71,71,71,71,71,71,71,71,71,71,71,71,71,71,71,71,71,71,71,71,71,71,71,71,71,71,71,71,71,71,71,71,71,71,71,71,71,71,71,71,71,71],"relic_stats":{"Emotion Chip":[52,16,36,0,0],"counters":[31,170],"Pandora\u0027s Box":["Scrape","Fission","Storm","Chill","Auto Shields","Barrage","Self Repair"],"Kunai":[90],"Orichalcum":[120],"Cursed Key":3,"obtain_stats":[{"Girya":41,"Lantern":30,"Vajra":7,"Orichalcum":9,"Cursed Key":17,"Akabeko":10,"White Beast Statue":26,"Mercury Hourglass":47,"Emotion Chip":38,"DataDisk":55,"Pandora\u0027s Box":34,"Kunai":12,"Toxic Egg 2":24,"Cracked Core":0,"Meat on the Bone":46},{"Girya":24,"Lantern":16,"Vajra":4,"Orichalcum":5,"Cursed Key":9,"Akabeko":5,"White Beast Statue":14,"Mercury Hourglass":26,"Emotion Chip":22,"DataDisk":30,"Pandora\u0027s Box":18,"Kunai":6,"Toxic Egg 2":14,"Cracked Core":0,"Meat on the Bone":26},{"Girya":101,"Lantern":62,"Vajra":12,"Orichalcum":15,"Cursed Key":39,"Akabeko":15,"White Beast Statue":55,"Mercury Hourglass":113,"Emotion Chip":93,"DataDisk":159,"Pandora\u0027s Box":78,"Kunai":22,"Toxic Egg 2":55,"Cracked Core":0,"Meat on the Bone":113}],"Meat on the Bone":60,"Mercury Hourglass":[169]},"card_choices":[{"not_picked":["Reprogram","Tempest"],"picked":"FTL","floor":1.0},{"not_picked":["Consume","Conserve Battery"],"picked":"Coolheaded","floor":3.0},{"not_picked":["Fusion","Gash"],"picked":"Go for the Eyes","floor":5.0},{"not_picked":["Stack","Rip and Tear"],"picked":"Compile Driver","floor":7.0},{"not_picked":["Beam Cell","Gash"],"picked":"Leap","floor":8.0},{"not_picked":["White Noise","Turbo"],"picked":"All For One","floor":12.0},{"not_picked":["Fusion","Rebound","Turbo"],"picked":"SKIP","floor":13.0},{"not_picked":["Steam","Go for the Eyes"],"picked":"Undo","floor":14.0},{"not_picked":["Meteor Strike","Multi-Cast"],"picked":"Hyperbeam","floor":16.0},{"not_picked":["Redo","Sunder","Chaos"],"picked":"SKIP","floor":18.0},{"not_picked":["Streamline","Turbo"],"picked":"Leap+1","floor":20.0},{"not_picked":["Leap","Redo","Sweeping Beam"],"picked":"SKIP","floor":21.0},{"not_picked":["Conserve Battery","Skim"],"picked":"Steam","floor":22.0},{"not_picked":["Auto Shields+1","Scrape"],"picked":"Capacitor+1","floor":24.0},{"not_picked":["Ball Lightning+1","Gash","Redo+1"],"picked":"SKIP","floor":29.0},{"not_picked":["Force Field+1","Undo+1"],"picked":"Steam+1","floor":30.0},{"not_picked":["Sweeping Beam+1","Static Discharge"],"picked":"Core Surge","floor":31.0},{"not_picked":["Core Surge","Multi-Cast+1"],"picked":"Biased Cognition","floor":33},{"not_picked":["Barrage+1","Static Discharge"],"picked":"Beam Cell+1","floor":35},{"not_picked":["Beam Cell+1","Scrape"],"picked":"Glacier+1","floor":36},{"not_picked":["Gash+1","Coolheaded+1"],"picked":"Consume+1","floor":37},{"not_picked":["Streamline+1","Turbo+1"],"picked":"Capacitor","floor":38},{"not_picked":["Melter+1","FTL"],"picked":"Coolheaded+1","floor":39},{"not_picked":["Blizzard","Cold Snap+1"],"picked":"Glacier+1","floor":41},{"not_picked":["Enlightenment+1","Mind Blast"],"picked":"Panacea+1","floor":44},{"not_picked":["Swift Strike","Metamorphosis+1"],"picked":"Jack Of All Trades+1","floor":44},{"not_picked":["Dramatic Entrance","Purity+1"],"picked":"Good Instincts+1","floor":44},{"not_picked":["Compile Driver","Aggregate+1"],"picked":"Coolheaded+1","floor":45},{"not_picked":["Blizzard","Hyperbeam"],"picked":"Stack+1","floor":46},{"not_picked":["Tempest+1","Loop","Sunder"],"picked":"SKIP","floor":48},{"not_picked":["Leap+1","Loop"],"picked":"Steam Power+1","floor":55}],"player_experience":1236120,"relics_obtained":[{"floor":7.0,"key":"Vajra"},{"floor":9.0,"key":"Orichalcum"},{"floor":10.0,"key":"Akabeko"},{"floor":12.0,"key":"Kunai"},{"floor":24.0,"key":"Toxic Egg 2"},{"floor":26.0,"key":"White Beast Statue"},{"floor":30.0,"key":"Lantern"},{"floor":38,"key":"Emotion Chip"},{"floor":41,"key":"Girya"},{"floor":46,"key":"Meat on the Bone"},{"floor":47,"key":"Mercury Hourglass"},{"floor":55,"key":"DataDisk"}],"event_choices":[{"damage_healed":0.0,"max_hp_gain":0.0,"max_hp_loss":0.0,"gold_gain":0.0,"event_name":"Match and Keep!","player_choice":"0 cards matched","floor":2.0,"gold_loss":0.0,"damage_taken":0.0,"cards_obtained":[]},{"damage_healed":0.0,"max_hp_gain":0.0,"max_hp_loss":0.0,"gold_gain":0.0,"event_name":"Upgrade Shrine","player_choice":"Upgraded","floor":11.0,"gold_loss":0.0,"damage_taken":0.0,"cards_upgraded":["Go for the Eyes"]},{"damage_healed":0,"gold_gain":0,"player_choice":"Fight","damage_taken":0,"max_hp_gain":0,"max_hp_loss":0,"event_name":"MindBloom","floor":38,"gold_loss":0},{"damage_healed":0,"gold_gain":0,"player_choice":"Memory 3","damage_taken":10,"max_hp_gain":0,"max_hp_loss":0,"event_name":"SensoryStone","floor":44,"gold_loss":0}],"is_beta":false,"boss_relics":[{"not_picked":["SacredBark","Runic Dome"],"picked":"Cursed Key"},{"not_picked":["Coffee Dripper","Fusion Hammer"],"picked":"Pandora\u0027s Box"}],"items_purged_floors":[19,28,54],"is_endless":false,"potions_floor_spawned":[1,3,8,12,14,18,24,29,30,31,33,35,36,37,38,39,41,45,46,48,55],"ascension_level":20}}