{"host":"utqe55yv0jihe4d6","time":1607898482,"event":{"mods":["2.2 Compatiblity","AchievementEnabler","BaseMod","Block Reminder","Colored Map","Colored Powertips","Minty Spire (QoL Compilation)","Quick Restart","Rare Cards Sparkle","Relic Stats","SuperFastMode"],"gold_per_floor":[115,115,128,139,158,158,123,153,153,112,139,156,156,173,173,173,173],"floor_reached":16,"playtime":488,"items_purged":[],"score":224,"play_id":"db4cdd6d-4278-4388-aab9-8959312027b2","local_time":"20201213172802","is_ascension_mode":true,"campfire_choices":[{"data":"Neutralize","floor":6.0,"key":"SMITH"},{"data":"Adrenaline","floor":13.0,"key":"SMITH"},{"data":"Deadly Poison","floor":15.0,"key":"SMITH"}],"circlet_count":0,"master_deck":["AscendersBane","Strike_G","Strike_G+1","Strike_G","Strike_G","Strike_G","Defend_G+1","Defend_G","Defend_G","Defend_G","Defend_G","Survivor","Neutralize+1","Footwork","Dagger Throw","Deadly Poison+1","Dash","Adrenaline+1","Dagger Spray","Backstab"],"relics":["Ring of the Snake","Tiny Chest","PreservedInsect","Ornamental Fan"],"acts_visited":["Exordium"],"potions_floor_usage":[16,16],"damage_taken":[{"damage":2.0,"enemies":"2 Louse","floor":1.0,"turns":4.0},{"damage":5.0,"enemies":"Small Slimes","floor":3.0,"turns":5.0},{"damage":0.0,"enemies":"Cultist","floor":4.0,"turns":4.0},{"damage":3.0,"enemies":"Looter","floor":5.0,"turns":4.0},{"damage":24.0,"enemies":"Gremlin Nob","floor":8.0,"turns":5.0},{"damage":3.0,"enemies":"3 Sentries","floor":11.0,"turns":5.0},{"damage":4.0,"enemies":"3 Louse","floor":12.0,"turns":4.0},{"damage":0.0,"enemies":"Large Slime","floor":14.0,"turns":4.0},{"damage":35,"enemies":"Hexaghost","floor":16,"turns":11}],"seed_played":"1806096299969277540","potions_obtained":[{"floor":1.0,"key":"Swift Potion"},{"floor":3.0,"key":"Explosive Potion"},{"floor":11.0,"key":"AttackPotion"},{"floor":12.0,"key":"Regen Potion"}],"is_trial":false,"path_per_floor":["M","?","M","M","M","R","?","E","T","?","E","M","R","M","R","B"],"character_chosen":"THE_SILENT","items_purchased":[],"campfire_rested":0,"item_purchase_floors":[],"current_hp_per_floor":[63,41,36,36,33,33,51,27,27,27,24,20,20,20,20,0,0],"gold":173,"neow_bonus":"TEN_PERCENT_HP_BONUS","is_daily":false,"chose_seed":false,"campfire_upgraded":3,"win_rate":0.0,"timestamp":1607898482,"path_taken":["M","?","M","M","M","R","?","E","T","?","E","M","R","M","R","BOSS"],"items_purchased_type":[],"build_version":"2020-11-30","purchased_purges":0,"victory":false,"max_hp_per_floor":[72,72,72,72,72,72,72,72,72,72,72,72,72,72,72,72,72],"relic_stats":{"counters":[9,46],"Ornamental Fan":[28],"Tiny Chest":0,"PreservedInsect":33,"obtain_stats":[{"Ornamental Fan":11,"Tiny Chest":8,"PreservedInsect":9,"Ring of the Snake":0},{"Ornamental Fan":6,"Tiny Chest":5,"PreservedInsect":5,"Ring of the Snake":0},{"Ornamental Fan":27,"Tiny Chest":22,"PreservedInsect":22,"Ring of the Snake":0}],"Ring of the Snake":[18]},"card_choices":[{"not_picked":["Concentrate","Endless Agony"],"picked":"Footwork","floor":1.0},{"not_picked":["Acrobatics","Endless Agony"],"picked":"Dagger Throw","floor":3.0},{"not_picked":["Catalyst","Underhanded Strike"],"picked":"Deadly Poison","floor":4.0},{"not_picked":["Quick Slash","Expertise"],"picked":"Dash","floor":5.0},{"not_picked":["PiercingWail","Dodge and Roll"],"picked":"Adrenaline","floor":8.0},{"not_picked":["Caltrops","Underhanded Strike"],"picked":"Dagger Spray","floor":11.0},{"not_picked":["Acrobatics","Expertise"],"picked":"Backstab","floor":12.0},{"not_picked":["Blur","Outmaneuver","Heel Hook"],"picked":"SKIP","floor":14.0}],"player_experience":2747303,"relics_obtained":[{"floor":8.0,"key":"Tiny Chest"},{"floor":9.0,"key":"PreservedInsect"},{"floor":11.0,"key":"Ornamental Fan"}],"event_choices":[{"damage_healed":0.0,"max_hp_gain":0.0,"max_hp_loss":0.0,"gold_gain":0.0,"event_name":"Shining Light","player_choice":"Entered Light","floor":2.0,"gold_loss":0.0,"damage_taken":22.0,"cards_upgraded":["Strike_G","Defend_G"]},{"damage_healed":18.0,"max_hp_gain":0.0,"max_hp_loss":0.0,"gold_gain":0.0,"event_name":"The Cleric","player_choice":"Healed","floor":7.0,"gold_loss":35.0,"damage_taken":0.0},{"damage_healed":0.0,"max_hp_gain":0.0,"max_hp_loss":0.0,"gold_gain":0.0,"event_name":"World of Goop","player_choice":"Left Gold","floor":10.0,"gold_loss":41.0,"damage_taken":0.0}],"is_beta":false,"boss_relics":[],"items_purged_floors":[],"is_endless":false,"potions_floor_spawned":[1,3,11,12],"killed_by":"Hexaghost","ascension_level":20}}