{"host":"bf1tnxyvjw6wp3cl","time":1607832748,"event":{"mods":["AchievementEnabler","BaseMod","Block Reminder","Colored Powertips","Minty Spire (QoL Compilation)","Quick Restart","Relic Stats","StSLib","SuperFastMode"],"gold_per_floor":[118,118,118,133,43,76,76,28,28,58,58,58,74,92,92,189,189,199,52,70,83,83,83,45,45,72,88,104,203,118,130,130,235,235,255,272,272,272],"floor_reached":37,"playtime":1143,"items_purged":[],"score":404,"play_id":"87b6dad1-ff85-4dac-b7cb-e224ae513847","local_time":"20201212231228","is_ascension_mode":false,"campfire_choices":[{"floor":7,"key":"REST"},{"floor":11,"key":"REST"},{"floor":15,"key":"REST"},{"floor":23,"key":"REST"},{"floor":25,"key":"REST"},{"floor":32,"key":"REST"}],"circlet_count":0,"master_deck":["Strike_P","Strike_P","Strike_P","Strike_P","Defend_P","Defend_P","Defend_P","Defend_P","Eruption","Vigilance","ConjureBlade","Prostrate","Brilliance","Prostrate","Worship","LikeWater","Prostrate","EmptyBody","PathToVictory","Brilliance","Worship","PathToVictory","Vault","Devotion","Crescendo+1"],"relics":["PureWater","Lizard Tail","Gremlin Horn","InkBottle","Damaru","MealTicket","Thread and Needle","SlaversCollar"],"acts_visited":["Exordium","TheCity","TheBeyond"],"potions_floor_usage":[10,16,20,21,21,33,36],"damage_taken":[{"damage":2,"enemies":"Small Slimes","floor":1,"turns":3},{"damage":0,"enemies":"Cultist","floor":4,"turns":3},{"damage":50,"enemies":"3 Sentries","floor":6,"turns":9},{"damage":30,"enemies":"Lagavulin","floor":10,"turns":7},{"damage":0,"enemies":"Jaw Worm","floor":13,"turns":3},{"damage":3,"enemies":"Red Slaver","floor":14,"turns":4},{"damage":24,"enemies":"Hexaghost","floor":16,"turns":10},{"damage":10,"enemies":"3 Byrds","floor":18,"turns":8},{"damage":7,"enemies":"Shell Parasite","floor":20,"turns":6},{"damage":56,"enemies":"Chosen and Byrds","floor":21,"turns":8},{"damage":20,"enemies":"3 Cultists","floor":27,"turns":6},{"damage":41,"enemies":"Centurion and Healer","floor":28,"turns":6},{"damage":3,"enemies":"Chosen and Byrds","floor":31,"turns":6},{"damage":19,"enemies":"Champ","floor":33,"turns":7},{"damage":26,"enemies":"3 Shapes","floor":35,"turns":6},{"damage":42,"enemies":"3 Darklings","floor":36,"turns":5},{"damage":16,"enemies":"Transient","floor":37,"turns":1}],"seed_played":"2994132468515900072","potions_obtained":[{"floor":4,"key":"SpeedPotion"},{"floor":6,"key":"Block Potion"},{"floor":14,"key":"AttackPotion"},{"floor":16,"key":"ColorlessPotion"},{"floor":20,"key":"Ancient Potion"},{"floor":28,"key":"LiquidMemories"},{"floor":35,"key":"LiquidBronze"}],"is_trial":false,"path_per_floor":["M","$","?","M","$","E","R","$","T","E","R","$","M","M","R","B",null,"M","$","M","M","?","R","$","R","T","M","M","?","?","M","R","B",null,"M","M","M"],"character_chosen":"WATCHER","items_purchased":["Prostrate","Worship","Prostrate","Damaru","Worship"],"campfire_rested":6,"item_purchase_floors":[5,5,8,19,24],"current_hp_per_floor":[70,70,70,70,70,20,41,41,41,11,32,32,32,29,50,26,72,62,62,55,36,23,46,46,69,69,49,8,8,8,5,28,9,77,51,9,0,0],"gold":272,"neow_bonus":"ONE_RANDOM_RARE_CARD","is_daily":false,"chose_seed":false,"campfire_upgraded":0,"win_rate":0.0,"timestamp":1607832748,"path_taken":["M","$","?","M","$","E","R","?","T","E","R","?","?","M","R","BOSS","M","$","M","M","?","R","$","R","T","M","M","?","?","M","R","BOSS","M","M","M"],"items_purchased_type":["Card","Card","Card","Relic","Card"],"build_version":"2020-11-30","purchased_purges":0,"victory":false,"max_hp_per_floor":[72,72,72,72,72,72,72,72,72,72,72,72,72,72,72,72,72,72,72,72,72,77,77,77,77,77,77,77,77,77,77,77,77,77,77,77,77,77],"relic_stats":{"Lizard Tail":36,"Gremlin Horn":[11,11],"counters":[17,98],"MealTicket":0,"obtain_stats":[{"SlaversCollar":34,"Lizard Tail":6,"Gremlin Horn":9,"Damaru":19,"MealTicket":26,"Thread and Needle":30,"PureWater":0,"InkBottle":10},{"SlaversCollar":14,"Lizard Tail":3,"Gremlin Horn":3,"Damaru":8,"MealTicket":10,"Thread and Needle":12,"PureWater":0,"InkBottle":4},{"SlaversCollar":86,"Lizard Tail":15,"Gremlin Horn":15,"Damaru":47,"MealTicket":61,"Thread and Needle":73,"PureWater":0,"InkBottle":22}],"InkBottle":[26]},"card_choices":[{"not_picked":["BowlingBash","Worship"],"picked":"Prostrate","floor":1},{"not_picked":["Protect","Meditate"],"picked":"Brilliance","floor":4},{"not_picked":["EmptyFist","Protect"],"picked":"LikeWater","floor":6},{"not_picked":["FearNoEvil","FollowUp"],"picked":"EmptyBody","floor":10},{"not_picked":["FlurryOfBlows","EmptyBody","Wallop"],"picked":"SKIP","floor":13},{"not_picked":["Evaluate","FlurryOfBlows"],"picked":"PathToVictory","floor":14},{"not_picked":["Judgement","LessonLearned"],"picked":"Brilliance","floor":16},{"not_picked":["ThirdEye","CutThroughFate+1","JustLucky"],"picked":"SKIP","floor":18},{"not_picked":["WindmillStrike","ReachHeaven+1","Adaptation"],"picked":"SKIP","floor":20},{"not_picked":["EmptyFist","FlyingSleeves","ThirdEye"],"picked":"SKIP","floor":21},{"not_picked":["SashWhip","Swivel","FlurryOfBlows"],"picked":"SKIP","floor":27},{"not_picked":["Sanctity+1","CutThroughFate"],"picked":"PathToVictory","floor":28},{"not_picked":["WreathOfFlame","FollowUp"],"picked":"Vault","floor":31},{"not_picked":["Blasphemy","Ragnarok"],"picked":"Devotion","floor":33},{"not_picked":["JustLucky+1","ReachHeaven+1","SashWhip+1"],"picked":"SKIP","floor":35},{"not_picked":["FollowUp+1","Evaluate"],"picked":"Crescendo+1","floor":36}],"player_experience":149522,"relics_obtained":[{"floor":6,"key":"Lizard Tail"},{"floor":9,"key":"Gremlin Horn"},{"floor":10,"key":"InkBottle"},{"floor":26,"key":"MealTicket"}],"event_choices":[{"damage_healed":0,"gold_gain":0,"player_choice":"Bought 0 Potions","damage_taken":0,"max_hp_gain":0,"max_hp_loss":0,"event_name":"The Woman in Blue","floor":3,"gold_loss":0},{"damage_healed":0,"gold_gain":0,"player_choice":"Shed Blood","damage_taken":18,"max_hp_gain":5,"max_hp_loss":0,"event_name":"Forgotten Altar","floor":22,"gold_loss":0},{"damage_healed":0,"gold_gain":99,"player_choice":"Stole From Cult","damage_taken":0,"max_hp_gain":0,"max_hp_loss":0,"event_name":"Nest","floor":29,"gold_loss":0},{"damage_healed":0,"gold_gain":0,"player_choice":"Obtained Relic","damage_taken":0,"relics_obtained":["Thread and Needle"],"max_hp_gain":0,"max_hp_loss":0,"event_name":"Addict","floor":30,"gold_loss":85}],"is_beta":false,"boss_relics":[{"not_picked":["Coffee Dripper","Velvet Choker","Busted Crown"]},{"not_picked":["Philosopher\u0027s Stone","Sozu"],"picked":"SlaversCollar"}],"items_purged_floors":[],"is_endless":false,"potions_floor_spawned":[4,6,14,16,20,28,35],"killed_by":"Transient","ascension_level":0}}