{"host":"9d83omykrosjn1d3","time":1607876521,"event":{"mods":["AchievementEnabler","BaseMod","BetterRewards","Card Forge","Hubris","MarisaÅiñ∂âJÅ@ñÇóùçπÅj","Minty Spire (QoL Compilation)","Permanent Neow","Shop Mod","StSLib","SuperFastMode"],"gold_per_floor":[113,170,170,181,205,234,267,299,345,371,371,371,371,406,406,503,503,513,513,513,533,561,596,596,596,596,628,628,628,654,677,677,780,780,797,335,27,38,38,38,38,67,94,126,126,126,126,153,153,153],"floor_reached":51,"playtime":1072,"items_purged":["Pommel Strike"],"score":1437,"play_id":"4d94b58b-3b79-48b4-92a6-ae0c41b69d2a","local_time":"20201214012201","daily_mods":["SealedDeck","Heirloom","Flight","DeadlyEvents","Elite Swarm"],"is_ascension_mode":false,"campfire_choices":[{"data":"Searing Blow+1","floor":11,"key":"SMITH"},{"data":"Searing Blow+2","floor":12,"key":"SMITH"},{"data":"Searing Blow+3","floor":13,"key":"SMITH"},{"data":"Searing Blow+4","floor":15,"key":"SMITH"},{"data":"Searing Blow+5","floor":24,"key":"SMITH"},{"data":"Searing Blow+6","floor":25,"key":"SMITH"},{"data":"Searing Blow+7","floor":28,"key":"SMITH"},{"data":"Searing Blow+8","floor":29,"key":"SMITH"},{"data":"Searing Blow+9","floor":32,"key":"SMITH"},{"data":"Searing Blow+10","floor":40,"key":"SMITH"},{"data":"Searing Blow+11","floor":41,"key":"SMITH"},{"data":"Searing Blow+12","floor":45,"key":"SMITH"},{"data":"Searing Blow+13","floor":46,"key":"SMITH"},{"data":"Searing Blow+14","floor":47,"key":"SMITH"},{"data":"Searing Blow+15","floor":49,"key":"SMITH"}],"circlet_count":0,"master_deck":["Searing Blow+16","Metallicize","Shrug It Off","SuperPerseids","Impatience"],"relics":["Burning Blood","Hammer of Thor","Seething Fire","Anvil of the Gods","Lizard Tail","Lantern","CaptainsWheel","Akabeko","Potion Belt","Calipers","Ice Cream","SlaversCollar","MutagenicStrength","Centennial Puzzle","hubris:MedicalManual","hubris:CrystalStatue","StrikeDummy","Sundial","Anchor","Philosopher\u0027s Stone","MerchantsRug","Shuriken","ClockworkSouvenir","Omamori","hubris:CuriousFeather","Oddly Smooth Stone","Eternal Feather","hubris:ToyBattleship"],"acts_visited":["Exordium","TheCity","TheBeyond"],"potions_floor_usage":[33],"damage_taken":[{"damage":11,"enemies":"Jaw Worm","floor":1,"turns":4},{"damage":4,"enemies":"Small Slimes","floor":4,"turns":3},{"damage":12,"enemies":"Gremlin Nob","floor":6,"turns":5},{"damage":23,"enemies":"Lagavulin","floor":7,"turns":7},{"damage":7,"enemies":"3 Sentries","floor":8,"turns":9},{"damage":6,"enemies":"Gremlin Nob","floor":10,"turns":5},{"damage":7,"enemies":"Lagavulin","floor":14,"turns":3},{"damage":0,"enemies":"Slime Boss","floor":16,"turns":6},{"damage":1,"enemies":"Shell Parasite","floor":18,"turns":2},{"damage":0,"enemies":"Chosen","floor":21,"turns":2},{"damage":0,"enemies":"Book of Stabbing","floor":22,"turns":3},{"damage":0,"enemies":"Gremlin Leader","floor":23,"turns":3},{"damage":0,"enemies":"Book of Stabbing","floor":27,"turns":2},{"damage":1,"enemies":"Slavers","floor":30,"turns":2},{"damage":0,"enemies":"Collector","floor":33,"turns":2},{"damage":0,"enemies":"3 Darklings","floor":35,"turns":2},{"damage":0,"enemies":"Orb Walker","floor":38,"turns":1},{"damage":0,"enemies":"Reptomancer","floor":42,"turns":1},{"damage":0,"enemies":"Giant Head","floor":44,"turns":1},{"damage":0,"enemies":"Nemesis","floor":48,"turns":1},{"damage":0,"enemies":"hubris:GrandSnecko","floor":50,"turns":1}],"seed_played":"-8730791028963888201","potions_obtained":[{"floor":1,"key":"LiquidMemories"},{"floor":4,"key":"DistilledChaos"},{"floor":16,"key":"ElixirPotion"},{"floor":18,"key":"Fire Potion"},{"floor":23,"key":"Fire Potion"},{"floor":33,"key":"Fruit Juice"},{"floor":35,"key":"Fire Potion"},{"floor":48,"key":"ColorlessPotion"}],"is_trial":true,"path_per_floor":["M","?","?","M","T","E","E","E","T","E","R","R","R","E","R","B",null,"M","?","?","M","E","E","R","R","T","E","R","R","E","T","R","B",null,"M","$","$","M","$","R","R","E","T","E","R","R","R","E","R","B",null],"character_chosen":"IRONCLAD","items_purchased":["MerchantsRug","Shuriken","Impatience","ClockworkSouvenir","Omamori"],"campfire_rested":0,"item_purchase_floors":[36,36,36,37,37],"current_hp_per_floor":[75,75,75,77,77,74,60,62,62,62,62,62,62,64,64,73,95,98,98,98,98,98,98,98,98,98,98,98,98,98,98,98,103,103,103,103,103,103,103,103,103,103,103,103,103,103,103,103,103,103],"gold":153,"neow_bonus":"","is_daily":false,"chose_seed":false,"campfire_upgraded":15,"win_rate":0.0,"timestamp":1607876521,"path_taken":["M","?","?","?","?","E","E","E","T","E","R","R","R","E","R","BOSS","M","?","?","?","?","E","R","R","T","E","R","R","E","?","R","BOSS","M","$","$","?","?","R","R","E","T","E","R","R","R","E","R","BOSS"],"items_purchased_type":["Relic","Relic","Card","Relic","Relic"],"build_version":"2020-11-30","purchased_purges":1,"victory":true,"max_hp_per_floor":[80,80,80,80,80,83,86,89,89,89,89,89,89,92,92,95,95,98,98,98,98,98,98,98,98,98,98,98,98,98,98,98,103,103,103,103,103,103,103,103,103,103,103,103,103,103,103,103,103,103],"card_choices":[{"not_picked":["Shockwave","Flex","Ghostly Armor"],"picked":"SKIP","floor":1},{"not_picked":["Fire Breathing","Pommel Strike","Anger"],"picked":"SKIP","floor":4},{"not_picked":["Brutality","Exhume","Berserk"],"picked":"SKIP","floor":6},{"not_picked":["Double Tap","Fiend Fire","Feed"],"picked":"SKIP","floor":7},{"not_picked":["Bludgeon","Demon Form","Reaper"],"picked":"SKIP","floor":8},{"not_picked":["Corruption","Juggernaut","Feed"],"picked":"SKIP","floor":10},{"not_picked":["Feed","Offering","Exhume"],"picked":"SKIP","floor":14},{"not_picked":["Twin Strike+1","Carnage","Shrug It Off"],"picked":"SKIP","floor":18},{"not_picked":["Shrug It Off","Combust+1","Rupture"],"picked":"SKIP","floor":21},{"not_picked":["Limit Break","Feed","Bludgeon"],"picked":"SKIP","floor":22},{"not_picked":["Barricade","Exhume","Fiend Fire"],"picked":"SKIP","floor":23},{"not_picked":["Barricade","Demon Form","Immolate"],"picked":"SKIP","floor":27},{"not_picked":["Feed","Demon Form","Reaper"],"picked":"SKIP","floor":30},{"not_picked":["Pummel+1","Warcry","Anger"],"picked":"SKIP","floor":35},{"not_picked":["Havoc","hubris:SharpeningStone","hubris:ReadiedAction+1"],"picked":"SKIP","floor":38},{"not_picked":["Offering","Barricade","Corruption"],"picked":"SKIP","floor":42},{"not_picked":["Bludgeon","Berserk","Offering"],"picked":"SKIP","floor":44},{"not_picked":["Reaper","Demon Form","Brutality"],"picked":"SKIP","floor":48}],"player_experience":559698,"relics_obtained":[{"floor":5,"key":"Lantern"},{"floor":6,"key":"CaptainsWheel"},{"floor":7,"key":"Akabeko"},{"floor":9,"key":"Potion Belt"},{"floor":10,"key":"Calipers"},{"floor":14,"key":"Ice Cream"},{"floor":22,"key":"Centennial Puzzle"},{"floor":23,"key":"hubris:MedicalManual"},{"floor":26,"key":"hubris:CrystalStatue"},{"floor":27,"key":"StrikeDummy"},{"floor":30,"key":"Sundial"},{"floor":31,"key":"Anchor"},{"floor":42,"key":"hubris:CuriousFeather"},{"floor":43,"key":"Oddly Smooth Stone"},{"floor":44,"key":"Eternal Feather"},{"floor":48,"key":"hubris:ToyBattleship"}],"event_choices":[{"damage_healed":0,"gold_gain":57,"player_choice":"Gained Gold","damage_taken":0,"max_hp_gain":0,"max_hp_loss":0,"event_name":"Golden Wing","floor":2,"gold_loss":0},{"damage_healed":0,"gold_gain":0,"player_choice":"Upgraded","damage_taken":0,"max_hp_gain":0,"max_hp_loss":0,"event_name":"Upgrade Shrine","floor":3,"gold_loss":0,"cards_upgraded":["Searing Blow"]},{"damage_healed":0,"gold_gain":0,"player_choice":"Inject Mutagens","damage_taken":0,"relics_obtained":["MutagenicStrength"],"max_hp_gain":0,"max_hp_loss":0,"event_name":"Drug Dealer","floor":19,"gold_loss":0},{"damage_healed":0,"gold_gain":0,"player_choice":"Read","damage_taken":0,"max_hp_gain":0,"max_hp_loss":0,"event_name":"The Library","floor":20,"gold_loss":0,"cards_obtained":["SuperPerseids"]}],"is_beta":false,"boss_relics":[{"not_picked":["Astrolabe","hubris:Stopwatch"],"picked":"SlaversCollar"},{"not_picked":["Runic Pyramid","SacredBark"],"picked":"Philosopher\u0027s Stone"}],"items_purged_floors":[36],"is_endless":false,"potions_floor_spawned":[1,4,16,18,23,27,33,35,48],"ascension_level":0}}