{"host":"i2ku91d5mi282ys8","time":1607876092,"event":{"mods":["AchievementEnabler","Act Like it!","Aspiration","BaseMod","Better Match","Better Note","Better Skull","Better Third Choice","Block Reminder","CatGirl Mod","Colored Map","Colored Powertips","DeckTracker","Defuse TimeMaze Blight","GifTheSpireLib","Googly Eyes","Highlight Path","Minty Spire (QoL Compilation)","Permanent Neow","Quick Restart","RNG Fix","Random Character Button","Rare Cards Sparkle","Relic Sorter","StSLib","The IronCluck","Uncapped","Unceasing Turn Reminder","Waifu the Spire","everything is the same but u backflip on backflip"],"gold_per_floor":[116,35,35,51,71,96,111,129,129,129,141,141,141,152,152,152,152],"floor_reached":16,"playtime":1107,"items_purged":[],"score":154,"play_id":"c57efd74-2c6d-4e0d-9d17-f22634cc2b50","local_time":"20201213111452","is_ascension_mode":false,"campfire_choices":[{"floor":15,"key":"REST"}],"circlet_count":0,"master_deck":["Strike_R","Strike_R","Strike_R","Strike_R","Strike_R","Defend_R","Defend_R","Defend_R","Defend_R","Bash","Power Through","Madness","Wild Strike","True Grit+1","Feel No Pain","Wild Strike","True Grit","Iron Wave","Wild Strike"],"relics":["Burning Blood","Art of War","Question Card","Dream Catcher","Unceasing Top","Matryoshka"],"acts_visited":["Exordium"],"potions_floor_usage":[6,7,16],"damage_taken":[{"damage":0,"enemies":"Small Slimes","floor":1,"turns":3},{"damage":6,"enemies":"Cultist","floor":4,"turns":3},{"damage":11,"enemies":"Jaw Worm","floor":5,"turns":3},{"damage":43,"enemies":"3 Sentries","floor":6,"turns":10},{"damage":16,"enemies":"Large Slime","floor":7,"turns":9},{"damage":8,"enemies":"Exordium Wildlife","floor":8,"turns":7},{"damage":0,"enemies":"2 Fungi Beasts","floor":11,"turns":5},{"damage":5,"enemies":"Large Slime","floor":14,"turns":8},{"damage":42,"enemies":"Slime Boss","floor":16,"turns":7}],"seed_played":"-7141199403769875264","potions_obtained":[{"floor":4,"key":"Fire Potion"},{"floor":5,"key":"Explosive Potion"},{"floor":6,"key":"Weak Potion"},{"floor":7,"key":"SteroidPotion"}],"is_trial":true,"path_per_floor":["M","$","?","M","M","E","M","M","T","?","M","T","?","M","R","B"],"character_chosen":"IRONCLAD","items_purchased":["Madness"],"campfire_rested":1,"item_purchase_floors":[2],"current_hp_per_floor":[80,80,63,63,58,21,11,9,9,9,15,15,15,16,40,0,0],"gold":152,"neow_bonus":"","is_daily":false,"chose_seed":false,"campfire_upgraded":0,"win_rate":0.0,"timestamp":1607876092,"path_taken":["M","$","?","M","M","E","M","M","T","?","?","?","?","M","R","BOSS"],"items_purchased_type":["Card"],"build_version":"2020-11-30","purchased_purges":0,"victory":false,"max_hp_per_floor":[80,80,80,80,80,80,80,80,80,80,80,80,80,80,80,80,80],"card_choices":[{"not_picked":["Perfected Strike","True Grit"],"picked":"Power Through","floor":1},{"not_picked":["Bloodletting","Warcry","Armaments"],"picked":"Wild Strike","floor":4},{"not_picked":["Pommel Strike","Clash","Intimidate"],"picked":"True Grit","floor":5},{"not_picked":["Spot Weakness","Clash","Thunderclap"],"picked":"Feel No Pain","floor":6},{"not_picked":["Clothesline","Spot Weakness","Cleave"],"picked":"Wild Strike","floor":7},{"not_picked":["Exhume","Iron Wave","Pummel"],"picked":"True Grit","floor":8},{"not_picked":["Pummel","Spot Weakness","Pommel Strike"],"picked":"Iron Wave","floor":11},{"not_picked":["Bloodletting","Carnage","Combust","Rupture"],"picked":"SKIP","floor":14},{"not_picked":["Flex","Cleave","Battle Trance"],"picked":"Wild Strike","floor":15}],"player_experience":313197,"relics_obtained":[{"floor":6,"key":"Dream Catcher"},{"floor":9,"key":"Unceasing Top"},{"floor":12,"key":"Matryoshka"}],"event_choices":[{"damage_healed":0,"gold_gain":1,"player_choice":"Relic Relic ","damage_taken":17,"max_hp_gain":0,"max_hp_loss":0,"event_name":"betterThird:BetterScrap","floor":3,"gold_loss":0,"cards_obtained":["Wallop"]},{"damage_healed":0,"gold_gain":0,"player_choice":"Grow","damage_taken":0,"max_hp_gain":0,"max_hp_loss":0,"event_name":"Living Wall","floor":13,"gold_loss":0,"cards_upgraded":["True Grit"]}],"is_beta":false,"boss_relics":[],"items_purged_floors":[],"is_endless":true,"potions_floor_spawned":[4,5,6,7],"killed_by":"Slime Boss","ascension_level":0}}