{"host":"o7j6aatxjwpw1421","time":1607872548,"event":{"mods":["2.2 Compatiblity","BaseMod","Colored Map","DeckTracker","Highlight Path","Keyboard Shortcuts","Minty Spire (QoL Compilation)","Permanent Neow","Quick Restart","StSLib","SuperFastMode","everything is the same but u backflip on backflip"],"gold_per_floor":[114,186,186,202,202,202,227,241,241,11,11,11],"floor_reached":11,"playtime":503,"items_purged":[],"score":124,"play_id":"d77bb101-4105-464b-8c92-09eca5ee4bab","local_time":"20201214001548","is_ascension_mode":true,"campfire_choices":[{"data":"Endless Agony","floor":6,"key":"SMITH"}],"circlet_count":0,"master_deck":["AscendersBane","Strike_G","Strike_G","Strike_G","Strike_G","Defend_G","Defend_G","Defend_G","Defend_G","Survivor","Neutralize","Dash","Endless Agony+1","Poisoned Stab","Deadly Poison","Reflex"],"relics":["Ring of the Snake","Ornamental Fan","The Courier","Bird Faced Urn","InkBottle"],"acts_visited":["Exordium"],"potions_floor_usage":[],"damage_taken":[{"damage":0,"enemies":"Cultist","floor":1,"turns":5},{"damage":0,"enemies":"2 Louse","floor":4,"turns":3},{"damage":21,"enemies":"3 Sentries","floor":7,"turns":13},{"damage":2,"enemies":"Jaw Worm","floor":8,"turns":5},{"damage":10,"enemies":"Gremlin Nob","floor":11,"turns":3}],"seed_played":"-7503398010238691844","potions_obtained":[{"floor":7,"key":"Explosive Potion"}],"is_trial":false,"path_per_floor":["M","T","?","M","?","R","E","M","T","$","E"],"character_chosen":"THE_SILENT","items_purchased":["InkBottle","Reflex"],"campfire_rested":0,"item_purchase_floors":[10,10],"current_hp_per_floor":[44,44,49,49,49,49,28,26,26,26,16,16],"gold":11,"neow_bonus":"REMOVE_TWO","is_daily":false,"chose_seed":false,"campfire_upgraded":1,"win_rate":0.0,"timestamp":1607872548,"path_taken":["M","?","?","M","?","R","E","?","T","$","E"],"items_purchased_type":["Relic","Card"],"build_version":"2020-11-30","purchased_purges":0,"victory":false,"max_hp_per_floor":[66,66,71,71,71,71,71,71,71,71,71,71],"card_choices":[{"not_picked":["Slice","Calculated Gamble"],"picked":"Dash","floor":1},{"not_picked":["Concentrate","Caltrops"],"picked":"Endless Agony","floor":4},{"not_picked":["PiercingWail","Slice"],"picked":"Poisoned Stab","floor":7},{"not_picked":["Prepared","Eviscerate"],"picked":"Deadly Poison","floor":8}],"player_experience":228498,"relics_obtained":[{"floor":2,"key":"Ornamental Fan"},{"floor":7,"key":"The Courier"},{"floor":9,"key":"Bird Faced Urn"}],"event_choices":[{"damage_healed":0,"gold_gain":0,"player_choice":"Donut","damage_taken":0,"max_hp_gain":5,"max_hp_loss":0,"event_name":"Big Fish","floor":3,"gold_loss":0},{"damage_healed":0,"gold_gain":0,"player_choice":"Ignored","damage_taken":0,"max_hp_gain":0,"max_hp_loss":0,"event_name":"Liars Game","floor":5,"gold_loss":0}],"is_beta":false,"boss_relics":[],"items_purged_floors":[],"is_endless":false,"potions_floor_spawned":[7],"killed_by":"Gremlin Nob","ascension_level":15}}