{"host":"r40cn8c2kv7g6k3i","time":1607865652,"event":{"mods":["Act Like it!","BaseMod","Colored Powertips","Downfall","Gensokyo","Hallownest","KinomotoSakuraMod(ƒæ÷Æ±æ”£)","Marisa£®ÏF”Í°°ƒß¿Ì…≥£©","Minty Spire (QoL Compilation)","Onozuka Komachi Mod","Prisma Mod","Reimu£®≤©¿ˆ¡È√Œ£©","Remilia£®¿Ÿ√◊¿Ú—«£©","Replay The Spire","Shop Mod","Spicy Shops","StSLib","The Alterego","The Bug Knight","The Servant 0.9.4","UnlockEverythingMod","WarShipGirlsR/’ΩΩ¢…Ÿ≈ÆR mod","Youmu£®ªÍ∆«—˝√Œ£©","Yuri Mod"],"gold_per_floor":[117,117,117,117,42,77,77,88,113,133,206,26,84,84,84,199,199,217,260,324,204,4,4,254,286,286,339,441,441,493,596,596,783,783,850,917,917,978,128,184,184,217,244,483,483,82,82,135,135,247,247,247,18,187,211],"floor_reached":56,"playtime":8421,"items_purged":["Clumsy","Delirium"],"score":1724,"play_id":"ea51dcc2-fdc6-48f6-b41c-8e7e1675e961","local_time":"20201213212052","is_ascension_mode":true,"campfire_choices":[{"data":"Robbery","floor":7,"key":"SMITH"},{"data":"MillisecondPulsars","floor":23,"key":"SMITH"},{"floor":32,"key":"RECALL"},{"data":"MilkyWay","floor":41,"key":"SMITH"},{"floor":49,"key":"DIG"}],"circlet_count":0,"master_deck":["Strike_MRS","Strike_MRS","Strike_MRS","Strike_MRS","Defend_MRS","Defend_MRS","Defend_MRS","MasterSpark","UpSweep","GrandCross","Robbery+1","SuperPerseids","OrrerysSun","IllusionStar","StarDustReverie","OortCloud","6A","MillisecondPulsars+1","Hallucinations","PowerUp","ShootingEcho","ChargeUpSpray","WitchOfGreed","FinalSpark","Acceleration","Replay:SS_fish_3+1","PowerUp","MilkyWay+1","DeepEcoloBomb+1","Occultation","SuperPerseids+1","Gensokyo:ShootingStar","CollectingQuirk","ShootTheMoon+1","MysteriousBeam+1","FairyDestructionRay+1","BinaryStars+1","WitchOfGreed","SporeBomb+1","EnergyFlow+1","TreasureHunter","ReplayTheSpireMod:IOU","Specialist","LuminesStrike","IllusionStar","MasterSpark","Forethought","SuperPerseids","EnergyFlow","EnergyFlow","Panache","PropBag"],"relics":["MiniHakkero","NeowsBlessing","Gensokyo:MarisaImprobabilityPotion","ReplayTheSpireMod:Ring of Addiction","Toy Ornithopter","Ring of Fury","SacredBark","Frozen Eye","TungstenRod","Gensokyo:MarisaPhilosophersStone","Mastiff:ReiMu","Blue Doll","Divine Protection","Anchor","Replay:Ancient Bell","Pet Ghost","BreadOfAWashokuLover","Counterbalance","Gensokyo:MaskOfHope","BargainBundle","Replay:Multitool","Iron Hammer","Gensokyo:RedStar","Peace Pipe","Honey Jar","SimpleLauncher","Replay:Wax Seal","Akabeko","Mercury Hourglass","Lantern","AmplifyWand","Oddly Smooth Stone","Ginger","ReplayTheSpireMod:CursedCoin","SproutingBranch","ReplayTheSpireMod:Shallot","Replay:Bottled Flurry"],"acts_visited":["Gensokyo:Gensokyo","Gensokyo:Gensokyoer","TheBeyond","TheEnding"],"potions_floor_usage":[8,10,16,25,27,28,30,31,33,33,33,35,38,38,38,44,44,48,50,50,54,54,55,55,55],"damage_taken":[{"damage":0,"enemies":"Gensokyo:2_Kodama","floor":1,"turns":1},{"damage":0,"enemies":"Gensokyo:Aya","floor":6,"turns":1},{"damage":0,"enemies":"Gensokyo:Gryphon","floor":8,"turns":1},{"damage":48,"enemies":"Gensokyo:Gryphon","floor":10,"turns":6},{"damage":0,"enemies":"Gensokyo:Cirno","floor":11,"turns":5},{"damage":5,"enemies":"Gensokyo:Mamizou","floor":13,"turns":4},{"damage":0,"enemies":"Gensokyo:Yukari","floor":16,"turns":6},{"damage":0,"enemies":"Gensokyo:2_Gloops","floor":18,"turns":4},{"damage":10,"enemies":"Gensokyo:3_Dogs","floor":19,"turns":4},{"damage":0,"enemies":"Gensokyo:Swordslinger","floor":20,"turns":3},{"damage":0,"enemies":"Gensokyo:Chomper_and_Gloop","floor":25,"turns":3},{"damage":0,"enemies":"Gensokyo:Slime_Group","floor":27,"turns":3},{"damage":0,"enemies":"Gensokyo:Reisen","floor":28,"turns":4},{"damage":0,"enemies":"Gensokyo:Tenshi","floor":30,"turns":4},{"damage":7,"enemies":"Gensokyo:Wraith","floor":31,"turns":5},{"damage":5,"enemies":"Gensokyo:Eternal_Rivals","floor":33,"turns":7},{"damage":0,"enemies":"3 Darklings","floor":35,"turns":2},{"damage":0,"enemies":"3 Shapes","floor":36,"turns":3},{"damage":3,"enemies":"3 Darklings","floor":38,"turns":3},{"damage":0,"enemies":"Giant Head","floor":40,"turns":4},{"damage":0,"enemies":"Reptomancer","floor":42,"turns":2},{"damage":0,"enemies":"Giant Head","floor":44,"turns":3},{"damage":0,"enemies":"Sphere and 2 Shapes","floor":48,"turns":3},{"damage":9,"enemies":"Donu and Deca","floor":50,"turns":7},{"damage":5,"enemies":"Shield and Spear","floor":54,"turns":5},{"damage":32,"enemies":"The Heart","floor":55,"turns":8}],"seed_played":"-6728182872773278541","potions_obtained":[{"floor":4,"key":"StarNLove"},{"floor":4,"key":"Block Potion"},{"floor":4,"key":"Swift Potion"},{"floor":10,"key":"Adrenaline Potion"},{"floor":11,"key":"Cursed Concoction"},{"floor":19,"key":"GamblersBrew"},{"floor":25,"key":"Block Potion"},{"floor":27,"key":"Energy Potion"},{"floor":28,"key":"FearPotion"},{"floor":31,"key":"SmokeBomb"},{"floor":31,"key":"DuplicationPotion"},{"floor":31,"key":"Swift Potion"},{"floor":33,"key":"champ:CounterPotion"},{"floor":33,"key":"Reflective Coating"},{"floor":35,"key":"Energy Potion"},{"floor":35,"key":"ShroomBrew"},{"floor":38,"key":"LifebloodPotion"},{"floor":38,"key":"BlessingOfTheForge"},{"floor":40,"key":"Energy Potion"},{"floor":40,"key":"Flashbang"},{"floor":44,"key":"Fire Potion"},{"floor":44,"key":"Death Potion"},{"floor":44,"key":"PowerPotion"},{"floor":48,"key":"SteroidPotion"},{"floor":52,"key":"Weak Potion"},{"floor":52,"key":"Block Potion"},{"floor":54,"key":"BottledSpark"},{"floor":54,"key":"Adrenaline Potion"}],"is_trial":false,"path_per_floor":["M","?","?","?","$","E","R","M","T","?","E","$","E","T","R","B",null,"M","M","M","?","$","R","?","M","T","M","E","?","E","M","R","B",null,"M","M","?","M","$","E","R","E","T","E","?","$","?","M","R","B",null,"R","$","E","B",null],"character_chosen":"MARISA","items_purchased":["Frozen Eye","Blue Doll","OortCloud","BargainBundle","WitchOfGreed","FinalSpark","Acceleration","Replay:SS_fish_3+1","Fire Potion","BinaryStars+1","SimpleLauncher","Replay:Wax Seal","Akabeko","Mercury Hourglass","WitchOfGreed","Ginger","ReplayTheSpireMod:CursedCoin","Specialist","LuminesStrike","IllusionStar","EnergyFlow","Panache"],"campfire_rested":0,"item_purchase_floors":[5,12,12,22,22,22,22,22,22,39,39,39,39,39,39,46,46,46,46,46,53,53],"current_hp_per_floor":[75,75,75,75,75,75,75,73,73,25,25,25,20,20,20,25,71,71,61,62,62,62,62,62,67,67,67,67,67,67,66,66,80,80,80,80,80,77,77,77,77,77,77,78,78,78,78,76,76,76,76,76,76,74,47],"gold":211,"neow_bonus":"THREE_ENEMY_KILL","is_daily":false,"chose_seed":false,"campfire_upgraded":3,"win_rate":0.0,"timestamp":1607865652,"path_taken":["M","?","?","?","$","E","R","?","T","?","E","$","E","?","R","BOSS","M","M","M","?","$","R","?","M","T","M","E","?","E","M","R","BOSS","M","M","?","M","$","E","R","E","T","E","?","$","?","?","R","BOSS","R","$","E","BOSS"],"items_purchased_type":["Relic","Relic","Card","Relic","Card","Card","Card","Card","Potion","Card","Relic","Relic","Relic","Relic","Card","Relic","Relic","Card","Card","Card","Card","Card"],"build_version":"2020-11-30","purchased_purges":2,"victory":true,"max_hp_per_floor":[75,75,75,75,75,75,75,73,73,73,73,73,73,71,71,71,71,71,71,69,69,69,67,67,67,67,67,67,67,67,67,67,80,80,80,80,80,80,80,80,80,78,78,78,78,78,78,76,76,76,76,76,76,74,74],"card_choices":[{"not_picked":["WitchLeyline","DC"],"picked":"GrandCross","floor":1},{"not_picked":["EventHorizon","MilkyWay"],"picked":"Robbery","floor":6},{"not_picked":["SporeBomb","Orbital"],"picked":"SuperPerseids","floor":8},{"not_picked":["NonDirectionalLaser","EnergyRecoil"],"picked":"IllusionStar","floor":10},{"not_picked":["PulseMagic","DarkMatter"],"picked":"StarDustReverie","floor":11},{"not_picked":["GravityBeat","ChargeUpSpray"],"picked":"6A","floor":13},{"not_picked":["UltimateShortwave","JA"],"picked":"MillisecondPulsars","floor":16},{"not_picked":["Spreading Infection","ReplayTheSpireMod:Restless Dread"],"picked":"Delirium","floor":17},{"not_picked":["Wrath_TH","Doubt"],"picked":"Hallucinations","floor":17},{"not_picked":["Doubt","sneckomod:Bewildered"],"picked":"Clumsy","floor":17},{"not_picked":["6A","PulseMagic"],"picked":"PowerUp","floor":18},{"not_picked":["MeteoricShower","WitchLeyline"],"picked":"ShootingEcho","floor":19},{"not_picked":["RefractionSpark","Singularity"],"picked":"ChargeUpSpray","floor":20},{"not_picked":["GalacticHalo","AsteroidBelt"],"picked":"PowerUp","floor":25},{"not_picked":["Acceleration","AsteroidBelt"],"picked":"MilkyWay","floor":27},{"not_picked":["GrandCross","LuminesStrike"],"picked":"DeepEcoloBomb+1","floor":28},{"not_picked":["WitchLeyline+1","LuminesStrike"],"picked":"Occultation","floor":30},{"not_picked":["MilkyWay","AbsoluteMagnitude"],"picked":"SuperPerseids+1","floor":31},{"not_picked":[],"picked":"Gensokyo:ShootingStar","floor":33},{"not_picked":["CasketOfStar","MaximisePower"],"picked":"CollectingQuirk","floor":33},{"not_picked":["6A","GravityBeat","GasGiant"],"picked":"ShootTheMoon+1","floor":35},{"not_picked":["DoubleSpark","UnstableBomb","DC+1"],"picked":"MysteriousBeam+1","floor":36},{"not_picked":["WitchOfGreed","GravityBeat","GrandCross"],"picked":"FairyDestructionRay+1","floor":38},{"not_picked":["DeepEcoloBomb+1","StarBarrage","UnstableBomb"],"picked":"SporeBomb+1","floor":40},{"not_picked":["DarkSpark","ManaConvection+1","PowerUp+1"],"picked":"EnergyFlow+1","floor":42},{"not_picked":["DragonMeteor","ShootTheMoon","OneTimeOff+1"],"picked":"TreasureHunter","floor":44},{"not_picked":["EnergyFlow","DoubleSpark+1","WitchOfGreed+1"],"picked":"SuperPerseids","floor":48},{"not_picked":["OneTimeOff","AlicesGift+1","MeteoricShower"],"picked":"PropBag","floor":54}],"player_experience":122681,"relics_obtained":[{"floor":4,"key":"ReplayTheSpireMod:Ring of Addiction"},{"floor":4,"key":"Toy Ornithopter"},{"floor":4,"key":"Ring of Fury"},{"floor":4,"key":"SacredBark"},{"floor":6,"key":"TungstenRod"},{"floor":9,"key":"Art of War"},{"floor":10,"key":"Gensokyo:MarisaPhilosophersStone"},{"floor":11,"key":"Mastiff:ReiMu"},{"floor":13,"key":"Divine Protection"},{"floor":14,"key":"Anchor"},{"floor":26,"key":"Replay:Multitool"},{"floor":28,"key":"Iron Hammer"},{"floor":30,"key":"Peace Pipe"},{"floor":40,"key":"Lantern"},{"floor":42,"key":"AmplifyWand"},{"floor":44,"key":"Oddly Smooth Stone"},{"floor":49,"key":"SproutingBranch"},{"floor":54,"key":"ReplayTheSpireMod:Shallot"},{"floor":54,"key":"Replay:Bottled Flurry"}],"event_choices":[{"damage_healed":0,"gold_gain":0,"player_choice":"Ignored","damage_taken":0,"max_hp_gain":0,"max_hp_loss":0,"event_name":"Tomb of Lord Red Mask","floor":37,"gold_loss":0},{"cards_removed":["Defend_MRS"],"damage_healed":0,"gold_gain":0,"player_choice":"Removed Skill","damage_taken":0,"max_hp_gain":0,"max_hp_loss":0,"event_name":"Falling","floor":45,"gold_loss":0},{"damage_healed":0,"gold_gain":0,"player_choice":"2 cards matched","damage_taken":0,"max_hp_gain":0,"max_hp_loss":0,"event_name":"Match and Keep!","floor":47,"gold_loss":0,"cards_obtained":["MasterSpark","Forethought"]}],"is_beta":false,"boss_relics":[{"not_picked":["BewitchedHakkero","Replay:Grab Bag"],"picked":"Replay:Ancient Bell"},{"not_picked":["CeramicFish","Ancient Tea Set"],"picked":"Pet Ghost"},{"not_picked":["Quantum Egg","Kunai"],"picked":"BreadOfAWashokuLover"},{"not_picked":["Ice Cream","Replay:Towering Pillar of Hats"],"picked":"Counterbalance"},{"not_picked":["Fusion Hammer","Cursed Key"],"picked":"Honey Jar"}],"items_purged_floors":[22,46],"is_endless":false,"potions_floor_spawned":[10,11,19,20,25,31,35,38,40],"ascension_level":1}}