{"host":"5gc11emcm5chfr5t","time":1607850690,"event":{"mods":["2.2 Compatiblity","AchievementEnabler","BaseMod","Bestiary","Better Note","Colored Map","Colored Powertips","Googly Eyes","Minty Spire (QoL Compilation)","Rare Cards Sparkle","StSLib"],"gold_per_floor":[112,112,122,137,149,177,177,210,210,56,56,56,56,89,89,219,219,242,242,63,63,86,119,137,137,162,180,180,203,227,242,242,365,365,410,429,19,19,37,37,57,81,81,96,96,96,2,38,38,38,38,38,38,69,69],"floor_reached":56,"playtime":3472,"items_purged":[],"score":1294,"play_id":"13b67bc4-248a-4ef3-9863-0589d4cbfa98","local_time":"20201213041130","is_ascension_mode":false,"campfire_choices":[{"floor":7.0,"key":"REST"},{"floor":13.0,"key":"REST"},{"floor":15.0,"key":"REST"},{"floor":28.0,"key":"REST"},{"floor":32.0,"key":"REST"},{"floor":40.0,"key":"REST"},{"floor":45.0,"key":"RECALL"},{"floor":49.0,"key":"REST"},{"data":"MasterReality","floor":52.0,"key":"SMITH"}],"circlet_count":0,"master_deck":["Eruption","Vigilance","Prostrate","JustLucky","LikeWater","FlurryOfBlows","EmptyBody","EmptyFist","JustLucky","CrushJoints","ForeignInfluence","Wallop","MasterReality+1","DeusExMachina","SashWhip","Swivel","Protect","Swivel","Collect","Study","DeceiveReality","Evaluate","BattleHymn","CarveReality","DevaForm+1","Wish","Devotion","Dark Shackles","Vault","Madness","CarveReality+1"],"relics":["PureWater","Prayer Wheel","WarpedTongs","Dead Branch","Lantern","Mercury Hourglass","Strawberry","Golden Idol","Turnip","Pandora\u0027s Box","PreservedInsect","Tiny Chest","Oddly Smooth Stone","Busted Crown","Mummified Hand","Melange","Molten Egg 2","Nunchaku","White Beast Statue"],"acts_visited":["Exordium","TheCity","TheBeyond","TheEnding"],"potions_floor_usage":[],"damage_taken":[{"damage":22.0,"enemies":"Jaw Worm","floor":1.0,"turns":2.0},{"damage":1.0,"enemies":"Cultist","floor":3.0,"turns":4.0},{"damage":2.0,"enemies":"2 Louse","floor":4.0,"turns":3.0},{"damage":1.0,"enemies":"Large Slime","floor":5.0,"turns":5.0},{"damage":16.0,"enemies":"Lagavulin","floor":6.0,"turns":6.0},{"damage":13.0,"enemies":"3 Sentries","floor":8.0,"turns":7.0},{"damage":5.0,"enemies":"Lagavulin","floor":14.0,"turns":7.0},{"damage":5.0,"enemies":"Slime Boss","floor":16.0,"turns":6.0},{"damage":25.0,"enemies":"Spheric Guardian","floor":18.0,"turns":4.0},{"damage":53.0,"enemies":"3 Byrds","floor":22.0,"turns":4.0},{"damage":0.0,"enemies":"Book of Stabbing","floor":23.0,"turns":2.0},{"damage":0.0,"enemies":"Snecko","floor":24.0,"turns":5.0},{"damage":0.0,"enemies":"Snake Plant","floor":27.0,"turns":5.0},{"damage":1.0,"enemies":"Centurion and Healer","floor":29.0,"turns":5.0},{"damage":0.0,"enemies":"Cultist and Chosen","floor":30.0,"turns":4.0},{"damage":9.0,"enemies":"Snake Plant","floor":31.0,"turns":5.0},{"damage":15.0,"enemies":"Automaton","floor":33.0,"turns":7.0},{"damage":5.0,"enemies":"3 Shapes","floor":35.0,"turns":4.0},{"damage":12.0,"enemies":"Orb Walker","floor":36.0,"turns":3.0},{"damage":0.0,"enemies":"Spire Growth","floor":39.0,"turns":4.0},{"damage":16.0,"enemies":"Maw","floor":41.0,"turns":4.0},{"damage":0.0,"enemies":"4 Shapes","floor":42.0,"turns":3.0},{"damage":0.0,"enemies":"Jaw Worm Horde","floor":44.0,"turns":4.0},{"damage":0.0,"enemies":"Reptomancer","floor":48.0,"turns":4.0},{"damage":18.0,"enemies":"Awakened One","floor":50.0,"turns":7.0},{"damage":19.0,"enemies":"Shield and Spear","floor":54.0,"turns":4.0},{"damage":102,"enemies":"The Heart","floor":55,"turns":9}],"seed_played":"-1361764273694581415","potions_obtained":[{"floor":3.0,"key":"Block Potion"},{"floor":5.0,"key":"FairyPotion"},{"floor":14.0,"key":"BottledMiracle"},{"floor":16.0,"key":"PowerPotion"},{"floor":22.0,"key":"DistilledChaos"},{"floor":23.0,"key":"ColorlessPotion"},{"floor":33.0,"key":"PowerPotion"},{"floor":36.0,"key":"LiquidBronze"},{"floor":41.0,"key":"ColorlessPotion"},{"floor":42.0,"key":"FairyPotion"},{"floor":54.0,"key":"Explosive Potion"}],"is_trial":false,"path_per_floor":["M","?","M","M","M","E","R","E","T","$","?","$","R","E","R","B",null,"M","?","$","?","M","E","M","?","T","M","R","M","M","M","R","B",null,"M","M","$","?","M","R","M","M","T","M","R","T","$","E","R","B",null,"R","$","E","B",null],"character_chosen":"WATCHER","items_purchased":["Strawberry","PreservedInsect","BattleHymn","Mummified Hand","Melange","Madness"],"campfire_rested":7,"item_purchase_floors":[10,20,20,37,37,47],"current_hp_per_floor":[29,29,28,26,25,9,30,17,17,24,24,24,45,40,61,56,73,48,48,48,83,30,30,30,30,30,30,54,53,53,44,68,53,83,78,66,66,66,66,83,67,67,67,67,67,67,67,67,83,65,83,83,83,64,11],"gold":69,"neow_bonus":"ONE_RARE_RELIC","is_daily":false,"chose_seed":false,"campfire_upgraded":1,"win_rate":0.0,"timestamp":1607850690,"path_taken":["M","?","M","M","?","E","R","E","T","$","?","?","R","E","R","BOSS","M","?","$","?","M","E","M","?","T","M","R","M","M","?","R","BOSS","M","M","$","?","M","R","M","M","T","M","R","?","$","E","R","BOSS","R","$","E","BOSS"],"items_purchased_type":["Relic","Relic","Card","Relic","Relic","Card"],"build_version":"2020-11-30","purchased_purges":0,"victory":true,"max_hp_per_floor":[72,72,72,72,72,72,72,72,72,79,73,73,73,73,73,73,73,73,73,73,83,83,83,83,83,83,83,83,83,83,83,83,83,83,83,83,83,83,83,83,83,83,83,83,83,83,83,83,83,83,83,83,83,83,83],"card_choices":[{"not_picked":["CutThroughFate","Evaluate"],"picked":"Prostrate","floor":1.0},{"not_picked":["EmptyMind","Adaptation"],"picked":"JustLucky","floor":1.0},{"not_picked":["FollowUp","FlurryOfBlows"],"picked":"LikeWater","floor":3.0},{"not_picked":["FlurryOfBlows","Evaluate","Pray"],"picked":"SKIP","floor":3.0},{"not_picked":["Evaluate","Pray"],"picked":"FlurryOfBlows","floor":3.0},{"not_picked":["SandsOfTime","Halt"],"picked":"EmptyBody","floor":4.0},{"not_picked":["JustLucky","ThirdEye"],"picked":"EmptyFist","floor":4.0},{"not_picked":["ClearTheMind","EmptyFist"],"picked":"JustLucky","floor":5.0},{"not_picked":["ThirdEye","EmptyFist"],"picked":"CrushJoints","floor":5.0},{"not_picked":["SashWhip","Swivel"],"picked":"ForeignInfluence","floor":6.0},{"not_picked":["Brilliance","FlyingSleeves"],"picked":"Wallop","floor":8.0},{"not_picked":["Worship","FlurryOfBlows"],"picked":"MasterReality","floor":14.0},{"not_picked":["Establishment","Judgement"],"picked":"DeusExMachina","floor":16.0},{"not_picked":["Crescendo","FlurryOfBlows"],"picked":"Evaluate","floor":18.0},{"not_picked":["Protect","FollowUp+1","Crescendo"],"picked":"SKIP","floor":18.0},{"not_picked":["WindmillStrike","FlurryOfBlows+1"],"picked":"CarveReality","floor":22.0},{"not_picked":["InnerPeace+1","Halt","ThirdEye"],"picked":"SKIP","floor":22.0},{"not_picked":["MasterReality","Study","Consecrate"],"picked":"SKIP","floor":23.0},{"not_picked":["EmptyBody","Swivel"],"picked":"DevaForm","floor":24.0},{"not_picked":["Crescendo","CrushJoints+1","ClearTheMind"],"picked":"SKIP","floor":24.0},{"not_picked":["FollowUp","Worship+1","CutThroughFate"],"picked":"SKIP","floor":27.0},{"not_picked":["FlyingSleeves","WindmillStrike","LikeWater"],"picked":"SKIP","floor":27.0},{"not_picked":["CrushJoints","InnerPeace","PathToVictory"],"picked":"SKIP","floor":29.0},{"not_picked":["Indignation+1","Crescendo+1","EmptyFist+1"],"picked":"SKIP","floor":29.0},{"not_picked":["Nirvana","FlurryOfBlows+1","Consecrate+1"],"picked":"SKIP","floor":30.0},{"not_picked":["Perseverance","ThirdEye","TalkToTheHand"],"picked":"SKIP","floor":30.0},{"not_picked":["Worship","EmptyBody"],"picked":"Wish","floor":31.0},{"not_picked":["Evaluate+1","Tantrum","Pray+1"],"picked":"SKIP","floor":31.0},{"not_picked":["MasterReality","SpiritShield"],"picked":"Devotion","floor":33.0},{"not_picked":["FlurryOfBlows+1"],"picked":"SKIP","floor":35.0},{"not_picked":["ThirdEye+1"],"picked":"SKIP","floor":35.0},{"not_picked":["Prostrate"],"picked":"SKIP","floor":36.0},{"not_picked":["CrushJoints"],"picked":"SKIP","floor":36.0},{"not_picked":[],"picked":"Dark Shackles","floor":38.0},{"not_picked":[],"picked":"Vault","floor":39.0},{"not_picked":["FlyingSleeves+1"],"picked":"SKIP","floor":39.0},{"not_picked":["Protect"],"picked":"SKIP","floor":41.0},{"not_picked":["SandsOfTime+1"],"picked":"SKIP","floor":41.0},{"not_picked":["CrushJoints"],"picked":"SKIP","floor":42.0},{"not_picked":["CrushJoints+1"],"picked":"SKIP","floor":42.0},{"not_picked":["EmptyFist"],"picked":"SKIP","floor":44.0},{"not_picked":["CutThroughFate"],"picked":"SKIP","floor":44.0},{"not_picked":["BowlingBash+1"],"picked":"SKIP","floor":48.0},{"not_picked":[],"picked":"CarveReality+1","floor":54.0}],"player_experience":332909,"relics_obtained":[{"floor":6.0,"key":"Dead Branch"},{"floor":8.0,"key":"Lantern"},{"floor":9.0,"key":"Mercury Hourglass"},{"floor":14.0,"key":"Turnip"},{"floor":23.0,"key":"Tiny Chest"},{"floor":26.0,"key":"Oddly Smooth Stone"},{"floor":46.0,"key":"Molten Egg 2"},{"floor":48.0,"key":"Nunchaku"},{"floor":54.0,"key":"White Beast Statue"}],"event_choices":[{"damage_healed":0.0,"max_hp_gain":0.0,"max_hp_loss":0.0,"gold_gain":0.0,"event_name":"Accursed Blacksmith","player_choice":"Rummage","floor":2.0,"gold_loss":0.0,"damage_taken":0.0,"relics_obtained":["WarpedTongs"],"cards_obtained":["Pain"]},{"damage_healed":0.0,"max_hp_gain":0.0,"max_hp_loss":6.0,"gold_gain":0.0,"event_name":"Golden Idol","player_choice":"Lose Max HP","floor":11.0,"gold_loss":0.0,"damage_taken":0.0,"relics_obtained":["Golden Idol"]},{"cards_removed":["Pain"],"damage_healed":0.0,"max_hp_gain":0.0,"max_hp_loss":0.0,"gold_gain":0.0,"event_name":"Fountain of Cleansing","player_choice":"Removed Curses","floor":19.0,"gold_loss":0.0,"damage_taken":0.0},{"cards_removed":["ConjureBlade"],"damage_healed":25.0,"max_hp_gain":10.0,"max_hp_loss":0.0,"gold_gain":0.0,"event_name":"Bonfire Elementals","player_choice":"Offered Rare","floor":21.0,"gold_loss":0.0,"damage_taken":0.0},{"damage_healed":0.0,"max_hp_gain":0.0,"max_hp_loss":0.0,"gold_gain":0.0,"event_name":"Upgrade Shrine","player_choice":"Upgraded","floor":25.0,"gold_loss":0.0,"damage_taken":0.0,"cards_upgraded":["DevaForm"]},{"damage_healed":0.0,"max_hp_gain":0.0,"max_hp_loss":0.0,"gold_gain":0.0,"event_name":"SensoryStone","player_choice":"Memory 1","floor":38.0,"gold_loss":0.0,"damage_taken":0.0}],"is_beta":false,"boss_relics":[{"not_picked":["Astrolabe","SlaversCollar"],"picked":"Pandora\u0027s Box"},{"not_picked":["Velvet Choker","Runic Pyramid"],"picked":"Busted Crown"}],"items_purged_floors":[],"is_endless":false,"potions_floor_spawned":[3,5,14,16,22,23,33,36,41,42,54],"ascension_level":0}}