{"host":"llpusn9usp8rznkj","time":1607892614,"event":{"mods":["2.2 Compatiblity","BaseMod","Colored Map","Colored Powertips","Conspire","Downfall","Hubris","Minty Spire (QoL Compilation)","Rare Cards Sparkle","Replay The Spire","StSLib","The Cursed"],"gold_per_floor":[111,134,134,144,161,161,174,174,174,174,174],"floor_reached":10,"playtime":202,"items_purged":[],"score":116,"play_id":"e07c5092-b24a-4e7a-bf59-bcd803e504be","local_time":"20201213155014","is_ascension_mode":true,"campfire_choices":[{"data":"Draining Mist","floor":6,"key":"SMITH"},{"data":"Bouncing Flask","floor":8,"key":"SMITH"}],"circlet_count":0,"master_deck":["AscendersBane","Strike_G","Strike_G","Strike_G","Strike_G","Strike_G","Defend_G","Defend_G","Defend_G","Defend_G","Defend_G","Survivor","Neutralize","Draining Mist+1","Pain","Leg Sweep","Deadly Poison","Bouncing Flask+1"],"relics":["Ring of the Snake","NeowsBlessing","hubris:ToyBattleship","WarpedTongs","Bag of Marbles"],"acts_visited":["Exordium"],"potions_floor_usage":[7,10],"damage_taken":[{"damage":0,"enemies":"Cultist","floor":1,"turns":1},{"damage":0,"enemies":"conspire:RoseBush","floor":4,"turns":1},{"damage":0,"enemies":"Jaw Worm","floor":5,"turns":1},{"damage":17,"enemies":"Exordium Wildlife","floor":7,"turns":5},{"damage":48,"enemies":"Gremlin Nob","floor":10,"turns":4}],"seed_played":"5227905734423554584","potions_obtained":[{"floor":4,"key":"FearPotion"},{"floor":5,"key":"Fire Potion"}],"is_trial":false,"path_per_floor":["M","T","?","M","M","R","M","R","T","E"],"character_chosen":"THE_SILENT","items_purchased":[],"campfire_rested":0,"item_purchase_floors":[],"current_hp_per_floor":[59,59,59,59,59,59,42,42,42,0,0],"gold":174,"neow_bonus":"THREE_ENEMY_KILL","is_daily":false,"chose_seed":false,"campfire_upgraded":2,"win_rate":0.0,"timestamp":1607892614,"path_taken":["M","?","?","?","?","R","M","R","T","E"],"items_purchased_type":[],"build_version":"2020-11-30","purchased_purges":0,"victory":false,"max_hp_per_floor":[66,66,66,66,66,66,66,66,66,66,66],"card_choices":[{"not_picked":["Bane","Toxin Wave"],"picked":"Draining Mist","floor":1},{"not_picked":["Slice","Calculated Gamble"],"picked":"Leg Sweep","floor":4},{"not_picked":["Well Laid Plans","Flying Knee"],"picked":"Deadly Poison","floor":5},{"not_picked":["Acrobatics","Riddle With Holes"],"picked":"Bouncing Flask","floor":7}],"player_experience":960852,"relics_obtained":[{"floor":2,"key":"hubris:ToyBattleship"},{"floor":9,"key":"Bag of Marbles"}],"event_choices":[{"damage_healed":0,"gold_gain":0,"player_choice":"Rummage","damage_taken":0,"relics_obtained":["WarpedTongs"],"max_hp_gain":0,"max_hp_loss":0,"event_name":"Accursed Blacksmith","floor":3,"gold_loss":0,"cards_obtained":["Pain"]}],"is_beta":false,"boss_relics":[],"items_purged_floors":[],"is_endless":false,"potions_floor_spawned":[4,5],"killed_by":"Gremlin Nob","ascension_level":20}}