{"host":"vfg9szunmpjwj08o","time":1607893078,"event":{"mods":["Act Like it!","BaseMod","Challenge The Spire","Colored Map","Colored Powertips","Minty Spire (QoL Compilation)","StSLib","Waifu the Spire"],"gold_per_floor":[119,134,209,259,140,171,182,208,233,249,249,249,267,327,327,425,425,439,439,117,117,117],"floor_reached":21,"playtime":538,"items_purged":["Strike_B","Hyperbeam"],"score":403,"play_id":"1562f417-7d41-4728-9af8-0c32b0f4a106","local_time":"20201213215758","is_ascension_mode":true,"campfire_choices":[{"data":"Zap","floor":11,"key":"SMITH"},{"data":"Dualcast","floor":15,"key":"SMITH"}],"circlet_count":0,"master_deck":["AscendersBane","Strike_B","Strike_B","Defend_B+1","Defend_B","Defend_B","Defend_B+1","Zap+1","Dualcast+1","Defragment","Loop","Sunder","Loop","White Noise","Recycle","Lockon","Electrodynamics","Ball Lightning","Undo","Core Surge"],"relics":["Cracked Core","NeowsBlessing","Vajra","War Paint","Pen Nib","Sozu"],"acts_visited":["Exordium","TheCity"],"potions_floor_usage":[16],"damage_taken":[{"damage":0,"enemies":"Small Slimes","floor":1,"turns":1},{"damage":0,"enemies":"2 Louse","floor":2,"turns":1},{"damage":0,"enemies":"3 Sentries","floor":6,"turns":1},{"damage":2,"enemies":"Cultist","floor":7,"turns":4},{"damage":30,"enemies":"Lagavulin","floor":8,"turns":5},{"damage":0,"enemies":"3 Louse","floor":10,"turns":3},{"damage":0,"enemies":"2 Fungi Beasts","floor":13,"turns":2},{"damage":6,"enemies":"Slime Boss","floor":16,"turns":6},{"damage":33,"enemies":"2 Thieves","floor":18,"turns":3},{"damage":22,"enemies":"3 Byrds","floor":21,"turns":3}],"seed_played":"6796929636054446515","potions_obtained":[{"floor":1,"key":"ColorlessPotion"},{"floor":2,"key":"SmokeBomb"},{"floor":13,"key":"Weak Potion"},{"floor":16,"key":"AttackPotion"}],"is_trial":false,"path_per_floor":["M","M","?","?","$","E","M","E","T","M","R","?","M","?","R","B",null,"M","?","$","M"],"character_chosen":"DEFECT","items_purchased":["Sunder","Undo","Core Surge"],"campfire_rested":0,"item_purchase_floors":[5,20,20],"current_hp_per_floor":[64,64,53,46,46,46,44,14,14,14,14,14,14,14,14,8,55,22,22,22,0,0],"gold":117,"neow_bonus":"THREE_ENEMY_KILL","is_daily":false,"chose_seed":false,"campfire_upgraded":2,"win_rate":0.0,"timestamp":1607893078,"path_taken":["M","M","?","?","$","E","M","E","T","?","R","?","M","?","R","BOSS","M","?","$","?"],"items_purchased_type":["Card","Card","Card"],"build_version":"2020-11-30","purchased_purges":2,"victory":false,"max_hp_per_floor":[71,71,71,71,71,71,71,71,71,71,71,71,71,71,71,71,71,71,71,71,71,71],"card_choices":[{"not_picked":["Aggregate","Conserve Battery"],"picked":"Defragment","floor":1},{"not_picked":["Redo","Blizzard"],"picked":"Loop","floor":2},{"not_picked":["Blizzard","FTL"],"picked":"Loop","floor":6},{"not_picked":["Sunder","Conserve Battery"],"picked":"White Noise","floor":7},{"not_picked":["Gash","Double Energy"],"picked":"Recycle","floor":8},{"not_picked":["Blizzard","Turbo","Barrage"],"picked":"SKIP","floor":10},{"not_picked":["BootSequence","Streamline"],"picked":"Lockon","floor":13},{"not_picked":["Hyperbeam","Thunder Strike"],"picked":"Electrodynamics","floor":16},{"not_picked":["Melter","Stack"],"picked":"Ball Lightning","floor":18}],"player_experience":983862,"relics_obtained":[{"floor":6,"key":"Vajra"},{"floor":8,"key":"War Paint"},{"floor":9,"key":"Pen Nib"}],"event_choices":[{"damage_healed":0,"gold_gain":75,"player_choice":"Gather Gold","damage_taken":11,"max_hp_gain":0,"max_hp_loss":0,"event_name":"World of Goop","floor":3,"gold_loss":0},{"damage_healed":0,"gold_gain":50,"player_choice":"Touch","damage_taken":7,"max_hp_gain":0,"max_hp_loss":0,"event_name":"FaceTrader","floor":4,"gold_loss":0},{"damage_healed":0,"gold_gain":0,"player_choice":"Fled","damage_taken":0,"max_hp_gain":0,"max_hp_loss":0,"event_name":"Scrap Ooze","floor":12,"gold_loss":0},{"damage_healed":0,"gold_gain":60,"player_choice":"Gained Gold","damage_taken":0,"max_hp_gain":0,"max_hp_loss":0,"event_name":"Golden Wing","floor":14,"gold_loss":0},{"damage_healed":0,"gold_gain":0,"cards_transformed":["Strike_B"],"player_choice":"Transformed","damage_taken":0,"max_hp_gain":0,"max_hp_loss":0,"event_name":"Transmorgrifier","floor":19,"gold_loss":0,"cards_obtained":["Hyperbeam"]}],"is_beta":false,"boss_relics":[{"not_picked":["FrozenCore","Velvet Choker"],"picked":"Sozu"}],"items_purged_floors":[5,20],"is_endless":false,"potions_floor_spawned":[1,2,13,16,18],"killed_by":"3 Byrds","ascension_level":18}}