{"host":"ap8nepptd6icxyz7","time":1607883191,"event":{"mods":["2.2 Compatiblity","AchievementEnabler","BaseMod","Bestiary","Better Altar","Better Match","Better Note","Better Sensory Stone","Better Skull","Better Third Choice","Better Vampires","CCEM","Challenge The Spire","Colored Map","Colored Powertips","Colorless Booster Pack","Conspire","Custom Start","Displayed Cursed Tome","EXCEPTION","Energized Spire","Faster Ascension Climbing","Halation","Hermit","Highlight Path","Hubris","Jorbs\u0027s Wanderer Trilogy","Marked Mod","Mimic Mod","Minty Spire (QoL Compilation)","Permanent Neow","Quick Restart","RRrroohrrRGHHhhh!!","Random Character Button","Rare Cards Sparkle","Relic Sorter","Relic Stats","Replay The Spire","SCP261 Mod","SacredBarkPlus","Spicy Shops","Spikes Relics","StSLib","Swap Starting Deck Mod","The Cursed","The Disciple","The Jungle","Uncapped","Wandering Minibosses"],"gold_per_floor":[117,117,117,128,138,171,171,171,196,199,199],"floor_reached":10,"playtime":861,"items_purged":[],"score":96,"play_id":"f7e010b8-49ea-43d5-8720-3f3218c33b39","local_time":"20201213121311","is_ascension_mode":true,"campfire_choices":[{"floor":8,"key":"REST"}],"circlet_count":0,"master_deck":["Strike_G","Strike_G","Strike_G","Strike_G","Strike_G","Defend_G","Defend_G","Defend_G","Defend_G","Defend_G","Survivor+1","Neutralize","Footwork","Quick Slash","Dagger Throw","rorgmod:Slice"],"relics":["Ring of the Snake","hubris:Icosahedron","halation:IllGainedPizza","conspire:TopHat"],"acts_visited":["Exordium"],"potions_floor_usage":[10,10,10],"damage_taken":[{"damage":11,"enemies":"Jaw Worm","floor":1,"turns":5},{"damage":0,"enemies":"2 Louse","floor":4,"turns":5},{"damage":0,"enemies":"Small Slimes","floor":5,"turns":5},{"damage":43,"enemies":"Gremlin Nob","floor":6,"turns":6},{"damage":29,"enemies":"Lagavulin","floor":10,"turns":5}],"seed_played":"-7272670247207857652","potions_obtained":[{"floor":6,"key":"Weak Potion"},{"floor":7,"key":"Strength Potion"},{"floor":7,"key":"conspire:TimeTravelPotion"},{"floor":7,"key":"SneckoOil"}],"is_trial":false,"path_per_floor":["M","?","?","M","M","E","?","R","T","E"],"character_chosen":"THE_SILENT","items_purchased":[],"campfire_rested":1,"item_purchase_floors":[],"current_hp_per_floor":[52,52,52,52,52,9,9,30,30,7,7],"gold":199,"neow_bonus":"UPGRADE_CARD","is_daily":false,"chose_seed":false,"campfire_upgraded":0,"win_rate":0.0,"timestamp":1607883191,"path_taken":["M","?","?","M","M","E","?","R","T","E"],"items_purchased_type":[],"build_version":"2020-11-30","purchased_purges":0,"victory":false,"max_hp_per_floor":[70,70,70,70,70,70,70,70,70,70,70],"relic_stats":{"counters":[5,26],"obtain_stats":[{"hubris:Icosahedron":2,"halation:IllGainedPizza":6,"conspire:TopHat":9,"Ring of the Snake":0},{"hubris:Icosahedron":1,"halation:IllGainedPizza":4,"conspire:TopHat":4,"Ring of the Snake":0},{"hubris:Icosahedron":5,"halation:IllGainedPizza":21,"conspire:TopHat":21,"Ring of the Snake":0}],"Ring of the Snake":[10]},"card_choices":[{"not_picked":["Deadly Poison","PiercingWail","rorgmod:Catalyst"],"picked":"SKIP","floor":1},{"not_picked":["rorgmod:Tendon Slice","Pace"],"picked":"Quick Slash","floor":4},{"not_picked":["Riddle With Holes","Poisoned Stab"],"picked":"Dagger Throw","floor":5},{"not_picked":["Outmaneuver","rorgmod:Wraith Form 2"],"picked":"rorgmod:Slice","floor":6}],"player_experience":24009,"relics_obtained":[{"floor":6,"key":"halation:IllGainedPizza"},{"floor":9,"key":"conspire:TopHat"}],"event_choices":[{"damage_healed":0,"gold_gain":0,"player_choice":"Got Potions","damage_taken":0,"max_hp_gain":0,"max_hp_loss":0,"event_name":"Lab","floor":7,"gold_loss":0}],"is_beta":false,"boss_relics":[],"items_purged_floors":[],"is_endless":false,"potions_floor_spawned":[6],"killed_by":"Lagavulin","ascension_level":9}}