{"host":"ilxricga2547gmyy","time":1607881777,"event":{"mods":["AchievementEnabler","BaseMod","Minty Spire (QoL Compilation)","Quick Restart","StSLib"],"gold_per_floor":[113,113,124,140,154,154,171,246,246,264,264,229,258,258,258,354,354,373,392,409,32,32,32,32],"floor_reached":23,"playtime":808,"items_purged":[],"score":270,"play_id":"33da74f7-0f55-4e65-a34c-7e1b54691b83","local_time":"20201213184937","is_ascension_mode":true,"campfire_choices":[{"data":"Searing Blow","floor":6,"key":"SMITH"},{"floor":11,"key":"REST"},{"floor":15,"key":"REST"}],"circlet_count":0,"master_deck":["Strike_R","Strike_R","Strike_R","Strike_R","Defend_R","Defend_R","Defend_R","Defend_R","Bash","Headbutt","Searing Blow+1","Dropkick","Thunderclap","Disarm","Spot Weakness+1","Sword Boomerang","Double Tap+1","Ghostly Armor+1","Metallicize","Warcry+1","Inflame"],"relics":["Burning Blood","Toxic Egg 2","Ornamental Fan","Sundial","SacredBark","Turnip"],"acts_visited":["Exordium","TheCity"],"potions_floor_usage":[7,20,23],"damage_taken":[{"damage":10,"enemies":"2 Louse","floor":1,"turns":4},{"damage":7,"enemies":"Jaw Worm","floor":3,"turns":3},{"damage":5,"enemies":"Small Slimes","floor":4,"turns":3},{"damage":32,"enemies":"Exordium Wildlife","floor":5,"turns":6},{"damage":15,"enemies":"Large Slime","floor":7,"turns":5},{"damage":17,"enemies":"Blue Slaver","floor":10,"turns":4},{"damage":28,"enemies":"Gremlin Nob","floor":13,"turns":4},{"damage":40,"enemies":"Hexaghost","floor":16,"turns":8},{"damage":30,"enemies":"Spheric Guardian","floor":18,"turns":5},{"damage":5,"enemies":"Chosen","floor":19,"turns":5},{"damage":29,"enemies":"Centurion and Healer","floor":20,"turns":9},{"damage":68,"enemies":"Gremlin Leader","floor":23,"turns":7}],"seed_played":"1326147526368771517","potions_obtained":[{"floor":3,"key":"Fire Potion"},{"floor":16,"key":"Block Potion"},{"floor":19,"key":"DistilledChaos"}],"is_trial":false,"path_per_floor":["M","?","M","M","M","R","M","?","T","M","R","?","E","?","R","B",null,"M","M","M","$","?","E"],"character_chosen":"IRONCLAD","items_purchased":["Inflame","Turnip"],"campfire_rested":2,"item_purchase_floors":[21,21],"current_hp_per_floor":[76,76,75,76,50,50,41,30,30,19,45,67,45,45,71,37,75,51,52,29,29,58,0,0],"gold":32,"neow_bonus":"TEN_PERCENT_HP_BONUS","is_daily":false,"chose_seed":false,"campfire_upgraded":1,"win_rate":0.0,"timestamp":1607881777,"path_taken":["M","?","M","M","M","R","M","?","T","M","R","?","E","?","R","BOSS","M","M","M","$","?","E"],"items_purchased_type":["Card","Relic"],"build_version":"2020-11-30","purchased_purges":0,"victory":false,"max_hp_per_floor":[88,88,88,88,88,88,88,88,88,88,88,88,88,88,88,88,88,88,88,88,88,88,88,88],"card_choices":[{"not_picked":["Clothesline","Body Slam"],"picked":"Headbutt","floor":1},{"not_picked":["True Grit","Burning Pact"],"picked":"Dropkick","floor":3},{"not_picked":["Infernal Blade","Blood for Blood","Sentinel"],"picked":"SKIP","floor":4},{"not_picked":["Flex","Havoc"],"picked":"Thunderclap","floor":5},{"not_picked":["Cleave","Carnage"],"picked":"Disarm","floor":7},{"not_picked":["Juggernaut","Body Slam"],"picked":"Spot Weakness+1","floor":10},{"not_picked":["Dual Wield+1","Heavy Blade"],"picked":"Sword Boomerang","floor":13},{"not_picked":["Berserk","Juggernaut"],"picked":"Double Tap+1","floor":16},{"not_picked":["Iron Wave","Thunderclap+1"],"picked":"Ghostly Armor+1","floor":18},{"not_picked":["Searing Blow","Body Slam"],"picked":"Metallicize","floor":19},{"not_picked":["Thunderclap","Sever Soul"],"picked":"Warcry+1","floor":20}],"player_experience":214351,"relics_obtained":[{"floor":9,"key":"Toxic Egg 2"},{"floor":13,"key":"Ornamental Fan"}],"event_choices":[{"damage_healed":0,"gold_gain":0,"cards_transformed":["Strike_R"],"player_choice":"Change","damage_taken":0,"max_hp_gain":0,"max_hp_loss":0,"event_name":"Living Wall","floor":2,"gold_loss":0,"cards_obtained":["Searing Blow"]},{"damage_healed":0,"gold_gain":75,"player_choice":"Gather Gold","damage_taken":11,"max_hp_gain":0,"max_hp_loss":0,"event_name":"World of Goop","floor":8,"gold_loss":0},{"damage_healed":22,"gold_gain":0,"player_choice":"Healed","damage_taken":0,"max_hp_gain":0,"max_hp_loss":0,"event_name":"The Cleric","floor":12,"gold_loss":35},{"damage_healed":0,"gold_gain":0,"player_choice":"Searched \u00271\u0027 times","damage_taken":0,"relics_obtained":["Sundial"],"max_hp_gain":0,"max_hp_loss":0,"event_name":"Dead Adventurer","floor":14,"gold_loss":0},{"damage_healed":29,"gold_gain":0,"player_choice":"Heal","damage_taken":0,"max_hp_gain":0,"max_hp_loss":0,"event_name":"The Library","floor":22,"gold_loss":0}],"is_beta":false,"boss_relics":[{"not_picked":["Runic Dome","SlaversCollar"],"picked":"SacredBark"}],"items_purged_floors":[],"is_endless":false,"potions_floor_spawned":[3,16,19],"killed_by":"Gremlin Leader","ascension_level":8}}