{"host":"ehwj6oc29l3x8nvc","time":1607883911,"event":{"mods":["BaseMod","BetterRewards","Colored Map","Colored Powertips","Minty Spire (QoL Compilation)","StSLib","Transform Curses"],"gold_per_floor":[111,31,31,44,54,54,54],"floor_reached":6,"playtime":286,"items_purged":[],"score":38,"play_id":"0064e43e-8144-4e7c-8697-e09909025172","local_time":"20201213112511","daily_mods":["Draft","Vintage","Time Dilation","Flight","Elite Swarm"],"is_ascension_mode":true,"campfire_choices":[],"circlet_count":0,"master_deck":["Battle Trance","Iron Wave","Dual Wield","Rage","Flex","Clash","Whirlwind","Dual Wield","Flex","Flex","Flame Barrier","Armaments","Sword Boomerang","Clash","Uppercut","Metallicize","Bash"],"relics":["Burning Blood","Gremlin Horn","Bottled Lightning","Omamori"],"acts_visited":["Exordium"],"potions_floor_usage":[],"damage_taken":[{"damage":0,"enemies":"Small Slimes","floor":1,"turns":1},{"damage":0,"enemies":"Cultist","floor":4,"turns":1},{"damage":0,"enemies":"2 Louse","floor":5,"turns":1},{"damage":4,"enemies":"3 Sentries","floor":6,"turns":4}],"seed_played":"-8120808958210363446","potions_obtained":[],"is_trial":true,"path_per_floor":["M","$","?","M","M","E"],"character_chosen":"IRONCLAD","items_purchased":["Metallicize"],"campfire_rested":0,"item_purchase_floors":[2],"current_hp_per_floor":[80,80,80,80,80,76,76],"gold":54,"neow_bonus":"","is_daily":false,"chose_seed":false,"campfire_upgraded":0,"win_rate":0.0,"timestamp":1607883911,"path_taken":["M","$","?","M","?","E"],"items_purchased_type":["Card"],"build_version":"2020-11-30","purchased_purges":0,"victory":false,"max_hp_per_floor":[80,80,80,80,80,80,80],"card_choices":[{"not_picked":["Pommel Strike","Fire Breathing"],"picked":"Battle Trance","floor":0},{"not_picked":["Clothesline","Havoc"],"picked":"Iron Wave","floor":0},{"not_picked":["Sword Boomerang","Clothesline"],"picked":"Dual Wield","floor":0},{"not_picked":["Pummel","Pommel Strike"],"picked":"Rage","floor":0},{"not_picked":["Shrug It Off","Thunderclap"],"picked":"Flex","floor":0},{"not_picked":["Blood for Blood","Body Slam"],"picked":"Clash","floor":0},{"not_picked":["Feel No Pain","Intimidate"],"picked":"Whirlwind","floor":0},{"not_picked":["Rupture","Burning Pact"],"picked":"Dual Wield","floor":0},{"not_picked":["Perfected Strike","Heavy Blade"],"picked":"Flex","floor":0},{"not_picked":["Havoc","Sever Soul"],"picked":"Flex","floor":0},{"not_picked":["Twin Strike","Perfected Strike"],"picked":"Flame Barrier","floor":0},{"not_picked":["Havoc","Fire Breathing"],"picked":"Armaments","floor":0},{"not_picked":["Ghostly Armor","Rupture"],"picked":"Sword Boomerang","floor":0},{"not_picked":["True Grit","Armaments"],"picked":"Clash","floor":0},{"not_picked":["Perfected Strike","Body Slam"],"picked":"Uppercut","floor":0}],"player_experience":22107,"relics_obtained":[{"floor":1,"key":"Gremlin Horn"},{"floor":4,"key":"Bottled Lightning"},{"floor":5,"key":"Omamori"}],"event_choices":[{"damage_healed":0,"gold_gain":0,"player_choice":"1 cards matched","damage_taken":0,"max_hp_gain":0,"max_hp_loss":0,"event_name":"Match and Keep!","floor":3,"gold_loss":0,"cards_obtained":["Bash"]}],"is_beta":false,"boss_relics":[],"items_purged_floors":[],"is_endless":false,"potions_floor_spawned":[],"killed_by":"3 Sentries","ascension_level":1}}