{"host":"ks12kfi5c4d9hdxy","time":1607886507,"event":{"mods":["BaseMod","Conspire","GifTheSpireLib","HololiveMod","Koishi","LagranYue(拉格朗・月)","Marisa（F雨　魔理沙）","Minty Spire (QoL Compilation)","Reimu（博丽灵梦）","Remilia（蕾米莉亚）","Replay The Spire","RumiaBox-露米娅的神秘盒子","StSLib","SuperFastMode","The Administrix","The Servant 0.9.4","Youmu（魂魄妖梦）","Yuyuko","【功能Mod】混沌之环修复补丁","【功能Mod】聪明的最终Boss","篝火指南"],"gold_per_floor":[113,113,133,178,203,244,264,264,264],"floor_reached":8,"playtime":226,"items_purged":[],"score":102,"play_id":"8073f561-0ccc-4bd2-92d1-689ed01641ad","local_time":"20201214030827","is_ascension_mode":true,"campfire_choices":[],"circlet_count":0,"master_deck":["AscendersBane","Strike_MRS","Strike_MRS","Strike_MRS","Strike_MRS","Defend_MRS","Defend_MRS","Defend_MRS","Defend_MRS","MasterSpark","UpSweep","WitchLeyline","Injury","Acceleration","Pain","Singularity"],"relics":["MiniHakkero","LagranYue:RandomDrawCardRelic","NeowsBlessing","Golden Idol","HandmadeGrimoire","Turnip"],"acts_visited":["Exordium"],"potions_floor_usage":[6,6,6,6,7],"damage_taken":[{"damage":0,"enemies":"Cultist","floor":1,"turns":1},{"damage":0,"enemies":"Small Slimes","floor":3,"turns":2},{"damage":0,"enemies":"Jaw Worm","floor":5,"turns":1},{"damage":18,"enemies":"3 Sentries","floor":6,"turns":6},{"damage":13,"enemies":"Large Slime","floor":7,"turns":5},{"damage":36,"enemies":"Lagavulin","floor":8,"turns":4}],"seed_played":"-4382362208597427980","potions_obtained":[{"floor":3,"key":"Cursed Concoction"},{"floor":5,"key":"EntropicBrew"},{"floor":6,"key":"GamblersBrew"}],"is_trial":false,"path_per_floor":["M","?","M","?","M","E","M","E"],"character_chosen":"MARISA","items_purchased":[],"campfire_rested":0,"item_purchase_floors":[],"current_hp_per_floor":[63,63,63,63,63,45,32,0,0],"gold":264,"neow_bonus":"THREE_ENEMY_KILL","is_daily":false,"chose_seed":false,"campfire_upgraded":0,"win_rate":0.0,"timestamp":1607886507,"path_taken":["M","?","M","?","M","E","?","E"],"items_purchased_type":[],"build_version":"2020-11-30","purchased_purges":0,"victory":false,"max_hp_per_floor":[70,70,70,70,70,70,70,70,70],"card_choices":[{"not_picked":["DC","GalacticHalo"],"picked":"WitchLeyline","floor":1},{"not_picked":["DoubleSpark","Acceleration","PulseMagic"],"picked":"SKIP","floor":3},{"not_picked":["DoubleSpark","PulseMagic"],"picked":"Acceleration","floor":3},{"not_picked":["GravityBeat","MysteriousBeam","MilkyWay"],"picked":"SKIP","floor":5},{"not_picked":["PowerUp","6A"],"picked":"Singularity","floor":6},{"not_picked":["DragonMeteor","OrrerysSun","UnstableBomb"],"picked":"SKIP","floor":7}],"player_experience":451056,"relics_obtained":[{"floor":4,"key":"HandmadeGrimoire"},{"floor":6,"key":"Turnip"}],"event_choices":[{"damage_healed":0,"gold_gain":0,"player_choice":"Take Wound","damage_taken":0,"relics_obtained":["Golden Idol"],"max_hp_gain":0,"max_hp_loss":0,"event_name":"Golden Idol","floor":2,"gold_loss":0,"cards_obtained":["Injury"]}],"is_beta":false,"boss_relics":[],"items_purged_floors":[],"is_endless":false,"potions_floor_spawned":[3,5,6],"killed_by":"Lagavulin","ascension_level":15}}