{"host":"qwttrqaysb380yri","time":1607895545,"event":{"mods":["BaseMod","Custom Start","Minty Spire (QoL Compilation)","Puzzle Mod","Relic Stats","StSLib","The Cursed","The Hierophant"],"gold_per_floor":[110,137,137,164,164,194,194,230,280,280,355,355,389,436,436,449,449,495,85,85,157,157,232,232,232,232,232,182,158,158],"floor_reached":29,"playtime":749,"items_purged":["hierophant:Strike_Hierophant"],"score":436,"play_id":"488a51ce-47c3-4c65-bf36-3dfa0f1ac1b8","local_time":"20201213223905","is_ascension_mode":true,"campfire_choices":[{"data":"hierophant:Remorse","floor":7,"key":"SMITH"},{"floor":10,"key":"REST"},{"data":"hierophant:Punish","floor":12,"key":"SMITH"},{"floor":15,"key":"REST"},{"floor":27,"key":"REST"}],"circlet_count":0,"master_deck":["AscendersBane","hierophant:Strike_Hierophant","hierophant:Strike_Hierophant","hierophant:Strike_Hierophant","hierophant:Punish+1","hierophant:Defend_Hierophant","hierophant:Defend_Hierophant","hierophant:Defend_Hierophant","hierophant:Defend_Hierophant","hierophant:ChurchCoffers+1","hierophant:Doubloon","hierophant:Remorse+1","hierophant:Doubloon","hierophant:Remorse+1","hierophant:OrnateBuckler","hierophant:Doubloon","hierophant:Dazzle","hierophant:OrnateBuckler","hierophant:Shelter","hierophant:AuricForm","hierophant:BulkyChest","hierophant:AuricBeam+1","hierophant:ThreeLashes","hierophant:DivineIntervention","Regret"],"relics":["hierophant:PropheticMaskRelic","Centennial Puzzle","Dead Branch","Lantern","Potion Belt","Cursed Key","Singing Bowl","Incense Burner","Toxic Egg 2"],"acts_visited":["Exordium","TheCity"],"potions_floor_usage":[16,23,23,23,23,24,29,29],"damage_taken":[{"damage":6,"enemies":"Cultist","floor":1,"turns":3},{"damage":3,"enemies":"Small Slimes","floor":2,"turns":4},{"damage":6,"enemies":"2 Louse","floor":4,"turns":2},{"damage":17,"enemies":"3 Sentries","floor":6,"turns":9},{"damage":8,"enemies":"Gremlin Nob","floor":8,"turns":3},{"damage":10,"enemies":"Lagavulin","floor":13,"turns":4},{"damage":3,"enemies":"Blue Slaver","floor":14,"turns":2},{"damage":36,"enemies":"The Guardian","floor":16,"turns":6},{"damage":2,"enemies":"3 Byrds","floor":18,"turns":3},{"damage":3,"enemies":"Shell Parasite","floor":21,"turns":5},{"damage":24,"enemies":"Slavers","floor":23,"turns":4},{"damage":0,"enemies":"Centurion and Healer","floor":24,"turns":1},{"damage":29,"enemies":"Book of Stabbing","floor":29,"turns":2}],"seed_played":"-810898755169425710","potions_obtained":[{"floor":4,"key":"SmokeBomb"},{"floor":14,"key":"ColorlessPotion"},{"floor":16,"key":"Block Potion"},{"floor":23,"key":"SteroidPotion"}],"is_trial":false,"path_per_floor":["M","M","$","M","?","E","R","?","T","R","?","R","E","M","R","B",null,"M","$","?","M","$","E","M","?","T","R","?","E"],"character_chosen":"HIEROPHANT","items_purchased":["Singing Bowl","EntropicBrew"],"campfire_rested":3,"item_purchase_floors":[19,19],"current_hp_per_floor":[62,59,59,53,53,36,36,28,28,50,39,39,29,26,48,12,59,57,57,36,33,33,9,9,9,9,33,33,4,4],"gold":158,"neow_bonus":"UPGRADE_CARD","is_daily":false,"chose_seed":false,"campfire_upgraded":2,"win_rate":0.0,"timestamp":1607895545,"path_taken":["M","M","?","M","?","E","R","?","T","R","?","R","E","M","R","BOSS","M","$","?","M","$","E","M","?","T","R","?","E"],"items_purchased_type":["Relic","Potion"],"build_version":"2020-11-30","purchased_purges":1,"victory":false,"max_hp_per_floor":[75,75,75,75,75,75,75,75,75,75,75,75,75,75,75,75,75,75,75,80,80,80,80,80,80,80,80,80,80,80],"relic_stats":{"Centennial Puzzle":[24],"Singing Bowl":0,"counters":[13,48],"Dead Branch":[21],"Cursed Key":1,"obtain_stats":[{"Potion Belt":13,"Centennial Puzzle":6,"Lantern":9,"Singing Bowl":19,"hierophant:PropheticMaskRelic":0,"Dead Branch":8,"Incense Burner":23,"Toxic Egg 2":26,"Cursed Key":17},{"Potion Belt":6,"Centennial Puzzle":4,"Lantern":5,"Singing Bowl":9,"hierophant:PropheticMaskRelic":0,"Dead Branch":5,"Incense Burner":11,"Toxic Egg 2":12,"Cursed Key":8},{"Potion Belt":25,"Centennial Puzzle":18,"Lantern":21,"Singing Bowl":36,"hierophant:PropheticMaskRelic":0,"Dead Branch":21,"Incense Burner":45,"Toxic Egg 2":46,"Cursed Key":33}]},"card_choices":[{"not_picked":["hierophant:DisplayOfPower","hierophant:HammerAndAnvil"],"picked":"hierophant:Remorse","floor":1},{"not_picked":["hierophant:PassingBell","hierophant:TollTheBells"],"picked":"hierophant:Remorse","floor":2},{"not_picked":["hierophant:ConvertCurrency","hierophant:Zeal"],"picked":"hierophant:OrnateBuckler","floor":4},{"not_picked":["hierophant:DisplayOfPower","hierophant:FaithHealing"],"picked":"hierophant:Dazzle","floor":6},{"not_picked":["hierophant:FieryStrike","hierophant:Rebuild"],"picked":"hierophant:OrnateBuckler","floor":8},{"not_picked":["hierophant:Purify","hierophant:DisplayOfPower"],"picked":"hierophant:Shelter","floor":13},{"not_picked":["hierophant:OrnateJavelin","hierophant:PassingBell"],"picked":"hierophant:AuricForm","floor":14},{"not_picked":["hierophant:MintersHammer","hierophant:Batter"],"picked":"hierophant:BulkyChest","floor":16},{"not_picked":["hierophant:Upheaval","hierophant:Bribe+1"],"picked":"hierophant:AuricBeam+1","floor":18},{"not_picked":["hierophant:PristineSoul","hierophant:PassingBell"],"picked":"hierophant:ThreeLashes","floor":21},{"not_picked":["hierophant:Glossolalia","hierophant:HolyVerse"],"picked":"hierophant:DivineIntervention","floor":23}],"player_experience":1836940,"relics_obtained":[{"floor":6,"key":"Centennial Puzzle"},{"floor":8,"key":"Dead Branch"},{"floor":9,"key":"Lantern"},{"floor":13,"key":"Potion Belt"},{"floor":23,"key":"Incense Burner"},{"floor":26,"key":"Toxic Egg 2"}],"event_choices":[{"damage_healed":0,"gold_gain":0,"player_choice":"Grow","damage_taken":0,"max_hp_gain":0,"max_hp_loss":0,"event_name":"Living Wall","floor":5,"gold_loss":0,"cards_upgraded":["hierophant:Remorse"]},{"damage_healed":0,"gold_gain":0,"player_choice":"Searched \u00271\u0027 times","damage_taken":0,"max_hp_gain":0,"max_hp_loss":0,"event_name":"Dead Adventurer","floor":8,"gold_loss":0},{"damage_healed":0,"gold_gain":75,"player_choice":"Gather Gold","damage_taken":11,"max_hp_gain":0,"max_hp_loss":0,"event_name":"World of Goop","floor":11,"gold_loss":0},{"damage_healed":0,"gold_gain":0,"player_choice":"Shed Blood","damage_taken":26,"max_hp_gain":5,"max_hp_loss":0,"event_name":"Forgotten Altar","floor":20,"gold_loss":0},{"damage_healed":0,"gold_gain":0,"player_choice":"Ignored","damage_taken":0,"max_hp_gain":0,"max_hp_loss":0,"event_name":"Cursed Tome","floor":25,"gold_loss":0},{"damage_healed":0,"gold_gain":0,"player_choice":"Bet on Owner","damage_taken":0,"max_hp_gain":0,"max_hp_loss":0,"event_name":"The Joust","floor":28,"gold_loss":50}],"is_beta":false,"boss_relics":[{"not_picked":["Astrolabe","Sozu"],"picked":"Cursed Key"}],"items_purged_floors":[19],"is_endless":false,"potions_floor_spawned":[4,14,16,23],"killed_by":"Book of Stabbing","ascension_level":15}}