{"host":"qm4rv4rkpk76sbxu","time":1607885273,"event":{"mods":["BaseMod","Bestiary","Block Reminder","DeckTracker","Filter the Spire","Keyboard Shortcuts","Minty Spire (QoL Compilation)","MonsterHotkey","Potion Indicator Mod","Quick Restart","Random Character Button","Relic Stats","Slay-I","StSLib","ojb\u0027s Better Paths Mod"],"gold_per_floor":[119,119,130,146,146,178,178,178,178,178,178,203,218,253,253,326,326,341,341,0,13,13,40,40,65,65,94,107,107,107,119,119,190,190,208,37,48,48,60,91,91,102,128,147,178,178,178,230,230,230,230,230,230,8,38,38,38],"floor_reached":56,"playtime":4332,"items_purged":["Strike_G"],"score":2261,"play_id":"0b945d3e-a2d1-4519-bc77-e96aef3caaa6","local_time":"20201213194753","is_ascension_mode":true,"campfire_choices":[{"data":"Terror","floor":7.0,"key":"SMITH"},{"data":"Neutralize","floor":11.0,"key":"SMITH"},{"data":"Cloak And Dagger","floor":15.0,"key":"SMITH"},{"data":"Burst","floor":30.0,"key":"SMITH"},{"data":"Cloak And Dagger","floor":32.0,"key":"SMITH"},{"data":"Ghostly","floor":41.0,"key":"SMITH"},{"data":"Ghostly","floor":46.0,"key":"SMITH"},{"floor":49.0,"key":"RECALL"},{"data":"Burst","floor":53.0,"key":"SMITH"}],"circlet_count":0,"master_deck":["AscendersBane","Strike_G+1","Strike_G","Strike_G","Defend_G","Defend_G","Defend_G","Defend_G","Defend_G","Survivor","Neutralize+1","Poisoned Stab","Poisoned Stab","Terror+1","Cloak And Dagger+1","Crippling Poison","Dagger Spray+1","Doppelganger","Backstab+1","Cloak And Dagger+1","Ghostly+1","Ghostly+1","Ghostly","Crippling Poison","Burst+1","Burst+1","Backflip","After Image","Dodge and Roll","Leg Sweep"],"relics":["Ring of the Snake","Anchor","Kunai","Shuriken","Meat on the Bone","TungstenRod","Thread and Needle","StrikeDummy","Coffee Dripper","Bird Faced Urn","Pantograph","Art of War","Mango","Orichalcum","Dead Branch","Spirit Poop","Snecko Eye","Lantern","Juzu Bracelet","Whetstone","Smiling Mask","FossilizedHelix","Chemical X","Bottled Tornado"],"acts_visited":["Exordium","TheCity","TheBeyond","TheEnding"],"potions_floor_usage":[56],"damage_taken":[{"damage":9.0,"enemies":"Jaw Worm","floor":1.0,"turns":5.0},{"damage":6.0,"enemies":"Cultist","floor":3.0,"turns":4.0},{"damage":1.0,"enemies":"2 Louse","floor":4.0,"turns":3.0},{"damage":20.0,"enemies":"3 Sentries","floor":6.0,"turns":10.0},{"damage":2.0,"enemies":"Lagavulin","floor":12.0,"turns":5.0},{"damage":0.0,"enemies":"Blue Slaver","floor":13.0,"turns":3.0},{"damage":5.0,"enemies":"3 Sentries","floor":14.0,"turns":10.0},{"damage":1.0,"enemies":"The Guardian","floor":16.0,"turns":10.0},{"damage":9.0,"enemies":"Spheric Guardian","floor":18.0,"turns":5.0},{"damage":0.0,"enemies":"3 Byrds","floor":21.0,"turns":5.0},{"damage":0.0,"enemies":"Slavers","floor":23.0,"turns":6.0},{"damage":18.0,"enemies":"Gremlin Leader","floor":25.0,"turns":7.0},{"damage":4.0,"enemies":"Slavers","floor":27.0,"turns":5.0},{"damage":0.0,"enemies":"Snake Plant","floor":28.0,"turns":3.0},{"damage":0.0,"enemies":"Snecko","floor":31.0,"turns":4.0},{"damage":4.0,"enemies":"Champ","floor":33.0,"turns":11.0},{"damage":0.0,"enemies":"3 Shapes","floor":35.0,"turns":4.0},{"damage":0.0,"enemies":"Orb Walker","floor":37.0,"turns":2.0},{"damage":0.0,"enemies":"Writhing Mass","floor":39.0,"turns":7.0},{"damage":0.0,"enemies":"Giant Head","floor":40.0,"turns":8.0},{"damage":2.0,"enemies":"4 Shapes","floor":42.0,"turns":5.0},{"damage":0.0,"enemies":"Spire Growth","floor":44.0,"turns":5.0},{"damage":0.0,"enemies":"Reptomancer","floor":45.0,"turns":6.0},{"damage":0.0,"enemies":"2 Orb Walkers","floor":48.0,"turns":6.0},{"damage":8.0,"enemies":"Awakened One","floor":50.0,"turns":8.0},{"damage":0.0,"enemies":"Donu and Deca","floor":51.0,"turns":8.0},{"damage":0.0,"enemies":"Shield and Spear","floor":55.0,"turns":11.0},{"damage":48,"enemies":"The Heart","floor":56,"turns":8}],"seed_played":"1196325423484394608","potions_obtained":[{"floor":1.0,"key":"CunningPotion"},{"floor":14.0,"key":"GhostInAJar"},{"floor":16.0,"key":"Poison Potion"},{"floor":21.0,"key":"Explosive Potion"},{"floor":23.0,"key":"LiquidMemories"},{"floor":27.0,"key":"LiquidBronze"},{"floor":31.0,"key":"BlessingOfTheForge"},{"floor":39.0,"key":"LiquidMemories"},{"floor":45.0,"key":"Weak Potion"},{"floor":48.0,"key":"AttackPotion"}],"is_trial":false,"path_per_floor":["M","?","M","M","?","E","R","T","T","?","R","E","M","E","R","B",null,"M","?","$","M","?","E","?","E","T","E","M","?","R","M","R","B",null,"M","$","M","?","M","E","R","M","T","M","E","R","?","?","R","B","B",null,"R","$","E","B"],"character_chosen":"THE_SILENT","items_purchased":["Pantograph","Cloak And Dagger","Lantern","Chemical X"],"campfire_rested":0,"item_purchase_floors":[20,20,36,54],"current_hp_per_floor":[50,50,44,43,32,12,12,12,12,12,12,22,34,41,41,40,60,51,51,51,51,33,33,47,29,29,25,27,27,27,29,29,43,46,47,47,47,47,47,47,47,47,47,47,47,47,47,47,47,41,47,47,47,47,47,0,0],"gold":38,"neow_bonus":"RANDOM_COMMON_RELIC","is_daily":false,"chose_seed":false,"campfire_upgraded":8,"win_rate":0.0,"timestamp":1607885273,"path_taken":["M","?","M","?","?","E","R","?","T","?","R","E","M","E","R","BOSS","M","?","?","M","?","E","?","E","T","E","M","?","R","?","R","BOSS","M","$","M","?","M","E","R","M","T","M","E","R","?","?","R","BOSS","BOSS","R","$","E","BOSS"],"items_purchased_type":["Relic","Card","Relic","Relic"],"build_version":"2020-11-30","purchased_purges":1,"victory":false,"max_hp_per_floor":[66,66,66,66,66,66,66,66,66,66,66,66,66,66,66,66,66,66,66,66,66,33,33,47,47,47,47,47,47,47,47,47,47,47,47,47,47,47,47,47,47,47,47,47,47,47,47,47,47,47,47,47,47,47,47,47,47],"relic_stats":{"counters":[28,174],"Dead Branch":[283],"Juzu Bracelet":1,"Whetstone":["Dagger Spray","Strike_G"],"Orichalcum":[60],"Smiling Mask":25,"Shuriken":[97],"Bird Faced Urn":[9],"Pantograph":24,"Snecko Eye":[146,148,135,171],"Art of War":[21],"Kunai":[100],"Chemical X":[7],"obtain_stats":[{"Lantern":36,"Dead Branch":27,"Spirit Poop":29,"Thread and Needle":12,"Mango":24,"Juzu Bracelet":40,"Whetstone":43,"Orichalcum":25,"Bottled Tornado":55,"Smiling Mask":45,"Anchor":0,"Shuriken":6,"Bird Faced Urn":19,"Pantograph":20,"Snecko Eye":34,"Coffee Dripper":17,"Art of War":23,"Kunai":5,"Chemical X":54,"StrikeDummy":14,"TungstenRod":9,"FossilizedHelix":48,"Ring of the Snake":0,"Meat on the Bone":8},{"Lantern":17,"Dead Branch":13,"Spirit Poop":14,"Thread and Needle":5,"Mango":11,"Juzu Bracelet":20,"Whetstone":21,"Orichalcum":12,"Bottled Tornado":27,"Smiling Mask":23,"Anchor":0,"Shuriken":4,"Bird Faced Urn":9,"Pantograph":9,"Snecko Eye":16,"Coffee Dripper":8,"Art of War":11,"Kunai":3,"Chemical X":26,"StrikeDummy":7,"TungstenRod":4,"FossilizedHelix":24,"Ring of the Snake":0,"Meat on the Bone":4},{"Lantern":100,"Dead Branch":78,"Spirit Poop":81,"Thread and Needle":27,"Mango":66,"Juzu Bracelet":117,"Whetstone":122,"Orichalcum":73,"Bottled Tornado":166,"Smiling Mask":133,"Anchor":0,"Shuriken":22,"Bird Faced Urn":55,"Pantograph":55,"Snecko Eye":96,"Coffee Dripper":50,"Art of War":66,"Kunai":12,"Chemical X":155,"StrikeDummy":40,"TungstenRod":22,"FossilizedHelix":139,"Ring of the Snake":0,"Meat on the Bone":22}],"TungstenRod":43,"Ring of the Snake":[56],"Meat on the Bone":36},"card_choices":[{"not_picked":["Leg Sweep","Dodge and Roll"],"picked":"Poisoned Stab","floor":1.0},{"not_picked":["Prepared","Dagger Spray"],"picked":"Poisoned Stab","floor":3.0},{"not_picked":["Escape Plan","Dagger Spray","Slice"],"picked":"SKIP","floor":4.0},{"not_picked":["All Out Attack","Deadly Poison"],"picked":"Terror","floor":6.0},{"not_picked":["Prepared","Slice"],"picked":"Cloak And Dagger","floor":12.0},{"not_picked":["Bane","Outmaneuver"],"picked":"Crippling Poison","floor":13.0},{"not_picked":["A Thousand Cuts","Dodge and Roll"],"picked":"Dagger Spray","floor":14.0},{"not_picked":["A Thousand Cuts","Wraith Form v2"],"picked":"Doppelganger","floor":16.0},{"not_picked":["Prepared","Outmaneuver"],"picked":"Backstab+1","floor":18.0},{"not_picked":["Underhanded Strike","Cloak And Dagger","Catalyst"],"picked":"SKIP","floor":21.0},{"not_picked":["Underhanded Strike","Cloak And Dagger","Catalyst"],"picked":"SKIP","floor":21.0},{"not_picked":["Poisoned Stab","Flying Knee"],"picked":"Crippling Poison","floor":23.0},{"not_picked":["Dash","Footwork"],"picked":"Burst","floor":25.0},{"not_picked":["Calculated Gamble","Endless Agony+1"],"picked":"Burst","floor":27.0},{"not_picked":["Cloak And Dagger","Sucker Punch"],"picked":"Backflip","floor":28.0},{"not_picked":["Choke+1","Prepared","Dagger Spray"],"picked":"SKIP","floor":31.0},{"not_picked":["Glass Knife","A Thousand Cuts"],"picked":"After Image","floor":33.0},{"not_picked":["Caltrops","Underhanded Strike","Poisoned Stab+1"],"picked":"SKIP","floor":35.0},{"not_picked":["Dagger Throw+1","Tactician+1"],"picked":"Flechettes+1","floor":37.0},{"not_picked":["Dodge and Roll","Flying Knee","Underhanded Strike+1"],"picked":"SKIP","floor":39.0},{"not_picked":["Riddle With Holes","Footwork","Concentrate"],"picked":"SKIP","floor":40.0},{"not_picked":["Dodge and Roll","Dash+1","All Out Attack"],"picked":"SKIP","floor":42.0},{"not_picked":["Eviscerate+1","Quick Slash+1","Deflect"],"picked":"SKIP","floor":44.0},{"not_picked":["Outmaneuver","Slice"],"picked":"Leg Sweep","floor":45.0},{"not_picked":["Finisher","Slice","Skewer"],"picked":"SKIP","floor":55.0}],"player_experience":1034256,"relics_obtained":[{"floor":6.0,"key":"Shuriken"},{"floor":8.0,"key":"Meat on the Bone"},{"floor":9.0,"key":"TungstenRod"},{"floor":12.0,"key":"Thread and Needle"},{"floor":14.0,"key":"StrikeDummy"},{"floor":23.0,"key":"Art of War"},{"floor":25.0,"key":"Orichalcum"},{"floor":27.0,"key":"Dead Branch"},{"floor":40.0,"key":"Juzu Bracelet"},{"floor":43.0,"key":"Whetstone"},{"floor":45.0,"key":"Smiling Mask"},{"floor":48.0,"key":"FossilizedHelix"},{"floor":55.0,"key":"Bottled Tornado"}],"event_choices":[{"cards_removed":["Strike_G"],"damage_healed":0.0,"max_hp_gain":0.0,"max_hp_loss":0.0,"gold_gain":0.0,"event_name":"Purifier","player_choice":"Purged","floor":2.0,"gold_loss":0.0,"damage_taken":0.0},{"damage_healed":0.0,"max_hp_gain":0.0,"max_hp_loss":0.0,"gold_gain":0.0,"event_name":"Scrap Ooze","player_choice":"Success","floor":5.0,"gold_loss":0.0,"damage_taken":11.0,"relics_obtained":["Kunai"]},{"damage_healed":0.0,"max_hp_gain":0.0,"max_hp_loss":0.0,"gold_gain":0.0,"event_name":"Liars Game","player_choice":"Ignored","floor":10.0,"gold_loss":0.0,"damage_taken":0.0},{"damage_healed":0.0,"max_hp_gain":0.0,"max_hp_loss":0.0,"gold_gain":0.0,"event_name":"WeMeetAgain","player_choice":"Gave Potion","floor":19.0,"gold_loss":0.0,"damage_taken":0.0,"relics_obtained":["Bird Faced Urn"]},{"damage_healed":0.0,"max_hp_gain":0.0,"max_hp_loss":33.0,"gold_gain":0.0,"event_name":"Ghosts","player_choice":"Became a Ghost","floor":22.0,"gold_loss":0.0,"damage_taken":0.0,"cards_obtained":["Ghostly","Ghostly","Ghostly"]},{"damage_healed":0.0,"max_hp_gain":0.0,"max_hp_loss":0.0,"gold_gain":0.0,"event_name":"The Mausoleum","player_choice":"Opened","floor":24.0,"gold_loss":0.0,"damage_taken":0.0,"relics_obtained":["Mango"],"cards_obtained":["Writhe"]},{"cards_removed":["Writhe"],"damage_healed":0.0,"max_hp_gain":0.0,"max_hp_loss":0.0,"gold_gain":0.0,"event_name":"Bonfire Elementals","player_choice":"Offered Curse","floor":29.0,"gold_loss":0.0,"damage_taken":0.0,"relics_obtained":["Spirit Poop"]},{"damage_healed":0.0,"max_hp_gain":0.0,"max_hp_loss":0.0,"gold_gain":0.0,"event_name":"Match and Keep!","player_choice":"1 cards matched","floor":38.0,"gold_loss":0.0,"damage_taken":0.0,"cards_obtained":["Dodge and Roll"]},{"cards_removed":["Flechettes"],"damage_healed":0.0,"max_hp_gain":0.0,"max_hp_loss":0.0,"gold_gain":0.0,"event_name":"Falling","player_choice":"Removed Attack","floor":47.0,"gold_loss":0.0,"damage_taken":0.0},{"damage_healed":0.0,"max_hp_gain":0.0,"max_hp_loss":0.0,"gold_gain":0.0,"event_name":"Mysterious Sphere","player_choice":"Fight","floor":48.0,"gold_loss":0.0,"damage_taken":0.0}],"is_beta":false,"boss_relics":[{"not_picked":["SlaversCollar","Ring of the Serpent"],"picked":"Coffee Dripper"},{"not_picked":["Tiny House","Velvet Choker"],"picked":"Snecko Eye"}],"items_purged_floors":[54],"is_endless":false,"potions_floor_spawned":[1,14,16,21,23,27,31,39,45,48],"killed_by":"The Heart","ascension_level":20}}