{"host":"g9y2ptialarrkhtq","time":1607868021,"event":{"mods":["Act Like it!","BaseMod","Conspire","Jedi Mod","Minty Spire (QoL Compilation)","Replay The Spire","StSLib","The Hayseed"],"gold_per_floor":[114,114,127,145,217,243,263,263,263,279,51,51,51,0,0,96,96,111,126,139,156,156,156,156,57,57,57,67,87,112,127,127,229,229,245,263,40,40,51,51,51],"floor_reached":40,"playtime":3176,"items_purged":["TheSimpletonMod:Strike_TheSimpleton"],"score":460,"play_id":"7fad40e5-1e3d-4986-b10c-22b36cd9ab43","local_time":"20201213220021","is_ascension_mode":false,"campfire_choices":[{"floor":8,"key":"REST"},{"data":"TheSimpletonMod:Haymaker","floor":12,"key":"SMITH"},{"data":"TheSimpletonMod:ReapAndSow","floor":15,"key":"SMITH"},{"floor":23,"key":"REST"},{"floor":32,"key":"REST"}],"circlet_count":0,"master_deck":["TheSimpletonMod:Haymaker+1","TheSimpletonMod:ReapAndSow+1","TheSimpletonMod:RootDown+1","TheSimpletonMod:PestManagement","Impatience","TheSimpletonMod:Potatoes","TheSimpletonMod:Innovate","TheSimpletonMod:Pruning","TheSimpletonMod:HitTheSack+1","TheSimpletonMod:CrackOfDawn","TheSimpletonMod:Rake","TheSimpletonMod:BumperCrop","TheSimpletonMod:Fertilaser","TheSimpletonMod:Coffee+1","TheSimpletonMod:Squash","TheSimpletonMod:Potatoes+1","TheSimpletonMod:Spinach","TheSimpletonMod:Corn+1","TheSimpletonMod:Artichokes+1","TheSimpletonMod:Mushrooms+1","TheSimpletonMod:Onions+1","TheSimpletonMod:SaltTheEarth","TheSimpletonMod:SaladShooter+1","TheSimpletonMod:StockTheCellar+1","TheSimpletonMod:ResistantStrain","TheSimpletonMod:Biorefinement","TheSimpletonMod:PestManagement","TheSimpletonMod:SaltTheEarth","TheSimpletonMod:BumperCrop","TheSimpletonMod:CloseScrape","TheSimpletonMod:CullingStrike","TheSimpletonMod:SaltTheEarth","TheSimpletonMod:Mulch+1","TheSimpletonMod:FlashPasteurize","Decay","TheSimpletonMod:KeenEdge+1"],"relics":["TheSimpletonMod:SpudOfTheInnocent","TheSimpletonMod:NightSoil","TheSimpletonMod:TheHarvester","NeowsBlessing","Sundial","jedi:arcanewood","Replay:Accelerometer","Guide Book","Ring of Chaos","Garlic","TheSimpletonMod:HotPotato","Boot","Pandora\u0027s Box","Replay:Baseball"],"acts_visited":["Exordium","TheCity","TheBeyond"],"potions_floor_usage":[6,16,20,30,33],"damage_taken":[{"damage":0,"enemies":"Small Slimes","floor":1,"turns":1},{"damage":0,"enemies":"Cultist","floor":3,"turns":1},{"damage":0,"enemies":"Jaw Worm","floor":4,"turns":1},{"damage":18,"enemies":"Gremlin Nob","floor":6,"turns":3},{"damage":14,"enemies":"2 Fungi Beasts","floor":7,"turns":3},{"damage":10,"enemies":"Looter","floor":10,"turns":2},{"damage":11,"enemies":"Fading Forest","floor":16,"turns":12},{"damage":12,"enemies":"2 Thieves","floor":18,"turns":3},{"damage":9,"enemies":"3 Byrds","floor":19,"turns":4},{"damage":31,"enemies":"Centurion and Healer","floor":20,"turns":5},{"damage":15,"enemies":"Snecko","floor":21,"turns":3},{"damage":23,"enemies":"3 Cultists","floor":28,"turns":5},{"damage":13,"enemies":"conspire:HollyBat","floor":29,"turns":10},{"damage":35,"enemies":"Slavers","floor":30,"turns":6},{"damage":0,"enemies":"Chosen and Byrds","floor":31,"turns":4},{"damage":40,"enemies":"Automaton","floor":33,"turns":7},{"damage":17,"enemies":"3 Shapes","floor":35,"turns":3},{"damage":23,"enemies":"3 Darklings","floor":36,"turns":3},{"damage":18,"enemies":"4 Shapes","floor":39,"turns":3},{"damage":10,"enemies":"Giant Head","floor":40,"turns":1}],"seed_played":"-7973382806230693928","potions_obtained":[{"floor":1,"key":"jedi:wingpotion"},{"floor":3,"key":"Fire Potion"},{"floor":4,"key":"Regen Potion"},{"floor":20,"key":"TheSimpletonMod:MoonshinePotion"},{"floor":21,"key":"LiquidMemories"},{"floor":33,"key":"Swift Potion"},{"floor":39,"key":"Ancient Potion"}],"is_trial":false,"path_per_floor":["M","?","M","M","T","E","M","R","T","M","$","R","?","$","R","B",null,"M","M","M","M","T","R","T","$","T","?","M","M","E","M","R","B",null,"M","M","$","?","M","E"],"character_chosen":"THE_SIMPLETON","items_purchased":["Guide Book","Energy Potion","conspire:TimeTravelPotion","Replay:Baseball","TheSimpletonMod:FlashPasteurize"],"campfire_rested":3,"item_purchase_floors":[11,14,25,37,37],"current_hp_per_floor":[75,75,75,75,75,57,47,69,69,63,63,63,63,63,63,52,75,63,60,44,35,35,57,57,57,57,57,40,33,24,30,48,14,60,43,26,26,26,8,0,0],"gold":51,"neow_bonus":"THREE_ENEMY_KILL","is_daily":false,"chose_seed":false,"campfire_upgraded":2,"win_rate":0.0,"timestamp":1607868021,"path_taken":["M","?","M","?","?","E","M","R","T","M","$","R","?","?","R","BOSS","M","M","M","M","?","R","?","$","T","?","?","M","E","M","R","BOSS","M","M","$","?","M","E"],"items_purchased_type":["Relic","Potion","Potion","Relic","Card"],"build_version":"2020-11-30","purchased_purges":1,"victory":false,"max_hp_per_floor":[75,75,75,75,75,75,75,75,75,75,75,75,75,75,75,75,75,75,75,75,75,75,75,75,75,75,60,60,60,60,60,60,60,60,60,60,60,60,60,60,60],"card_choices":[{"not_picked":["TheSimpletonMod:SeedCoat","TheSimpletonMod:GoToMarket"],"picked":"TheSimpletonMod:RootDown","floor":1},{"not_picked":["TheSimpletonMod:Corn","TheSimpletonMod:Fertilaser"],"picked":"TheSimpletonMod:Potatoes","floor":3},{"not_picked":["TheSimpletonMod:SoilSample","TheSimpletonMod:Mulch"],"picked":"TheSimpletonMod:Innovate","floor":4},{"not_picked":["TheSimpletonMod:SeedCoat","TheSimpletonMod:OnionBloom","TheSimpletonMod:CullingStrike"],"picked":"SKIP","floor":6},{"not_picked":["TheSimpletonMod:Fertilaser","TheSimpletonMod:PestManagement"],"picked":"TheSimpletonMod:Pruning","floor":7},{"not_picked":["TheSimpletonMod:Aerate","TheSimpletonMod:Ferment"],"picked":"TheSimpletonMod:HitTheSack","floor":10},{"not_picked":["TheSimpletonMod:Asparagus","TheSimpletonMod:Surplus"],"picked":"TheSimpletonMod:CrackOfDawn","floor":16},{"not_picked":["TheSimpletonMod:Swelter","TheSimpletonMod:Potatoes+1","TheSimpletonMod:Rake"],"picked":"SKIP","floor":18},{"not_picked":["TheSimpletonMod:Pruning","TheSimpletonMod:CullingStrike"],"picked":"TheSimpletonMod:Rake","floor":19},{"not_picked":["TheSimpletonMod:Aerate","TheSimpletonMod:Potatoes+1"],"picked":"TheSimpletonMod:BumperCrop","floor":20},{"not_picked":["TheSimpletonMod:SpiceUp","TheSimpletonMod:Potatoes"],"picked":"TheSimpletonMod:Fertilaser","floor":21},{"not_picked":["TheSimpletonMod:SeedCoat+1","TheSimpletonMod:Swelter"],"picked":"TheSimpletonMod:SaltTheEarth","floor":28},{"not_picked":["TheSimpletonMod:Swelter","TheSimpletonMod:ControlledBurn"],"picked":"TheSimpletonMod:SaladShooter+1","floor":29},{"not_picked":["TheSimpletonMod:Rake","TheSimpletonMod:OnionBloom+1","TheSimpletonMod:SeedCoat"],"picked":"SKIP","floor":30},{"not_picked":["TheSimpletonMod:GoToMarket","TheSimpletonMod:BumperCrop+1"],"picked":"TheSimpletonMod:StockTheCellar+1","floor":31},{"not_picked":["TheSimpletonMod:HitTheSack","TheSimpletonMod:DesperatePlunge"],"picked":"TheSimpletonMod:ResistantStrain","floor":33},{"not_picked":["TheSimpletonMod:Potatoes","TheSimpletonMod:OnionBloom","TheSimpletonMod:SaladShooter+1"],"picked":"SKIP","floor":35},{"not_picked":["TheSimpletonMod:Sunchoke","TheSimpletonMod:RootDown+1"],"picked":"TheSimpletonMod:Mulch+1","floor":36},{"not_picked":["TheSimpletonMod:RootDown+1","TheSimpletonMod:BumperCrop"],"picked":"TheSimpletonMod:KeenEdge+1","floor":39}],"player_experience":91356,"relics_obtained":[{"floor":5,"key":"Sundial"},{"floor":6,"key":"jedi:arcanewood"},{"floor":9,"key":"Replay:Accelerometer"},{"floor":24,"key":"Garlic"},{"floor":26,"key":"TheSimpletonMod:HotPotato"},{"floor":30,"key":"Boot"}],"event_choices":[{"damage_healed":0,"gold_gain":0,"player_choice":"2 cards matched","damage_taken":0,"max_hp_gain":0,"max_hp_loss":0,"event_name":"Match and Keep!","floor":2,"gold_loss":0,"cards_obtained":["TheSimpletonMod:PestManagement","Impatience"]},{"damage_healed":0,"gold_gain":0,"player_choice":"Agree","damage_taken":0,"max_hp_gain":0,"max_hp_loss":0,"event_name":"conspire:LoneGhost","floor":13,"gold_loss":0},{"damage_healed":0,"gold_gain":0,"player_choice":"Cursed","damage_taken":0,"max_hp_gain":0,"max_hp_loss":0,"event_name":"Wheel of Change","floor":38,"gold_loss":0,"cards_obtained":["Decay"]}],"is_beta":false,"boss_relics":[{"not_picked":["Ectoplasm","jedi:battlestandard"],"picked":"Ring of Chaos"},{"not_picked":["Replay:Drink Me","ReplayTheSpireMod:DimensionalGlitch"],"picked":"Pandora\u0027s Box"}],"items_purged_floors":[11],"is_endless":false,"potions_floor_spawned":[1,3,4,20,21,33,39],"killed_by":"Giant Head","ascension_level":0}}