{"host":"elnvswdbusdewy2q","time":1607847074,"event":{"mods":["2.2 Compatiblity","BaseMod","CapriCore","Colored Map","Hermit","Koishi","Lobotomy","Marisa£¨Ùöéë¡¡Øª×âÞÞ£©","Minty Spire (QoL Compilation)","Rare Cards Sparkle","StSLib","Td1madao Mod","The Bug Knight","The Cursed","The Dragon Tamer","The Gatherer","The Hierophant","The Immortal","The Poker Player","The Runesmith","WarShipGirlsR/??á´Ò³R mod"],"gold_per_floor":[115,115,115,130,141,141,153,183,183,183,196,222,222,2,2,102,102,118,118,43,43,43,43,43,43,43],"floor_reached":24,"playtime":1277,"items_purged":["MokouMod:Defend"],"score":202,"play_id":"5edc0932-e588-4370-a740-7007bcf258b5","local_time":"20201213171114","is_ascension_mode":false,"campfire_choices":[{"data":"MokouMod:Trailblazer","floor":6.0,"key":"SMITH"},{"floor":10.0,"key":"REST"},{"floor":15.0,"key":"REST"},{"data":"MokouMod:SpontaneousHumanCombustion","floor":23,"key":"SMITH"}],"circlet_count":0,"master_deck":["MokouMod:Strike","MokouMod:Strike","MokouMod:Strike","MokouMod:Strike","MokouMod:Strike","MokouMod:Defend","MokouMod:Defend","MokouMod:Defend","MokouMod:HeatSpark","MokouMod:Meltdown","MokouMod:Meltdown","MokouMod:Trailblazer+1","MokouMod:HeartofFire","MokouMod:Ventilation","MokouMod:ImperishableFlame","MokouMod:SpontaneousHumanCombustion+1","MokouMod:ResonanceReactor","MokouMod:SearingBlow+1","Enlightenment","MokouMod:Rebirth","MokouMod:Scorch"],"relics":["MokouMod:PhoenixFeather","Regal Pillow","Potion Belt","Ornamental Fan","Shuriken","Runesmith:Nanobots","Boot","MutagenicStrength"],"acts_visited":["Exordium","TheCity"],"potions_floor_usage":[16,16,16,16,16,18],"damage_taken":[{"damage":4.0,"enemies":"2 Louse","floor":1.0,"turns":3.0},{"damage":1.0,"enemies":"Cultist","floor":4.0,"turns":3.0},{"damage":11.0,"enemies":"Jaw Worm","floor":5.0,"turns":3.0},{"damage":19.0,"enemies":"Exordium Thugs","floor":7.0,"turns":3.0},{"damage":21.0,"enemies":"Gremlin Nob","floor":8.0,"turns":5.0},{"damage":27.0,"enemies":"Large Slime","floor":11.0,"turns":11.0},{"damage":27.0,"enemies":"Lagavulin","floor":12.0,"turns":9.0},{"damage":36,"enemies":"The Guardian","floor":16,"turns":10},{"damage":17,"enemies":"Shell Parasite","floor":18,"turns":5},{"damage":101,"enemies":"Book of Stabbing","floor":24,"turns":7}],"seed_played":"2939156922895865665","potions_obtained":[{"floor":1.0,"key":"SkillPotion"},{"floor":3.0,"key":"Regen Potion"},{"floor":3.0,"key":"EntropicBrew"},{"floor":5.0,"key":"Fire Potion"},{"floor":12.0,"key":"EntropicBrew"},{"floor":16,"key":"DuplicationPotion"}],"is_trial":false,"path_per_floor":["M","$","?","M","M","R","M","E","T","R","M","E","T","$","R","B",null,"M","?","$","?","?","R","E"],"character_chosen":"MKU","items_purchased":["MokouMod:ResonanceReactor","Boot"],"campfire_rested":2,"item_purchase_floors":[14,14],"current_hp_per_floor":[71,71,71,70,59,59,49,28,28,65,38,11,11,11,48,12,75,58,58,58,58,58,58,12,12,12],"gold":43,"neow_bonus":"RANDOM_COMMON_RELIC","is_daily":false,"chose_seed":false,"campfire_upgraded":2,"win_rate":0.0,"timestamp":1607847074,"path_taken":["M","$","?","M","?","R","?","E","T","R","M","E","?","$","R","BOSS","M","?","?","?","?","R","E"],"items_purchased_type":["Card","Relic"],"build_version":"2020-11-30","purchased_purges":1,"victory":false,"max_hp_per_floor":[75,75,75,75,75,75,75,75,75,75,75,75,75,75,75,75,75,75,75,75,75,75,75,75,75,75],"card_choices":[{"not_picked":["MokouMod:IgneousBlow","MokouMod:Singe"],"picked":"MokouMod:Meltdown","floor":1.0},{"not_picked":["MokouMod:ThermalPressure","MokouMod:FlickeringFlame"],"picked":"MokouMod:Meltdown","floor":4.0},{"not_picked":["MokouMod:SearingShot","MokouMod:Trailblazer","MokouMod:ResoluteFlare"],"picked":"SKIP","floor":5.0},{"not_picked":["MokouMod:SearingShot","MokouMod:ResoluteFlare"],"picked":"MokouMod:Trailblazer","floor":5.0},{"not_picked":["MokouMod:RoaringFlare","MokouMod:InfernalWave"],"picked":"MokouMod:HeartofFire","floor":7.0},{"not_picked":["MokouMod:FujiyamaVolcano","MokouMod:FlickeringFlame"],"picked":"MokouMod:Ventilation","floor":8.0},{"not_picked":["MokouMod:Sear","MokouMod:FlamingFireTalons"],"picked":"MokouMod:ImperishableFlame","floor":11.0},{"not_picked":["MokouMod:BlazingComet","MokouMod:Afterburner"],"picked":"MokouMod:SpontaneousHumanCombustion","floor":12.0},{"not_picked":["MokouMod:SacredFire","MokouMod:HouraiForge"],"picked":"MokouMod:SearingBlow","floor":16},{"not_picked":["MokouMod:SearingShot","MokouMod:ControlledCombustion","MokouMod:Ember"],"picked":"SKIP","floor":18}],"player_experience":507684,"relics_obtained":[{"floor":8.0,"key":"Potion Belt"},{"floor":9.0,"key":"Ornamental Fan"},{"floor":12.0,"key":"Shuriken"},{"floor":13.0,"key":"Runesmith:Nanobots"}],"event_choices":[{"damage_healed":0.0,"max_hp_gain":0.0,"max_hp_loss":0.0,"gold_gain":0.0,"event_name":"Lab","player_choice":"Got Potions","floor":3.0,"gold_loss":0.0,"damage_taken":0.0},{"damage_healed":0,"gold_gain":0,"player_choice":"2 cards matched","damage_taken":0,"max_hp_gain":0,"max_hp_loss":0,"event_name":"Match and Keep!","floor":19,"gold_loss":0,"cards_obtained":["Enlightenment","MokouMod:Rebirth"]},{"damage_healed":0,"gold_gain":0,"player_choice":"Read","damage_taken":0,"max_hp_gain":0,"max_hp_loss":0,"event_name":"The Library","floor":21,"gold_loss":0,"cards_obtained":["MokouMod:Scorch"]},{"damage_healed":0,"gold_gain":0,"player_choice":"Inject Mutagens","damage_taken":0,"relics_obtained":["MutagenicStrength"],"max_hp_gain":0,"max_hp_loss":0,"event_name":"Drug Dealer","floor":22,"gold_loss":0}],"is_beta":false,"boss_relics":[{"not_picked":["Runesmith:UraniumAnvil","Philosopher\u0027s Stone","Runic Dome"]}],"items_purged_floors":[20],"is_endless":false,"potions_floor_spawned":[1,5,12,16],"killed_by":"Book of Stabbing","ascension_level":0}}