{"host":"ow9msrs9p2ctkx99","time":1607840136,"event":{"mods":["AchievementEnabler","BaseMod","Colored Map","Colored Powertips","Minty Spire (QoL Compilation)","Permanent Neow","Quick Restart","SuperFastMode"],"gold_per_floor":[15,28,28,55,66,66,92,103,182,182,182,209,209,221,221,318,318,328,20,32,32,60,92,92,122,122,122,150,150,169,184,184,280,280,299,312,114,133,133,133,133,133],"floor_reached":41,"playtime":814,"items_purged":[],"score":689,"play_id":"5b79c591-3d2a-4ed6-b59d-eb4419ae99d3","local_time":"20201213071536","is_ascension_mode":true,"campfire_choices":[{"data":"Dualcast","floor":6.0,"key":"SMITH"},{"data":"Redo","floor":10.0,"key":"SMITH"},{"floor":13,"key":"REST"},{"data":"Tempest","floor":15,"key":"SMITH"},{"floor":24,"key":"REST"},{"floor":27,"key":"REST"},{"floor":29,"key":"REST"},{"floor":32,"key":"REST"},{"floor":40,"key":"REST"}],"circlet_count":0,"master_deck":["AscendersBane","Strike_B+1","Strike_B+1","Defend_B+1","Defend_B+1","Defend_B+1","Defend_B+1","Zap","Dualcast+1","Compile Driver","Doom and Gloom+1","Auto Shields","Redo+1","Tempest+1","Rainbow","Coolheaded+1","Ball Lightning+1","Chaos","Capacitor+1","Reboot","Loop+1","Reinforced Body","Rebound","Echo Form+1","Skim+1","Steam","Stack+1","Steam"],"relics":["FrozenCore","Bronze Scales","Mercury Hourglass","Pantograph","Strawberry","Ice Cream","Red Mask","Frozen Egg 2","Gambling Chip","Lizard Tail","Blood Vial","Inserter","Bag of Preparation"],"acts_visited":["Exordium","TheCity","TheBeyond"],"potions_floor_usage":[22,22,23,25,28,36],"damage_taken":[{"damage":1.0,"enemies":"Cultist","floor":1.0,"turns":4.0},{"damage":7.0,"enemies":"Jaw Worm","floor":2.0,"turns":3.0},{"damage":7.0,"enemies":"Small Slimes","floor":5.0,"turns":2.0},{"damage":29.0,"enemies":"Gremlin Nob","floor":7.0,"turns":4.0},{"damage":0.0,"enemies":"Gremlin Gang","floor":8.0,"turns":3.0},{"damage":15,"enemies":"Lagavulin","floor":12,"turns":5},{"damage":0,"enemies":"2 Fungi Beasts","floor":14,"turns":2},{"damage":36,"enemies":"Hexaghost","floor":16,"turns":7},{"damage":8,"enemies":"Shell Parasite","floor":18,"turns":4},{"damage":11,"enemies":"Chosen","floor":20,"turns":5},{"damage":5,"enemies":"Masked Bandits","floor":22,"turns":3},{"damage":23,"enemies":"Slavers","floor":23,"turns":5},{"damage":26,"enemies":"Book of Stabbing","floor":25,"turns":5},{"damage":35,"enemies":"Gremlin Leader","floor":28,"turns":6},{"damage":13,"enemies":"Snake Plant","floor":30,"turns":4},{"damage":15,"enemies":"Centurion and Healer","floor":31,"turns":7},{"damage":68,"enemies":"Automaton","floor":33,"turns":8},{"damage":27,"enemies":"3 Darklings","floor":35,"turns":4},{"damage":21,"enemies":"Orb Walker","floor":36,"turns":5},{"damage":21,"enemies":"4 Shapes","floor":38,"turns":5},{"damage":0,"enemies":"Maw","floor":41,"turns":1}],"seed_played":"-8812322360337862124","potions_obtained":[{"floor":5.0,"key":"AttackPotion"},{"floor":12,"key":"SkillPotion"},{"floor":16,"key":"Energy Potion"},{"floor":20,"key":"FearPotion"},{"floor":22,"key":"Fire Potion"},{"floor":25,"key":"EssenceOfSteel"},{"floor":31,"key":"SpeedPotion"},{"floor":33,"key":"Weak Potion"},{"floor":36,"key":"BlessingOfTheForge"}],"is_trial":false,"path_per_floor":["M","M","?","T","M","R","E","M","T","R","?","E","R","M","R","B",null,"M","$","M","?","?","E","R","E","T","R","E","R","M","M","R","B",null,"M","M","$","M","?","R","M"],"character_chosen":"DEFECT","items_purchased":["Ice Cream","Bag of Preparation","Steam"],"campfire_rested":6,"item_purchase_floors":[19,37,37],"current_hp_per_floor":[67,60,60,60,53,53,24,24,24,24,24,16,40,40,40,29,69,61,61,50,50,45,22,46,20,20,44,9,33,22,9,33,41,72,47,28,28,9,9,33,35,35],"gold":133,"neow_bonus":"REMOVE_TWO","is_daily":false,"chose_seed":false,"campfire_upgraded":3,"win_rate":0.0,"timestamp":1607840136,"path_taken":["M","M","?","?","M","R","E","M","T","R","?","E","R","M","R","BOSS","M","$","?","?","?","E","R","E","T","R","E","R","M","M","R","BOSS","M","M","$","M","?","R","M"],"items_purchased_type":["Relic","Relic","Card"],"build_version":"2020-11-30","purchased_purges":0,"victory":false,"max_hp_per_floor":[75,75,75,75,75,75,75,75,75,75,75,82,82,82,82,82,82,82,82,82,82,82,82,82,82,82,82,82,82,82,82,82,82,82,82,82,82,82,82,82,82,82],"card_choices":[{"not_picked":["Ball Lightning","Leap"],"picked":"Compile Driver","floor":1.0},{"not_picked":["Go for the Eyes","Barrage"],"picked":"Doom and Gloom","floor":2.0},{"not_picked":["Gash","Hologram","Storm"],"picked":"SKIP","floor":5.0},{"not_picked":["Creative AI","Go for the Eyes"],"picked":"Auto Shields","floor":7.0},{"not_picked":["Gash","Force Field"],"picked":"Redo","floor":8.0},{"not_picked":["Compile Driver","Gash","Scrape"],"picked":"SKIP","floor":12},{"not_picked":["Lockon","Compile Driver"],"picked":"Tempest","floor":14},{"not_picked":["All For One","Hyperbeam"],"picked":"Rainbow","floor":16},{"not_picked":["Hologram+1","Heatsinks"],"picked":"Coolheaded+1","floor":18},{"not_picked":["Stack+1","Rebound"],"picked":"Ball Lightning+1","floor":20},{"not_picked":["Doom and Gloom","Tempest"],"picked":"Chaos","floor":22},{"not_picked":["Multi-Cast","Rip and Tear"],"picked":"Capacitor+1","floor":23},{"not_picked":["Rebound+1","Doom and Gloom"],"picked":"Reboot","floor":25},{"not_picked":["Reboot","Doom and Gloom"],"picked":"Loop+1","floor":28},{"not_picked":["Recycle","Turbo"],"picked":"Reinforced Body","floor":30},{"not_picked":["Compile Driver","Go for the Eyes"],"picked":"Rebound","floor":31},{"not_picked":["Seek","Thunder Strike"],"picked":"Echo Form+1","floor":33},{"not_picked":["Barrage","Streamline","Scrape+1"],"picked":"SKIP","floor":35},{"not_picked":["Turbo","Heatsinks+1"],"picked":"Skim+1","floor":36},{"not_picked":["White Noise","Go for the Eyes"],"picked":"Stack+1","floor":38}],"player_experience":992927,"relics_obtained":[{"floor":4.0,"key":"Bronze Scales"},{"floor":7.0,"key":"Mercury Hourglass"},{"floor":9.0,"key":"Pantograph"},{"floor":12,"key":"Strawberry"},{"floor":22,"key":"Red Mask"},{"floor":23,"key":"Frozen Egg 2"},{"floor":25,"key":"Gambling Chip"},{"floor":26,"key":"Lizard Tail"},{"floor":28,"key":"Blood Vial"}],"event_choices":[{"damage_healed":0.0,"max_hp_gain":0.0,"max_hp_loss":0.0,"gold_gain":0.0,"event_name":"Living Wall","player_choice":"Grow","floor":3.0,"gold_loss":0.0,"damage_taken":0.0,"cards_upgraded":["Doom and Gloom"]},{"damage_healed":0,"gold_gain":0,"player_choice":"Ignored","damage_taken":0,"max_hp_gain":0,"max_hp_loss":0,"event_name":"WeMeetAgain","floor":11,"gold_loss":0},{"damage_healed":0,"gold_gain":0,"player_choice":"Simplicity","damage_taken":0,"max_hp_gain":0,"max_hp_loss":0,"event_name":"Back to Basics","floor":21,"gold_loss":0,"cards_upgraded":["Strike_B","Strike_B","Defend_B","Defend_B","Defend_B","Defend_B"]},{"damage_healed":0,"gold_gain":0,"player_choice":"Fought Bandits","damage_taken":0,"max_hp_gain":0,"max_hp_loss":0,"event_name":"Masked Bandits","floor":22,"gold_loss":0},{"damage_healed":0,"gold_gain":0,"player_choice":"1 cards matched","damage_taken":0,"max_hp_gain":0,"max_hp_loss":0,"event_name":"Match and Keep!","floor":39,"gold_loss":0,"cards_obtained":["Steam"]}],"is_beta":false,"boss_relics":[{"not_picked":["Runic Dome","Snecko Eye"],"picked":"FrozenCore"},{"not_picked":["SlaversCollar","Runic Pyramid"],"picked":"Inserter"}],"items_purged_floors":[],"is_endless":false,"potions_floor_spawned":[5,12,16,20,22,25,31,33,36],"killed_by":"Maw","ascension_level":10}}