{"host":"a1eatafr7pisesky","time":1607873367,"event":{"mods":["BaseMod","Colored Map","DeckTracker","Highlight Path","Keyboard Shortcuts","Minty Spire (QoL Compilation)","Permanent Neow","Random Character Button","StSLib","SuperFastMode","everything is the same but u backflip on backflip"],"gold_per_floor":[115,134,152,170,183,183,212,237,237,271,271,271,51,51,51,147,147,159,159,159],"floor_reached":19,"playtime":526,"items_purged":["Strike_P"],"score":232,"play_id":"275fa905-68fe-48b9-9199-33acb9a7d1ce","local_time":"20201214002927","is_ascension_mode":true,"campfire_choices":[{"data":"SandsOfTime","floor":6.0,"key":"SMITH"},{"floor":11.0,"key":"REST"},{"floor":15.0,"key":"REST"}],"circlet_count":0,"master_deck":["Strike_P+1","Strike_P+1","Defend_P","Eruption+1","Vigilance","CrushJoints","SandsOfTime+1","InnerPeace","Swivel","Swivel","Worship","CrushJoints+1","Vault","SignatureMove+1","Omniscience","Pray+1","ThirdEye+1","BattleHymn+1","MentalFortress"],"relics":["PureWater","Odd Mushroom","Bag of Marbles","Molten Egg 2","Omamori","Astrolabe"],"acts_visited":["Exordium","TheCity"],"potions_floor_usage":[],"damage_taken":[{"damage":0.0,"enemies":"Small Slimes","floor":1.0,"turns":2.0},{"damage":8.0,"enemies":"Jaw Worm","floor":2.0,"turns":4.0},{"damage":3.0,"enemies":"2 Louse","floor":3.0,"turns":2.0},{"damage":11.0,"enemies":"Looter","floor":4.0,"turns":2.0},{"damage":20.0,"enemies":"Lots of Slimes","floor":5.0,"turns":5.0},{"damage":12.0,"enemies":"The Mushroom Lair","floor":7.0,"turns":5.0},{"damage":0.0,"enemies":"Gremlin Nob","floor":8.0,"turns":2.0},{"damage":12.0,"enemies":"3 Sentries","floor":10.0,"turns":5.0},{"damage":22.0,"enemies":"The Guardian","floor":16.0,"turns":9.0},{"damage":30.0,"enemies":"Chosen","floor":18.0,"turns":5.0},{"damage":0,"enemies":"3 Byrds","floor":19,"turns":1}],"seed_played":"6406778254625261329","potions_obtained":[{"floor":1.0,"key":"Block Potion"},{"floor":7.0,"key":"Swift Potion"},{"floor":8.0,"key":"DuplicationPotion"},{"floor":10.0,"key":"Regen Potion"},{"floor":18.0,"key":"SneckoOil"}],"is_trial":false,"path_per_floor":["M","M","M","M","M","R","?","E","T","E","R","?","$","?","R","B",null,"M","M"],"character_chosen":"WATCHER","items_purchased":["Vault"],"campfire_rested":2,"item_purchase_floors":[13],"current_hp_per_floor":[72,64,61,50,30,30,18,18,18,6,27,13,13,13,34,12,72,42,42,42],"gold":159,"neow_bonus":"UPGRADE_CARD","is_daily":false,"chose_seed":false,"campfire_upgraded":1,"win_rate":0.0,"timestamp":1607873367,"path_taken":["M","M","M","M","M","R","?","E","T","E","R","?","?","?","R","BOSS","M","M"],"items_purchased_type":["Card"],"build_version":"2020-11-30","purchased_purges":1,"victory":false,"max_hp_per_floor":[72,72,72,72,72,72,72,72,72,72,72,72,72,72,72,72,72,72,72,72],"card_choices":[{"not_picked":["WindmillStrike","ClearTheMind"],"picked":"CrushJoints","floor":1.0},{"not_picked":["Wallop","Crescendo"],"picked":"SandsOfTime","floor":2.0},{"not_picked":["BowlingBash","Evaluate"],"picked":"InnerPeace","floor":3.0},{"not_picked":["FlyingSleeves","EmptyBody"],"picked":"Swivel","floor":4.0},{"not_picked":["FlyingSleeves","FlurryOfBlows"],"picked":"Swivel","floor":5.0},{"not_picked":["EmptyMind","Wallop"],"picked":"Worship","floor":8.0},{"not_picked":["Perseverance","Crescendo"],"picked":"CrushJoints+1","floor":10.0},{"not_picked":["Establishment","Alpha"],"picked":"Omniscience","floor":16.0},{"not_picked":["ForeignInfluence+1","Weave+1"],"picked":"MentalFortress","floor":18.0}],"player_experience":201716,"relics_obtained":[{"floor":7.0,"key":"Odd Mushroom"},{"floor":8.0,"key":"Bag of Marbles"},{"floor":9.0,"key":"Molten Egg 2"},{"floor":10.0,"key":"Omamori"}],"event_choices":[{"damage_healed":0.0,"max_hp_gain":0.0,"max_hp_loss":0.0,"gold_gain":0.0,"event_name":"Mushrooms","player_choice":"Fought Mushrooms","floor":7.0,"gold_loss":0.0,"damage_taken":0.0},{"damage_healed":0.0,"max_hp_gain":0.0,"max_hp_loss":0.0,"gold_gain":0.0,"event_name":"Shining Light","player_choice":"Entered Light","floor":12.0,"gold_loss":0.0,"damage_taken":14.0,"cards_upgraded":["Strike_P","Strike_P"]},{"damage_healed":0.0,"max_hp_gain":0.0,"max_hp_loss":0.0,"gold_gain":0.0,"cards_transformed":["Defend_P"],"event_name":"Living Wall","player_choice":"Change","floor":14.0,"gold_loss":0.0,"damage_taken":0.0,"cards_obtained":["SignatureMove"]}],"is_beta":false,"boss_relics":[{"not_picked":["Pandora\u0027s Box","Runic Dome"],"picked":"Astrolabe"}],"items_purged_floors":[13],"is_endless":false,"potions_floor_spawned":[1,7,8,10,18],"killed_by":"3 Byrds","ascension_level":3}}