{"host":"9upmmxurwkb1bpyr","time":1607826929,"event":{"mods":["2.2 Compatiblity","AchievementEnabler","BaseMod","Beaked The Cultist","CatGirl Mod","Colored Powertips","Custom Start","Downfall","Gremlin Mod","Hermit","Highlight Path","Infinite Spire","Jorbs\u0027s Wanderer Trilogy","Minty Spire (QoL Compilation)","Quick Restart","Replay The Spire","StSLib","Td1madao Mod","The Alterego","The Animator","The Bug Knight","The Cursed","The Hierophant","The Judge","The Runesmith","The Servant 0.9.4","TheSwordswoman","Yuri Mod"],"gold_per_floor":[111,111,135,147,147,147,165,219,320,342,382,382,97,52,52,64,64],"floor_reached":16,"playtime":1362,"items_purged":[],"score":100,"play_id":"185efa11-2c90-4797-9439-a719cc8b1bd4","local_time":"20201212213529","is_ascension_mode":false,"campfire_choices":[{"floor":6,"key":"RECALL"},{"floor":12,"key":"REST"},{"data":"animator:Strike_Konosuba","floor":15,"key":"PURGE"}],"circlet_count":0,"master_deck":["animator:Defend_Konosuba","animator:Strike","animator:Strike","animator:Strike","animator:Defend","animator:Defend","animator:Defend","animator:Kazuma","animator:Aqua","animator:Scar","animator:RinTohsaka","animator:Pride","animator:Sloth","Amnesia","animator:Genos","animator:Emilia","animator:Magilou","animator:Genos"],"relics":["animator:LivingPicture","animator:TheMissingPiece","ReplayTheSpireMod:Ring of Collecting","Ring of Peace","Ring of Fangs","Ring of Greed","infinitespire:Midas Blood","Replay:Wax Seal","Replay:Baseball","Bottled Lightning"],"acts_visited":["Exordium"],"potions_floor_usage":[10],"damage_taken":[{"damage":0,"enemies":"Small Slimes","floor":1,"turns":6},{"damage":8,"enemies":"Cultist","floor":3,"turns":4},{"damage":4,"enemies":"2 Louse","floor":4,"turns":4},{"damage":0,"enemies":"Exordium Wildlife","floor":7,"turns":6},{"damage":19,"enemies":"Gremlin Gang","floor":10,"turns":6},{"damage":22,"enemies":"Lagavulin","floor":11,"turns":9},{"damage":60,"enemies":"Slime Boss","floor":16,"turns":11}],"seed_played":"2811113993602021570","potions_obtained":[{"floor":1,"key":"Doom Potion"},{"floor":2,"key":"Languid Potion"},{"floor":2,"key":"FearPotion"},{"floor":2,"key":"LiquidBronze"},{"floor":4,"key":"DuplicationPotion"},{"floor":10,"key":"SteroidPotion"}],"is_trial":false,"path_per_floor":["M","?","M","M","?","R","M","T","T","M","E","R","$","$","R","B"],"character_chosen":"THE_ANIMATOR","items_purchased":["animator:Emilia","animator:Magilou","animator:Genos"],"campfire_rested":1,"item_purchase_floors":[13,13,14],"current_hp_per_floor":[72,72,66,64,64,64,66,66,66,49,29,50,50,50,50,0,0],"gold":64,"neow_bonus":"TEN_PERCENT_HP_BONUS","is_daily":false,"chose_seed":false,"campfire_upgraded":0,"win_rate":0.0,"timestamp":1607826929,"path_taken":["M","?","?","M","?","R","M","?","T","?","E","R","?","$","R","BOSS"],"items_purchased_type":["Card","Card","Card"],"build_version":"2020-11-30","purchased_purges":0,"victory":false,"max_hp_per_floor":[72,72,72,72,72,72,72,72,72,72,72,72,72,72,72,72,72],"card_choices":[{"not_picked":["animator:YuiTsuruno","animator:KyokoSakura"],"picked":"animator:Scar","floor":1},{"not_picked":["animator:IrohaTamaki","animator:MumenRider"],"picked":"animator:RinTohsaka","floor":3},{"not_picked":["animator:MaesHughes","animator:Gluttony"],"picked":"animator:Pride","floor":4},{"not_picked":["animator:Chung","animator:Verdia"],"picked":"animator:Sloth","floor":10},{"not_picked":["animator:ElricEdward","animator:Boros"],"picked":"animator:Genos","floor":11}],"player_experience":954217,"relics_obtained":[{"floor":5,"key":"ReplayTheSpireMod:Ring of Collecting"},{"floor":5,"key":"Ring of Peace"},{"floor":8,"key":"Ring of Fangs"},{"floor":9,"key":"Ring of Greed"},{"floor":9,"key":"infinitespire:Midas Blood"},{"floor":9,"key":"Replay:Wax Seal"},{"floor":9,"key":"Replay:Baseball"},{"floor":11,"key":"Bottled Lightning"}],"event_choices":[{"damage_healed":0,"gold_gain":0,"player_choice":"Got Potions","damage_taken":0,"max_hp_gain":0,"max_hp_loss":0,"event_name":"Lab","floor":2,"gold_loss":0}],"is_beta":false,"boss_relics":[],"items_purged_floors":[],"is_endless":false,"potions_floor_spawned":[1,4,10],"killed_by":"Slime Boss","ascension_level":0}}