{"host":"pwhq7648p2dwl3jg","time":1607840349,"event":{"mods":["AchievementEnabler","BaseMod","Colored Map","Minty Spire (QoL Compilation)","Rare Cards Sparkle","SuperFastMode"],"gold_per_floor":[117,136,136,136,149,149,169,169,169,199,219,234,245,245,245,344,344,344,344],"floor_reached":18,"playtime":520,"items_purged":[],"score":218,"play_id":"1e0756be-ac95-4d55-ad0d-ea76b184aae6","local_time":"20201213151909","is_ascension_mode":true,"campfire_choices":[{"floor":6,"key":"REST"},{"floor":15,"key":"REST"}],"circlet_count":0,"master_deck":["Strike_B","Strike_B","Strike_B","Strike_B","Defend_B","Defend_B","Defend_B","Defend_B","Zap","Dualcast","Barrage","Glacier","Conserve Battery","Core Surge","Coolheaded","Cold Snap","Seek"],"relics":["Cracked Core","Eternal Feather","Regal Pillow","Lizard Tail","SlaversCollar"],"acts_visited":["Exordium","TheCity"],"potions_floor_usage":[14,16,16,16,16],"damage_taken":[{"damage":7,"enemies":"Jaw Worm","floor":1,"turns":3},{"damage":16,"enemies":"Small Slimes","floor":2,"turns":3},{"damage":2,"enemies":"2 Louse","floor":5,"turns":2},{"damage":4,"enemies":"Blue Slaver","floor":7,"turns":5},{"damage":9,"enemies":"3 Sentries","floor":10,"turns":10},{"damage":4,"enemies":"2 Fungi Beasts","floor":11,"turns":3},{"damage":34,"enemies":"Gremlin Gang","floor":12,"turns":5},{"damage":9,"enemies":"Looter","floor":13,"turns":3},{"damage":0,"enemies":"Lagavulin","floor":14,"turns":1},{"damage":50,"enemies":"Hexaghost","floor":16,"turns":17},{"damage":35,"enemies":"Shell Parasite","floor":18,"turns":10}],"seed_played":"-8361386289166266771","potions_obtained":[{"floor":7,"key":"SmokeBomb"},{"floor":12,"key":"EntropicBrew"},{"floor":13,"key":"PowerPotion"}],"is_trial":false,"path_per_floor":["M","M","$","?","M","R","M","?","T","E","M","M","M","E","R","B",null,"M"],"character_chosen":"DEFECT","items_purchased":[],"campfire_rested":2,"item_purchase_floors":[],"current_hp_per_floor":[75,59,59,59,57,81,77,77,77,68,64,30,21,21,69,19,66,31,31],"gold":344,"neow_bonus":"TEN_PERCENT_HP_BONUS","is_daily":false,"chose_seed":false,"campfire_upgraded":0,"win_rate":0.0,"timestamp":1607840349,"path_taken":["M","M","$","?","M","R","M","?","T","E","M","M","M","E","R","BOSS","M"],"items_purchased_type":[],"build_version":"2020-11-30","purchased_purges":0,"victory":false,"max_hp_per_floor":[82,82,82,82,82,82,82,82,82,82,82,82,82,82,82,82,82,82,82],"card_choices":[{"not_picked":["Coolheaded","Double Energy"],"picked":"Barrage","floor":1},{"not_picked":["Sweeping Beam","Ball Lightning"],"picked":"Glacier","floor":2},{"not_picked":["Beam Cell","Streamline"],"picked":"Conserve Battery","floor":5},{"not_picked":["Redo","Compile Driver","Self Repair"],"picked":"SKIP","floor":7},{"not_picked":["Sweeping Beam","Ball Lightning"],"picked":"Core Surge","floor":10},{"not_picked":["Hologram","Compile Driver"],"picked":"Coolheaded","floor":11},{"not_picked":["Consume","Turbo","Hologram"],"picked":"SKIP","floor":12},{"not_picked":["Turbo","Steam"],"picked":"Cold Snap","floor":13},{"not_picked":["Buffer","Amplify"],"picked":"Seek","floor":16}],"player_experience":202261,"relics_obtained":[{"floor":9,"key":"Regal Pillow"},{"floor":10,"key":"Lizard Tail"}],"event_choices":[{"damage_healed":0,"gold_gain":0,"player_choice":"Leave","damage_taken":0,"max_hp_gain":0,"max_hp_loss":0,"event_name":"The Cleric","floor":4,"gold_loss":0},{"damage_healed":0,"gold_gain":0,"player_choice":"Searched \u00271\u0027 times","damage_taken":0,"relics_obtained":["Eternal Feather"],"max_hp_gain":0,"max_hp_loss":0,"event_name":"Dead Adventurer","floor":8,"gold_loss":0}],"is_beta":false,"boss_relics":[{"not_picked":["Nuclear Battery","Philosopher\u0027s Stone"],"picked":"SlaversCollar"}],"items_purged_floors":[],"is_endless":false,"potions_floor_spawned":[7,12,13,14],"killed_by":"Shell Parasite","ascension_level":5}}