{"host":"wpxe4vcm7d9hc2g8","time":1607823218,"event":{"mods":["2.2 Compatiblity","Act Like it!","Aspiration","BaseMod","Better Match","Better Note","Better Sensory Stone","Better Third Choice","Better Vampires","Chen","Conspire","Custom Start","Elementarium","Energized Spire","Gensokyo","GifTheSpireLib","Hallownest","Hermit","Hubris","Infinite Spire","JesterMod","Koishi","Minty Spire (QoL Compilation)","Pale of the Ancients","Permanent Neow","Replay The Spire","Shade Mod","Shop Mod","Spicy Shops","StSLib","Stuff the Spire","Td1madao Mod","The Bug Knight","The Factory","The Hierophant","The Jungle","The Servant 0.9.4","The Wild Card","TheFirefly","TheVacant","Wandering Minibosses","vexMod"],"gold_per_floor":[110,35,53,53,63,94,94,104,104,138,155,155,175,189,189,287,337,351,370,380,260,8,8,58,58,58,58,90,90,104,104,104,203,203,222,241,259,259,359,359,409,409,409,409,442,43,43,57,57,57],"floor_reached":51,"playtime":18947,"items_purged":["Defend_G","Defend_G","Defend_G","Strike_G","Strike_G","Strike_G"],"score":1249,"play_id":"642e3b23-e915-4bbd-9621-f36936108e62","local_time":"20201212193338","is_ascension_mode":true,"campfire_choices":[{"data":"ReplayTheSpireMod:Brewmster","floor":7.0,"key":"SMITH"},{"data":"theWildCard:Odin","floor":12.0,"key":"SMITH"},{"data":"Blade Dance","floor":15.0,"key":"SMITH"},{"data":"Adrenaline","floor":23.0,"key":"SMITH"},{"data":"theWildCard:Salvation","floor":25.0,"key":"SMITH"},{"data":"Neutralize","floor":29.0,"key":"SMITH"},{"data":"Dagger Spray","floor":32.0,"key":"SMITH"},{"data":"Adrenaline","floor":40,"key":"SMITH"},{"data":"StuffTheSpire:Brawn","floor":47,"key":"SMITH"},{"data":"Survivor","floor":49,"key":"SMITH"}],"circlet_count":0,"master_deck":["AscendersBane","Spot Weakness+1","Strike_G+1","Survivor+1","Neutralize+1","ReplayTheSpireMod:Brewmster+1","Prepared","Dagger Spray+1","theWildCard:Odin+1","Blade Dance+1","theWildCard:Salvation+1","Adrenaline+1","Adrenaline+1","StuffTheSpire:Brawn+1","Dagger Spray"],"relics":["Ring of the Snake","infinitespire:FocusingShard","hubris:DisguiseKit","Elementarium:HuntersSling","TwistedFunnel","Garlic","Ninja Scroll","Elementarium:ElementariumTrophy","WristBlade","hubris:FunFungus","infinitespire:Bottled Soul","hubris:SlimyHat","MerchantsRug"],"acts_visited":["Elementarium:Elementarium","TheBeyond"],"potions_floor_usage":[45,50,50,50],"damage_taken":[{"damage":2.0,"enemies":"Gensokyo:3_Fairies","floor":1.0,"turns":4.0},{"damage":1.0,"enemies":"Gensokyo:Gryphon","floor":3.0,"turns":4.0},{"damage":7.0,"enemies":"Gensokyo:Python","floor":5.0,"turns":6.0},{"damage":28.0,"enemies":"Gensokyo:Aya","floor":6.0,"turns":9.0},{"damage":0.0,"enemies":"Gensokyo:2_Rabbits","floor":8.0,"turns":7.0},{"damage":1.0,"enemies":"Gensokyo:Cirno","floor":10.0,"turns":6.0},{"damage":2.0,"enemies":"Gensokyo:Python_and_Kodama","floor":11.0,"turns":5.0},{"damage":3.0,"enemies":"Gensokyo:3_Kodama","floor":13.0,"turns":4.0},{"damage":0.0,"enemies":"Gensokyo:Gryphon_and_Rabbit","floor":14.0,"turns":5.0},{"damage":0.0,"enemies":"Gensokyo:Kokoro","floor":16.0,"turns":9.0},{"damage":0.0,"enemies":"Elementarium:MUD_AND_TAR_GOLEMS","floor":18.0,"turns":4.0},{"damage":3.0,"enemies":"Elementarium:Cyclone","floor":19.0,"turns":4.0},{"damage":0.0,"enemies":"Elementarium:Hydrostalker","floor":20.0,"turns":4.0},{"damage":0.0,"enemies":"Elementarium:ElementalPortal","floor":28.0,"turns":4.0},{"damage":11.0,"enemies":"Elementarium:CYCLONE_AND_ORB_OF_FIRE","floor":30.0,"turns":4.0},{"damage":5.0,"enemies":"Elementarium:GolemEmperor","floor":33.0,"turns":7.0},{"damage":0.0,"enemies":"Orb Walker","floor":35.0,"turns":2.0},{"damage":0.0,"enemies":"3 Darklings","floor":36.0,"turns":2.0},{"damage":0.0,"enemies":"Transient","floor":37.0,"turns":5.0},{"damage":0.0,"enemies":"infinitespire:Three Voidlings","floor":39.0,"turns":2.0},{"damage":19.0,"enemies":"Nightmare_Alpha","floor":39.0,"turns":12.0},{"damage":0,"enemies":"Mind Bloom Boss Battle","floor":41,"turns":3},{"damage":0,"enemies":"Reptomancer","floor":45,"turns":1},{"damage":0,"enemies":"3 Darklings","floor":48,"turns":1},{"damage":22,"enemies":"hubris:GrandSnecko","floor":50,"turns":5}],"seed_played":"7058749837185113806","potions_obtained":[{"floor":3.0,"key":"SkillPotion"},{"floor":8.0,"key":"Strength Potion"},{"floor":10.0,"key":"Adrenaline Potion"},{"floor":18.0,"key":"GhostInAJar"},{"floor":35.0,"key":"LiquidMemories"}],"is_trial":false,"path_per_floor":["M","?","M","?","M","E","R","M","T","E","M","R","M","M","R","B",null,"M","M","M","?","$","R","?","R","T","AVR","E","R","M","?","R","B",null,"M","M","M","?","?","R","?","?","T","AVR","E","$","R","M","R","B",null],"character_chosen":"THE_SILENT","items_purchased":["TwistedFunnel","Dagger Spray","MerchantsRug"],"campfire_rested":0,"item_purchase_floors":[22,46,46],"current_hp_per_floor":[61,61,60,53,46,18,18,18,18,17,15,15,12,12,12,12,71,71,68,68,68,68,68,68,68,68,68,68,68,57,57,57,52,80,80,80,80,80,61,61,63,63,66,66,66,66,66,66,66,48],"gold":57,"neow_bonus":"REMOVE_CARD","is_daily":false,"chose_seed":false,"campfire_upgraded":10,"win_rate":0.0,"timestamp":1607823218,"path_taken":["M","?","M","?","?","E","R","M","T","E","M","R","M","M","R","BOSS","M","M","M","?","$","R","?","R","T","AVR","E","R","M","?","R","BOSS","M","M","M","?","?","R","?","?","T","AVR","E","?","R","M","R","BOSS"],"items_purchased_type":["Relic","Card","Relic"],"build_version":"2020-11-30","purchased_purges":6,"victory":true,"max_hp_per_floor":[70,70,70,84,84,84,84,84,84,84,84,84,84,84,84,84,89,89,89,89,89,89,89,89,89,89,89,89,89,89,89,89,89,89,89,89,89,89,89,89,89,89,92,92,92,92,92,92,92,92],"card_choices":[{"not_picked":["hubris:TrickCloak","Reflex","Catalyst"],"picked":"SKIP","floor":1.0},{"not_picked":["Magnetism","Midas Touch"],"picked":"ReplayTheSpireMod:Brewmster","floor":2.0},{"not_picked":["Bane","Underhanded Strike"],"picked":"Prepared","floor":3.0},{"not_picked":["Deflect","Acrobatics","StuffTheSpire:Sprint"],"picked":"SKIP","floor":5.0},{"not_picked":["StuffTheSpire:Incursion","Poisoned Stab","ReplayTheSpireMod:Tripwire"],"picked":"SKIP","floor":6.0},{"not_picked":["PiercingWail","Quick Slash"],"picked":"Dagger Spray","floor":8.0},{"not_picked":["Backstab","Setup","A Thousand Cuts"],"picked":"theWildCard:Odin","floor":10.0},{"not_picked":["Prepared","hubris:Counter","StuffTheSpire:Sprint","theWildCard:Sakuya"],"picked":"SKIP","floor":11.0},{"not_picked":["StuffTheSpire:Shiver","ReplayTheSpireMod:Speed Training","theWildCard:StalwartBlade"],"picked":"Blade Dance","floor":13.0},{"not_picked":["Deflect","Dagger Throw","Heel Hook"],"picked":"theWildCard:Salvation","floor":14.0},{"not_picked":["aspiration:Lunge","Storm of Steel","theWildCard:Deicide"],"picked":"Adrenaline","floor":16.0},{"not_picked":["Quick Slash","All Out Attack","Well Laid Plans","theWildCard:ArcaneArts"],"picked":"SKIP","floor":18.0},{"not_picked":["Deflect","StuffTheSpire:Python","Eviscerate+1","theWildCard:Michael"],"picked":"SKIP","floor":19.0},{"not_picked":["Dodge and Roll","Finisher","StuffTheSpire:BrimstoneBlast+1","theWildCard:EnergizedStroke"],"picked":"SKIP","floor":20.0},{"not_picked":["Choke","Night Terror","Footwork","theWildCard:EnergyTheft"],"picked":"SKIP","floor":28.0},{"not_picked":["hubris:TrickCloak+1","Accuracy","hubris:Sniper","theWildCard:SeveringSlash"],"picked":"SKIP","floor":30.0},{"not_picked":["Venomology","Corpse Explosion","theWildCard:TheUniverse"],"picked":"Adrenaline","floor":33.0},{"not_picked":["Slice","Prepared+1","Dagger Spray","theWildCard:MaskChange"],"picked":"SKIP","floor":35.0},{"not_picked":["Backflip+1","Cloak And Dagger+1","StuffTheSpire:Injection","theWildCard:ArchaicAssault"],"picked":"SKIP","floor":36.0},{"not_picked":["Quick Slash","PiercingWail","Wraith Form v2","theWildCard:PaleRider"],"picked":"SKIP","floor":37.0},{"not_picked":["StuffTheSpire:Harmony","StuffTheSpire:CelestialWarden"],"picked":"StuffTheSpire:Brawn","floor":42},{"not_picked":["Flying Knee+1","Blade Dance","Quick Slash","theWildCard:SacrificialStroke"],"picked":"SKIP","floor":45},{"not_picked":["Underhanded Strike+1","Bane","Dagger Spray","theWildCard:Salvation"],"picked":"SKIP","floor":48}],"player_experience":2439632,"relics_obtained":[{"floor":6.0,"key":"infinitespire:FocusingShard"},{"floor":9.0,"key":"hubris:DisguiseKit"},{"floor":10.0,"key":"aspiration:DSix"},{"floor":26.0,"key":"Garlic"},{"floor":28.0,"key":"Ninja Scroll"},{"floor":39,"key":"hubris:FunFungus"},{"floor":41,"key":"infinitespire:Bottled Soul"},{"floor":43,"key":"StuffTheSpire:Rhapsscallions"},{"floor":45,"key":"hubris:SlimyHat"}],"event_choices":[{"damage_healed":0.0,"max_hp_gain":0.0,"max_hp_loss":0.0,"gold_gain":0.0,"event_name":"betterMatch:BetterMatch","player_choice":"1","floor":2.0,"gold_loss":0.0,"damage_taken":0.0,"cards_obtained":["betterMatch:CommonCard","betterMatch:ColorlessRareCard","betterMatch:ColorlessRareCard"]},{"damage_healed":0.0,"max_hp_gain":0.0,"max_hp_loss":0.0,"gold_gain":0.0,"event_name":"Elementarium:BigGameHunter","player_choice":"Sling","floor":21.0,"gold_loss":120.0,"damage_taken":0.0,"relics_obtained":["Elementarium:HuntersSling"]},{"damage_healed":0.0,"max_hp_gain":0.0,"max_hp_loss":0.0,"gold_gain":50.0,"event_name":"Elementarium:StickySituation","player_choice":"Take","floor":24.0,"gold_loss":0.0,"damage_taken":0.0},{"cards_removed":["Defend_G"],"damage_healed":0.0,"max_hp_gain":0.0,"max_hp_loss":0.0,"gold_gain":0.0,"event_name":"Elementarium:LostScrolls","player_choice":"Burn","floor":31.0,"gold_loss":0.0,"damage_taken":0.0},{"damage_healed":0.0,"max_hp_gain":0.0,"max_hp_loss":0.0,"gold_gain":0.0,"event_name":"conspire:Investor","player_choice":"Leave","floor":38.0,"gold_loss":0.0,"damage_taken":0.0},{"damage_healed":0,"gold_gain":0,"player_choice":"Leave","damage_taken":0,"max_hp_gain":0,"max_hp_loss":0,"event_name":"conspire:Investor","floor":39,"gold_loss":0},{"damage_healed":0,"gold_gain":0,"player_choice":"Fight","damage_taken":0,"max_hp_gain":0,"max_hp_loss":0,"event_name":"MindBloom","floor":41,"gold_loss":0}],"is_beta":false,"boss_relics":[{"not_picked":["conspire:SeveredTorchhead","aspiration:RunicSpoon"],"picked":"Tiny House"},{"not_picked":["vexMod:ImprovementManual","conspire:RoyalGoblet"],"picked":"WristBlade"}],"items_purged_floors":[22,22,27,44,46,46],"is_endless":false,"potions_floor_spawned":[3,8,10,11,13,18,19,28,35,37],"ascension_level":12}}