{"host":"1hv1kueuvc4r3rdp","time":1607901214,"event":{"mods":["AchievementEnabler","BaseMod","DeckTracker","Highlight Path","Minty Spire (QoL Compilation)","Permanent Neow","StSLib"],"gold_per_floor":[114,130,140,140,159,191,204,204,272,272,300,312,312,342,342,416,416,431,448,466,483,483,483,511,610,610,625,550,582,582,598,598,675,675,688,336,348,359,378,378,391,410,410,28,39,39,39,52,52,52],"floor_reached":51,"playtime":3759,"items_purged":["PathToVictory","Evaluate","ThirdEye"],"score":1346,"play_id":"754367e3-5fa6-4004-8975-698a47390116","local_time":"20201213171334","is_ascension_mode":true,"campfire_choices":[{"data":"Eruption","floor":8,"key":"SMITH"},{"data":"WheelKick","floor":13,"key":"SMITH"},{"data":"BowlingBash","floor":15,"key":"SMITH"},{"data":"Scrawl","floor":23,"key":"SMITH"},{"data":"SpiritShield","floor":32,"key":"SMITH"},{"data":"TalkToTheHand","floor":40,"key":"SMITH"},{"data":"MentalFortress","floor":49,"key":"SMITH"}],"circlet_count":0,"master_deck":["AscendersBane","Eruption+1","Vigilance","BowlingBash+1","WheelKick+1","Halt","EmptyFist","SpiritShield+1","Adaptation","Blasphemy","FlurryOfBlows","FearNoEvil","Scrawl+1","Conclude","TalkToTheHand+1","MentalFortress+1"],"relics":["Runic Pyramid","InkBottle","Bag of Preparation","Shuriken","Omamori","Prayer Wheel","Bird Faced Urn","Pandora\u0027s Box","Damaru","Blue Candle","CaptainsWheel","FaceOfCleric","VioletLotus","TeardropLocket","Singing Bowl","Bottled Tornado"],"acts_visited":["Exordium","TheCity","TheBeyond"],"potions_floor_usage":[7,50],"damage_taken":[{"damage":0,"enemies":"Cultist","floor":1,"turns":2},{"damage":0,"enemies":"Jaw Worm","floor":2,"turns":3},{"damage":0,"enemies":"2 Louse","floor":3,"turns":2},{"damage":1,"enemies":"Red Slaver","floor":5,"turns":3},{"damage":12,"enemies":"3 Sentries","floor":6,"turns":5},{"damage":2,"enemies":"Lots of Slimes","floor":7,"turns":3},{"damage":12,"enemies":"Lagavulin","floor":11,"turns":3},{"damage":0,"enemies":"Looter","floor":12,"turns":2},{"damage":3,"enemies":"3 Sentries","floor":14,"turns":3},{"damage":0,"enemies":"Slime Boss","floor":16,"turns":5},{"damage":0,"enemies":"Spheric Guardian","floor":18,"turns":2},{"damage":4,"enemies":"3 Byrds","floor":19,"turns":3},{"damage":0,"enemies":"Centurion and Healer","floor":20,"turns":2},{"damage":0,"enemies":"Sentry and Sphere","floor":21,"turns":3},{"damage":0,"enemies":"Gremlin Leader","floor":24,"turns":5},{"damage":14,"enemies":"Snake Plant","floor":27,"turns":2},{"damage":6,"enemies":"Book of Stabbing","floor":29,"turns":4},{"damage":0,"enemies":"Snecko","floor":31,"turns":2},{"damage":5,"enemies":"Champ","floor":33,"turns":9},{"damage":0,"enemies":"3 Darklings","floor":35,"turns":2},{"damage":0,"enemies":"Orb Walker","floor":37,"turns":2},{"damage":0,"enemies":"Jaw Worm Horde","floor":38,"turns":2},{"damage":0,"enemies":"Writhing Mass","floor":39,"turns":4},{"damage":0,"enemies":"Transient","floor":41,"turns":5},{"damage":0,"enemies":"3 Darklings","floor":42,"turns":2},{"damage":0,"enemies":"Sphere and 2 Shapes","floor":45,"turns":2},{"damage":0,"enemies":"Spire Growth","floor":48,"turns":2},{"damage":32,"enemies":"Awakened One","floor":50,"turns":6}],"seed_played":"-2258864269658978991","potions_obtained":[{"floor":2,"key":"SteroidPotion"},{"floor":5,"key":"Block Potion"},{"floor":7,"key":"Ambrosia"}],"is_trial":false,"path_per_floor":["M","M","M","T","M","E","M","R","T","?","E","M","R","E","R","B",null,"M","M","M","M","?","R","E","?","T","M","$","E","?","M","R","B",null,"M","$","M","M","M","R","M","M","T","$","M","?","?","M","R","B",null],"character_chosen":"WATCHER","items_purchased":["TeardropLocket","Bottled Tornado"],"campfire_rested":0,"item_purchase_floors":[36,44],"current_hp_per_floor":[65,65,65,65,64,52,50,50,50,50,38,38,38,35,35,35,63,63,59,59,59,59,59,61,61,61,49,49,45,45,46,46,44,67,70,70,71,72,73,73,78,80,80,80,85,87,87,92,92,63],"gold":52,"neow_bonus":"BOSS_RELIC","is_daily":false,"chose_seed":false,"campfire_upgraded":7,"win_rate":0.0,"timestamp":1607901214,"path_taken":["M","M","M","?","M","E","M","R","T","?","E","M","R","E","R","BOSS","M","M","M","?","?","R","E","?","T","M","$","E","?","?","R","BOSS","M","?","M","M","M","R","M","M","T","$","M","?","?","?","R","BOSS"],"items_purchased_type":["Relic","Relic"],"build_version":"2020-11-30","purchased_purges":3,"victory":true,"max_hp_per_floor":[72,72,72,72,72,72,72,72,72,72,72,72,72,72,72,72,72,72,72,72,72,72,72,72,72,72,72,72,72,72,73,73,74,74,75,75,76,77,78,78,79,80,80,80,85,87,87,92,92,93],"card_choices":[{"not_picked":["ClearTheMind","Prostrate"],"picked":"CutThroughFate","floor":1},{"not_picked":["WindmillStrike","DeceiveReality","SandsOfTime"],"picked":"SKIP","floor":2},{"not_picked":["CutThroughFate","Adaptation","InnerPeace"],"picked":"SKIP","floor":3},{"not_picked":["Evaluate","FlurryOfBlows"],"picked":"BowlingBash","floor":5},{"not_picked":["PathToVictory","ClearTheMind"],"picked":"WheelKick","floor":6},{"not_picked":["CarveReality","Consecrate","WindmillStrike"],"picked":"SKIP","floor":7},{"not_picked":["Omniscience","Protect"],"picked":"Halt","floor":11},{"not_picked":["FlyingSleeves","FlurryOfBlows"],"picked":"EmptyFist","floor":12},{"not_picked":["ThirdEye","BowlingBash","ClearTheMind"],"picked":"SKIP","floor":12},{"not_picked":["ThirdEye","BowlingBash","ClearTheMind"],"picked":"SKIP","floor":12},{"not_picked":["Alpha","WindmillStrike","LikeWater"],"picked":"SKIP","floor":14},{"not_picked":["Blasphemy","Judgement"],"picked":"SpiritShield","floor":16},{"not_picked":["EmptyBody","EmptyFist","Fasting2"],"picked":"SKIP","floor":18},{"not_picked":["Halt","Pray+1","SashWhip"],"picked":"SKIP","floor":18},{"not_picked":["Worship+1","BattleHymn"],"picked":"ThirdEye","floor":19},{"not_picked":["BattleHymn","Protect","Worship"],"picked":"SKIP","floor":19},{"not_picked":["SashWhip","ClearTheMind","WheelKick"],"picked":"SKIP","floor":20},{"not_picked":["InnerPeace+1","BattleHymn","SignatureMove"],"picked":"SKIP","floor":20},{"not_picked":["FollowUp","ClearTheMind","Sanctity"],"picked":"SKIP","floor":21},{"not_picked":["Evaluate","TalkToTheHand","ThirdEye"],"picked":"SKIP","floor":21},{"not_picked":["LessonLearned","ClearTheMind","FollowUp+1"],"picked":"SKIP","floor":24},{"not_picked":["ThirdEye","ForeignInfluence","Conclude"],"picked":"SKIP","floor":27},{"not_picked":["EmptyFist+1","FearNoEvil","ThirdEye+1"],"picked":"SKIP","floor":27},{"not_picked":["FollowUp","Vengeance","Meditate"],"picked":"SKIP","floor":29},{"not_picked":["LikeWater","WindmillStrike","Halt"],"picked":"SKIP","floor":31},{"not_picked":["Prostrate","Consecrate","Swivel"],"picked":"SKIP","floor":31},{"not_picked":["ClearTheMind","Collect","JustLucky"],"picked":"SKIP","floor":35},{"not_picked":["FlyingSleeves","SashWhip","Crescendo+1"],"picked":"SKIP","floor":35},{"not_picked":["Prostrate","BowlingBash"],"picked":"TalkToTheHand","floor":37},{"not_picked":["Conclude","Wireheading+1","Vengeance"],"picked":"SKIP","floor":37},{"not_picked":["Conclude","Wireheading+1","Vengeance"],"picked":"SKIP","floor":37},{"not_picked":["Meditate+1","Halt+1","Judgement"],"picked":"SKIP","floor":38},{"not_picked":["Halt","EmptyFist+1","Wallop"],"picked":"SKIP","floor":38},{"not_picked":["BowlingBash+1","EmptyBody"],"picked":"MentalFortress","floor":39},{"not_picked":["PathToVictory","Halt","EmptyMind+1"],"picked":"SKIP","floor":39},{"not_picked":["Prostrate+1","Weave","Halt+1"],"picked":"SKIP","floor":41},{"not_picked":["Crescendo","ClearTheMind","Consecrate"],"picked":"SKIP","floor":41},{"not_picked":["Protect","FlurryOfBlows+1","EmptyFist"],"picked":"SKIP","floor":42},{"not_picked":["WaveOfTheHand","Protect","ClearTheMind"],"picked":"SKIP","floor":42},{"not_picked":["ReachHeaven","Wish","WheelKick+1"],"picked":"Singing Bowl","floor":45},{"not_picked":["EmptyBody","WaveOfTheHand+1","Protect"],"picked":"Singing Bowl","floor":45},{"not_picked":["Blind","Deep Breath","Sadistic Nature"],"picked":"Singing Bowl","floor":46},{"not_picked":["ForeignInfluence","Study+1","Pray"],"picked":"Singing Bowl","floor":48},{"not_picked":["Sanctity","PathToVictory","EmptyFist"],"picked":"Singing Bowl","floor":48}],"player_experience":995096,"relics_obtained":[{"floor":4,"key":"InkBottle"},{"floor":6,"key":"Bag of Preparation"},{"floor":9,"key":"Shuriken"},{"floor":11,"key":"Prayer Wheel"},{"floor":14,"key":"Bird Faced Urn"},{"floor":24,"key":"Damaru"},{"floor":26,"key":"Blue Candle"},{"floor":29,"key":"CaptainsWheel"},{"floor":43,"key":"Singing Bowl"}],"event_choices":[{"cards_removed":["CutThroughFate"],"damage_healed":0,"gold_gain":0,"player_choice":"Gave Card","damage_taken":0,"relics_obtained":["Omamori"],"max_hp_gain":0,"max_hp_loss":0,"event_name":"WeMeetAgain","floor":10,"gold_loss":0},{"damage_healed":0,"gold_gain":0,"player_choice":"Ignored","damage_taken":0,"max_hp_gain":0,"max_hp_loss":0,"event_name":"Ghosts","floor":22,"gold_loss":0},{"damage_healed":0,"gold_gain":99,"player_choice":"Stole From Cult","damage_taken":0,"max_hp_gain":0,"max_hp_loss":0,"event_name":"Nest","floor":25,"gold_loss":0},{"damage_healed":0,"gold_gain":0,"player_choice":"Trade","damage_taken":0,"relics_obtained":["FaceOfCleric"],"max_hp_gain":0,"max_hp_loss":0,"event_name":"FaceTrader","floor":30,"gold_loss":0},{"damage_healed":0,"gold_gain":0,"player_choice":"Memory 1","damage_taken":0,"max_hp_gain":0,"max_hp_loss":0,"event_name":"SensoryStone","floor":46,"gold_loss":0},{"damage_healed":0,"gold_gain":0,"player_choice":"Ignored","damage_taken":0,"max_hp_gain":0,"max_hp_loss":0,"event_name":"Transmorgrifier","floor":47,"gold_loss":0}],"is_beta":false,"boss_relics":[{"not_picked":["Ectoplasm","Astrolabe"],"picked":"Pandora\u0027s Box"},{"not_picked":["Coffee Dripper","Runic Dome"],"picked":"VioletLotus"}],"items_purged_floors":[28,36,44],"is_endless":false,"potions_floor_spawned":[2,5,7,11,12,18,19,29,33,35,39,42],"ascension_level":13}}