{"host":"oumbqh1z6oj8ya5w","time":1607852423,"event":{"mods":["A Magickal Journey","AchievementEnabler","Act Like it!","Aspiration","BaseMod","Better Note","Conjunction","Gensokyo","Googly Eyes","Hallownest","Hyrulean Relics","Jedi Mod","Koishi","Marisa????????","Minty Spire (QoL Compilation)","Pale of the Ancients","Rare Cards Sparkle","Reimu??????","SCP261 Mod","SacredBarkPlus","StSLib","The Bladedancer","The Blue Laboratory","The Bug Knight","The Death Knight","The Forsaken","The Servant 0.9.4","The Spell Scribe","Uncapped"],"gold_per_floor":[110,121,121,121,138,138,166,166,166,176,189,189,189,189],"floor_reached":13,"playtime":515,"items_purged":[],"score":93,"play_id":"0580957a-1752-406b-9d60-fd87df158cd3","local_time":"20201213094023","is_ascension_mode":true,"campfire_choices":[{"floor":6,"key":"REST"},{"data":"theScribe:IcyDefend","floor":8,"key":"SMITH"}],"circlet_count":0,"master_deck":["theScribe:StarterAttack","theScribe:StarterAttack","theScribe:LightningStrike","theScribe:LightningStrike","theScribe:StarterDefend","theScribe:StarterDefend","theScribe:StarterDefend","theScribe:IcyDefend+1","theScribe:IcyDefend","theScribe:StarterModifier","theScribe:Thunder","theScribe:MagicMissiles","theScribe:BluntWeapons","theScribe:ArcaneBarrier+1","theScribe:FrostvenomToxin+1","theScribe:FrostvenomToxin+1"],"relics":["theScribe:StarterRelic1","Peace Pipe","Gensokyo:OccultBall","Toxic Egg 2","Unceasing Top"],"acts_visited":["Exordium"],"potions_floor_usage":[11,13],"damage_taken":[{"damage":22,"enemies":"Gensokyo:Python","floor":1,"turns":5},{"damage":4,"enemies":"Gensokyo:Gryphon","floor":2,"turns":4},{"damage":9,"enemies":"Gensokyo:2_Kodama","floor":5,"turns":6},{"damage":4,"enemies":"Gensokyo:Mamizou","floor":7,"turns":4},{"damage":23,"enemies":"Gensokyo:Gryphon_and_Rabbit","floor":10,"turns":7},{"damage":12,"enemies":"Gensokyo:3_Kodama","floor":11,"turns":4},{"damage":12,"enemies":"Gensokyo:Aya","floor":13,"turns":3}],"seed_played":"6685005497416330564","potions_obtained":[{"floor":1,"key":"Conjunction:LightningMarble"},{"floor":2,"key":"SteroidPotion"},{"floor":10,"key":"blueLaboratory:NullPotion"},{"floor":11,"key":"Energy Potion"}],"is_trial":false,"path_per_floor":["M","M","?","?","M","R","E","R","T","M","M","?","E"],"character_chosen":"THE_SCRIBE","items_purchased":[],"campfire_rested":1,"item_purchase_floors":[],"current_hp_per_floor":[32,28,28,36,27,49,45,45,45,22,10,10,0,0],"gold":189,"neow_bonus":"ONE_RARE_RELIC","is_daily":false,"chose_seed":false,"campfire_upgraded":1,"win_rate":0.0,"timestamp":1607852423,"path_taken":["M","M","?","?","M","R","E","R","T","M","?","?","E"],"items_purchased_type":[],"build_version":"2020-11-30","purchased_purges":0,"victory":false,"max_hp_per_floor":[75,75,75,75,75,75,75,75,75,75,75,75,75,75],"card_choices":[{"not_picked":["theScribe:GlaciesSpellstone","theScribe:WeirdShield"],"picked":"theScribe:Thunder","floor":1},{"not_picked":["theScribe:TelumSpellstone","theScribe:Dark"],"picked":"theScribe:StaticSeries","floor":2},{"not_picked":["theScribe:Overcharge","theScribe:Clarity"],"picked":"theScribe:MagicMissiles","floor":5},{"not_picked":["theScribe:ScrollOfShadows","theScribe:BlankScroll"],"picked":"theScribe:BluntWeapons","floor":7},{"not_picked":["theScribe:FranticSearch+1","theScribe:WeirdBlast"],"picked":"theScribe:ArcaneBarrier+1","floor":10},{"not_picked":["theScribe:WeirdShield+1","theScribe:StaticSeries"],"picked":"theScribe:FrostvenomToxin+1","floor":11}],"player_experience":547038,"relics_obtained":[{"floor":7,"key":"Toxic Egg 2"},{"floor":9,"key":"Unceasing Top"},{"floor":11,"key":"Gensokyo:OccultBall"}],"event_choices":[],"is_beta":false,"boss_relics":[],"items_purged_floors":[],"is_endless":false,"potions_floor_spawned":[1,2,10,11],"killed_by":"Gensokyo:Aya","ascension_level":2}}