{"host":"e9x02d116nyd6j9y","time":1607852221,"event":{"mods":["BaseMod","Lobotomy","Minty Spire (QoL Compilation)","SuperFastMode","everything is the same but u backflip on backflip"],"gold_per_floor":[113,113,163,179,195,195,215,215,297,313,342,342,355,401,401,497,497,512,308,308,308,308,308,80,80,80,80,97,108,118,118,118,118,118],"floor_reached":33,"playtime":978,"items_purged":["Decay"],"score":247,"play_id":"b69c2448-7c27-4bd6-b9bc-0c6b991888af","local_time":"20201213183701","is_ascension_mode":false,"campfire_choices":[{"data":"Anger","floor":6,"key":"SMITH"},{"data":"Anger","floor":8,"key":"SMITH"},{"data":"Defend_R","floor":15,"key":"SMITH"},{"data":"Sever Soul","floor":23,"key":"SMITH"},{"data":"Double Tap","floor":27,"key":"SMITH"},{"floor":32,"key":"REST"}],"circlet_count":0,"master_deck":["Strike_R","Strike_R","Strike_R","Strike_R","Strike_R","Defend_R+1","Defend_R","Defend_R","Defend_R","Bash","Anger+1","Headbutt","Anger+1","Pommel Strike","Sever Soul+1","Clash+1","Armaments","Fiend Fire+1","Sever Soul+1","Anger+1","Double Tap+1","Thunderclap+1","Armaments+1","Rampage+1"],"relics":["Black Blood","Lantern","MealTicket","Meat on the Bone","Molten Egg 2","Toy Ornithopter","Strawberry","Paper Frog"],"acts_visited":["Exordium","TheCity"],"potions_floor_usage":[16,22,33,33,33,33,33],"damage_taken":[{"damage":8,"enemies":"Jaw Worm","floor":1,"turns":3},{"damage":0,"enemies":"Cultist","floor":4,"turns":3},{"damage":0,"enemies":"2 Louse","floor":5,"turns":2},{"damage":8,"enemies":"2 Fungi Beasts","floor":7,"turns":3},{"damage":18,"enemies":"Exordium Wildlife","floor":10,"turns":4},{"damage":36,"enemies":"3 Sentries","floor":11,"turns":5},{"damage":11,"enemies":"3 Louse","floor":13,"turns":3},{"damage":27,"enemies":"Hexaghost","floor":16,"turns":7},{"damage":0,"enemies":"Chosen","floor":18,"turns":3},{"damage":0,"enemies":"2 Thieves","floor":22,"turns":1},{"damage":15,"enemies":"Centurion and Healer","floor":28,"turns":6},{"damage":23,"enemies":"Snecko","floor":29,"turns":4},{"damage":16,"enemies":"Snake Plant","floor":30,"turns":3},{"damage":135,"enemies":"Collector","floor":33,"turns":12}],"seed_played":"6993368574789619633","potions_obtained":[{"floor":5,"key":"SpeedPotion"},{"floor":10,"key":"CultistPotion"},{"floor":13,"key":"SmokeBomb"},{"floor":16,"key":"LiquidBronze"},{"floor":30,"key":"EntropicBrew"}],"is_trial":false,"path_per_floor":["M","?","T","M","M","R","M","R","T","M","E","?","M","T","R","B",null,"M","$","?","?","M","R","$","?","T","R","M","M","M","?","R","B"],"character_chosen":"IRONCLAD","items_purchased":["Strawberry","Anger+1","Double Tap"],"campfire_rested":1,"item_purchase_floors":[19,19,24],"current_hp_per_floor":[78,78,78,80,80,80,78,78,78,66,48,48,55,55,55,51,80,80,87,87,87,87,87,87,87,87,87,84,73,69,69,87,0,0],"gold":118,"neow_bonus":"RANDOM_COMMON_RELIC","is_daily":false,"chose_seed":false,"campfire_upgraded":5,"win_rate":0.0,"timestamp":1607852221,"path_taken":["M","?","?","M","M","R","M","R","T","?","E","?","?","?","R","BOSS","M","$","?","?","M","R","?","?","T","R","M","M","M","?","R","BOSS"],"items_purchased_type":["Relic","Card","Card"],"build_version":"2020-11-30","purchased_purges":1,"victory":false,"max_hp_per_floor":[80,80,80,80,80,80,80,80,80,80,80,80,80,80,80,80,80,80,87,87,87,87,87,87,87,87,87,87,87,87,87,87,87,87],"card_choices":[{"not_picked":["Dark Embrace","Infernal Blade"],"picked":"Anger","floor":1},{"not_picked":["Bloodletting","Power Through"],"picked":"Headbutt","floor":4},{"not_picked":["True Grit","Dark Embrace"],"picked":"Anger","floor":5},{"not_picked":["Ghostly Armor","Shrug It Off"],"picked":"Pommel Strike","floor":7},{"not_picked":["Pummel","Flex"],"picked":"Sever Soul","floor":10},{"not_picked":["Fire Breathing","Flex"],"picked":"Clash+1","floor":11},{"not_picked":["Barricade","Flex"],"picked":"Armaments","floor":13},{"not_picked":["Barricade","Offering"],"picked":"Fiend Fire+1","floor":16},{"not_picked":["Headbutt+1","Warcry+1"],"picked":"Sever Soul+1","floor":18},{"not_picked":["Flex","Ghostly Armor"],"picked":"Thunderclap+1","floor":28},{"not_picked":["Rupture","Blood for Blood+1"],"picked":"Armaments+1","floor":29},{"not_picked":["Battle Trance+1","Warcry"],"picked":"Rampage+1","floor":30}],"player_experience":10268,"relics_obtained":[{"floor":3,"key":"MealTicket"},{"floor":9,"key":"Meat on the Bone"},{"floor":11,"key":"Molten Egg 2"},{"floor":14,"key":"Toy Ornithopter"},{"floor":26,"key":"Paper Frog"}],"event_choices":[{"damage_healed":0,"gold_gain":0,"player_choice":"Ignored","damage_taken":0,"max_hp_gain":0,"max_hp_loss":0,"event_name":"Golden Idol","floor":2,"gold_loss":0},{"damage_healed":0,"gold_gain":0,"player_choice":"Ignored","damage_taken":0,"max_hp_gain":0,"max_hp_loss":0,"event_name":"NoteForYourself","floor":12,"gold_loss":0},{"damage_healed":0,"gold_gain":0,"player_choice":"Ignored","damage_taken":0,"max_hp_gain":0,"max_hp_loss":0,"event_name":"The Mausoleum","floor":20,"gold_loss":0},{"damage_healed":0,"gold_gain":0,"player_choice":"Smashed Altar","damage_taken":0,"max_hp_gain":0,"max_hp_loss":0,"event_name":"Forgotten Altar","floor":21,"gold_loss":0,"cards_obtained":["Decay"]},{"damage_healed":0,"gold_gain":0,"player_choice":"Ignored","damage_taken":0,"max_hp_gain":0,"max_hp_loss":0,"event_name":"Cursed Tome","floor":31,"gold_loss":0}],"is_beta":false,"boss_relics":[{"not_picked":["Tiny House","Mark of Pain"],"picked":"Black Blood"}],"items_purged_floors":[24],"is_endless":false,"potions_floor_spawned":[5,10,13,16,22,30],"killed_by":"Collector","ascension_level":0}}