{"host":"ow9msrs9p2ctkx99","time":1607823791,"event":{"mods":["AchievementEnabler","BaseMod","Colored Map","Colored Powertips","Minty Spire (QoL Compilation)","Permanent Neow","Quick Restart","SuperFastMode"],"gold_per_floor":[366,30,43,43,56,56,56,87,87,121,131,159,175,188,188,283,283,295,210,226,245,145,145,164,164,164,177,177,208,208,221,221,317,317,332,332,352,189,202,202,218,218,218,218,236,236,236],"floor_reached":46,"playtime":1891,"items_purged":["Strike_B","Strike_B","Strike_B"],"score":854,"play_id":"8202ae9e-693f-4dd5-8c37-27877f9b4c6a","local_time":"20201213024311","is_ascension_mode":true,"campfire_choices":[{"floor":6.0,"key":"REST"},{"data":"Biased Cognition","floor":15.0,"key":"SMITH"},{"data":"Fusion","floor":23.0,"key":"SMITH"},{"floor":28.0,"key":"REST"},{"floor":32.0,"key":"REST"},{"floor":40.0,"key":"RECALL"},{"data":"Defragment","floor":42.0,"key":"SMITH"},{"data":"Capacitor","floor":44,"key":"SMITH"}],"circlet_count":0,"master_deck":["Strike_B","Defend_B","Defend_B","Defend_B","Defend_B+1","Zap","Dualcast+1","Capacitor+1","Defragment+1","Genetic Algorithm","Biased Cognition+1","Compile Driver","Glacier","Buffer+1","Defragment+1","Rainbow","Fusion+1","Melter","Echo Form+1","Doom and Gloom+1","Go for the Eyes+1","Lockon","Static Discharge+1","Steam+1","Loop+1","Heatsinks+1","Reinforced Body","Undo","Skim"],"relics":["Cracked Core","OrangePellets","Pantograph","Frozen Egg 2","Gremlin Horn","Mercury Hourglass","SacredBark","Akabeko","Ancient Tea Set","Potion Belt","Singing Bowl","Cursed Key"],"acts_visited":["Exordium","TheCity","TheBeyond"],"potions_floor_usage":[45],"damage_taken":[{"damage":8.0,"enemies":"Small Slimes","floor":1.0,"turns":3.0},{"damage":4.0,"enemies":"2 Louse","floor":3.0,"turns":2.0},{"damage":0.0,"enemies":"Cultist","floor":5.0,"turns":3.0},{"damage":21.0,"enemies":"Gremlin Nob","floor":8.0,"turns":4.0},{"damage":0.0,"enemies":"3 Sentries","floor":10.0,"turns":10.0},{"damage":0.0,"enemies":"Looter","floor":11.0,"turns":3.0},{"damage":0.0,"enemies":"Lagavulin","floor":12.0,"turns":8.0},{"damage":4.0,"enemies":"3 Louse","floor":13.0,"turns":3.0},{"damage":10.0,"enemies":"Gremlin Gang","floor":14.0,"turns":2.0},{"damage":0.0,"enemies":"Slime Boss","floor":16.0,"turns":6.0},{"damage":10.0,"enemies":"3 Byrds","floor":18.0,"turns":4.0},{"damage":22.0,"enemies":"Shell Parasite","floor":20.0,"turns":5.0},{"damage":12.0,"enemies":"Snake Plant","floor":21.0,"turns":4.0},{"damage":26.0,"enemies":"Centurion and Healer","floor":24.0,"turns":9.0},{"damage":13.0,"enemies":"Sentry and Sphere","floor":27.0,"turns":5.0},{"damage":5.0,"enemies":"Book of Stabbing","floor":29.0,"turns":8.0},{"damage":20.0,"enemies":"3 Cultists","floor":31.0,"turns":5.0},{"damage":16.0,"enemies":"Automaton","floor":33.0,"turns":8.0},{"damage":14.0,"enemies":"3 Darklings","floor":35.0,"turns":7.0},{"damage":3.0,"enemies":"3 Shapes","floor":37.0,"turns":5.0},{"damage":0.0,"enemies":"Sphere and 2 Shapes","floor":39.0,"turns":3.0},{"damage":4.0,"enemies":"Transient","floor":41.0,"turns":5.0},{"damage":0,"enemies":"Jaw Worm Horde","floor":45,"turns":4},{"damage":56,"enemies":"Reptomancer","floor":46,"turns":2}],"seed_played":"-8448379483096260490","potions_obtained":[{"floor":7.0,"key":"SkillPotion"},{"floor":7.0,"key":"Regen Potion"},{"floor":7.0,"key":"PowerPotion"},{"floor":8.0,"key":"PowerPotion"},{"floor":10.0,"key":"SmokeBomb"},{"floor":11.0,"key":"DistilledChaos"},{"floor":12.0,"key":"Dexterity Potion"},{"floor":14.0,"key":"EntropicBrew"},{"floor":20.0,"key":"Swift Potion"},{"floor":21.0,"key":"Ancient Potion"},{"floor":29.0,"key":"DistilledChaos"},{"floor":31.0,"key":"Strength Potion"},{"floor":35.0,"key":"Swift Potion"},{"floor":37.0,"key":"GamblersBrew"},{"floor":41.0,"key":"Dexterity Potion"},{"floor":45,"key":"SkillPotion"}],"is_trial":false,"path_per_floor":["M","$","M","?","M","R","?","E","T","E","M","E","M","M","R","B",null,"M","?","M","M","$","R","M","?","T","M","R","E","T","M","R","B",null,"M","?","M","$","M","R","M","R","T","R","M","E"],"character_chosen":"DEFECT","items_purchased":["OrangePellets","Defragment","Genetic Algorithm","Reinforced Body"],"campfire_rested":3,"item_purchase_floors":[2,2,2,38],"current_hp_per_floor":[42,42,38,23,23,45,45,36,36,36,36,36,32,22,22,47,68,58,58,36,51,51,51,25,25,25,12,34,29,29,11,34,45,71,59,59,56,56,56,56,54,54,54,54,54,0,0],"gold":236,"neow_bonus":"TWO_FIFTY_GOLD","is_daily":false,"chose_seed":false,"campfire_upgraded":4,"win_rate":0.0,"timestamp":1607823791,"path_taken":["M","$","M","?","M","R","?","E","T","E","?","E","M","M","R","BOSS","M","?","M","M","$","R","M","?","T","?","R","E","?","M","R","BOSS","M","?","M","?","?","R","M","R","T","R","M","E"],"items_purchased_type":["Relic","Card","Card","Card"],"build_version":"2020-11-30","purchased_purges":3,"victory":false,"max_hp_per_floor":[75,75,75,75,75,75,75,75,75,75,75,75,75,75,75,75,75,75,75,75,75,75,75,75,75,75,75,75,75,75,77,77,79,79,81,81,81,81,81,81,83,83,83,83,83,83,83],"card_choices":[{"not_picked":["Sweeping Beam","Go for the Eyes"],"picked":"Capacitor","floor":1.0},{"not_picked":["Steam","Rebound"],"picked":"Biased Cognition","floor":3.0},{"not_picked":["Defragment","Darkness"],"picked":"Compile Driver","floor":5.0},{"not_picked":["Fusion","Loop"],"picked":"Glacier","floor":8.0},{"not_picked":["Redo","Beam Cell"],"picked":"Buffer+1","floor":10.0},{"not_picked":["Consume","Stack"],"picked":"Defragment+1","floor":11.0},{"not_picked":["Sweeping Beam","Barrage"],"picked":"Rainbow","floor":12.0},{"not_picked":["Tempest","Compile Driver"],"picked":"Fusion","floor":13.0},{"not_picked":["Sunder","Conserve Battery"],"picked":"Melter","floor":14.0},{"not_picked":["Reboot","Electrodynamics+1"],"picked":"Echo Form+1","floor":16.0},{"not_picked":["Loop+1","Redo"],"picked":"Doom and Gloom+1","floor":18.0},{"not_picked":["Streamline+1","Leap"],"picked":"Go for the Eyes+1","floor":20.0},{"not_picked":["Redo","Beam Cell"],"picked":"Lockon","floor":21.0},{"not_picked":["Compile Driver+1","Beam Cell"],"picked":"Static Discharge+1","floor":24.0},{"not_picked":["Static Discharge+1","Tempest"],"picked":"Steam+1","floor":27.0},{"not_picked":["Streamline+1","Coolheaded"],"picked":"Loop+1","floor":29.0},{"not_picked":["Beam Cell+1","Barrage","Coolheaded"],"picked":"Singing Bowl","floor":31.0},{"not_picked":["Echo Form+1","Hyperbeam","Creative AI+1"],"picked":"Singing Bowl","floor":33.0},{"not_picked":["Barrage+1","Compile Driver+1","Gash"],"picked":"Singing Bowl","floor":35.0},{"not_picked":["Beam Cell+1","Compile Driver"],"picked":"Heatsinks+1","floor":37.0},{"not_picked":["Conserve Battery+1","Streamline"],"picked":"Undo","floor":39.0},{"not_picked":["Amplify","Cold Snap","Undo+1"],"picked":"Singing Bowl","floor":41.0},{"not_picked":["Stack","Glacier"],"picked":"Skim","floor":45}],"player_experience":977061,"relics_obtained":[{"floor":8.0,"key":"Pantograph"},{"floor":9.0,"key":"Frozen Egg 2"},{"floor":10.0,"key":"Gremlin Horn"},{"floor":12.0,"key":"Mercury Hourglass"},{"floor":25.0,"key":"Ancient Tea Set"},{"floor":29.0,"key":"Potion Belt"},{"floor":30.0,"key":"Singing Bowl"}],"event_choices":[{"damage_healed":0.0,"max_hp_gain":0.0,"max_hp_loss":0.0,"gold_gain":0.0,"event_name":"Shining Light","player_choice":"Entered Light","floor":4.0,"gold_loss":0.0,"damage_taken":15.0,"cards_upgraded":["Defend_B","Dualcast"]},{"damage_healed":0.0,"max_hp_gain":0.0,"max_hp_loss":0.0,"gold_gain":0.0,"event_name":"Lab","player_choice":"Got Potions","floor":7.0,"gold_loss":0.0,"damage_taken":0.0},{"damage_healed":0.0,"max_hp_gain":0.0,"max_hp_loss":0.0,"gold_gain":0.0,"event_name":"Addict","player_choice":"Obtained Relic","floor":19.0,"gold_loss":85.0,"damage_taken":0.0,"relics_obtained":["Akabeko"]},{"damage_healed":0.0,"max_hp_gain":0.0,"max_hp_loss":0.0,"gold_gain":0.0,"event_name":"Wheel of Change","player_choice":"Relic","floor":25.0,"gold_loss":0.0,"damage_taken":0.0},{"damage_healed":0.0,"max_hp_gain":0.0,"max_hp_loss":0.0,"gold_gain":0.0,"event_name":"Match and Keep!","player_choice":"0 cards matched","floor":36.0,"gold_loss":0.0,"damage_taken":0.0,"cards_obtained":[]}],"is_beta":false,"boss_relics":[{"not_picked":["Black Star","Empty Cage"],"picked":"SacredBark"},{"not_picked":["Inserter","Astrolabe"],"picked":"Cursed Key"}],"items_purged_floors":[2,22,38],"is_endless":false,"potions_floor_spawned":[8,10,11,12,13,14,20,21,29,31,35,37,41,45],"killed_by":"Reptomancer","ascension_level":9}}