{"host":"s5i48q09v0un9rqc","time":1607849010,"event":{"mods":["BaseMod","BetterRewards","Highlight Path","Minty Spire (QoL Compilation)","Rare Cards Sparkle","Shop Mod"],"gold_per_floor":[111,111,125,144,159,159,178,178,201,235,235,299,299,334,334,437,437,453,208,208,224,224,258,258,258,283,283,283,309,319,348,348,448,448,466,482,482,557,609,635,635,648,648,677,727,782,812,812,812,812,812,812,385,410,410],"floor_reached":56,"playtime":3207,"items_purged":["Strike_G","Strike_G","Survivor"],"score":1656,"play_id":"cae21c05-f1c8-4810-acb1-2952b23f50fe","local_time":"20201213164330","is_ascension_mode":true,"campfire_choices":[{"data":"Bouncing Flask","floor":6.0,"key":"SMITH"},{"data":"Calculated Gamble","floor":8.0,"key":"SMITH"},{"data":"Neutralize","floor":11.0,"key":"SMITH"},{"data":"Acrobatics","floor":15.0,"key":"SMITH"},{"data":"Corpse Explosion","floor":27,"key":"SMITH"},{"data":"Reflex","floor":32,"key":"SMITH"},{"data":"Tactician","floor":41,"key":"SMITH"},{"floor":49,"key":"RECALL"},{"data":"Footwork","floor":52,"key":"SMITH"}],"circlet_count":0,"master_deck":["Defend_G+1","Defend_G+1","Defend_G+1","Defend_G+1","Defend_G+1","Neutralize+1","Bouncing Flask+1","Footwork+1","Acrobatics+1","Calculated Gamble+1","Doppelganger","Corpse Explosion+1","Reflex+1","Adrenaline","Burst","Tactician+1"],"relics":["Ring of the Snake","Juzu Bracelet","PreservedInsect","TungstenRod","Chemical X","Oddly Smooth Stone","Snake Skull","Regal Pillow","Tiny Chest","Philosopher\u0027s Stone","ClockworkSouvenir","Nilry\u0027s Codex","Letter Opener","Anchor","Bronze Scales","Du-Vu Doll","Runic Pyramid","Pantograph","Dream Catcher","Tingsha","Blood Vial","Singing Bowl","Incense Burner","Prayer Wheel","Bag of Marbles","Happy Flower","Strawberry","Art of War"],"acts_visited":["Exordium","TheCity","TheBeyond","TheEnding"],"potions_floor_usage":[23,23,23,23,23,55,55],"damage_taken":[{"damage":0.0,"enemies":"Small Slimes","floor":1.0,"turns":5.0},{"damage":0.0,"enemies":"Jaw Worm","floor":3.0,"turns":3.0},{"damage":0.0,"enemies":"2 Louse","floor":4.0,"turns":4.0},{"damage":0.0,"enemies":"Gremlin Gang","floor":5.0,"turns":5.0},{"damage":0.0,"enemies":"Large Slime","floor":7.0,"turns":6.0},{"damage":0.0,"enemies":"3 Sentries","floor":10.0,"turns":10.0},{"damage":0.0,"enemies":"Lagavulin Event","floor":12.0,"turns":4.0},{"damage":0.0,"enemies":"Gremlin Nob","floor":14.0,"turns":3.0},{"damage":15.0,"enemies":"Slime Boss","floor":16.0,"turns":10.0},{"damage":0,"enemies":"Chosen","floor":18,"turns":4},{"damage":0,"enemies":"Spheric Guardian","floor":21,"turns":2},{"damage":4,"enemies":"Slavers","floor":23,"turns":2},{"damage":0,"enemies":"Gremlin Leader","floor":29,"turns":4},{"damage":0,"enemies":"Shelled Parasite and Fungi","floor":30,"turns":2},{"damage":0,"enemies":"Book of Stabbing","floor":31,"turns":3},{"damage":5,"enemies":"Automaton","floor":33,"turns":8},{"damage":0,"enemies":"3 Darklings","floor":35,"turns":3},{"damage":0,"enemies":"Orb Walker","floor":36,"turns":3},{"damage":0,"enemies":"Nemesis","floor":40,"turns":5},{"damage":0,"enemies":"Sphere and 2 Shapes","floor":42,"turns":2},{"damage":0,"enemies":"Giant Head","floor":44,"turns":4},{"damage":0,"enemies":"Mind Bloom Boss Battle","floor":45,"turns":2},{"damage":1,"enemies":"2 Orb Walkers","floor":46,"turns":3},{"damage":0,"enemies":"Nemesis","floor":47,"turns":3},{"damage":4,"enemies":"Time Eater","floor":50,"turns":5},{"damage":10,"enemies":"Shield and Spear","floor":54,"turns":3},{"damage":1,"enemies":"The Heart","floor":55,"turns":7}],"seed_played":"5774055934207493604","potions_obtained":[{"floor":3.0,"key":"Explosive Potion"},{"floor":5.0,"key":"Strength Potion"},{"floor":7.0,"key":"EntropicBrew"},{"floor":23,"key":"Block Potion"},{"floor":31,"key":"LiquidBronze"},{"floor":33,"key":"DuplicationPotion"},{"floor":44,"key":"GhostInAJar"}],"is_trial":false,"path_per_floor":["M","?","M","M","M","R","M","R","T","E","R","?","?","E","R","B",null,"M","$","?","M","?","E","?","T","T","R","?","E","M","E","R","B",null,"M","M","?","T","T","E","R","M","T","E","?","?","E","?","R","B",null,"R","$","E","B",null],"character_chosen":"THE_SILENT","items_purchased":["Bouncing Flask","Footwork","Chemical X","Acrobatics","SpeedPotion","ClockworkSouvenir","Happy Flower","Strawberry"],"campfire_rested":0,"item_purchase_floors":[0,0,0,0,0,19,53,53],"current_hp_per_floor":[38,32,32,32,32,32,32,32,32,32,32,32,32,32,32,17,70,70,70,70,70,58,54,54,54,54,54,54,54,54,54,54,49,70,70,70,66,66,66,66,66,66,66,68,70,71,74,74,74,70,74,74,81,73,82],"gold":410,"neow_bonus":"","is_daily":false,"chose_seed":false,"campfire_upgraded":8,"win_rate":0.0,"timestamp":1607849010,"path_taken":["M","?","M","M","M","R","M","R","T","E","R","?","?","E","R","BOSS","M","$","?","M","?","E","?","?","T","R","?","E","M","E","R","BOSS","M","M","?","?","?","E","R","M","T","E","?","?","E","?","R","BOSS","R","$","E","BOSS"],"items_purchased_type":["Card","Card","Relic","Card","Potion","Relic","Relic","Relic"],"build_version":"2020-11-30","purchased_purges":3,"victory":true,"max_hp_per_floor":[70,70,70,70,70,70,70,70,70,70,70,70,70,70,70,70,70,70,70,70,70,70,70,70,70,70,70,70,70,70,70,70,70,70,70,70,66,66,66,66,66,66,66,68,70,72,74,74,74,74,74,74,81,83,83],"card_choices":[{"not_picked":["Deadly Poison","Dagger Throw"],"picked":"Calculated Gamble","floor":1.0},{"not_picked":["Flechettes","Outmaneuver","Deadly Poison"],"picked":"SKIP","floor":3.0},{"not_picked":["Prepared","PiercingWail","Terror"],"picked":"SKIP","floor":4.0},{"not_picked":["Dagger Throw","Outmaneuver","Deadly Poison"],"picked":"SKIP","floor":5.0},{"not_picked":["Backflip","Dagger Throw"],"picked":"Doppelganger","floor":7.0},{"not_picked":["Poisoned Stab","Bane","Outmaneuver"],"picked":"SKIP","floor":10.0},{"not_picked":["Poisoned Stab","Bane","Outmaneuver"],"picked":"SKIP","floor":10.0},{"not_picked":["Backstab","Calculated Gamble","Prepared"],"picked":"SKIP","floor":14.0},{"not_picked":["Burst","Grand Finale"],"picked":"Corpse Explosion","floor":16.0},{"not_picked":["Infinite Blades+1","Bane","Accuracy"],"picked":"SKIP","floor":18},{"not_picked":["Backflip","Outmaneuver+1"],"picked":"Reflex","floor":21},{"not_picked":["Bane+1","Caltrops","Blade Dance"],"picked":"SKIP","floor":23},{"not_picked":["Setup+1","PiercingWail","Crippling Poison"],"picked":"SKIP","floor":29},{"not_picked":["Blur","Bane","Leg Sweep"],"picked":"SKIP","floor":30},{"not_picked":["Eviscerate+1","Underhanded Strike+1","Accuracy"],"picked":"SKIP","floor":31},{"not_picked":["Adrenaline","Doppelganger"],"picked":"Burst","floor":33},{"not_picked":["Prepared+1","Endless Agony"],"picked":"Tactician","floor":35},{"not_picked":["Flying Knee","Setup+1","Cloak And Dagger+1"],"picked":"SKIP","floor":36},{"not_picked":["Backflip","All Out Attack+1","Flying Knee+1"],"picked":"SKIP","floor":40},{"not_picked":["PiercingWail","Outmaneuver+1","Bane"],"picked":"SKIP","floor":42},{"not_picked":["Poisoned Stab","Dagger Spray","Choke+1"],"picked":"Singing Bowl","floor":44},{"not_picked":["Bullet Time","Backflip+1","Infinite Blades+1"],"picked":"Singing Bowl","floor":45},{"not_picked":["Underhanded Strike+1","Quick Slash+1","Backflip"],"picked":"Singing Bowl","floor":46},{"not_picked":["Slice","Blur+1","Dagger Throw+1"],"picked":"Singing Bowl","floor":47},{"not_picked":["Reflex+1","Outmaneuver","Flying Knee+1"],"picked":"Singing Bowl","floor":54}],"player_experience":636286,"relics_obtained":[{"floor":9.0,"key":"Oddly Smooth Stone"},{"floor":10.0,"key":"Snake Skull"},{"floor":12.0,"key":"Regal Pillow"},{"floor":14.0,"key":"Tiny Chest"},{"floor":22,"key":"Nilry\u0027s Codex"},{"floor":23,"key":"Letter Opener"},{"floor":26,"key":"Anchor"},{"floor":29,"key":"Bronze Scales"},{"floor":31,"key":"Du-Vu Doll"},{"floor":38,"key":"Pantograph"},{"floor":39,"key":"Dream Catcher"},{"floor":40,"key":"Tingsha"},{"floor":43,"key":"Blood Vial"},{"floor":44,"key":"Singing Bowl"},{"floor":45,"key":"Incense Burner"},{"floor":46,"key":"Prayer Wheel"},{"floor":47,"key":"Bag of Marbles"},{"floor":54,"key":"Art of War"}],"event_choices":[{"cards_removed":["Strike_G"],"damage_healed":0.0,"max_hp_gain":0.0,"max_hp_loss":0.0,"gold_gain":0.0,"event_name":"Golden Wing","player_choice":"Card Removal","floor":2.0,"gold_loss":0.0,"damage_taken":7.0},{"damage_healed":0.0,"max_hp_gain":0.0,"max_hp_loss":0.0,"gold_gain":0.0,"event_name":"Dead Adventurer","player_choice":"Searched \u00271\u0027 times","floor":12.0,"gold_loss":0.0,"damage_taken":0.0},{"damage_healed":0.0,"max_hp_gain":0.0,"max_hp_loss":0.0,"gold_gain":0.0,"event_name":"Liars Game","player_choice":"Ignored","floor":13.0,"gold_loss":0.0,"damage_taken":0.0},{"cards_removed":["Strike_G"],"damage_healed":0,"gold_gain":0,"player_choice":"Purged","damage_taken":0,"max_hp_gain":0,"max_hp_loss":0,"event_name":"Purifier","floor":20,"gold_loss":0},{"damage_healed":0,"gold_gain":0,"player_choice":"Obtained Book","damage_taken":16,"max_hp_gain":0,"max_hp_loss":0,"event_name":"Cursed Tome","floor":22,"gold_loss":0},{"damage_healed":0,"gold_gain":0,"player_choice":"Simplicity","damage_taken":0,"max_hp_gain":0,"max_hp_loss":0,"event_name":"Back to Basics","floor":24,"gold_loss":0,"cards_upgraded":["Strike_G","Defend_G","Defend_G","Defend_G","Defend_G","Defend_G"]},{"damage_healed":0,"gold_gain":0,"player_choice":"1 cards matched","damage_taken":0,"max_hp_gain":0,"max_hp_loss":0,"event_name":"Match and Keep!","floor":28,"gold_loss":0,"cards_obtained":["Adrenaline"]},{"damage_healed":0,"gold_gain":0,"player_choice":"Max HP","damage_taken":0,"max_hp_gain":0,"max_hp_loss":4,"event_name":"Winding Halls","floor":37,"gold_loss":0},{"damage_healed":0,"gold_gain":0,"player_choice":"Fight","damage_taken":0,"max_hp_gain":0,"max_hp_loss":0,"event_name":"MindBloom","floor":45,"gold_loss":0},{"damage_healed":0,"gold_gain":0,"player_choice":"Fight","damage_taken":0,"max_hp_gain":0,"max_hp_loss":0,"event_name":"Mysterious Sphere","floor":46,"gold_loss":0},{"cards_removed":["Strike_G"],"damage_healed":0,"gold_gain":0,"player_choice":"Removed Attack","damage_taken":0,"max_hp_gain":0,"max_hp_loss":0,"event_name":"Falling","floor":48,"gold_loss":0}],"is_beta":false,"boss_relics":[{"not_picked":["Busted Crown","Tiny House"],"picked":"Philosopher\u0027s Stone"},{"not_picked":["Cursed Key","Snecko Eye"],"picked":"Runic Pyramid"}],"items_purged_floors":[0,19,53],"is_endless":false,"potions_floor_spawned":[3,5,7,14,16,23,31,33,40,44,47],"ascension_level":1}}