{"host":"mhk64yc8b8cafbgt","time":1607840908,"event":{"mods":["Act Like it!","BaseMod","BetterRewards","CapriCore","Dota2Spire","Friendly Minions","GifTheSpireLib","Gold Saver","Marked Mod","Minty Spire (QoL Compilation)","MostiFishMod","Quick Restart","READ ME - Guardian Mod","Robot Space Explorer","RumiaBox-露米娅的神秘盒子","Ryuuou龙王","Shop Mod","Spicy Shops","StSLib","TestMod","The Alterego","The Dragon Tamer","TheWitcher","Uncapped","[IsaacMod]以撒尖塔","noobMod","vexMod","【功能Mod】混沌之环修复补丁","【遗物卡牌】REMEMod"],"gold_per_floor":[1124,1152,1171,1200,1219,1252,1267,1267,1292,1322,1382,358,321,350,350,460,460,473,483,137,194,217,249,249,249],"floor_reached":24,"playtime":1124,"items_purged":["Regret","SnafuTest:DefaultCommonSkill"],"score":417,"play_id":"de66984d-e6c7-4044-a9dd-4eb2c225ea42","local_time":"20201213142828","is_ascension_mode":false,"campfire_choices":[{"floor":15,"key":"RECALL"}],"circlet_count":0,"master_deck":["SnafuTest:DefaultCommonAttack","SnafuTest:DefaultCommonAttack","SnafuTest:DefaultCommonAttack","SnafuTest:BountyHunt","SnafuTest:DefaultCommonSkill","SnafuTest:DefaultCommonSkill","SnafuTest:SignQuen","EpicFetus+1","SnafuTest:SignYrden","MostiFishMod:Neptune","MostiFishMod:TheEndOfMoonlight","MostiFishMod:SparklingWater","MostiFishMod:FantasySummer","MostiFishMod:NightSea","SnafuTest:FirstAid","SnafuTest:BombNorthernWind","SnafuTest:Meditation","SnafuTest:PowerLadyOfLake","SnafuTest:PayArmorSmith","SnafuTest:SpellLifeDrain"],"relics":["SnafuTest:PlaceholderRelic","REME_ComplimentaryCards","DaveBox","testmod-TestBox","HushsDoor","ice","MoonlightInvasionPlan","testmod-GiftOfSatan","D6","NeowsBlessing","Question Card","SynthV:C4","Potion Belt","DoctorsRemote","GodSword6","SnafuTest:AardRelic","vexMod:RetaliationKit","Dota2Spire:EchoSabre","vexMod:PaidLearning","Ginger","SteamSale","MerchantsRug","SynthV:C4","Tiny Chest","ImportantClient","testmod-Nine","Pear","REME_ArchaeologicalTools","Boot","BrkXgEgg","ArrowTower"],"acts_visited":["Exordium","TheCity"],"potions_floor_usage":[11,11],"damage_taken":[{"damage":0,"enemies":"Cultist","floor":1,"turns":1},{"damage":0,"enemies":"Small Slimes","floor":2,"turns":1},{"damage":0,"enemies":"Jaw Worm","floor":3,"turns":1},{"damage":0,"enemies":"Looter","floor":4,"turns":3},{"damage":0,"enemies":"Gremlin Gang","floor":5,"turns":1},{"damage":0,"enemies":"3 Sentries","floor":6,"turns":3},{"damage":0,"enemies":"Blue Slaver","floor":7,"turns":1},{"damage":0,"enemies":"Lagavulin","floor":10,"turns":3},{"damage":0,"enemies":"Hiden Room Battle","floor":11,"turns":2},{"damage":0,"enemies":"Large Slime","floor":13,"turns":1},{"damage":0,"enemies":"Gremlin Nob","floor":14,"turns":1},{"damage":11,"enemies":"Slime Boss","floor":16,"turns":3},{"damage":15,"enemies":"3 Byrds","floor":18,"turns":3},{"damage":0,"enemies":"2 Thieves","floor":19,"turns":3},{"damage":0,"enemies":"Sentry and Sphere","floor":21,"turns":3},{"damage":0,"enemies":"Chosen and Byrds","floor":22,"turns":2},{"damage":0,"enemies":"Book of Stabbing","floor":23,"turns":3}],"seed_played":"-4226301607854882313","potions_obtained":[{"floor":3,"key":"LiquidBronze"},{"floor":4,"key":"Explosive Potion"},{"floor":5,"key":"Fire Potion"},{"floor":10,"key":"Strength Potion"},{"floor":11,"key":"SteroidPotion"},{"floor":13,"key":"SteroidPotion"}],"is_trial":false,"path_per_floor":["M","M","M","M","M","E","M","?","T","E","?","$","M","E","R","B",null,"M","M","$","M","M","E","?"],"character_chosen":"THE_WITCHER","items_purchased":["vexMod:RetaliationKit","Dota2Spire:EchoSabre","vexMod:PaidLearning","Ginger","SteamSale","MerchantsRug","SnafuTest:BombNorthernWind","Pear","REME_ArchaeologicalTools","Boot","BrkXgEgg"],"campfire_rested":0,"item_purchase_floors":[12,12,12,12,12,12,12,20,20,20,20],"current_hp_per_floor":[75,80,80,80,80,80,80,80,80,80,80,80,80,80,80,69,80,65,65,75,84,91,101,101,101],"gold":249,"neow_bonus":"THREE_ENEMY_KILL","is_daily":false,"chose_seed":false,"campfire_upgraded":0,"win_rate":0.0,"timestamp":1607840908,"path_taken":["M","M","M","M","M","E","?","?","T","E","?","$","M","E","R","BOSS","M","M","$","M","M","E","?"],"items_purchased_type":["Relic","Relic","Relic","Relic","Relic","Relic","Card","Relic","Relic","Relic","Relic"],"build_version":"2020-11-30","purchased_purges":2,"victory":false,"max_hp_per_floor":[75,80,80,80,80,80,80,80,80,80,80,80,80,80,80,80,80,80,80,90,97,104,104,104,104],"card_choices":[{"not_picked":[],"picked":"EpicFetus","floor":0},{"not_picked":["SnafuTest:Oriole","Bomb"],"picked":"SnafuTest:GetPaid","floor":1},{"not_picked":["SnafuTest:SignAxii","SnafuTest:SpellChainLightning","SnafuTest:BombMoonDust","SnafuTest:PowerCrimsonRitual"],"picked":"SKIP","floor":2},{"not_picked":["SnafuTest:SpellChainLightning","SnafuTest:SignQuen","SnafuTest:OtherWorld"],"picked":"SnafuTest:FirstAid","floor":3},{"not_picked":["SnafuTest:SignAxii","SnafuTest:QueensGuard","SnafuTest:BombSamum","SnafuTest:ExcessiveLevies"],"picked":"SKIP","floor":4},{"not_picked":["SnafuTest:SignAxii","SnafuTest:QueensGuard","SnafuTest:BombSamum","SnafuTest:ExcessiveLevies"],"picked":"SKIP","floor":4},{"not_picked":["SnafuTest:Kick","SnafuTest:MCPlayGwent","SnafuTest:ShoulderSlam","SnafuTest:MCSuccubusSeduction"],"picked":"SKIP","floor":5},{"not_picked":["SnafuTest:Kick","SnafuTest:MCPlayGwent","SnafuTest:ShoulderSlam","SnafuTest:MCSuccubusSeduction"],"picked":"SKIP","floor":5},{"not_picked":["SnafuTest:SignQuen","SnafuTest:Shooting","SnafuTest:NoPass","SnafuTest:MCMockAndRun"],"picked":"SKIP","floor":6},{"not_picked":["SnafuTest:SpellIncendiaryShower","SnafuTest:BombDancingStar","SnafuTest:SmashingSlash","SnafuTest:WorldMap"],"picked":"SKIP","floor":7},{"not_picked":["SnafuTest:BombDimeritium","SnafuTest:ScholarsIntrigue","SnafuTest:PowerAlwaysOnRoads"],"picked":"SnafuTest:PayExoticTreasure","floor":10},{"not_picked":["SnafuTest:FirstAid","SnafuTest:SignYrden","SnafuTest:ScholarsIntrigue","SnafuTest:WorldMap"],"picked":"SKIP","floor":13},{"not_picked":["SnafuTest:BombSamum","SnafuTest:HermitsErudition","SnafuTest:PayHappyHour"],"picked":"SnafuTest:Meditation","floor":14},{"not_picked":["SnafuTest:LandOfFables","SnafuTest:LastWish","SnafuTest:PowerRhymeBeyondTime"],"picked":"SnafuTest:PowerLadyOfLake","floor":16},{"not_picked":["SnafuTest:Meditation+1","SnafuTest:SpellArcaneDomain","SnafuTest:WitchHunt"],"picked":"SnafuTest:PayArmorSmith","floor":18},{"not_picked":["SnafuTest:MCSuccubusSeduction","SnafuTest:PowerMartialMagical+1","SnafuTest:ShoulderSlam","SnafuTest:PayHappyHour"],"picked":"SKIP","floor":19},{"not_picked":["SnafuTest:PowerCrimsonRitual","SnafuTest:WitchHunt+1","SnafuTest:NoPass","SnafuTest:UndefeatedNarcissism"],"picked":"SKIP","floor":21},{"not_picked":["SnafuTest:DesperateRemediation","SnafuTest:ArmoredSortie+1","SnafuTest:FirstAid+1"],"picked":"SnafuTest:SpellLifeDrain","floor":22},{"not_picked":["SnafuTest:ShoulderSlam","SnafuTest:BombMoonDust","SnafuTest:MercilessReaper+1","SnafuTest:BlueWhale"],"picked":"SKIP","floor":23}],"player_experience":248956,"relics_obtained":[{"floor":1,"key":"Question Card"},{"floor":6,"key":"SynthV:C4"},{"floor":10,"key":"DoctorsRemote"},{"floor":11,"key":"GodSword6"},{"floor":11,"key":"SnafuTest:AardRelic"},{"floor":14,"key":"Tiny Chest"},{"floor":16,"key":"ImportantClient"},{"floor":23,"key":"ArrowTower"}],"event_choices":[{"damage_healed":0,"gold_gain":0,"player_choice":"Box","damage_taken":0,"relics_obtained":["Potion Belt"],"max_hp_gain":0,"max_hp_loss":0,"event_name":"Big Fish","floor":8,"gold_loss":0,"cards_obtained":["Regret"]},{"damage_healed":0,"gold_gain":0,"player_choice":"Fight","damage_taken":0,"max_hp_gain":0,"max_hp_loss":0,"event_name":"HidenRoomEvent","floor":11,"gold_loss":0},{"damage_healed":0,"gold_gain":0,"player_choice":"Ignored","damage_taken":0,"max_hp_gain":0,"max_hp_loss":0,"event_name":"Ghosts","floor":24,"gold_loss":0}],"is_beta":false,"boss_relics":[{"not_picked":["TimeKeys","Cursed Key"],"picked":"testmod-Nine"},{"not_picked":[]}],"items_purged_floors":[12,20],"is_endless":false,"potions_floor_spawned":[3,4,5,10,11,13,18,23],"ascension_level":0}}