{"host":"1","time":1607888071,"event":{"mods":["Act Like it!","BaseMod","Better Third Choice","Hubris","Jorbs\u0027s Wanderer Trilogy","Minty Spire (QoL Compilation)","Replay The Spire","Shade Mod","StSLib","The Cursed","The Mystic","Wandering Minibosses"],"gold_per_floor":[118,118,137,148,98,124,142,142,169,0,15,15,15,15,15,111,161,181,195,195,23,37,71,71,71,71,88,111,111,111],"floor_reached":29,"playtime":1135,"items_purged":["Strike_R"],"score":282,"play_id":"8b1d6f76-a735-4142-a959-63fab199e7a7","local_time":"20201213223431","is_ascension_mode":true,"campfire_choices":[{"floor":13,"key":"REST"}],"circlet_count":0,"master_deck":["Strike_R","Strike_R","Strike_R","Defend_R","Defend_R","Defend_R","Defend_R","Bash","Twin Strike","Combust","Pommel Strike+1","Replay:Undeath\u0027s Touch","Feed","Enlightenment+1","Rupture","Pot Of Greed","Pot Of Greed","Demon Form","Life Link","Battle Trance","Replay:BasicMightCard","Sword Boomerang","Heavy Blade"],"relics":["Burning Blood","Gremlin Food","Another Sword","Pantograph","Grinning Jar","Tiny House","Sundial","Eternal Feather","hubris:TenFootPole"],"acts_visited":["Exordium","TheCity"],"potions_floor_usage":[6,16,16,18,24,27,29,29],"damage_taken":[{"damage":3,"enemies":"Small Slimes","floor":1,"turns":3},{"damage":6,"enemies":"Cultist","floor":3,"turns":3},{"damage":14,"enemies":"Jaw Worm","floor":4,"turns":3},{"damage":38,"enemies":"Lagavulin","floor":6,"turns":5},{"damage":23,"enemies":"Exordium Wildlife","floor":7,"turns":3},{"damage":7,"enemies":"Blue Slaver","floor":11,"turns":2},{"damage":42,"enemies":"The Guardian","floor":16,"turns":8},{"damage":21,"enemies":"3 Byrds","floor":18,"turns":5},{"damage":25,"enemies":"Shell Parasite","floor":19,"turns":4},{"damage":32,"enemies":"Snecko","floor":22,"turns":5},{"damage":36,"enemies":"Gremlin Leader","floor":23,"turns":6},{"damage":0,"enemies":"Centurion and Healer","floor":24,"turns":1},{"damage":28,"enemies":"Shelled Parasite and Fungi","floor":27,"turns":5},{"damage":36,"enemies":"Slavers","floor":29,"turns":2}],"seed_played":"-7000307339831400876","potions_obtained":[{"floor":3,"key":"Cursed Concoction"},{"floor":6,"key":"Flashbang"},{"floor":15,"key":"SmokeBomb"},{"floor":15,"key":"Block Potion"},{"floor":16,"key":"SkillPotion"},{"floor":17,"key":"Block Potion"},{"floor":22,"key":"FearPotion"},{"floor":27,"key":"ColorlessPotion"}],"is_trial":false,"path_per_floor":["M","?","M","M","?","E","M","T","T","?","M","$","R","?","R","B",null,"M","M","?","$","M","E","M","?","T","M","T","E"],"character_chosen":"IRONCLAD","items_purchased":["Replay:BasicMightCard"],"campfire_rested":1,"item_purchase_floors":[21],"current_hp_per_floor":[80,80,80,72,72,40,23,23,23,29,31,31,57,32,32,21,94,82,66,66,66,40,10,16,49,49,30,30,0,0],"gold":111,"neow_bonus":"RANDOM_COMMON_RELIC","is_daily":false,"chose_seed":false,"campfire_upgraded":0,"win_rate":0.0,"timestamp":1607888071,"path_taken":["M","?","M","?","?","E","M","?","T","?","M","?","R","?","R","BOSS","M","M","?","$","M","E","M","?","T","M","?","E"],"items_purchased_type":["Card"],"build_version":"2020-11-17","purchased_purges":1,"victory":false,"max_hp_per_floor":[80,80,80,80,80,80,80,80,80,86,89,89,89,89,89,89,94,97,100,100,100,100,100,100,100,100,103,103,103,103],"card_choices":[{"not_picked":["Wild Strike","Pommel Strike"],"picked":"Twin Strike","floor":1},{"not_picked":["Uppercut","Headbutt"],"picked":"Combust","floor":3},{"not_picked":["Whirlwind","Evolve"],"picked":"Pommel Strike","floor":4},{"not_picked":["True Grit","Headbutt"],"picked":"Replay:Undeath\u0027s Touch","floor":6},{"not_picked":["Wild Strike","Replay:Undeath\u0027s Touch"],"picked":"Feed","floor":7},{"not_picked":["Sword Boomerang","Cleave"],"picked":"Rupture","floor":11},{"not_picked":["hubris:StunningStrike","Reaper"],"picked":"Demon Form","floor":16},{"not_picked":["Body Slam+1","Sever Soul"],"picked":"Life Link","floor":18},{"not_picked":["Dark Embrace","Rampage+1"],"picked":"Battle Trance","floor":19},{"not_picked":["Flame Barrier+1","Dark Embrace+1","Abandon+1"],"picked":"SKIP","floor":22},{"not_picked":["Body Slam","Wild Strike"],"picked":"Sword Boomerang","floor":23},{"not_picked":["Reckless Charge","Shrug It Off+1"],"picked":"Heavy Blade","floor":27}],"player_experience":61386,"relics_obtained":[{"floor":6,"key":"Another Sword"},{"floor":8,"key":"Pantograph"},{"floor":23,"key":"Sundial"},{"floor":26,"key":"Eternal Feather"},{"floor":28,"key":"hubris:TenFootPole"}],"event_choices":[{"damage_healed":0,"gold_gain":0,"player_choice":"0 cards matched","damage_taken":0,"max_hp_gain":0,"max_hp_loss":0,"event_name":"Match and Keep!","floor":2,"gold_loss":0,"cards_obtained":[]},{"cards_removed":["Strike_R"],"damage_healed":0,"gold_gain":0,"player_choice":"Card Removal","damage_taken":0,"max_hp_gain":0,"max_hp_loss":0,"event_name":"The Cleric","floor":5,"gold_loss":50},{"damage_healed":0,"gold_gain":0,"player_choice":"RENOUNCE","damage_taken":169,"max_hp_gain":0,"max_hp_loss":0,"event_name":"betterThird:BetterSerpent","floor":10,"gold_loss":169,"cards_obtained":["Enlightenment"]},{"damage_healed":0,"gold_gain":0,"player_choice":"Relic ","damage_taken":25,"max_hp_gain":0,"max_hp_loss":0,"event_name":"betterThird:BetterScrap","floor":14,"gold_loss":0,"cards_obtained":["Wraith Form v2"]},{"damage_healed":33,"gold_gain":0,"player_choice":"Heal","damage_taken":0,"max_hp_gain":0,"max_hp_loss":0,"event_name":"The Library","floor":25,"gold_loss":0}],"is_beta":true,"boss_relics":[{"not_picked":["ReplayTheSpireMod:DimensionalGlitch","Honey Jar"],"picked":"Tiny House"}],"items_purged_floors":[21],"is_endless":false,"potions_floor_spawned":[3,6,16,22,24,27],"killed_by":"Slavers","ascension_level":1}}