{"host":"wppa8gky53tnknhf","time":1607901966,"event":{"mods":["AchievementEnabler","Act Like it!","BaseMod","Better Third Choice","BetterRewards","Card Forge","Colored Powertips","Energized Spire","Hubris","Infinite Spire","Marked Mod","Minty Spire (QoL Compilation)","Permanent Neow","Quick Restart","Rare Cards Sparkle","Relic Stats","Remove Card Discount Mod","Replay The Spire","Spikes Relics","Spire Birthday Party","StSLib"],"gold_per_floor":[116,116,127,127,147,179,191,218,242,276,294,321,332,348,348,445,445,460,478,488,501,517,517,517,552,552,552,569,579,579,579,579,674,674,684,684,684,684,560,560,627,627,653,722,689,689,689,768,768,768,768,768,494,524,524,524],"floor_reached":55,"playtime":1972,"items_purged":[],"score":976,"play_id":"2561677f-1356-4b98-a571-541cad8ab064","local_time":"20201213232606","is_ascension_mode":true,"campfire_choices":[{"floor":15,"key":"RECALL"},{"floor":24,"key":"REST"},{"floor":32,"key":"REST"},{"floor":40,"key":"REST"},{"floor":42,"key":"REST"},{"floor":49,"key":"REST"},{"floor":52,"key":"REST"}],"circlet_count":0,"master_deck":["Strike_R+1","Strike_R+1","Strike_R+1","Strike_R+1","Strike_R+1","Defend_R+1","Defend_R+1","Defend_R+1","Defend_R+1","Bash+1","Barricade+1","Sword Boomerang+1","infinitespire:OneForAll+1","Clash+1","Clash+1","infinitespire:OneForAll+1","Inflame+1","Sword Boomerang+1","Shrug It Off+1","Demon Form+1","Heavy Blade+1","Seeing Red+1","Clash+1","Thunderclap+1","Whirlwind+1","Rampage+1","Flame Barrier+1","Sword Boomerang+1","Rampage+1","Shrug It Off+1","Juggernaut+1","Iron Wave+1","Pommel Strike+1","Inflame+1","Spot Weakness+1","Exhume+1","Spot Weakness+1","Twin Strike+1","Twin Strike+1","infinitespire:Execution+1","infinitespire:Gouge+1","Flex+1","Limit Break+1","Flex+1","Run Through+1"],"relics":["Burning Blood","Hammer of Thor","Seething Fire","Anvil of the Gods","Nunchaku","Blood Vial","Quantum Egg","energizedSpire:EnergizedDie","infinitespire:WardingShard","ReplayTheSpireMod:Shallot","Bottled Tornado","infinitespire:EvilPickle","Rawhide","SnailShell","infinitespire:CheckeredPen","Fusion Hammer","LugNut","War Paint","Oddly Smooth Stone","GolemAmulet"],"acts_visited":["Exordium","TheCity","TheBeyond","TheEnding"],"potions_floor_usage":[8,12,16,16,20,21,28,33,38,44,54,54],"damage_taken":[{"damage":2,"enemies":"Small Slimes","floor":1,"turns":5},{"damage":5,"enemies":"2 Louse","floor":3,"turns":3},{"damage":0,"enemies":"Cultist","floor":5,"turns":2},{"damage":28,"enemies":"Lagavulin","floor":6,"turns":5},{"damage":10,"enemies":"Lots of Slimes","floor":7,"turns":5},{"damage":0,"enemies":"Gremlin Nob","floor":8,"turns":3},{"damage":4,"enemies":"3 Sentries","floor":10,"turns":7},{"damage":0,"enemies":"2 Fungi Beasts","floor":11,"turns":3},{"damage":0,"enemies":"Lagavulin","floor":12,"turns":5},{"damage":0,"enemies":"Blue Slaver","floor":13,"turns":1},{"damage":3,"enemies":"Exordium Wildlife","floor":14,"turns":2},{"damage":0,"enemies":"Fading Forest","floor":16,"turns":11},{"damage":1,"enemies":"2 Thieves","floor":18,"turns":3},{"damage":7,"enemies":"3 Byrds","floor":19,"turns":4},{"damage":9,"enemies":"Snecko","floor":20,"turns":3},{"damage":2,"enemies":"Cultist and Chosen","floor":21,"turns":3},{"damage":24,"enemies":"Centurion and Healer","floor":22,"turns":3},{"damage":20,"enemies":"Slavers","floor":23,"turns":4},{"damage":19,"enemies":"Gremlin Leader","floor":25,"turns":5},{"damage":12,"enemies":"Shelled Parasite and Fungi","floor":28,"turns":3},{"damage":0,"enemies":"Sentry and Sphere","floor":29,"turns":3},{"damage":7,"enemies":"Chosen and Byrds","floor":31,"turns":4},{"damage":22,"enemies":"Pondfish","floor":33,"turns":7},{"damage":16,"enemies":"3 Darklings","floor":35,"turns":6},{"damage":0,"enemies":"3 Shapes","floor":36,"turns":4},{"damage":0,"enemies":"Spire Growth","floor":38,"turns":2},{"damage":50,"enemies":"Reptomancer","floor":41,"turns":4},{"damage":34,"enemies":"Nemesis","floor":44,"turns":7},{"damage":3,"enemies":"Giant Head","floor":48,"turns":4},{"damage":0,"enemies":"Replay:Hell Engine","floor":50,"turns":5},{"damage":21,"enemies":"Shield and Spear","floor":54,"turns":5},{"damage":72,"enemies":"The Heart","floor":55,"turns":3}],"seed_played":"-6605349844412530729","potions_obtained":[{"floor":3,"key":"GamblersBrew"},{"floor":7,"key":"FearPotion"},{"floor":11,"key":"ColorlessPotion"},{"floor":14,"key":"Dexterity Potion"},{"floor":19,"key":"ColorlessPotion"},{"floor":20,"key":"Explosive Potion"},{"floor":22,"key":"GamblersBrew"},{"floor":28,"key":"BloodPotion"},{"floor":31,"key":"Fire Potion"},{"floor":33,"key":"Swift Potion"},{"floor":35,"key":"Fire Potion"},{"floor":41,"key":"BlessingOfTheForge"},{"floor":48,"key":"Languid Potion"},{"floor":54,"key":"Fruit Juice"}],"is_trial":false,"path_per_floor":["M","?","M","?","M","E","M","E","T","E","M","E","M","M","R","B",null,"M","M","M","M","M","E","R","E","T","$","M","M","?","M","R","B",null,"M","M","?","M","$","R","E","R","T","E","$","?","AVR","E","R","B",null,"R","$","E","B"],"character_chosen":"IRONCLAD","items_purchased":["Inflame","Spot Weakness+1","Twin Strike","Limit Break","Flex","Oddly Smooth Stone"],"campfire_rested":6,"item_purchase_floors":[39,39,45,53,53,53],"current_hp_per_floor":[80,77,78,78,80,58,54,60,60,62,70,78,80,80,80,80,80,80,79,77,80,62,50,74,63,63,63,75,80,64,65,80,64,80,70,78,78,80,80,80,36,60,60,34,34,34,34,39,63,71,80,80,80,70,0,0],"gold":524,"neow_bonus":"THREE_RARE_CARDS","is_daily":false,"chose_seed":false,"campfire_upgraded":0,"win_rate":0.0,"timestamp":1607901966,"path_taken":["M","?","M","?","?","E","M","E","T","E","?","E","M","M","R","BOSS","M","M","M","M","M","E","R","E","T","?","M","M","?","M","R","BOSS","M","M","?","M","$","R","E","R","T","E","$","?","AVR","E","R","BOSS","R","$","E","BOSS"],"items_purchased_type":["Card","Card","Card","Card","Card","Relic"],"build_version":"2020-11-30","purchased_purges":0,"victory":false,"max_hp_per_floor":[80,80,80,80,80,80,80,80,80,80,80,80,80,80,80,80,80,80,80,80,80,80,80,80,80,80,80,80,80,80,80,80,80,80,80,80,80,80,80,80,80,80,80,80,80,80,80,80,80,80,80,80,80,85,85,85],"relic_stats":{"Blood Vial":31,"Nunchaku":[26],"counters":[32,134],"War Paint":["infinitespire:Execution"],"obtain_stats":[{"SnailShell":43,"Quantum Egg":12,"energizedSpire:EnergizedDie":17,"Oddly Smooth Stone":53,"Rawhide":41,"Hammer of Thor":0,"Seething Fire":0,"infinitespire:CheckeredPen":44,"Bottled Tornado":26,"War Paint":48,"Burning Blood":0,"Blood Vial":10,"infinitespire:EvilPickle":38,"Nunchaku":2,"infinitespire:WardingShard":23,"ReplayTheSpireMod:Shallot":25,"Anvil of the Gods":0,"Fusion Hammer":47,"GolemAmulet":54,"LugNut":47},{"SnailShell":27,"Quantum Egg":9,"energizedSpire:EnergizedDie":12,"Oddly Smooth Stone":30,"Rawhide":27,"Hammer of Thor":0,"Seething Fire":0,"infinitespire:CheckeredPen":28,"Bottled Tornado":19,"War Paint":29,"Burning Blood":0,"Blood Vial":7,"infinitespire:EvilPickle":26,"Nunchaku":1,"infinitespire:WardingShard":18,"ReplayTheSpireMod:Shallot":19,"Anvil of the Gods":0,"Fusion Hammer":28,"GolemAmulet":31,"LugNut":28},{"SnailShell":110,"Quantum Egg":38,"energizedSpire:EnergizedDie":52,"Oddly Smooth Stone":126,"Rawhide":110,"Hammer of Thor":0,"Seething Fire":0,"infinitespire:CheckeredPen":117,"Bottled Tornado":77,"War Paint":121,"Burning Blood":0,"Blood Vial":30,"infinitespire:EvilPickle":105,"Nunchaku":5,"infinitespire:WardingShard":72,"ReplayTheSpireMod:Shallot":77,"Anvil of the Gods":0,"Fusion Hammer":117,"GolemAmulet":131,"LugNut":117}],"Burning Blood":146},"card_choices":[{"not_picked":["Feed","Bludgeon"],"picked":"Barricade","floor":0},{"not_picked":["Power Through","Body Slam"],"picked":"Sword Boomerang","floor":1},{"not_picked":["hubris:SharpeningStone","Shockwave"],"picked":"infinitespire:OneForAll","floor":3},{"not_picked":["Defy Death","Iron Wave"],"picked":"Clash","floor":5},{"not_picked":["Seeing Red","Twin Strike"],"picked":"Clash","floor":6},{"not_picked":["Replay:Undeath\u0027s Touch","hubris:ReadiedAction","True Grit"],"picked":"SKIP","floor":7},{"not_picked":["Defy Death","Wild Strike","ReplayTheSpireMod:Strike From Hell"],"picked":"SKIP","floor":8},{"not_picked":["Feed","Dual Wield"],"picked":"infinitespire:OneForAll","floor":10},{"not_picked":["Invigoration","Headbutt"],"picked":"Inflame","floor":11},{"not_picked":["Anger","Headbutt","Defy Death"],"picked":"SKIP","floor":12},{"not_picked":["Warcry","True Grit"],"picked":"Sword Boomerang","floor":13},{"not_picked":["Evolve","Headbutt"],"picked":"Shrug It Off","floor":14},{"not_picked":["Juggernaut","Bludgeon"],"picked":"Demon Form","floor":16},{"not_picked":["ReplayTheSpireMod:Corrosion Curse","Sentinel+1"],"picked":"Heavy Blade","floor":18},{"not_picked":["Warcry","Power Through"],"picked":"Seeing Red","floor":19},{"not_picked":["Shrug It Off+1","Searing Blow"],"picked":"Clash+1","floor":20},{"not_picked":["Second Wind","Bloodletting"],"picked":"Thunderclap","floor":21},{"not_picked":["Carnage","Clash"],"picked":"Whirlwind+1","floor":22},{"not_picked":["Replay:Undeath\u0027s Touch","ReplayTheSpireMod:Limb From Limb"],"picked":"Rampage","floor":23},{"not_picked":["Warcry","Power Through+1"],"picked":"Flame Barrier+1","floor":25},{"not_picked":["Twin Strike","True Grit+1"],"picked":"Sword Boomerang+1","floor":28},{"not_picked":["Cleave+1","Second Wind"],"picked":"Rampage+1","floor":29},{"not_picked":["Thunderclap+1","Evolve"],"picked":"Shrug It Off","floor":31},{"not_picked":["Barricade","Offering"],"picked":"Juggernaut","floor":33},{"not_picked":["Wild Strike+1","Fire Breathing","Armaments+1"],"picked":"SKIP","floor":35},{"not_picked":["Replay:Undeath\u0027s Touch+1","Twin Strike"],"picked":"Iron Wave+1","floor":36},{"not_picked":["Clothesline","Armaments"],"picked":"Pommel Strike+1","floor":38},{"not_picked":["Burning Pact+1","Uppercut+1"],"picked":"Exhume","floor":41},{"not_picked":["Second Wind","Warcry"],"picked":"Spot Weakness","floor":44},{"not_picked":["Run Through+1","hubris:ReadiedAction"],"picked":"Flex+1","floor":48},{"not_picked":["Rupture+1","Warcry"],"picked":"Run Through","floor":54}],"player_experience":665744,"relics_obtained":[{"floor":10,"key":"Blood Vial"},{"floor":12,"key":"Quantum Egg"},{"floor":23,"key":"infinitespire:WardingShard"},{"floor":25,"key":"ReplayTheSpireMod:Shallot"},{"floor":26,"key":"Bottled Tornado"},{"floor":41,"key":"Rawhide"},{"floor":43,"key":"SnailShell"},{"floor":44,"key":"infinitespire:CheckeredPen"},{"floor":48,"key":"War Paint"},{"floor":54,"key":"GolemAmulet"}],"event_choices":[{"damage_healed":0,"gold_gain":0,"player_choice":"Relic ","damage_taken":3,"max_hp_gain":0,"max_hp_loss":0,"event_name":"betterThird:BetterScrap","floor":2,"gold_loss":0,"cards_obtained":["Time Bomb"]},{"damage_healed":0,"gold_gain":0,"player_choice":"Bought 0 Potions","damage_taken":0,"max_hp_gain":0,"max_hp_loss":0,"event_name":"The Woman in Blue","floor":4,"gold_loss":0},{"damage_healed":0,"gold_gain":0,"player_choice":"Obtained Book","damage_taken":16,"max_hp_gain":0,"max_hp_loss":0,"event_name":"Cursed Tome","floor":30,"gold_loss":0},{"damage_healed":0,"gold_gain":0,"player_choice":"Memory 1","damage_taken":0,"max_hp_gain":0,"max_hp_loss":0,"event_name":"SensoryStone","floor":37,"gold_loss":0}],"is_beta":false,"boss_relics":[{"not_picked":["Philosopher\u0027s Stone","HailfireSword"],"picked":"energizedSpire:EnergizedDie"},{"not_picked":["Runic Dome","hubris:Stopwatch","Calling Bell"]}],"items_purged_floors":[],"is_endless":false,"potions_floor_spawned":[3,7,11,14,19,20,22,28,31,33,35,41,48,54],"killed_by":"The Heart","ascension_level":1}}