{"host":"s41rn2jhghpwfrvz","time":1607880942,"event":{"mods":["BaseMod","Minty Spire (QoL Compilation)","Quick Restart","Relic Stats","SuperFastMode"],"gold_per_floor":[113,131,147,72,72,72,101,101,101,126,51,67,86,86,86,165,165,179,197,197,216,216,216,216],"floor_reached":23,"playtime":549,"items_purged":["Hologram"],"score":527,"play_id":"f03d188b-c009-4a92-8827-9829b0b5fdfd","local_time":"20201213193542","daily_mods":["SealedDeck","Diverse","DeadlyEvents"],"is_ascension_mode":true,"campfire_choices":[{"data":"Body Slam","floor":6.0,"key":"SMITH"},{"data":"Blur","floor":8.0,"key":"SMITH"},{"data":"Prostrate","floor":15.0,"key":"SMITH"}],"circlet_count":0,"master_deck":["AscendersBane","Gash","Battle Trance","Flame Barrier","Beam Cell","Perseverance","Double Energy","Blur+1","Body Slam+1","Prostrate+1","Evolve"],"relics":["Burning Blood","Omamori","Singing Bowl","Letter Opener","Runic Cube","Matryoshka"],"acts_visited":["Exordium","TheCity"],"potions_floor_usage":[23,23],"damage_taken":[{"damage":0.0,"enemies":"Cultist","floor":1.0,"turns":2.0},{"damage":0.0,"enemies":"Small Slimes","floor":2.0,"turns":4.0},{"damage":0.0,"enemies":"2 Louse","floor":3.0,"turns":3.0},{"damage":3.0,"enemies":"Gremlin Nob","floor":7.0,"turns":3.0},{"damage":0.0,"enemies":"Lagavulin","floor":10.0,"turns":4.0},{"damage":0.0,"enemies":"2 Fungi Beasts","floor":12.0,"turns":2.0},{"damage":6.0,"enemies":"Exordium Thugs","floor":13.0,"turns":3.0},{"damage":24.0,"enemies":"Hexaghost","floor":16.0,"turns":3.0},{"damage":0.0,"enemies":"Chosen","floor":18.0,"turns":4.0},{"damage":2.0,"enemies":"2 Thieves","floor":19.0,"turns":3.0},{"damage":4.0,"enemies":"Snake Plant","floor":21.0,"turns":3.0},{"damage":80,"enemies":"Slavers","floor":23,"turns":5}],"seed_played":"-3811410802691800455","potions_obtained":[{"floor":1.0,"key":"Dexterity Potion"},{"floor":3.0,"key":"Regen Potion"},{"floor":10.0,"key":"SpeedPotion"}],"is_trial":true,"path_per_floor":["M","M","M","?","?","R","E","R","T","E","$","M","M","$","R","B",null,"M","M","?","M","?","E"],"character_chosen":"IRONCLAD","items_purchased":[],"campfire_rested":0,"item_purchase_floors":[],"current_hp_per_floor":[74,75,75,75,80,80,80,80,80,82,82,84,84,84,84,68,82,88,90,63,65,65,0,0],"gold":216,"neow_bonus":"","is_daily":false,"chose_seed":false,"campfire_upgraded":3,"win_rate":0.0,"timestamp":1607880942,"path_taken":["M","?","M","?","?","R","E","R","T","E","$","?","?","$","R","BOSS","M","M","?","M","?","E"],"items_purchased_type":[],"build_version":"2020-11-30","purchased_purges":1,"victory":false,"max_hp_per_floor":[75,75,75,75,80,80,80,80,80,82,82,84,84,84,84,86,86,88,90,95,95,95,95,95],"relic_stats":{"Singing Bowl":10,"counters":[12,39],"Letter Opener":[138],"obtain_stats":[{"Matryoshka":22,"Singing Bowl":9,"Omamori":7,"Letter Opener":10,"Burning Blood":0,"Runic Cube":17},{"Matryoshka":11,"Singing Bowl":4,"Omamori":4,"Letter Opener":5,"Burning Blood":0,"Runic Cube":8},{"Matryoshka":34,"Singing Bowl":12,"Omamori":12,"Letter Opener":16,"Burning Blood":0,"Runic Cube":24}],"Burning Blood":34,"Runic Cube":[8]},"card_choices":[{"not_picked":["WheelKick","Dodge and Roll","Reinforced Body"],"picked":"SKIP","floor":1.0},{"not_picked":["Vengeance","Reckless Charge","Leap"],"picked":"SKIP","floor":2.0},{"not_picked":["Protect","Sword Boomerang","Leap"],"picked":"SKIP","floor":3.0},{"not_picked":["BowlingBash","Steam Power","Leap"],"picked":"SKIP","floor":7.0},{"not_picked":["Chill","Headbutt","Envenom"],"picked":"Singing Bowl","floor":10.0},{"not_picked":["Consecrate","Flame Barrier","ThirdEye"],"picked":"Singing Bowl","floor":12.0},{"not_picked":["Halt","Slice"],"picked":"Prostrate","floor":13.0},{"not_picked":["Venomology","Malaise","Ragnarok"],"picked":"Singing Bowl","floor":16.0},{"not_picked":["Cleave+1","PathToVictory+1","Noxious Fumes"],"picked":"Singing Bowl","floor":18.0},{"not_picked":["Armaments","Rage","Backstab+1"],"picked":"Singing Bowl","floor":19.0},{"not_picked":["JustLucky","Quick Slash"],"picked":"Evolve","floor":21.0}],"player_experience":1580182,"relics_obtained":[{"floor":7.0,"key":"Omamori"},{"floor":9.0,"key":"Singing Bowl"},{"floor":10.0,"key":"Letter Opener"}],"event_choices":[{"cards_removed":["Flame Barrier"],"damage_healed":0.0,"max_hp_gain":0.0,"max_hp_loss":0.0,"gold_gain":0.0,"event_name":"The Cleric","player_choice":"Card Removal","floor":4.0,"gold_loss":75.0,"damage_taken":0.0},{"damage_healed":0.0,"max_hp_gain":5.0,"max_hp_loss":0.0,"gold_gain":0.0,"event_name":"Big Fish","player_choice":"Donut","floor":5.0,"gold_loss":0.0,"damage_taken":0.0},{"damage_healed":0.0,"max_hp_gain":5.0,"max_hp_loss":0.0,"gold_gain":0.0,"event_name":"Forgotten Altar","player_choice":"Shed Blood","floor":20.0,"gold_loss":0.0,"damage_taken":32.0},{"damage_healed":0.0,"max_hp_gain":0.0,"max_hp_loss":0.0,"gold_gain":0.0,"event_name":"The Mausoleum","player_choice":"Opened","floor":22.0,"gold_loss":0.0,"damage_taken":0.0,"relics_obtained":["Matryoshka"],"cards_obtained":["Writhe"]}],"is_beta":false,"boss_relics":[{"not_picked":["SacredBark","Snecko Eye"],"picked":"Runic Cube"}],"items_purged_floors":[11],"is_endless":false,"potions_floor_spawned":[1,3,10,16,19],"killed_by":"Slavers","ascension_level":20}}