{"host":"ow9msrs9p2ctkx99","time":1607873974,"event":{"mods":["AchievementEnabler","BaseMod","Colored Map","Colored Powertips","Minty Spire (QoL Compilation)","Permanent Neow","Quick Restart","SuperFastMode"],"gold_per_floor":[112,112,126,126,126,126,139,157,157,183,210,210,226,241,241,345,395,412,412,412,412],"floor_reached":20,"playtime":451,"items_purged":[],"score":270,"play_id":"18f3453a-5131-44d5-8513-144219b1b145","local_time":"20201213163934","is_ascension_mode":true,"campfire_choices":[{"data":"Coolheaded","floor":6,"key":"SMITH"},{"floor":12,"key":"REST"},{"floor":15,"key":"REST"}],"circlet_count":0,"master_deck":["AscendersBane","Strike_B+1","Strike_B+1","Defend_B","Defend_B","Defend_B","Defend_B","Zap","Dualcast+1","Melter","Coolheaded+1","Coolheaded","Sunder+1","Rebound","Hologram","Multi-Cast+1","Steam","Cold Snap+1"],"relics":["Cracked Core","White Beast Statue","Gremlin Horn","Whetstone","MealTicket","Tiny House"],"acts_visited":["Exordium","TheCity"],"potions_floor_usage":[8,16,16],"damage_taken":[{"damage":5,"enemies":"2 Louse","floor":1,"turns":2},{"damage":4,"enemies":"Jaw Worm","floor":3,"turns":3},{"damage":0,"enemies":"Cultist","floor":7,"turns":3},{"damage":8,"enemies":"Exordium Wildlife","floor":8,"turns":5},{"damage":29,"enemies":"Lagavulin","floor":11,"turns":9},{"damage":9,"enemies":"Red Slaver","floor":13,"turns":3},{"damage":0,"enemies":"3 Louse","floor":14,"turns":1},{"damage":27,"enemies":"Hexaghost","floor":16,"turns":7},{"damage":23,"enemies":"Chosen","floor":18,"turns":5},{"damage":38,"enemies":"Shell Parasite","floor":20,"turns":8}],"seed_played":"8146360458013700536","potions_obtained":[{"floor":1,"key":"Block Potion"},{"floor":3,"key":"LiquidMemories"},{"floor":7,"key":"EssenceOfDarkness"},{"floor":8,"key":"FearPotion"},{"floor":13,"key":"Strength Potion"},{"floor":16,"key":"Fire Potion"},{"floor":17,"key":"Weak Potion"},{"floor":18,"key":"Dexterity Potion"}],"is_trial":false,"path_per_floor":["M","?","M","?","?","R","M","M","T","T","E","R","M","M","R","B",null,"M","?","M"],"character_chosen":"DEFECT","items_purchased":[],"campfire_rested":2,"item_purchase_floors":[],"current_hp_per_floor":[63,63,59,52,45,45,45,37,37,37,8,30,21,21,43,16,65,42,42,4,4],"gold":412,"neow_bonus":"UPGRADE_CARD","is_daily":false,"chose_seed":false,"campfire_upgraded":1,"win_rate":0.0,"timestamp":1607873974,"path_taken":["M","?","M","?","?","R","M","?","T","?","E","R","M","?","R","BOSS","M","?","M"],"items_purchased_type":[],"build_version":"2020-11-30","purchased_purges":0,"victory":false,"max_hp_per_floor":[75,75,75,75,75,75,75,75,75,75,75,75,75,75,75,75,80,80,80,80,80],"card_choices":[{"not_picked":["Aggregate","Sweeping Beam"],"picked":"Melter","floor":1},{"not_picked":["Streamline","Melter"],"picked":"Coolheaded","floor":3},{"not_picked":["Leap","Cold Snap","Gash"],"picked":"SKIP","floor":7},{"not_picked":["Scrape","Barrage"],"picked":"Coolheaded","floor":8},{"not_picked":["Leap","Chaos"],"picked":"Sunder","floor":11},{"not_picked":["Hologram","Recycle"],"picked":"Rebound","floor":13},{"not_picked":["Self Repair","Sweeping Beam"],"picked":"Hologram","floor":14},{"not_picked":["Reboot","Creative AI"],"picked":"Multi-Cast","floor":16},{"not_picked":["Conserve Battery","Steam Power"],"picked":"Steam","floor":17},{"not_picked":["Turbo","Coolheaded"],"picked":"Cold Snap+1","floor":18}],"player_experience":1017689,"relics_obtained":[{"floor":9,"key":"Gremlin Horn"},{"floor":10,"key":"Whetstone"},{"floor":11,"key":"MealTicket"}],"event_choices":[{"cards_removed":["Strike_B"],"damage_healed":0,"gold_gain":0,"player_choice":"Forget","damage_taken":0,"max_hp_gain":0,"max_hp_loss":0,"event_name":"Living Wall","floor":2,"gold_loss":0},{"cards_removed":["Strike_B"],"damage_healed":0,"gold_gain":0,"player_choice":"Card Removal","damage_taken":7,"max_hp_gain":0,"max_hp_loss":0,"event_name":"Golden Wing","floor":4,"gold_loss":0},{"damage_healed":0,"gold_gain":0,"player_choice":"Success","damage_taken":7,"relics_obtained":["White Beast Statue"],"max_hp_gain":0,"max_hp_loss":0,"event_name":"Scrap Ooze","floor":5,"gold_loss":0},{"damage_healed":0,"gold_gain":0,"player_choice":"Forge","damage_taken":0,"max_hp_gain":0,"max_hp_loss":0,"event_name":"Accursed Blacksmith","floor":19,"gold_loss":0,"cards_upgraded":["Multi-Cast"]}],"is_beta":false,"boss_relics":[{"not_picked":["Coffee Dripper","Snecko Eye"],"picked":"Tiny House"}],"items_purged_floors":[],"is_endless":false,"potions_floor_spawned":[1,3,7,8,11,13,14,16,18],"killed_by":"Shell Parasite","ascension_level":11}}