{"host":"a7kzx4u255enh074","time":1607875961,"event":{"mods":["AchievementEnabler","BaseMod","BetterRewards","Colored Map","Hubris","Infinite Spire","Marked Mod","Minty Spire (QoL Compilation)","Quick Restart","Rare Cards Sparkle","Replay The Spire","StSLib","The Jungle"],"gold_per_floor":[118,118,118,193,24,50,61,75,124,49,49,66,83,83,83,158,158,175,175,65,82,4,31,45,45,45,45,45,45,45,45,45,124,124,137,151,151,170,89,89,103,113,113,113,147,167,179,198,198,198,198,198,198,20,55,55,55],"floor_reached":56,"playtime":3706,"items_purged":["Self Repair","ReplaySolidLightProjector+1"],"score":2394,"play_id":"4bf49124-deef-4598-9970-5c90962bd5dc","local_time":"20201213171241","is_ascension_mode":true,"campfire_choices":[{"data":"hubris:PowerSurge","floor":11.0,"key":"SMITH"},{"data":"infinitespire:Oblivion","floor":15.0,"key":"SMITH"},{"data":"Glacier","floor":27,"key":"SMITH"},{"data":"White Noise","floor":29,"key":"SMITH"},{"data":"Chill","floor":32,"key":"SMITH"},{"floor":44,"key":"RECALL"},{"data":"Fission","floor":49,"key":"SMITH"},{"data":"Coolheaded","floor":53,"key":"SMITH"}],"circlet_count":0,"master_deck":["AscendersBane","Strike_B","Strike_B+1","Defend_B","Defend_B","Defend_B","Defend_B","Zap+1","Dualcast","Chill+1","BootSequence","hubris:PowerSurge+1","Leap","infinitespire:Oblivion+1","Echo Form","White Noise+1","BootSequence","Glacier+1","Fission+1","Coolheaded","Coolheaded+1","Capacitor","ReplayTheSpireMod:Brewmster"],"relics":["FrozenCore","NeowsBlessing","hubris:Towel","Replay:Rubber Ducky","TungstenRod","Boot","hubris:GrandSneckoEye","hubris:BottledHeart","hubris:SlimyHat","Bird Faced Urn","Snack Pack","Philosopher\u0027s Stone","BranchBurnRelic","ReplayTheSpireMod:Lightbulb","Happy Flower"],"acts_visited":["Exordium","TheCity","TheBeyond","TheEnding"],"potions_floor_usage":[33,47,50,55,55,55,55,55,55,56,56],"damage_taken":[{"damage":0.0,"enemies":"Small Slimes","floor":1.0,"turns":1.0},{"damage":0.0,"enemies":"Lagavulin","floor":6.0,"turns":1.0},{"damage":0.0,"enemies":"Jaw Worm","floor":7.0,"turns":1.0},{"damage":0.0,"enemies":"2 Louse","floor":8.0,"turns":2.0},{"damage":0.0,"enemies":"Looter","floor":12.0,"turns":3.0},{"damage":0.0,"enemies":"3 Louse","floor":13.0,"turns":3.0},{"damage":36.0,"enemies":"Slime Boss","floor":16.0,"turns":11.0},{"damage":12.0,"enemies":"Shell Parasite","floor":18.0,"turns":3.0},{"damage":0.0,"enemies":"2 Thieves","floor":21.0,"turns":3.0},{"damage":0.0,"enemies":"Book of Stabbing","floor":23.0,"turns":5.0},{"damage":0.0,"enemies":"Snecko","floor":24.0,"turns":4.0},{"damage":0,"enemies":"hubris:MusketHawk","floor":33,"turns":8},{"damage":0,"enemies":"Orb Walker","floor":35,"turns":4},{"damage":0,"enemies":"3 Shapes","floor":36,"turns":3},{"damage":9,"enemies":"Transient","floor":38,"turns":6},{"damage":0,"enemies":"4 Shapes","floor":41,"turns":3},{"damage":0,"enemies":"Jaw Worm Horde","floor":42,"turns":4},{"damage":0,"enemies":"Nemesis","floor":45,"turns":5},{"damage":0,"enemies":"Maw","floor":46,"turns":7},{"damage":0,"enemies":"4 Shapes","floor":47,"turns":4},{"damage":0,"enemies":"Transient","floor":48,"turns":6},{"damage":0,"enemies":"Awakened One","floor":50,"turns":12},{"damage":0,"enemies":"Donu and Deca","floor":51,"turns":9},{"damage":0,"enemies":"Shield and Spear","floor":55,"turns":11},{"damage":8,"enemies":"The Heart","floor":56,"turns":2}],"seed_played":"6985200696686236656","potions_obtained":[{"floor":8.0,"key":"FairyPotion"},{"floor":12.0,"key":"Energy Potion"},{"floor":23.0,"key":"PowerPotion"},{"floor":33,"key":"EssenceOfDarkness"},{"floor":45,"key":"Strength Potion"},{"floor":47,"key":"Explosive Potion"}],"is_trial":false,"path_per_floor":["M","?","?","?","$","E","M","M","T","?","R","M","M","?","R","B",null,"M","?","?","M","$","E","M","?","T","R","AVR","R","$","?","R","B",null,"M","M","AVR","M","$","$","M","M","T","R","E","M","M","M","R","B","B",null,"R","$","E","B"],"character_chosen":"DEFECT","items_purchased":["Replay:Rubber Ducky","Glacier","Capacitor","ReplayTheSpireMod:Brewmster"],"campfire_rested":0,"item_purchase_floors":[5,22,39,54],"current_hp_per_floor":[64,64,64,53,53,53,53,53,53,53,53,53,53,37,37,1,54,49,1,1,1,1,1,1,1,1,1,1,1,1,1,1,1,1,1,1,1,1,1,1,1,1,1,1,1,1,1,1,1,1,1,1,1,1,1,0,0],"gold":55,"neow_bonus":"THREE_ENEMY_KILL","is_daily":false,"chose_seed":false,"campfire_upgraded":7,"win_rate":0.0,"timestamp":1607875961,"path_taken":["M","?","?","?","$","E","M","M","T","?","R","M","M","?","R","BOSS","M","?","?","?","?","E","M","?","T","R","AVR","R","$","?","R","BOSS","M","?","AVR","?","?","$","M","M","T","R","E","M","M","M","R","BOSS","BOSS","R","$","E","BOSS"],"items_purchased_type":["Relic","Card","Card","Card"],"build_version":"2020-11-30","purchased_purges":2,"victory":false,"max_hp_per_floor":[71,71,71,71,71,71,71,71,71,71,71,71,71,71,71,71,71,71,1,1,1,1,1,1,1,1,1,1,1,1,1,1,1,1,1,1,1,1,1,1,1,1,1,1,1,1,1,1,1,1,1,1,1,1,1,1,1],"card_choices":[{"not_picked":["FTL","Conserve Battery"],"picked":"Chill","floor":1.0},{"not_picked":["Compile Driver","Turbo"],"picked":"BootSequence","floor":6.0},{"not_picked":["Static Discharge","Gash","Steam Power"],"picked":"SKIP","floor":7.0},{"not_picked":["Ball Lightning","Gash"],"picked":"hubris:PowerSurge","floor":8.0},{"not_picked":["Storm","Stack"],"picked":"Leap","floor":12.0},{"not_picked":["Hologram","Compile Driver","Turbo"],"picked":"SKIP","floor":13.0},{"not_picked":["infinitespire:Gouge","ReplayTheSpireMod:??????????????????????"],"picked":"infinitespire:Oblivion","floor":14.0},{"not_picked":["Hyperbeam","hubris:Prefetch"],"picked":"Echo Form","floor":16.0},{"not_picked":["ReplayTheSpireMod:GoodbyeWorld","Coolheaded"],"picked":"White Noise","floor":18.0},{"not_picked":["Steam","Force Field"],"picked":"BootSequence","floor":21.0},{"not_picked":["Rebound+1","Fusion"],"picked":"Self Repair","floor":23.0},{"not_picked":["Streamline","Go for the Eyes"],"picked":"ReplaySolidLightProjector+1","floor":24.0},{"not_picked":["Reboot","hubris:Prefetch"],"picked":"Fission","floor":33},{"not_picked":["Melter+1","Redo"],"picked":"Coolheaded","floor":35},{"not_picked":["Rebound","Redo"],"picked":"Coolheaded","floor":36},{"not_picked":["Go for the Eyes","hubris:DoWhile","Chaos"],"picked":"SKIP","floor":38},{"not_picked":["ReplayTheSpireMod:Repulse","Sweeping Beam","Steam"],"picked":"SKIP","floor":41},{"not_picked":["Stack+1","Barrage","Lockon"],"picked":"SKIP","floor":42},{"not_picked":["Reprogram","Redo","ReplayTheSpireMod:Repulse+1"],"picked":"SKIP","floor":45},{"not_picked":["Chill","Sunder","Ball Lightning"],"picked":"SKIP","floor":46},{"not_picked":["Steam+1","Reprogram","Conserve Battery"],"picked":"SKIP","floor":47},{"not_picked":["ReplayTheSpireMod:System Scan+1","Streamline","Stack"],"picked":"SKIP","floor":48},{"not_picked":["Streamline+1","Redo+1","Rebound"],"picked":"SKIP","floor":55}],"player_experience":181462,"relics_obtained":[{"floor":6.0,"key":"TungstenRod"},{"floor":9.0,"key":"Boot"},{"floor":23.0,"key":"hubris:SlimyHat"},{"floor":26,"key":"Bird Faced Urn"},{"floor":45,"key":"ReplayTheSpireMod:Lightbulb"},{"floor":55,"key":"Happy Flower"}],"event_choices":[{"damage_healed":0.0,"max_hp_gain":0.0,"max_hp_loss":0.0,"gold_gain":0.0,"event_name":"Living Wall","player_choice":"Grow","floor":2.0,"gold_loss":0.0,"damage_taken":0.0,"cards_upgraded":["Zap"]},{"damage_healed":0.0,"max_hp_gain":0.0,"max_hp_loss":0.0,"gold_gain":75.0,"event_name":"World of Goop","player_choice":"Gather Gold","floor":4.0,"gold_loss":0.0,"damage_taken":11.0},{"cards_removed":["Strike_B"],"damage_healed":0.0,"max_hp_gain":0.0,"max_hp_loss":0.0,"gold_gain":0.0,"event_name":"The Cleric","player_choice":"Card Removal","floor":10.0,"gold_loss":75.0,"damage_taken":0.0},{"cards_removed":["Strike_B"],"damage_healed":0.0,"max_hp_gain":0.0,"max_hp_loss":0.0,"gold_gain":0.0,"event_name":"Designer","player_choice":"Upgrade and Remove","floor":20.0,"gold_loss":110.0,"damage_taken":0.0,"cards_upgraded":["Strike_B"]},{"damage_healed":0,"gold_gain":0,"player_choice":"Ignored","damage_taken":0,"max_hp_gain":0,"max_hp_loss":0,"event_name":"Cursed Tome","floor":25,"gold_loss":0},{"damage_healed":0,"gold_gain":0,"player_choice":"Got Potions","damage_taken":0,"max_hp_gain":0,"max_hp_loss":0,"event_name":"Lab","floor":31,"gold_loss":0}],"is_beta":false,"boss_relics":[{"not_picked":["Black Star","ReplayTheSpireMod:DimensionalGlitch"],"picked":"hubris:GrandSneckoEye"},{"not_picked":["ReplayTheSpireMod:SealedPack","Kintsugi"],"picked":"FrozenCore"}],"items_purged_floors":[28,37],"is_endless":false,"potions_floor_spawned":[8,12,23,24,33,35,45,47],"killed_by":"The Heart","ascension_level":20}}