{"host":"x0ovlu53kkkog8rv","time":1607828163,"event":{"mods":["BaseMod","Colored Map","Minty Spire (QoL Compilation)","Quick Restart","SuperFastMode"],"gold_per_floor":[109,109,122,134,234,234,252,268,268,286,114,130,143,172,172,172,172],"floor_reached":16,"playtime":578,"items_purged":["Strike_P"],"score":131,"play_id":"394745b3-4ea1-4515-a8b4-58e50d6b22f3","local_time":"20201213115603","is_ascension_mode":false,"campfire_choices":[{"floor":6,"key":"REST"},{"floor":15,"key":"REST"}],"circlet_count":0,"master_deck":["Strike_P","Strike_P","Strike_P","Defend_P+1","Defend_P","Defend_P","Defend_P+1","Eruption","Vigilance","EmptyFist","Consecrate","EmptyBody","Adaptation","Study","Consecrate","Blasphemy"],"relics":["PureWater","Dream Catcher","CultistMask","War Paint","Nunchaku"],"acts_visited":["Exordium"],"potions_floor_usage":[14,14,16,16,16,16],"damage_taken":[{"damage":0,"enemies":"Small Slimes","floor":1,"turns":2},{"damage":6,"enemies":"Cultist","floor":3,"turns":3},{"damage":17,"enemies":"Jaw Worm","floor":4,"turns":2},{"damage":10,"enemies":"Large Slime","floor":7,"turns":5},{"damage":0,"enemies":"2 Fungi Beasts","floor":8,"turns":2},{"damage":20,"enemies":"Looter","floor":10,"turns":2},{"damage":17,"enemies":"3 Louse","floor":12,"turns":3},{"damage":11,"enemies":"Red Slaver","floor":13,"turns":5},{"damage":0,"enemies":"Gremlin Nob","floor":14,"turns":2},{"damage":100011,"enemies":"Slime Boss","floor":16,"turns":5}],"seed_played":"4899493781300256543","potions_obtained":[{"floor":3,"key":"Strength Potion"},{"floor":4,"key":"Strength Potion"},{"floor":10,"key":"SneckoOil"},{"floor":12,"key":"Fire Potion"}],"is_trial":false,"path_per_floor":["M","?","M","M","?","R","M","M","T","M","$","M","M","E","R","B"],"character_chosen":"WATCHER","items_purchased":["EntropicBrew"],"campfire_rested":2,"item_purchase_floors":[11],"current_hp_per_floor":[72,72,66,49,49,70,60,60,60,40,40,23,12,12,33,0,0],"gold":172,"neow_bonus":"RANDOM_COMMON_RELIC","is_daily":false,"chose_seed":false,"campfire_upgraded":0,"win_rate":0.0,"timestamp":1607828163,"path_taken":["M","?","M","?","?","R","M","M","T","M","$","M","?","E","R","BOSS"],"items_purchased_type":["Potion"],"build_version":"2020-11-30","purchased_purges":1,"victory":false,"max_hp_per_floor":[72,72,72,72,72,72,72,72,72,72,72,72,72,72,72,72,72],"card_choices":[{"not_picked":["SignatureMove","WreathOfFlame"],"picked":"EmptyFist","floor":1},{"not_picked":["JustLucky","ClearTheMind"],"picked":"Consecrate","floor":3},{"not_picked":["EmptyFist","PathToVictory"],"picked":"EmptyBody","floor":4},{"not_picked":["Meditate","Judgement"],"picked":"Adaptation","floor":6},{"not_picked":["Halt","BattleHymn"],"picked":"Study","floor":7},{"not_picked":["Vengeance","Prostrate","ClearTheMind"],"picked":"SKIP","floor":8},{"not_picked":["ClearTheMind","CarveReality","Halt"],"picked":"SKIP","floor":10},{"not_picked":["ClearTheMind","Prostrate","Conclude"],"picked":"SKIP","floor":12},{"not_picked":["FlurryOfBlows","EmptyFist"],"picked":"Consecrate","floor":13},{"not_picked":["CutThroughFate","JustLucky"],"picked":"Blasphemy","floor":14}],"player_experience":189134,"relics_obtained":[{"floor":9,"key":"War Paint"},{"floor":14,"key":"Nunchaku"}],"event_choices":[{"damage_healed":0,"gold_gain":0,"player_choice":"Trade","damage_taken":0,"relics_obtained":["CultistMask"],"max_hp_gain":0,"max_hp_loss":0,"event_name":"FaceTrader","floor":2,"gold_loss":0},{"damage_healed":0,"gold_gain":100,"player_choice":"Gold","damage_taken":0,"max_hp_gain":0,"max_hp_loss":0,"event_name":"Wheel of Change","floor":5,"gold_loss":0}],"is_beta":false,"boss_relics":[],"items_purged_floors":[11],"is_endless":false,"potions_floor_spawned":[3,4,10,12],"killed_by":"Slime Boss","ascension_level":0}}