{"host":"aovv4e73998kgan0","time":1607823489,"event":{"mods":["BaseMod","Minty Spire (QoL Compilation)","StSLib"],"gold_per_floor":[117,10,21,40,53,80,100,100,100,100,100,112,112,130,130,231,231,247,264,275,275,294,294,321,338,385,411,423,423,423,87,87,191,191,206,225,81,130,147,147,180,180,180,194,194,223,243,243,243,243],"floor_reached":51,"playtime":3010,"items_purged":["Strike_G+1"],"score":846,"play_id":"7f325673-1fe9-49f8-9823-3d17f1660892","local_time":"20201212203809","is_ascension_mode":true,"campfire_choices":[{"data":"Cloak And Dagger","floor":8.0,"key":"SMITH"},{"data":"Infinite Blades","floor":10.0,"key":"SMITH"},{"data":"Accuracy","floor":13.0,"key":"SMITH"},{"data":"Sucker Punch","floor":15,"key":"SMITH"},{"floor":23,"key":"REST"},{"data":"Terror","floor":32,"key":"SMITH"},{"data":"Backflip","floor":40,"key":"SMITH"},{"data":"Dodge and Roll","floor":42,"key":"SMITH"},{"floor":49,"key":"REST"}],"circlet_count":0,"master_deck":["Strike_G+1","Strike_G+1","Defend_G+1","Defend_G+1","Defend_G+1","Defend_G+1","Defend_G+1","Survivor","Neutralize+1","Quick Slash","Accuracy+1","Heel Hook","Infinite Blades+1","Cloak And Dagger+1","Slice","PiercingWail","Infinite Blades","Terror+1","Sucker Punch+1","After Image","CurseOfTheBell","Dodge and Roll+1","Dagger Spray+1","Blade Dance+1","All Out Attack","PiercingWail","Escape Plan","Cloak And Dagger","Accuracy+1","A Thousand Cuts+1","Backflip+1","Cloak And Dagger+1","Backstab+1","Backstab+1","Die Die Die+1","Finisher+1","Blur+1","Dodge and Roll+1","Cloak And Dagger+1","Footwork+1"],"relics":["Ring of the Serpent","Mummified Hand","Happy Flower","Calling Bell","Lantern","Frozen Egg 2","Prayer Wheel","Bag of Preparation","Vajra","Molten Egg 2","Mango","Calipers","Nunchaku","Shovel","Sundial","Letter Opener"],"acts_visited":["Exordium","TheCity","TheBeyond"],"potions_floor_usage":[14,19,33,33,33,50,50],"damage_taken":[{"damage":0.0,"enemies":"Cultist","floor":1.0,"turns":4.0},{"damage":3.0,"enemies":"2 Louse","floor":3.0,"turns":4.0},{"damage":5.0,"enemies":"Jaw Worm","floor":4.0,"turns":4.0},{"damage":3.0,"enemies":"Blue Slaver","floor":5.0,"turns":6.0},{"damage":2.0,"enemies":"Lagavulin","floor":6.0,"turns":7.0},{"damage":3.0,"enemies":"Looter","floor":7.0,"turns":3.0},{"damage":0.0,"enemies":"Exordium Wildlife","floor":12.0,"turns":3.0},{"damage":0,"enemies":"Large Slime","floor":14,"turns":3},{"damage":16,"enemies":"Hexaghost","floor":16,"turns":6},{"damage":3,"enemies":"Chosen","floor":18,"turns":4},{"damage":7,"enemies":"3 Byrds","floor":19,"turns":5},{"damage":33,"enemies":"Centurion and Healer","floor":20,"turns":6},{"damage":2,"enemies":"3 Cultists","floor":22,"turns":6},{"damage":10,"enemies":"Gremlin Leader","floor":24,"turns":6},{"damage":0,"enemies":"Cultist and Chosen","floor":25,"turns":3},{"damage":13,"enemies":"Book of Stabbing","floor":27,"turns":6},{"damage":0,"enemies":"Centurion and Healer","floor":28,"turns":5},{"damage":15,"enemies":"Collector","floor":33,"turns":6},{"damage":9,"enemies":"3 Shapes","floor":35,"turns":3},{"damage":0,"enemies":"Orb Walker","floor":36,"turns":3},{"damage":16,"enemies":"2 Orb Walkers","floor":38,"turns":4},{"damage":13,"enemies":"Transient","floor":39,"turns":5},{"damage":15,"enemies":"Nemesis","floor":41,"turns":7},{"damage":0,"enemies":"Jaw Worm Horde","floor":44,"turns":2},{"damage":9,"enemies":"Giant Head","floor":46,"turns":4},{"damage":2,"enemies":"Writhing Mass","floor":47,"turns":5},{"damage":4,"enemies":"Donu and Deca","floor":50,"turns":6}],"seed_played":"4146383539101800018","potions_obtained":[{"floor":4.0,"key":"Swift Potion"},{"floor":5.0,"key":"ColorlessPotion"},{"floor":12.0,"key":"Dexterity Potion"},{"floor":16,"key":"GhostInAJar"},{"floor":18,"key":"SteroidPotion"},{"floor":27,"key":"Poison Potion"},{"floor":33,"key":"DuplicationPotion"},{"floor":38,"key":"DistilledChaos"},{"floor":41,"key":"GhostInAJar"}],"is_trial":false,"path_per_floor":["M","$","M","M","M","E","M","R","T","R","?","M","R","M","R","B",null,"M","M","M","?","M","R","E","M","T","E","M","?","?","$","R","B",null,"M","M","$","?","M","R","E","R","T","M","T","E","M","?","R","B",null],"character_chosen":"THE_SILENT","items_purchased":["Accuracy","Heel Hook","Accuracy+1","Mango","Die Die Die+1"],"campfire_rested":2,"item_purchase_floors":[2,2,31,31,37],"current_hp_per_floor":[70,70,67,62,59,57,54,54,54,54,54,54,54,54,54,38,70,67,60,27,27,25,46,36,36,36,23,23,23,23,37,37,22,84,75,75,75,59,46,46,31,31,31,31,31,22,20,20,45,41],"gold":243,"neow_bonus":"UPGRADE_CARD","is_daily":false,"chose_seed":false,"campfire_upgraded":7,"win_rate":0.0,"timestamp":1607823489,"path_taken":["M","$","M","?","M","E","M","R","T","R","?","?","R","M","R","BOSS","M","M","M","?","?","R","E","M","T","E","M","?","?","$","R","BOSS","M","M","$","?","M","R","E","R","T","M","?","E","M","?","R","BOSS"],"items_purchased_type":["Card","Card","Card","Relic","Card"],"build_version":"2020-11-30","purchased_purges":1,"victory":true,"max_hp_per_floor":[70,70,70,70,70,70,70,70,70,70,70,70,70,70,70,70,70,70,70,70,70,70,70,70,70,70,70,70,70,70,84,84,84,84,84,84,84,84,84,84,84,84,84,84,84,84,84,84,84,84],"card_choices":[{"not_picked":["Finisher","Underhanded Strike"],"picked":"Quick Slash","floor":1.0},{"not_picked":["Endless Agony","Dodge and Roll"],"picked":"Infinite Blades","floor":3.0},{"not_picked":["Prepared","PiercingWail"],"picked":"Cloak And Dagger","floor":4.0},{"not_picked":["Catalyst","Masterful Stab"],"picked":"Slice","floor":5.0},{"not_picked":["Bane","Poisoned Stab"],"picked":"PiercingWail","floor":6.0},{"not_picked":["Cloak And Dagger","Die Die Die"],"picked":"Infinite Blades","floor":7.0},{"not_picked":["Flying Knee","Outmaneuver"],"picked":"Terror","floor":12.0},{"not_picked":["Slice","Infinite Blades"],"picked":"Sucker Punch","floor":14},{"not_picked":["Tools of the Trade","Venomology"],"picked":"After Image","floor":16},{"not_picked":["Dagger Throw","Outmaneuver"],"picked":"Dodge and Roll+1","floor":18},{"not_picked":["Predator","Quick Slash","Underhanded Strike"],"picked":"SKIP","floor":18},{"not_picked":["Slice","Catalyst"],"picked":"Dagger Spray+1","floor":19},{"not_picked":["Escape Plan","Predator+1"],"picked":"Blade Dance+1","floor":19},{"not_picked":["Acrobatics","Deadly Poison","Quick Slash+1"],"picked":"SKIP","floor":20},{"not_picked":["Corpse Explosion","Blade Dance","Acrobatics"],"picked":"SKIP","floor":20},{"not_picked":["Infinite Blades+1","Expertise+1"],"picked":"All Out Attack","floor":22},{"not_picked":["Dagger Throw","Predator","Quick Slash"],"picked":"SKIP","floor":22},{"not_picked":["Outmaneuver+1","Catalyst","Well Laid Plans+1"],"picked":"SKIP","floor":24},{"not_picked":["Predator+1","Outmaneuver"],"picked":"PiercingWail","floor":25},{"not_picked":["Dagger Spray","All Out Attack","Caltrops+1"],"picked":"SKIP","floor":25},{"not_picked":["Bouncing Flask","Caltrops+1"],"picked":"Escape Plan","floor":27},{"not_picked":["Setup","Sucker Punch+1","Underhanded Strike+1"],"picked":"SKIP","floor":28},{"not_picked":["Deadly Poison+1","Poisoned Stab+1","Slice+1"],"picked":"SKIP","floor":28},{"not_picked":["Envenom+1","Malaise"],"picked":"A Thousand Cuts+1","floor":33},{"not_picked":["Prepared","Poisoned Stab+1"],"picked":"Backflip","floor":35},{"not_picked":["Blade Dance+1","Catalyst+1"],"picked":"Cloak And Dagger+1","floor":35},{"not_picked":["Acrobatics+1","Infinite Blades+1"],"picked":"Backstab+1","floor":36},{"not_picked":["Poisoned Stab+1","Slice+1"],"picked":"Backstab+1","floor":36},{"not_picked":["Acrobatics+1","Deadly Poison+1"],"picked":"Finisher+1","floor":38},{"not_picked":["Crippling Poison+1","Finisher+1"],"picked":"Blur+1","floor":39},{"not_picked":["Bane+1","Poisoned Stab+1","A Thousand Cuts+1"],"picked":"SKIP","floor":39},{"not_picked":["All Out Attack+1","Dagger Throw+1"],"picked":"Dodge and Roll","floor":41},{"not_picked":["Choke+1","Dodge and Roll"],"picked":"Cloak And Dagger+1","floor":44},{"not_picked":["Poisoned Stab+1","All Out Attack+1","Backflip"],"picked":"SKIP","floor":44},{"not_picked":["A Thousand Cuts+1","Flying Knee+1"],"picked":"Footwork+1","floor":46},{"not_picked":["Backflip+1","Acrobatics","Blade Dance+1"],"picked":"SKIP","floor":47},{"not_picked":["Dagger Spray+1","Backflip","Caltrops+1"],"picked":"SKIP","floor":47}],"player_experience":129309,"relics_obtained":[{"floor":6.0,"key":"Mummified Hand"},{"floor":9.0,"key":"Happy Flower"},{"floor":17,"key":"Lantern"},{"floor":17,"key":"Frozen Egg 2"},{"floor":17,"key":"Prayer Wheel"},{"floor":24,"key":"Bag of Preparation"},{"floor":26,"key":"Vajra"},{"floor":27,"key":"Molten Egg 2"},{"floor":38,"key":"Calipers"},{"floor":41,"key":"Nunchaku"},{"floor":43,"key":"Shovel"},{"floor":45,"key":"Sundial"},{"floor":46,"key":"Letter Opener"}],"event_choices":[{"damage_healed":0.0,"max_hp_gain":0.0,"max_hp_loss":0.0,"gold_gain":0.0,"event_name":"The Woman in Blue","player_choice":"Bought 0 Potions","floor":11.0,"gold_loss":0.0,"damage_taken":0.0},{"cards_removed":["Strike_G"],"damage_healed":0,"gold_gain":0,"player_choice":"Offered Basic","damage_taken":0,"max_hp_gain":0,"max_hp_loss":0,"event_name":"Bonfire Elementals","floor":21,"gold_loss":0},{"damage_healed":0,"gold_gain":0,"player_choice":"Read","damage_taken":0,"max_hp_gain":0,"max_hp_loss":0,"event_name":"The Library","floor":29,"gold_loss":0,"cards_obtained":["Cloak And Dagger"]},{"damage_healed":0,"gold_gain":0,"player_choice":"Simplicity","damage_taken":0,"max_hp_gain":0,"max_hp_loss":0,"event_name":"Back to Basics","floor":30,"gold_loss":0,"cards_upgraded":["Strike_G","Strike_G","Strike_G","Strike_G","Defend_G","Defend_G","Defend_G","Defend_G","Defend_G"]},{"damage_healed":0,"gold_gain":0,"player_choice":"Fight","damage_taken":0,"max_hp_gain":0,"max_hp_loss":0,"event_name":"Mysterious Sphere","floor":38,"gold_loss":0},{"cards_removed":["Strike_G"],"damage_healed":0,"gold_gain":0,"player_choice":"Removed Attack","damage_taken":0,"max_hp_gain":0,"max_hp_loss":0,"event_name":"Falling","floor":48,"gold_loss":0}],"is_beta":false,"boss_relics":[{"not_picked":["Cursed Key","SacredBark"],"picked":"Calling Bell"},{"not_picked":["Astrolabe","Tiny House"],"picked":"Ring of the Serpent"}],"items_purged_floors":[37],"is_endless":false,"potions_floor_spawned":[4,5,12,16,18,27,33,38,41,46],"ascension_level":2}}