{"host":"9upmmxurwkb1bpyr","time":1607832555,"event":{"mods":["2.2 Compatiblity","AchievementEnabler","BaseMod","Beaked The Cultist","CatGirl Mod","Colored Powertips","Custom Start","Downfall","Gremlin Mod","Hermit","Highlight Path","Infinite Spire","Jorbs\u0027s Wanderer Trilogy","Minty Spire (QoL Compilation)","Quick Restart","Replay The Spire","StSLib","Td1madao Mod","The Alterego","The Animator","The Bug Knight","The Cursed","The Hierophant","The Judge","The Runesmith","The Servant 0.9.4","TheSwordswoman","Yuri Mod"],"gold_per_floor":[99,111,111,130,146,146,146,163,183,183,242,253,163,173,191,296,296,296,315,240,30,47,62,140,172,183,216,233,233,247,257,268,371,421,346,396,396,396,415,86,86,11,31,31,49,61,74,83,94,94],"floor_reached":51,"playtime":5281,"items_purged":["hexamod:Defend","Replay:Hysterical Blindness","hexamod:SixthSeal"],"score":714,"play_id":"1ed305b7-fe1f-485a-8a89-8d9e90d0469f","local_time":"20201212230915","is_ascension_mode":false,"campfire_choices":[{"data":"hexamod:TimeOfNeed","floor":1.0,"key":"SMITH"},{"data":"hexamod:Float","floor":3.0,"key":"SMITH"},{"data":"hexamod:FastForward","floor":6.0,"key":"SMITH"},{"data":"hexamod:DynamicBlow","floor":10.0,"key":"SMITH"},{"floor":18.0,"key":"RECALL"},{"data":"hexamod:TimeOfNeed","floor":20.0,"key":"SMITH"},{"floor":35,"key":"REST"},{"floor":38,"key":"REST"},{"data":"hexamod:Strike+1","floor":42,"key":"PURGE"},{"floor":44,"key":"REST"}],"circlet_count":0,"master_deck":["hexamod:Strike+1","hexamod:Strike+1","hexamod:Defend+1","hexamod:Defend+1","hexamod:Sear+1","hexamod:Float+1","hexamod:TimeOfNeed+1","hexamod:DynamicBlow+1","hexamod:FastForward+1","hexamod:SpectersWail+1","hexamod:Hexaguard+1","hexamod:RadiantFlame+1","hexamod:GhostflameBarrier+1","hexamod:TimeOfNeed+1","hexamod:AdvancingGuard+1","hexamod:EmpoweredFlame+1","hexamod:DynamicBlow+1","hexamod:DynamicBlow+1","hexamod:RadiantFlame+1","expansioncontent:BronzeBeam","infinitespire:SealOfDarkness+","ReplayTheSpireMod:Haul"],"relics":["hexamod:SpiritBrand","infinitespire:BottledMercury","infinitespire:Beetle Shell","hexamod:TheBrokenSeal","Empty Cage","downfall:HeartBlessingRed","ReplayTheSpireMod:CursedCoin","PreservedInsect","Pantograph","MealTicket","Blue Candle","Tiny House","downfall:HeartBlessingGreen","Peace Pipe","infinitespire:Golems Mask","downfall:HeartBlessingBlue","CeramicFish"],"acts_visited":["Exordium","TheCity","TheBeyond"],"potions_floor_usage":[31,32,32,32,33,33,36],"damage_taken":[{"damage":0.0,"enemies":"Cultist","floor":2.0,"turns":3.0},{"damage":0.0,"enemies":"Small Slimes","floor":4.0,"turns":3.0},{"damage":0.0,"enemies":"2 Louse","floor":5.0,"turns":2.0},{"damage":10.0,"enemies":"Exordium Thugs","floor":8.0,"turns":4.0},{"damage":8.0,"enemies":"Lots of Slimes","floor":9.0,"turns":5.0},{"damage":0.0,"enemies":"Exordium Wildlife","floor":12.0,"turns":4.0},{"damage":0.0,"enemies":"downfall:FleeingMerchant","floor":13.0,"turns":4.0},{"damage":6.0,"enemies":"3 Louse","floor":14.0,"turns":4.0},{"damage":0.0,"enemies":"Blue Slaver","floor":15.0,"turns":3.0},{"damage":16.0,"enemies":"downfall:Watcher","floor":16.0,"turns":12.0},{"damage":6.0,"enemies":"Shell Parasite","floor":19.0,"turns":6.0},{"damage":0.0,"enemies":"downfall:FleeingMerchant","floor":21.0,"turns":4.0},{"damage":6.0,"enemies":"Cultist and Chosen","floor":22.0,"turns":7.0},{"damage":13.0,"enemies":"Sentry and Sphere","floor":23.0,"turns":6.0},{"damage":0.0,"enemies":"Book of Stabbing","floor":25.0,"turns":4.0},{"damage":0.0,"enemies":"Snecko","floor":26.0,"turns":5.0},{"damage":9.0,"enemies":"Gremlin Leader","floor":27.0,"turns":6.0},{"damage":2.0,"enemies":"Cultist and Chosen","floor":28.0,"turns":6.0},{"damage":2.0,"enemies":"Centurion and Healer","floor":30.0,"turns":5.0},{"damage":9,"enemies":"Chosen and Byrds","floor":31,"turns":4},{"damage":2,"enemies":"Snecko","floor":32,"turns":4},{"damage":33,"enemies":"downfall:Silent","floor":33,"turns":8},{"damage":16,"enemies":"Mind Bloom Boss Battle","floor":36,"turns":7},{"damage":0,"enemies":"3 Shapes","floor":39,"turns":5},{"damage":1,"enemies":"downfall:FleeingMerchant","floor":40,"turns":4},{"damage":18,"enemies":"3 Darklings","floor":43,"turns":5},{"damage":41,"enemies":"Sphere and 2 Shapes","floor":45,"turns":7},{"damage":14,"enemies":"Jaw Worm Horde","floor":46,"turns":4},{"damage":15,"enemies":"4 Shapes","floor":47,"turns":7},{"damage":12,"enemies":"Spire Growth","floor":49,"turns":4},{"damage":18,"enemies":"downfall:Ironclad","floor":50,"turns":10}],"seed_played":"2709678008663704011","potions_obtained":[{"floor":8.0,"key":"hexamod:DoubleChargePotion"},{"floor":9.0,"key":"EssenceOfSteel"},{"floor":11.0,"key":"EssenceOfSteel"},{"floor":11.0,"key":"SneckoOil"},{"floor":12.0,"key":"Energy Potion"},{"floor":13.0,"key":"LifebloodPotion"},{"floor":14.0,"key":"hexamod:InfernoChargePotion"},{"floor":14.0,"key":"Milkshake"},{"floor":16.0,"key":"hexamod:EctoCoolerPotion"},{"floor":19.0,"key":"DistilledChaos"},{"floor":23.0,"key":"Adrenaline Potion"},{"floor":28.0,"key":"SteroidPotion"},{"floor":31,"key":"EntropicBrew"},{"floor":34,"key":"Flashbang"},{"floor":36,"key":"Elixir"},{"floor":46,"key":"PowerPotion"},{"floor":47,"key":"Adrenaline Potion"}],"is_trial":false,"path_per_floor":["R","M","R","M","M","R","T","M","M","R","?","M","$","M","M","B",null,"R","M","R","$","M","M","T","E","M","E","M","?","M","M","M","B",null,"R","?","?","R","M","$","T","R","M","R","M","M","M","AVR","M","B",null],"character_chosen":"THE_SPIRIT","items_purchased":["ReplayTheSpireMod:CursedCoin","PreservedInsect","hexamod:EmpoweredFlame","SkillPotion","infinitespire:Golems Mask"],"campfire_rested":3,"item_purchase_floors":[21,21,21,21,40],"current_hp_per_floor":[70,70,70,70,70,70,70,60,52,52,24,24,24,18,18,80,80,80,74,74,74,68,55,55,55,55,46,44,44,42,33,31,23,85,85,69,69,85,85,84,84,94,76,95,54,40,25,25,13,20],"gold":94,"neow_bonus":"ONE_RANDOM_RARE_CARD","is_daily":false,"chose_seed":false,"campfire_upgraded":5,"win_rate":0.0,"timestamp":1607832555,"path_taken":["R","M","R","M","M","R","T","M","M","R","?","?","$","M","M","BOSS","R","M","R","$","M","M","T","E","M","E","M","?","?","M","M","BOSS","R","?","?","R","M","$","T","R","M","R","?","M","M","AVR","M","BOSS"],"items_purchased_type":["Relic","Relic","Card","Potion","Relic"],"build_version":"2020-11-30","purchased_purges":3,"victory":true,"max_hp_per_floor":[70,70,70,70,70,70,70,70,70,70,70,70,70,70,70,80,80,80,80,80,80,80,80,80,80,80,80,80,80,80,80,80,80,85,85,85,85,85,85,85,85,95,95,95,95,95,95,95,95,95],"card_choices":[{"not_picked":["hexamod:RainOfEmbers","hexamod:NightmareStrike"],"picked":"hexamod:DynamicBlow","floor":2.0},{"not_picked":["hexamod:Incineration","hexamod:Haunt"],"picked":"hexamod:FastForward","floor":4.0},{"not_picked":["hexamod:GhostShield","hexamod:EtherealExpedition"],"picked":"hexamod:FifthSeal","floor":5.0},{"not_picked":["hexamod:SecondSeal","hexamod:FirstSeal"],"picked":"hexamod:SixthSeal","floor":8.0},{"not_picked":["hexamod:StepThrough","hexamod:RainOfEmbers"],"picked":"hexamod:SpectersWail","floor":8.0},{"not_picked":["hexamod:SecondSeal","hexamod:SixthSeal"],"picked":"hexamod:ThirdSeal","floor":9.0},{"not_picked":["hexamod:GhostLash","hexamod:RainOfEmbers","hexamod:NightmareStrike"],"picked":"SKIP","floor":9.0},{"not_picked":["hexamod:SwordOfDarkness","hexamod:Haunt"],"picked":"hexamod:Hexaguard","floor":11.0},{"not_picked":["hexamod:ThirdSeal","hexamod:SecondSeal"],"picked":"hexamod:FourthSeal","floor":12.0},{"not_picked":["hexamod:InspiringFlames","hexamod:GhostLash"],"picked":"hexamod:RadiantFlame","floor":12.0},{"not_picked":["hexamod:HeatCrush","hexamod:FastForward","hexamod:Incineration"],"picked":"SKIP","floor":12.0},{"not_picked":["hexamod:SixthSeal","hexamod:FourthSeal"],"picked":"hexamod:FirstSeal","floor":13.0},{"not_picked":["hexamod:GhostLash","hexamod:GhostOfSpirePresent"],"picked":"hexamod:GhostflameBarrier","floor":13.0},{"not_picked":["hexamod:Haunt","hexamod:ShieldOfDarkness"],"picked":"hexamod:TimeOfNeed","floor":13.0},{"not_picked":["hexamod:FourthSeal","hexamod:SixthSeal"],"picked":"hexamod:SecondSeal","floor":14.0},{"not_picked":["hexamod:RainOfEmbers","hexamod:GhostLash"],"picked":"hexamod:AdvancingGuard","floor":14.0},{"not_picked":["hexamod:Hexaguard","hexamod:GhostOfSpireFuture","hexamod:PhantomFireball"],"picked":"SKIP","floor":15.0},{"not_picked":["hexamod:TimeOfNeed","hexamod:CrushingStance"],"picked":"hexamod:SixthSeal","floor":16.0},{"not_picked":["hexamod:GhostShield","hexamod:HauntingEcho","hexamod:Hexaguard"],"picked":"SKIP","floor":19.0},{"not_picked":["hexamod:Hexaguard","hexamod:GhostOfSpirePast","hexamod:SpectersWail"],"picked":"SKIP","floor":21.0},{"not_picked":["hexamod:CatchUp","hexamod:ShieldOfDarkness","hexamod:HauntingEcho"],"picked":"SKIP","floor":22.0},{"not_picked":["hexamod:SwordOfDarkness","hexamod:SkipABeat","hexamod:InspiringFlames"],"picked":"SKIP","floor":23.0},{"not_picked":["hexamod:Haunt","hexamod:InspiringFlames"],"picked":"hexamod:DynamicBlow","floor":25.0},{"not_picked":["hexamod:Firestarter","hexamod:Haunt","hexamod:BacktrackSmack"],"picked":"SKIP","floor":26.0},{"not_picked":["hexamod:RadiantFlame+1","hexamod:FifthSeal"],"picked":"hexamod:DynamicBlow+1","floor":27.0},{"not_picked":["hexamod:FlamesFromBeyond","hexamod:Again","hexamod:BacktrackSmack"],"picked":"SKIP","floor":28.0},{"not_picked":["hexamod:HauntingEcho+1","hexamod:Haunt","hexamod:NecessarySacrifice+1"],"picked":"SKIP","floor":30.0},{"not_picked":["hexamod:Hexaguard","hexamod:Again","hexamod:ShieldOfDarkness"],"picked":"SKIP","floor":31},{"not_picked":["hexamod:PhantomCloak","hexamod:AdvancingGuard"],"picked":"hexamod:RadiantFlame","floor":32},{"not_picked":["expansioncontent:PrepareCrush","expansioncontent:Collect"],"picked":"expansioncontent:BronzeBeam","floor":37},{"not_picked":["hexamod:GhostShield","hexamod:SecondSeal","hexamod:ShieldOfDarkness"],"picked":"SKIP","floor":39},{"not_picked":["hexamod:GhostLash","hexamod:SwordOfDarkness+1","hexamod:NightmareStrike"],"picked":"SKIP","floor":40},{"not_picked":["hexamod:GhostLash","hexamod:PowerFromBeyond+1","hexamod:SwordOfDarkness"],"picked":"SKIP","floor":43},{"not_picked":["hexamod:ChargedBarrage","hexamod:NecessarySacrifice+1","hexamod:HauntingEcho"],"picked":"SKIP","floor":45},{"not_picked":["hexamod:GhostflameBarrier","hexamod:ShieldOfDarkness","hexamod:SpectralAdrenaline+1"],"picked":"SKIP","floor":46},{"not_picked":["hexamod:GhostflameBarrier+1","hexamod:Haunt+1","hexamod:BurningTouch"],"picked":"SKIP","floor":47},{"not_picked":["hexamod:StepThrough+1","hexamod:Hexaguard","hexamod:HauntingEcho"],"picked":"SKIP","floor":49}],"player_experience":955579,"relics_obtained":[{"floor":7.0,"key":"infinitespire:BottledMercury"},{"floor":11.0,"key":"infinitespire:Beetle Shell"},{"floor":24.0,"key":"Pantograph"},{"floor":25.0,"key":"MealTicket"},{"floor":27.0,"key":"Blue Candle"},{"floor":36,"key":"Peace Pipe"}],"event_choices":[],"is_beta":false,"boss_relics":[{"not_picked":["ReplayTheSpireMod:DimensionalGlitch","Runic Pyramid"],"picked":"Empty Cage"},{"not_picked":["Kintsugi","SacredBark"],"picked":"Tiny House"}],"items_purged_floors":[13,21,48],"is_endless":false,"potions_floor_spawned":[8,9,12,14,16,19,23,27,28,30,31,36,46,47],"ascension_level":0}}