{"host":"5u4m3sklrpw6xc20","time":1607825225,"event":{"mods":["2.2 Compatiblity","BaseMod","Better Third Choice","CapriCore","Colored Map","Hubris","Infinite Spire","Minty Spire (QoL Compilation)","Permanent Neow","Replay The Spire","Spicy Shops","StSLib","SuperFastMode"],"gold_per_floor":[116,134,9998493,9998510,9998510,9998543,9998566,9998566,9998566,9998604,9998604,9998128,9998161,9996729,9996729,9996853,9996853,9996853,9996853,9996853,9995697,9995697,9995697,9995697,9995697,9995697,9995697,9995697,9995622,9995622,9995622,9995622,9995622,9995622,9995622,9995622,9995622,9995622,9994428,9994428,9994428,9994428,9994428,9994428,9994428,9994428,9994428,9993348,9993348,9993348,9993348,9993348,9993348,9993348,9991939,9991939,9991939],"floor_reached":58,"playtime":2013,"items_purged":["Strike_B+1","Strike_B+1","Strike_B+1","Strike_B+1","hubris:DoWhile+1","Defend_B+1"],"score":1328,"play_id":"9d2a63fb-8d9c-46f3-80c7-0077dd5d28a3","local_time":"20201212200705","is_ascension_mode":false,"campfire_choices":[{"floor":8.0,"key":"RECALL"},{"floor":11.0,"key":"REST"},{"floor":15.0,"key":"REST"},{"floor":23.0,"key":"REST"},{"floor":27.0,"key":"REST"},{"floor":34.0,"key":"REST"},{"floor":43.0,"key":"REST"},{"floor":46.0,"key":"REST"},{"floor":51,"key":"DIG"},{"floor":54,"key":"REST"}],"circlet_count":0,"master_deck":["Defend_B+1","Zap+1","Dualcast+1","Steam+1","Go for the Eyes+1","Blind+1","Violence+1","Redo+1","Go for the Eyes+1","hubris:Fate+1","Go for the Eyes+1","Reboot+1","Gash+1","Panic Button+1","Steam+1","Gash+1","hubris:Fate+1","Replay:Fractal Strike+1","Go for the Eyes+1","infinitespire:NeuralNetwork+1","Gash+1","Gash+1","Replay:Bootleg Shield Generator+1"],"relics":["Cracked Core","Toxic Egg 2","Molten Egg 2","Frozen Egg 2","Quantum Egg","Sozu","Emotion Chip","Matryoshka","Medical Kit","Blue Candle","Garlic","Golden Idol","Replay:Bottled Eggs","Anchor","Odd Mushroom","Replay:Wax Seal","Strange Spoon","Snack Pack","infinitespire:ShieldingShard","Juzu Bracelet","Ectoplasm","hubris:BottledHeart","BargainBundle","Blue Doll","Pear","Replay:Antivirus Software","hubris:MysteriousPyramids","Chameleon Ring","Symbiotic Virus","Whetstone","MealTicket","Replay:Towering Pillar of Hats","hubris:Reverence","Unceasing Top","Question Card","Empty Cage","Prayer Wheel","DollysMirror","infinitespire:Eraser","infinitespire:Lucky Rock","hubris:TenFootPole","infinitespire:Beetle Shell","Frozen Eye","Replay:Bandana","Boot","Bottled Lightning","hubris:Towel","infinitespire:FocusingShard","hubris:TinFlute","Letter Opener","infinitespire:PuzzleCube","Guide Book","Ginger","hubris:CuriousFeather","Gremlin Horn","Ornamental Fan","Bag of Preparation","TheAbacus","Replay:Frozen Program","Replay:Baseball","White Beast Statue","Happy Flower"],"acts_visited":["Exordium","TheCity","TheBeyond","TheEnding"],"potions_floor_usage":[],"damage_taken":[{"damage":2.0,"enemies":"Small Slimes","floor":1.0,"turns":2.0},{"damage":0.0,"enemies":"2 Louse","floor":2.0,"turns":1.0},{"damage":0.0,"enemies":"Cultist","floor":4.0,"turns":3.0},{"damage":1.0,"enemies":"Lagavulin","floor":6.0,"turns":6.0},{"damage":9.0,"enemies":"Exordium Wildlife","floor":7.0,"turns":4.0},{"damage":0.0,"enemies":"The Mushroom Lair","floor":10.0,"turns":1.0},{"damage":18.0,"enemies":"Gremlin Nob","floor":13.0,"turns":5.0},{"damage":0.0,"enemies":"Slime Boss","floor":16.0,"turns":3.0},{"damage":0.0,"enemies":"Spheric Guardian","floor":18.0,"turns":2.0},{"damage":0.0,"enemies":"3 Byrds","floor":20.0,"turns":2.0},{"damage":0.0,"enemies":"3 Cultists","floor":22.0,"turns":3.0},{"damage":0.0,"enemies":"Gremlin Leader","floor":24.0,"turns":6.0},{"damage":0.0,"enemies":"Colosseum Slavers","floor":28.0,"turns":3.0},{"damage":0.0,"enemies":"Colosseum Nobs","floor":28.0,"turns":3.0},{"damage":0.0,"enemies":"Replay:Snechameleon","floor":30.0,"turns":1.0},{"damage":0.0,"enemies":"Snake Plant","floor":31.0,"turns":2.0},{"damage":0.0,"enemies":"Collector","floor":35.0,"turns":1.0},{"damage":0.0,"enemies":"3 Darklings","floor":37.0,"turns":1.0},{"damage":0.0,"enemies":"Nemesis","floor":42.0,"turns":1.0},{"damage":0.0,"enemies":"R_Hoarder","floor":44.0,"turns":5.0},{"damage":0.0,"enemies":"2 Orb Walkers","floor":49.0,"turns":1.0},{"damage":0.0,"enemies":"infinitespire:Three Voidlings","floor":50.0,"turns":1.0},{"damage":0.0,"enemies":"Nightmare_Alpha","floor":50.0,"turns":7.0},{"damage":0,"enemies":"Replay:Hell Engine","floor":52,"turns":2},{"damage":0,"enemies":"Shield and Spear","floor":56,"turns":1},{"damage":0,"enemies":"The Heart","floor":57,"turns":3}],"seed_played":"-7380762851679261319","potions_obtained":[],"is_trial":false,"path_per_floor":["M","M","$","M","?","E","M","R","T","?","R","?","E","$","R","B",null,"M","?","M","$","M","R","E","?","T","R","?","?","E","M","PTL","PTL","R_BF","B",null,"M","?","$","?","AVR","E","R","E","T","R","?","$","?","?","R_BF","B",null,"R","$","E","B",null],"character_chosen":"DEFECT","items_purchased":["Emotion Chip","Matryoshka","Medical Kit","Blue Candle","Garlic","Blind+1","Violence+1","Redo+1","Strange Spoon","Snack Pack","infinitespire:ShieldingShard","Juzu Bracelet","Go for the Eyes+1","Panache+1","BargainBundle","Blue Doll","Pear","Replay:Antivirus Software","hubris:MysteriousPyramids","Gash+1","DollysMirror","infinitespire:Eraser","infinitespire:Lucky Rock","hubris:TenFootPole","infinitespire:Beetle Shell","Frozen Eye","infinitespire:FocusingShard","hubris:TinFlute","Letter Opener","infinitespire:PuzzleCube","Guide Book","Ornamental Fan","Bag of Preparation","TheAbacus","Replay:Frozen Program","Replay:Baseball","White Beast Statue","Gash+1","Replay:Bootleg Shield Generator+1"],"campfire_rested":8,"item_purchase_floors":[3,3,3,3,3,3,3,3,14,14,14,14,14,14,21,21,21,21,21,21,39,39,39,39,39,39,48,48,48,48,48,55,55,55,55,55,55,55,55],"current_hp_per_floor":[73,73,73,73,55,54,45,45,45,45,67,67,59,59,75,75,75,75,1,1,1,1,1,1,1,1,1,1,1,1,1,1,1,1,1,1,1,1,1,1,1,1,1,1,1,1,1,1,1,1,1,1,1,1,1,1,1],"gold":9991939,"neow_bonus":"","is_daily":false,"chose_seed":false,"campfire_upgraded":0,"win_rate":0.0,"timestamp":1607825225,"path_taken":["M","M","$","M","?","E","M","R","T","?","R","?","E","$","R","BOSS","M","?","M","$","M","R","E","?","T","R","?","?","E","M","PTL","PTL","R_BF","BOSS","M","?","$","?","AVR","E","R","E","T","R","?","$","?","?","R_BF","BOSS","R","$","E","BOSS"],"items_purchased_type":["Relic","Relic","Relic","Relic","Relic","Card","Card","Card","Relic","Relic","Relic","Relic","Card","Card","Relic","Relic","Relic","Relic","Relic","Card","Relic","Relic","Relic","Relic","Relic","Relic","Relic","Relic","Relic","Relic","Relic","Relic","Relic","Relic","Relic","Relic","Relic","Card","Card"],"build_version":"2020-11-30","purchased_purges":6,"victory":true,"max_hp_per_floor":[75,75,75,75,75,75,75,75,75,75,75,75,75,75,75,75,75,75,1,1,1,1,1,1,1,1,1,1,1,1,1,1,1,1,1,1,1,1,1,1,1,1,1,1,1,1,1,1,1,1,1,1,1,1,1,1,1],"card_choices":[{"not_picked":["Rebound+1","Sweeping Beam+1"],"picked":"Steam+1","floor":1.0},{"not_picked":["Hologram+1","Genetic Algorithm+1"],"picked":"Go for the Eyes+1","floor":2.0},{"not_picked":["Compile Driver+1","BasicCrystalCard+1","Turbo+1"],"picked":"SKIP","floor":4.0},{"not_picked":["Mirror Shield+1","Conserve Battery+1","Heatsinks+1"],"picked":"SKIP","floor":6.0},{"not_picked":["Coolheaded+1","BootSequence+1"],"picked":"Self Repair+1","floor":7.0},{"not_picked":["Streamline+1","Tempest+1"],"picked":"Go for the Eyes+1","floor":10.0},{"not_picked":["hubris:InfiniteBlow+9","infinitespire:Gouge"],"picked":"hubris:Fate","floor":12.0},{"not_picked":["Hologram+1","Cold Snap+1","Turbo+1"],"picked":"SKIP","floor":13.0},{"not_picked":["Biased Cognition+1","Electrodynamics+1"],"picked":"Reboot+1","floor":16.0},{"not_picked":["BootSequence+1","Coolheaded+1","Sunder+1"],"picked":"SKIP","floor":18.0},{"not_picked":["Steam+1","Ball Lightning+1","Crystallizer+1"],"picked":"SKIP","floor":20.0},{"not_picked":["Hologram+1","Barrage+1","Tempest+1"],"picked":"SKIP","floor":22.0},{"not_picked":["Recycle+1","BootSequence+1","Mirror Shield+1"],"picked":"SKIP","floor":24.0},{"not_picked":["Steam+1","Hyperbeam+1"],"picked":"Panic Button+1","floor":30.0},{"not_picked":["Cold Snap+1","Panic Button+1","Coolheaded+1"],"picked":"Steam+1","floor":31.0},{"not_picked":["Echo Form+1","Thunder Strike+1","Buffer+1"],"picked":"ReplayTheSpireMod:Fabricate Wheel+1","floor":35.0},{"not_picked":["Panic Button+1","Streamline+1","Time Bomb+1"],"picked":"Gash+1","floor":37.0},{"not_picked":["Hologram+1","Barrage+1","Aggregate+1","Capacitor+1"],"picked":"SKIP","floor":37.0},{"not_picked":["Blizzard+1","Streamline+1","Steam+1","Leap+1"],"picked":"SKIP","floor":42.0},{"not_picked":["BootSequence+1","Aggregate+1","Reprogram+1","Multi-Cast+1"],"picked":"SKIP","floor":44.0},{"not_picked":["Cold Snap+1","Steam+1","Hologram+1"],"picked":"Go for the Eyes+1","floor":50},{"not_picked":["ReplayTheSpireMod:Black Plague","infinitespire:FinalStrike"],"picked":"infinitespire:NeuralNetwork","floor":50},{"not_picked":["Barrage+1","Steam+1","Redo+1","Hello World+1"],"picked":"SKIP","floor":56}],"player_experience":195015,"relics_obtained":[{"floor":6.0,"key":"Replay:Bottled Eggs"},{"floor":9.0,"key":"Anchor"},{"floor":10.0,"key":"Odd Mushroom"},{"floor":13.0,"key":"Replay:Wax Seal"},{"floor":24.0,"key":"Chameleon Ring"},{"floor":26.0,"key":"Whetstone"},{"floor":26.0,"key":"MealTicket"},{"floor":28.0,"key":"Replay:Towering Pillar of Hats"},{"floor":28.0,"key":"hubris:Reverence"},{"floor":30.0,"key":"Question Card"},{"floor":42.0,"key":"Replay:Bandana"},{"floor":44.0,"key":"Boot"},{"floor":45.0,"key":"Bottled Lightning"},{"floor":49.0,"key":"Ginger"},{"floor":50,"key":"hubris:CuriousFeather"},{"floor":51,"key":"Gremlin Horn"},{"floor":56,"key":"Happy Flower"}],"event_choices":[{"damage_healed":0.0,"max_hp_gain":0.0,"max_hp_loss":0.0,"gold_gain":0.0,"event_name":"MindBloom","player_choice":"Upgrade","floor":0.0,"gold_loss":0.0,"damage_taken":0.0,"cards_upgraded":["Strike_B","Strike_B","Strike_B","Strike_B","Defend_B","Defend_B","Defend_B","Defend_B","Zap","Dualcast"],"relics_obtained":["Mark of the Bloom"]},{"damage_healed":0.0,"max_hp_gain":0.0,"max_hp_loss":0.0,"gold_gain":0.0,"event_name":"Golden Idol","player_choice":"Take Damage","floor":5.0,"gold_loss":0.0,"damage_taken":18.0,"relics_obtained":["Golden Idol"]},{"damage_healed":0.0,"max_hp_gain":0.0,"max_hp_loss":0.0,"gold_gain":0.0,"event_name":"Mushrooms","player_choice":"Fought Mushrooms","floor":10.0,"gold_loss":0.0,"damage_taken":0.0},{"damage_healed":0.0,"max_hp_gain":0.0,"max_hp_loss":0.0,"gold_gain":0.0,"event_name":"Colosseum","player_choice":"Fight","floor":28.0,"gold_loss":0.0,"damage_taken":0.0},{"damage_healed":0.0,"max_hp_gain":0.0,"max_hp_loss":0.0,"gold_gain":0.0,"event_name":"Colosseum","player_choice":"Fought Nobs","floor":28.0,"gold_loss":0.0,"damage_taken":0.0},{"cards_removed":["Defend_B"],"damage_healed":0.0,"max_hp_gain":0.0,"max_hp_loss":0.0,"gold_gain":0.0,"event_name":"Beggar","player_choice":"Gave Gold","floor":29.0,"gold_loss":75.0,"damage_taken":0.0},{"damage_healed":0.0,"max_hp_gain":0.0,"max_hp_loss":0.0,"gold_gain":0.0,"event_name":"betterThird:BetterPortal","player_choice":"Ignored","floor":38.0,"gold_loss":0.0,"damage_taken":0.0},{"cards_removed":["Panache"],"damage_healed":0.0,"max_hp_gain":0.0,"max_hp_loss":0.0,"gold_gain":0.0,"event_name":"Falling","player_choice":"Removed Power","floor":40.0,"gold_loss":0.0,"damage_taken":0.0},{"damage_healed":0.0,"max_hp_gain":0.0,"max_hp_loss":0.0,"gold_gain":0.0,"event_name":"Mysterious Sphere","player_choice":"Fight","floor":49.0,"gold_loss":0.0,"damage_taken":0.0}],"is_beta":false,"boss_relics":[{"not_picked":["Tiny House","Velvet Choker"],"picked":"Ectoplasm"},{"not_picked":["Runic Pyramid","Snecko Eye"],"picked":"Empty Cage"}],"items_purged_floors":[3,3,14,21,39,55],"is_endless":false,"potions_floor_spawned":[2,4,13,16,24,28,28,31,37,49,50,56],"ascension_level":0}}