{"host":"y30n8hbqlqxhztg8","time":1607847603,"event":{"mods":["A Magickal Journey","AchievementEnabler","BaseMod","BetterRewards","Block Reminder","Colored Map","Conspire","Downfall","GifTheSpireLib","Glutton Mod","Hubris","Infinite Spire","Koishi","Marisa????????","Minty Spire (QoL Compilation)","Prisma Mod","Replay The Spire","Shop Mod","Somnambulant","StSLib","Stuff the Spire","The Factory","The Jungle","[IsaacMod]????"],"gold_per_floor":[117,117,117,39,50,79,98,98,98,98,118,43,54,73,154,253,253,267,267,279,211,211,211,411,436,484,484,484,496,496,515,515,515,515],"floor_reached":33,"playtime":816,"items_purged":["conspire:PoisonWeapons+1"],"score":270,"play_id":"54948dcc-20b1-4faf-bb6b-b68fb1c390d3","local_time":"20201213002003","is_ascension_mode":false,"campfire_choices":[{"data":"conspire:PoisonWeapons","floor":8,"key":"SMITH"},{"data":"StuffTheSpire:Injection","floor":10,"key":"SMITH"},{"floor":23,"key":"REST"},{"data":"Poisoned Stab","floor":30,"key":"SMITH"},{"floor":32,"key":"REST"}],"circlet_count":0,"master_deck":["Strike_G","Strike_G","Strike_G","Strike_G","Strike_G","Defend_G","Defend_G","Defend_G","Defend_G","Defend_G","Survivor","Neutralize","StuffTheSpire:BrimstoneBlast","Poisoned Stab+1","StuffTheSpire:Injection+1","Toxin Wave","StuffTheSpire:Injection","Deadly Poison","Toxin Wave","Deadly Poison+1","Crippling Poison","Bouncing Flask+1"],"relics":["Ring of the Snake","HushsDoor","NeowsBlessing","GuppysHead","StuffTheSpire:MayFlowers","Matryoshka","Kunai","Tiny Chest","Bag of Preparation","Boot","MagicMushroom","D4"],"acts_visited":["Exordium","TheCity"],"potions_floor_usage":[16,16,33],"damage_taken":[{"damage":0,"enemies":"2 Louse","floor":1,"turns":1},{"damage":0,"enemies":"Jaw Worm","floor":5,"turns":1},{"damage":0,"enemies":"Gremlin Nob","floor":6,"turns":1},{"damage":7,"enemies":"Small Slimes","floor":7,"turns":3},{"damage":9,"enemies":"Looter","floor":11,"turns":4},{"damage":3,"enemies":"Exordium Wildlife","floor":13,"turns":3},{"damage":5,"enemies":"Gremlin Gang","floor":14,"turns":4},{"damage":48,"enemies":"The Guardian","floor":16,"turns":8},{"damage":21,"enemies":"Chosen","floor":18,"turns":6},{"damage":10,"enemies":"Spheric Guardian","floor":20,"turns":4},{"damage":6,"enemies":"Cultist and Chosen","floor":29,"turns":4},{"damage":15,"enemies":"Centurion and Healer","floor":31,"turns":4},{"damage":83,"enemies":"Automaton","floor":33,"turns":8}],"seed_played":"3582198538067930408","potions_obtained":[{"floor":1,"key":"Ancient Potion"},{"floor":11,"key":"Fire Potion"},{"floor":13,"key":"PowerPotion"},{"floor":20,"key":"CunningPotion"}],"is_trial":false,"path_per_floor":["M","?","?","$","M","E","M","R","T","R","M","$","M","M","R_BF","B",null,"M","?","M","$","?","R","?","T","T","?","AVR","M","R","M","R","B"],"character_chosen":"THE_SILENT","items_purchased":["StuffTheSpire:BrimstoneBlast","Crippling Poison"],"campfire_rested":2,"item_purchase_floors":[4,21],"current_hp_per_floor":[70,70,70,70,70,70,63,63,63,63,54,54,51,46,46,4,70,52,52,42,42,42,63,63,63,63,63,70,65,65,51,74,0,0],"gold":515,"neow_bonus":"THREE_ENEMY_KILL","is_daily":false,"chose_seed":false,"campfire_upgraded":3,"win_rate":0.0,"timestamp":1607847603,"path_taken":["M","?","?","?","?","E","M","R","T","R","M","$","M","M","R_BF","BOSS","M","?","M","$","?","R","?","?","T","?","AVR","?","R","M","R","BOSS"],"items_purchased_type":["Card","Card"],"build_version":"2020-11-30","purchased_purges":1,"victory":false,"max_hp_per_floor":[70,70,70,70,70,70,70,70,70,70,70,70,70,70,70,70,70,70,70,70,70,70,70,70,70,70,70,77,77,77,77,77,77,77],"card_choices":[{"not_picked":["ReplayTheSpireMod:Speed Training","Skewer","StuffTheSpire:BumpUp"],"picked":"SKIP","floor":1},{"not_picked":["All Out Attack","Escape Plan"],"picked":"conspire:PoisonWeapons","floor":5},{"not_picked":["Hidden Blade","Burst"],"picked":"Poisoned Stab","floor":6},{"not_picked":["StuffTheSpire:Repulse","Endless Agony"],"picked":"StuffTheSpire:Injection","floor":7},{"not_picked":["StuffTheSpire:Incantation","StuffTheSpire:BumpUp"],"picked":"Toxin Wave","floor":11},{"not_picked":["StuffTheSpire:Python","Acrobatics"],"picked":"StuffTheSpire:Injection","floor":13},{"not_picked":["PiercingWail","Dagger Spray"],"picked":"Deadly Poison","floor":14},{"not_picked":["Caltrops","Sucker Punch"],"picked":"Toxin Wave","floor":18},{"not_picked":["StuffTheSpire:ClusterCrunch+1","Escape Plan"],"picked":"Deadly Poison+1","floor":20},{"not_picked":["Infinite Blades+1","Outmaneuver"],"picked":"Bouncing Flask+1","floor":29},{"not_picked":["hubris:SlightOfHand","Slice","After Image"],"picked":"SKIP","floor":31}],"player_experience":39097,"relics_obtained":[{"floor":6,"key":"StuffTheSpire:MayFlowers"},{"floor":9,"key":"Matryoshka"},{"floor":25,"key":"Kunai"},{"floor":25,"key":"Tiny Chest"},{"floor":26,"key":"Bag of Preparation"},{"floor":26,"key":"Boot"}],"event_choices":[{"damage_healed":0,"gold_gain":0,"player_choice":"Leave","damage_taken":0,"max_hp_gain":0,"max_hp_loss":0,"event_name":"conspire:Investor","floor":2,"gold_loss":0},{"damage_healed":0,"gold_gain":0,"player_choice":"Disagree","damage_taken":0,"max_hp_gain":0,"max_hp_loss":0,"event_name":"conspire:LoneGhost","floor":3,"gold_loss":0},{"damage_healed":0,"gold_gain":250,"player_choice":"Bet on Owner","damage_taken":0,"max_hp_gain":0,"max_hp_loss":0,"event_name":"The Joust","floor":24,"gold_loss":50}],"is_beta":false,"boss_relics":[{"not_picked":["Replay:Bronze Core","ReplayTheSpireMod:DimensionalGlitch","conspire:RunicOctahedron"]}],"items_purged_floors":[12],"is_endless":false,"potions_floor_spawned":[1,11,13,20],"killed_by":"Automaton","ascension_level":0}}