{"host":"s41rn2jhghpwfrvz","time":1607870839,"event":{"mods":["BaseMod","Minty Spire (QoL Compilation)","Quick Restart","Relic Stats","SuperFastMode"],"gold_per_floor":[115,115,115,129,129,129,163,175,223,249,43,69,69,101,101,178,178,194,194,144,158,171,199,212,239,286,286,299,332,357,371,371,445,445,456,406,406,420,432,461,479,505,505,523,534,548,579,429,429,429,429,429,429,24,51,51],"floor_reached":57,"playtime":1538,"items_purged":["Shockwave","PiercingWail","Evolve"],"score":4004,"play_id":"4544df4f-e054-4e88-a6bd-8fb5500b105e","local_time":"20201213164719","daily_mods":["SealedDeck","Diverse","DeadlyEvents"],"is_ascension_mode":true,"campfire_choices":[{"data":"Body Slam","floor":6,"key":"SMITH"},{"data":"Body Slam","floor":13,"key":"SMITH"},{"data":"Backflip","floor":15,"key":"SMITH"},{"floor":27,"key":"RECALL"},{"floor":32,"key":"REST"},{"floor":49,"key":"REST"},{"floor":53,"key":"REST"}],"circlet_count":0,"master_deck":["AscendersBane","Perseverance","Beam Cell","Backflip","Backflip","Body Slam+1","Backflip+1","Body Slam+1","Prostrate+1","Madness+1","Master of Strategy+1"],"relics":["Burning Blood","Vajra","Self Forming Clay","Frozen Egg 2","Bag of Preparation","PreservedInsect","Membership Card","Lantern","Nunchaku","Fusion Hammer","Toxic Egg 2","Toy Ornithopter","Torii","Oddly Smooth Stone","Art of War","Smiling Mask","Runic Pyramid","Mango","Unceasing Top","The Courier","Pen Nib","ClockworkSouvenir","CaptainsWheel","Anchor","Centennial Puzzle","Shuriken","Orichalcum"],"acts_visited":["Exordium","TheCity","TheBeyond","TheEnding"],"potions_floor_usage":[7,56,56],"damage_taken":[{"damage":0,"enemies":"2 Louse","floor":1,"turns":4},{"damage":0,"enemies":"Small Slimes","floor":4,"turns":4},{"damage":0,"enemies":"Gremlin Nob","floor":7,"turns":3},{"damage":0,"enemies":"Jaw Worm","floor":8,"turns":3},{"damage":0,"enemies":"Lagavulin","floor":10,"turns":4},{"damage":0,"enemies":"Gremlin Nob","floor":12,"turns":2},{"damage":0,"enemies":"3 Sentries","floor":14,"turns":3},{"damage":0,"enemies":"The Guardian","floor":16,"turns":5},{"damage":0,"enemies":"Shell Parasite","floor":18,"turns":2},{"damage":0,"enemies":"Chosen","floor":21,"turns":1},{"damage":0,"enemies":"Snake Plant","floor":22,"turns":1},{"damage":0,"enemies":"Gremlin Leader","floor":23,"turns":1},{"damage":0,"enemies":"Snecko","floor":24,"turns":2},{"damage":0,"enemies":"Slavers","floor":25,"turns":1},{"damage":0,"enemies":"Centurion and Healer","floor":28,"turns":1},{"damage":0,"enemies":"Book of Stabbing","floor":29,"turns":1},{"damage":0,"enemies":"Slavers","floor":30,"turns":1},{"damage":0,"enemies":"Chosen and Byrds","floor":31,"turns":1},{"damage":0,"enemies":"Collector","floor":33,"turns":2},{"damage":0,"enemies":"3 Darklings","floor":35,"turns":2},{"damage":0,"enemies":"Orb Walker","floor":38,"turns":1},{"damage":0,"enemies":"Jaw Worm Horde","floor":39,"turns":1},{"damage":0,"enemies":"Giant Head","floor":40,"turns":2},{"damage":0,"enemies":"Writhing Mass","floor":41,"turns":1},{"damage":0,"enemies":"Nemesis","floor":42,"turns":1},{"damage":0,"enemies":"Spire Growth","floor":44,"turns":1},{"damage":0,"enemies":"Maw","floor":45,"turns":1},{"damage":0,"enemies":"Sphere and 2 Shapes","floor":46,"turns":1},{"damage":0,"enemies":"Giant Head","floor":47,"turns":1},{"damage":0,"enemies":"Time Eater","floor":50,"turns":2},{"damage":0,"enemies":"Awakened One","floor":51,"turns":2},{"damage":0,"enemies":"Shield and Spear","floor":55,"turns":1},{"damage":9,"enemies":"The Heart","floor":56,"turns":4}],"seed_played":"-5079962945937789470","potions_obtained":[{"floor":4,"key":"ColorlessPotion"},{"floor":7,"key":"AttackPotion"},{"floor":8,"key":"LiquidMemories"},{"floor":25,"key":"Ancient Potion"},{"floor":28,"key":"BlessingOfTheForge"}],"is_trial":true,"path_per_floor":["M","?","?","M","T","R","E","M","T","E","$","E","R","E","R","B",null,"M","T","$","M","M","E","M","E","T","R","M","E","E","M","R","B",null,"M","$","?","M","M","E","M","E","T","M","M","M","E","$","R","B","B",null,"R","$","E","B",null],"character_chosen":"IRONCLAD","items_purchased":["Membership Card","Master of Strategy+1","Pen Nib","ClockworkSouvenir","CaptainsWheel","Anchor","Centennial Puzzle","Shuriken"],"campfire_rested":3,"item_purchase_floors":[11,48,48,54,54,54,54,54],"current_hp_per_floor":[74,69,62,68,68,68,74,75,75,75,75,75,75,75,75,75,75,75,75,75,75,75,75,75,75,75,75,75,75,75,75,75,75,75,75,75,65,71,75,89,89,89,89,89,89,89,89,89,89,89,89,89,89,89,89,86],"gold":51,"neow_bonus":"","is_daily":false,"chose_seed":false,"campfire_upgraded":3,"win_rate":0.0,"timestamp":1607870839,"path_taken":["M","?","?","M","?","R","E","?","T","E","$","E","R","E","R","BOSS","M","?","$","M","M","E","M","E","T","R","?","E","?","M","R","BOSS","M","$","?","?","M","E","M","E","T","M","M","M","E","$","R","BOSS","BOSS","R","$","E","BOSS"],"items_purchased_type":["Relic","Card","Relic","Relic","Relic","Relic","Relic","Relic"],"build_version":"2020-11-30","purchased_purges":3,"victory":true,"max_hp_per_floor":[75,75,75,75,75,75,75,75,75,75,75,75,75,75,75,75,75,75,75,75,75,75,75,75,75,75,75,75,75,75,75,75,75,75,75,75,75,75,75,89,89,89,89,89,89,89,89,89,89,89,89,89,89,89,89,89],"relic_stats":{"Torii":0,"counters":[33,63],"Self Forming Clay":[3],"PreservedInsect":615,"Pen Nib":[3],"Bag of Preparation":[58],"Orichalcum":[0],"Smiling Mask":13,"Burning Blood":35,"Nunchaku":[17],"Centennial Puzzle":[3],"Shuriken":[3],"Art of War":[0],"obtain_stats":[{"Lantern":12,"Torii":25,"Vajra":2,"Mango":40,"Bag of Preparation":9,"Smiling Mask":30,"Burning Blood":0,"ClockworkSouvenir":54,"Nunchaku":14,"Centennial Puzzle":54,"Fusion Hammer":17,"Toxic Egg 2":19,"Runic Pyramid":34,"Self Forming Clay":5,"Oddly Smooth Stone":26,"PreservedInsect":10,"The Courier":47,"Pen Nib":48,"Frozen Egg 2":7,"Orichalcum":55,"CaptainsWheel":54,"Anchor":54,"Shuriken":54,"Art of War":29,"Membership Card":11,"Toy Ornithopter":23,"Unceasing Top":42},{"Lantern":6,"Torii":14,"Vajra":1,"Mango":23,"Bag of Preparation":4,"Smiling Mask":17,"Burning Blood":0,"ClockworkSouvenir":31,"Nunchaku":7,"Centennial Puzzle":31,"Fusion Hammer":8,"Toxic Egg 2":9,"Runic Pyramid":19,"Self Forming Clay":2,"Oddly Smooth Stone":14,"PreservedInsect":5,"The Courier":29,"Pen Nib":29,"Frozen Egg 2":3,"Orichalcum":32,"CaptainsWheel":31,"Anchor":31,"Shuriken":31,"Art of War":16,"Membership Card":5,"Toy Ornithopter":12,"Unceasing Top":25},{"Lantern":20,"Torii":36,"Vajra":4,"Mango":48,"Bag of Preparation":14,"Smiling Mask":39,"Burning Blood":0,"ClockworkSouvenir":58,"Nunchaku":23,"Centennial Puzzle":58,"Fusion Hammer":28,"Toxic Egg 2":30,"Runic Pyramid":42,"Self Forming Clay":8,"Oddly Smooth Stone":36,"PreservedInsect":18,"The Courier":54,"Pen Nib":54,"Frozen Egg 2":11,"Orichalcum":59,"CaptainsWheel":58,"Anchor":58,"Shuriken":58,"Art of War":38,"Membership Card":18,"Toy Ornithopter":33,"Unceasing Top":50}],"Toy Ornithopter":0,"Unceasing Top":[0]},"card_choices":[{"not_picked":["Reinforced Body","Heavy Blade","Underhanded Strike"],"picked":"SKIP","floor":1},{"not_picked":["Armaments","Cold Snap","EmptyBody"],"picked":"SKIP","floor":4},{"not_picked":["ReachHeaven","Slice"],"picked":"Body Slam","floor":7},{"not_picked":["ReachHeaven","Burning Pact","Body Slam"],"picked":"SKIP","floor":8},{"not_picked":["Dash","Hologram","Halt"],"picked":"SKIP","floor":10},{"not_picked":["Juggernaut+1","Protect","WaveOfTheHand"],"picked":"SKIP","floor":12},{"not_picked":["Tactician","Twin Strike","Endless Agony"],"picked":"SKIP","floor":14},{"not_picked":["Worship","Backflip","Dodge and Roll"],"picked":"SKIP","floor":18},{"not_picked":["Twin Strike","Ball Lightning","Indignation+1"],"picked":"SKIP","floor":21},{"not_picked":["Sweeping Beam","Gash","Warcry+1"],"picked":"SKIP","floor":22},{"not_picked":["Shrug It Off+1","Slice","After Image+1"],"picked":"SKIP","floor":23},{"not_picked":["Outmaneuver+1","Worship+1","Sweeping Beam"],"picked":"SKIP","floor":24},{"not_picked":["EmptyFist","Ball Lightning","ConjureBlade+1"],"picked":"SKIP","floor":25},{"not_picked":["Pommel Strike","Perfected Strike","Conserve Battery+1"],"picked":"SKIP","floor":28},{"not_picked":["Disarm+1","EmptyFist","Double Energy+1"],"picked":"SKIP","floor":29},{"not_picked":["Streamline","ClearTheMind+1","Devotion+1"],"picked":"SKIP","floor":30},{"not_picked":["Slice","BootSequence+1"],"picked":"Prostrate+1","floor":31},{"not_picked":["EmptyBody+1","Expertise+1","Finisher+1"],"picked":"SKIP","floor":35},{"not_picked":["Dramatic Entrance","The Bomb+1"],"picked":"Madness+1","floor":37},{"not_picked":["PathToVictory+1","Clash","Deflect+1"],"picked":"SKIP","floor":38},{"not_picked":["All Out Attack+1","Halt+1","DeceiveReality+1"],"picked":"SKIP","floor":39},{"not_picked":["LikeWater+1","Flex+1","Conserve Battery+1"],"picked":"SKIP","floor":40},{"not_picked":["Stack+1","Noxious Fumes+1","Halt+1"],"picked":"SKIP","floor":41},{"not_picked":["Turbo+1","BootSequence+1","Havoc+1"],"picked":"SKIP","floor":42},{"not_picked":["Meteor Strike","SashWhip","Cold Snap+1"],"picked":"SKIP","floor":44},{"not_picked":["Backflip+1","Poisoned Stab","Alpha+1"],"picked":"SKIP","floor":45},{"not_picked":["Sweeping Beam","Sever Soul","Flex+1"],"picked":"SKIP","floor":46},{"not_picked":["Rampage","After Image+1","Slice+1"],"picked":"SKIP","floor":47},{"not_picked":["Conclude","Bouncing Flask+1","Fire Breathing+1"],"picked":"SKIP","floor":55}],"player_experience":1576292,"relics_obtained":[{"floor":5,"key":"Self Forming Clay"},{"floor":7,"key":"Frozen Egg 2"},{"floor":9,"key":"Bag of Preparation"},{"floor":10,"key":"PreservedInsect"},{"floor":12,"key":"Lantern"},{"floor":14,"key":"Nunchaku"},{"floor":19,"key":"Toxic Egg 2"},{"floor":23,"key":"Toy Ornithopter"},{"floor":25,"key":"Torii"},{"floor":26,"key":"Oddly Smooth Stone"},{"floor":29,"key":"Art of War"},{"floor":30,"key":"Smiling Mask"},{"floor":40,"key":"Mango"},{"floor":42,"key":"Unceasing Top"},{"floor":47,"key":"The Courier"},{"floor":55,"key":"Orichalcum"}],"event_choices":[{"damage_healed":0,"gold_gain":0,"player_choice":"Success","damage_taken":5,"relics_obtained":["Vajra"],"max_hp_gain":0,"max_hp_loss":0,"event_name":"Scrap Ooze","floor":2,"gold_loss":0},{"cards_removed":["Calculated Gamble"],"damage_healed":0,"gold_gain":0,"player_choice":"Card Removal","damage_taken":7,"max_hp_gain":0,"max_hp_loss":0,"event_name":"Golden Wing","floor":3,"gold_loss":0},{"damage_healed":0,"gold_gain":0,"player_choice":"Memory 3","damage_taken":10,"max_hp_gain":0,"max_hp_loss":0,"event_name":"SensoryStone","floor":37,"gold_loss":0}],"is_beta":false,"boss_relics":[{"not_picked":["Calling Bell","Astrolabe"],"picked":"Fusion Hammer"},{"not_picked":["Sozu","Black Star"],"picked":"Runic Pyramid"}],"items_purged_floors":[11,20,36],"is_endless":false,"potions_floor_spawned":[4,7,8,14,16,24,25,28,30,35,41,44,47,55],"ascension_level":20}}