{"host":"xodzlm10r37577ou","time":1607841243,"event":{"mods":["Act Like it!","BaseMod","KomeijiMod","Marisa£®ÏF”Í°°ƒß¿Ì…≥£©","Minty Spire (QoL Compilation)","Remilia£®¿Ÿ√◊¿Ú—«£©","Replay The Spire","StSLib","TestMod","The Administrix","The Bug Knight","The Servant 0.9.4","Youmu£®ªÍ∆«—˝√Œ£©"],"gold_per_floor":[110,185,14,14,14,48,48,64,64,64,90,121,147,186,198,210,210],"floor_reached":16,"playtime":485,"items_purged":[],"score":265,"play_id":"4ee82722-68fa-43e2-80dd-01817de57003","local_time":"20201213143403","is_ascension_mode":true,"campfire_choices":[{"floor":7.0,"key":"DIG"},{"floor":10.0,"key":"DIG"},{"floor":15.0,"key":"DIG"}],"circlet_count":0,"master_deck":["AscendersBane","Strike_R","Strike_R","Strike_R","Strike_R","Defend_R","Defend_R","Defend_R","Bash","Power Through","ReplayTheSpireMod:Stacked+1","Entrench","Pommel Strike","Power Through","Sentinel","Sever Soul","Fiend Fire"],"relics":["Burning Blood","testmod-TestBox","testmod-Nyarlathotep","NeowsBlessing","ReplayTheSpireMod:TigerMarble","Shovel","PreservedInsect","Replay:Bottled Flurry","Frozen Egg 2","MawBank","Strawberry","Question Card"],"acts_visited":["Exordium"],"potions_floor_usage":[],"damage_taken":[{"damage":0.0,"enemies":"Small Slimes","floor":1.0,"turns":1.0},{"damage":0.0,"enemies":"Replay:BlueRogue","floor":6.0,"turns":1.0},{"damage":0.0,"enemies":"Jaw Worm","floor":8.0,"turns":1.0},{"damage":14.0,"enemies":"Gremlin Nob","floor":11.0,"turns":4.0},{"damage":0.0,"enemies":"Cultist","floor":12.0,"turns":3.0},{"damage":4.0,"enemies":"Looter","floor":13.0,"turns":4.0},{"damage":14.0,"enemies":"HollowMod:MossKnight","floor":14.0,"turns":8.0},{"damage":0,"enemies":"Hexaghost","floor":16,"turns":1}],"seed_played":"3851701507515627775","potions_obtained":[{"floor":8.0,"key":"BlessingOfTheForge"},{"floor":11.0,"key":"Elixir"},{"floor":13.0,"key":"Fruit Juice"}],"is_trial":false,"path_per_floor":["M","?","$","?","?","E","R","M","T","R","E","M","M","E","R","B"],"character_chosen":"IRONCLAD","items_purchased":["ReplayTheSpireMod:TigerMarble"],"campfire_rested":0,"item_purchase_floors":[3],"current_hp_per_floor":[74,63,63,63,56,62,62,68,68,68,60,66,73,72,72,72,72],"gold":210,"neow_bonus":"THREE_ENEMY_KILL","is_daily":false,"chose_seed":false,"campfire_upgraded":0,"win_rate":0.0,"timestamp":1607841243,"path_taken":["M","?","$","?","?","E","R","M","T","R","E","?","M","E","R","BOSS"],"items_purchased_type":["Relic"],"build_version":"2020-11-30","purchased_purges":0,"victory":false,"max_hp_per_floor":[75,75,75,75,75,75,75,75,75,75,75,75,80,87,87,87,87],"card_choices":[{"not_picked":["Sword Boomerang","Clothesline"],"picked":"Power Through","floor":1.0},{"not_picked":["Twin Strike","Rampage"],"picked":"Entrench","floor":6.0},{"not_picked":["True Grit","Replay:Undeath\u0027s Touch"],"picked":"Pommel Strike","floor":8.0},{"not_picked":["Headbutt","Anger"],"picked":"Power Through","floor":11.0},{"not_picked":["Replay:Undeath\u0027s Touch","Twin Strike"],"picked":"Sentinel","floor":12.0},{"not_picked":["Iron Wave","Heavy Blade"],"picked":"Sever Soul","floor":13.0},{"not_picked":["Searing Blow","Disarm"],"picked":"Fiend Fire","floor":14.0}],"player_experience":860683,"relics_obtained":[{"floor":6.0,"key":"Shovel"},{"floor":7.0,"key":"PreservedInsect"},{"floor":9.0,"key":"Replay:Bottled Flurry"},{"floor":10.0,"key":"Frozen Egg 2"},{"floor":11.0,"key":"MawBank"},{"floor":14.0,"key":"Strawberry"},{"floor":15.0,"key":"Question Card"}],"event_choices":[{"damage_healed":0.0,"max_hp_gain":0.0,"max_hp_loss":0.0,"gold_gain":75.0,"event_name":"World of Goop","player_choice":"Gather Gold","floor":2.0,"gold_loss":0.0,"damage_taken":11.0},{"cards_removed":["Defend_R"],"damage_healed":0.0,"max_hp_gain":0.0,"max_hp_loss":0.0,"gold_gain":0.0,"event_name":"Golden Wing","player_choice":"Card Removal","floor":5.0,"gold_loss":0.0,"damage_taken":7.0}],"is_beta":false,"boss_relics":[],"items_purged_floors":[],"is_endless":false,"potions_floor_spawned":[8,11,13],"killed_by":"Hexaghost","ascension_level":17}}