{"host":"xy2rxz4qi1jt0r97","time":1607861347,"event":{"mods":["Act Like it!","Aspiration","BaseMod","Better Vampires","GungeonMod","HumanHunterMod(π÷ŒÔ…±»Àmod)","Minty Spire (QoL Compilation)","StSLib","[IsaacMod]“‘»ˆº‚À˛","vexMod","°æ“≈ŒÔø®≈∆°øREMEMod"],"gold_per_floor":[110,110,110,127,145,176,176,204,204,179,196,225,237,265,277,386,398,428,365,476,506,535,576,605,617,704,716,716],"floor_reached":27,"playtime":2077,"items_purged":[],"score":303,"play_id":"096abe36-f91e-4d1c-8b85-1e23f8354bc6","local_time":"20201213200907","is_ascension_mode":false,"campfire_choices":[{"data":"DoctorFetus","floor":7,"key":"SMITH"},{"data":"Seeing Red","floor":13,"key":"SMITH"},{"floor":15,"key":"REST"},{"data":"Dual Wield","floor":25,"key":"SMITH"}],"circlet_count":0,"master_deck":["Strike_R","Strike_R","Strike_R","Strike_R","Defend_R","Defend_R","Defend_R","Defend_R","Bash","DoctorFetus+1","Seeing Red+1","Twin Strike+1","Pommel Strike+1","Reaper+1","Cleave+1","Cleave+1","Pommel Strike+1","Dual Wield+1"],"relics":["Burning Blood","REME_ComplimentaryCards","HushsDoor","GuppysTail","NeowsBlessing","Molten Egg 2","Oddly Smooth Stone","Bag of Marbles","Sundial","MawBank","Mark of Pain","DemoMod:Orange","aspiration:HummingbirdHeart"],"acts_visited":["Exordium","TheCity"],"potions_floor_usage":[6,11,14,16,27],"damage_taken":[{"damage":0,"enemies":"2 Louse","floor":1,"turns":1},{"damage":0,"enemies":"Jaw Worm","floor":4,"turns":1},{"damage":0,"enemies":"Small Slimes","floor":5,"turns":1},{"damage":25,"enemies":"Lagavulin","floor":6,"turns":7},{"damage":0,"enemies":"3 Sentries","floor":8,"turns":1},{"damage":3,"enemies":"Blue Slaver","floor":11,"turns":4},{"damage":23,"enemies":"Lagavulin","floor":12,"turns":6},{"damage":18,"enemies":"Exordium Thugs","floor":14,"turns":4},{"damage":57,"enemies":"The Guardian","floor":16,"turns":8},{"damage":12,"enemies":"3 Byrds","floor":18,"turns":4},{"damage":31,"enemies":"2 Thieves","floor":21,"turns":3},{"damage":1,"enemies":"Snecko","floor":22,"turns":4},{"damage":0,"enemies":"Gremlin Leader","floor":23,"turns":5},{"damage":39,"enemies":"Centurion and Healer","floor":24,"turns":4},{"damage":69,"enemies":"REME_1_Revenger","floor":27,"turns":4}],"seed_played":"4643104743484025540","potions_obtained":[{"floor":4,"key":"EssenceOfSteel"},{"floor":5,"key":"BlessingOfTheForge"},{"floor":6,"key":"Fire Potion"},{"floor":8,"key":"LiquidBronze"},{"floor":14,"key":"Block Potion"},{"floor":22,"key":"Swift Potion"}],"is_trial":false,"path_per_floor":["M","?","?","M","M","E","R","E","T","?","M","E","R","M","R","B",null,"M","?","?","M","M","E","M","R","T","E"],"character_chosen":"IRONCLAD","items_purchased":[],"campfire_rested":1,"item_purchase_floors":[],"current_hp_per_floor":[80,80,80,80,80,61,61,67,67,67,70,53,53,41,65,14,80,79,79,79,55,60,92,66,66,66,0,0],"gold":716,"neow_bonus":"THREE_ENEMY_KILL","is_daily":false,"chose_seed":false,"campfire_upgraded":3,"win_rate":0.0,"timestamp":1607861347,"path_taken":["M","?","?","?","M","E","R","E","T","?","M","E","R","M","R","BOSS","M","?","?","?","M","E","M","R","T","E"],"items_purchased_type":[],"build_version":"2020-11-30","purchased_purges":0,"victory":false,"max_hp_per_floor":[80,80,80,80,80,80,80,80,80,80,80,80,80,80,80,80,80,80,80,80,80,80,92,92,92,92,92,92],"card_choices":[{"not_picked":[],"picked":"Bomb","floor":0},{"not_picked":["Anger","Metallicize","REME_SingleHolding"],"picked":"SKIP","floor":1},{"not_picked":["True Grit","Fire Breathing","Warcry"],"picked":"SKIP","floor":4},{"not_picked":["DemoMod:WhiteBlade+1","Infernal Blade"],"picked":"Twin Strike+1","floor":5},{"not_picked":["Ghostly Armor","Warcry"],"picked":"Seeing Red","floor":6},{"not_picked":["Iron Wave+1","Disarm"],"picked":"Twin Strike+1","floor":8},{"not_picked":["Carnage+1","Anger+1","Warcry"],"picked":"SKIP","floor":11},{"not_picked":["Dropkick+1","Anger+1"],"picked":"Pommel Strike+1","floor":12},{"not_picked":["Brutality","Heavy Blade+1","Headbutt+1"],"picked":"SKIP","floor":14},{"not_picked":["Feed+1","REME_TheLastStrike+1"],"picked":"Reaper+1","floor":16},{"not_picked":["Ghostly Armor","Intimidate"],"picked":"Cleave+1","floor":18},{"not_picked":["Clothesline+1","Shockwave"],"picked":"Cleave+1","floor":21},{"not_picked":["Clash+1","Sever Soul+1"],"picked":"Pommel Strike+1","floor":22},{"not_picked":["Feed+1","Clash+1"],"picked":"Dual Wield","floor":23},{"not_picked":["Warcry","True Grit","Carnage+1"],"picked":"SKIP","floor":24},{"not_picked":["Warcry","True Grit","Carnage+1"],"picked":"SKIP","floor":24}],"player_experience":8130,"relics_obtained":[{"floor":6,"key":"Oddly Smooth Stone"},{"floor":8,"key":"Bag of Marbles"},{"floor":9,"key":"Sundial"},{"floor":12,"key":"MawBank"},{"floor":23,"key":"DemoMod:Orange"},{"floor":26,"key":"aspiration:HummingbirdHeart"}],"event_choices":[{"cards_removed":["Injury"],"damage_healed":0,"gold_gain":0,"player_choice":"Forget","damage_taken":0,"max_hp_gain":0,"max_hp_loss":0,"event_name":"Living Wall","floor":3,"gold_loss":0},{"cards_removed":["Strike_R"],"damage_healed":0,"gold_gain":0,"player_choice":"Gave Gold","damage_taken":0,"max_hp_gain":0,"max_hp_loss":0,"event_name":"Beggar","floor":19,"gold_loss":75},{"damage_healed":0,"gold_gain":99,"player_choice":"Stole From Cult","damage_taken":0,"max_hp_gain":0,"max_hp_loss":0,"event_name":"Nest","floor":20,"gold_loss":0}],"is_beta":false,"boss_relics":[{"not_picked":["Calling Bell","aspiration:DefectSkillbook"],"picked":"Mark of Pain"},{"not_picked":[]}],"items_purged_floors":[],"is_endless":false,"potions_floor_spawned":[4,5,6,8,14,22],"killed_by":"REME_1_Revenger","ascension_level":0}}