{"host":"qrt7o4dq2qslzw13","time":1607843768,"event":{"mods":["AchievementEnabler","BaseMod","Colored Map","Colored Powertips","Minty Spire (QoL Compilation)","Quick Restart","Rare Cards Sparkle","StSLib","SuperFastMode"],"gold_per_floor":[113,129,129,39,51,51,61,61,116,116,266,306,41,65,65,163,163,179,179,69,119,119,119],"floor_reached":22,"playtime":436,"items_purged":[],"score":359,"play_id":"2316df7b-2fb1-4a7c-b3a5-9c67a256b8bf","local_time":"20201213021608","is_ascension_mode":true,"campfire_choices":[{"data":"Berserk","floor":6.0,"key":"SMITH"},{"floor":15.0,"key":"REST"}],"circlet_count":0,"master_deck":["AscendersBane","Bash","Wild Strike","Thunderclap","Good Instincts","Berserk+1","Infernal Blade","Injury","Anger","Apotheosis","Shrug It Off","Fire Breathing","Fiend Fire","Clothesline","Dark Embrace","Rage","Fiend Fire","Cleave","Combust","Twin Strike","Iron Wave","Feel No Pain","Enlightenment+1","Mind Blast","Trip"],"relics":["Burning Blood","Magic Flower","Juzu Bracelet","Golden Idol","Question Card","Pandora\u0027s Box"],"acts_visited":["Exordium","TheCity"],"potions_floor_usage":[22],"damage_taken":[{"damage":7.0,"enemies":"Cultist","floor":1.0,"turns":4.0},{"damage":0.0,"enemies":"2 Louse","floor":2.0,"turns":2.0},{"damage":4.0,"enemies":"Small Slimes","floor":5.0,"turns":3.0},{"damage":15.0,"enemies":"Looter","floor":7.0,"turns":4.0},{"damage":0.0,"enemies":"Gremlin Gang","floor":8.0,"turns":1.0},{"damage":54.0,"enemies":"3 Sentries","floor":12.0,"turns":12.0},{"damage":6.0,"enemies":"2 Fungi Beasts","floor":14.0,"turns":3.0},{"damage":33.0,"enemies":"Hexaghost","floor":16.0,"turns":8.0},{"damage":28.0,"enemies":"Spheric Guardian","floor":18.0,"turns":4.0},{"damage":17,"enemies":"Shell Parasite","floor":22,"turns":2}],"seed_played":"-1031943052324640423","potions_obtained":[{"floor":7.0,"key":"SmokeBomb"},{"floor":12.0,"key":"PowerPotion"},{"floor":14.0,"key":"SkillPotion"},{"floor":16.0,"key":"AttackPotion"},{"floor":18.0,"key":"BlessingOfTheForge"}],"is_trial":false,"path_per_floor":["M","M","?","$","M","R","M","M","T","?","?","E","$","M","R","B",null,"M","?","?","?","M"],"character_chosen":"IRONCLAD","items_purchased":["Good Instincts","Apotheosis","Shrug It Off"],"campfire_rested":1,"item_purchase_floors":[4,13,13],"current_hp_per_floor":[52,61,61,61,66,66,60,69,69,69,69,24,24,27,49,25,63,44,17,17,17,0,0],"gold":119,"neow_bonus":"ONE_RARE_RELIC","is_daily":false,"chose_seed":false,"campfire_upgraded":1,"win_rate":0.0,"timestamp":1607843768,"path_taken":["M","M","?","$","?","R","M","M","T","?","?","E","$","M","R","BOSS","M","?","?","?","M"],"items_purchased_type":["Card","Card","Card"],"build_version":"2020-11-30","purchased_purges":0,"victory":false,"max_hp_per_floor":[75,75,75,75,75,75,75,75,75,75,75,75,75,75,75,75,75,75,75,75,75,75,75],"card_choices":[{"not_picked":["Heavy Blade","Headbutt"],"picked":"Wild Strike","floor":1.0},{"not_picked":["Flex","Headbutt"],"picked":"Thunderclap","floor":2.0},{"not_picked":["Headbutt","Havoc"],"picked":"Berserk","floor":5.0},{"not_picked":["Intimidate","Headbutt"],"picked":"Infernal Blade","floor":7.0},{"not_picked":["Rage","Havoc"],"picked":"Anger","floor":12.0},{"not_picked":["Sword Boomerang","Battle Trance","Warcry"],"picked":"Fire Breathing","floor":14.0},{"not_picked":["Exhume","Corruption","Juggernaut"],"picked":"Fiend Fire","floor":16.0},{"not_picked":["Headbutt","Body Slam","Dark Embrace"],"picked":"Feel No Pain","floor":18.0}],"player_experience":444043,"relics_obtained":[{"floor":9.0,"key":"Juzu Bracelet"},{"floor":12.0,"key":"Question Card"}],"event_choices":[{"cards_removed":["Strike_R"],"damage_healed":0.0,"max_hp_gain":0.0,"max_hp_loss":0.0,"gold_gain":0.0,"event_name":"Purifier","player_choice":"Purged","floor":3.0,"gold_loss":0.0,"damage_taken":0.0},{"damage_healed":0.0,"max_hp_gain":0.0,"max_hp_loss":0.0,"gold_gain":0.0,"event_name":"Golden Idol","player_choice":"Take Wound","floor":10.0,"gold_loss":0.0,"damage_taken":0.0,"relics_obtained":["Golden Idol"],"cards_obtained":["Injury"]},{"damage_healed":0.0,"max_hp_gain":0.0,"max_hp_loss":0.0,"gold_gain":150.0,"event_name":"Liars Game","player_choice":"AGREE","floor":11.0,"gold_loss":0.0,"damage_taken":0.0,"cards_obtained":["Doubt"]},{"damage_healed":0.0,"max_hp_gain":0.0,"max_hp_loss":0.0,"gold_gain":0.0,"event_name":"Knowing Skull","player_choice":"CARD CARD CARD ","floor":19.0,"potions_obtained":[],"gold_loss":0.0,"damage_taken":27.0,"cards_obtained":["Enlightenment","Mind Blast","Trip"]},{"cards_removed":["Doubt"],"damage_healed":0.0,"max_hp_gain":0.0,"max_hp_loss":0.0,"gold_gain":0.0,"event_name":"Designer","player_choice":"Upgrade and Remove","floor":20.0,"gold_loss":110.0,"damage_taken":0.0,"cards_upgraded":["Enlightenment"]},{"damage_healed":0.0,"max_hp_gain":0.0,"max_hp_loss":0.0,"gold_gain":50.0,"event_name":"Nest","player_choice":"Stole From Cult","floor":21.0,"gold_loss":0.0,"damage_taken":0.0}],"is_beta":false,"boss_relics":[{"not_picked":["Ectoplasm","Runic Pyramid"],"picked":"Pandora\u0027s Box"}],"items_purged_floors":[],"is_endless":false,"potions_floor_spawned":[7,12,14,16,18],"killed_by":"Shell Parasite","ascension_level":19}}