{"host":"2461dio7vetlq1z3","time":1607891503,"event":{"mods":["AchievementEnabler","Aspiration","BaseMod","Hermit","Lobotomy","Minty Spire (QoL Compilation)","Relic Stats","Spicy Shops","StSLib","Waifu the Spire"],"gold_per_floor":[114,133,149,149,167,167,167,179,214,259,236,276,1,26,26,99,99,116,116,130,141,155,155,173,173,247,247,247,264,264,298,298,298,298],"floor_reached":33,"playtime":1196,"items_purged":["Strike_B"],"score":499,"play_id":"7bad5b6e-a876-4f15-b41e-73285c213db6","local_time":"20201213213143","is_ascension_mode":true,"campfire_choices":[{"data":"Doom and Gloom","floor":6,"key":"SMITH"},{"data":"Sunder","floor":8,"key":"SMITH"},{"floor":15,"key":"REST"},{"data":"Loop","floor":23,"key":"SMITH"},{"data":"Footwork","floor":25,"key":"SMITH"},{"floor":28,"key":"REST"},{"data":"Multi-Cast","floor":30,"key":"SMITH"},{"data":"Reinforced Body","floor":32,"key":"SMITH"}],"circlet_count":0,"master_deck":["AscendersBane","Strike_B","Defend_B","Defend_B","Zap","Dualcast","Conserve Battery","Sunder+1","Seek","Doom and Gloom+1","Melter","Loop+1","Self Repair","Reinforced Body+1","Multi-Cast+1","Strike_G","Acrobatics","Sucker Punch","Doom and Gloom+1","Hologram+1","Backflip+1","Footwork+1","Decay","aspiration:Polymerization"],"relics":["aspiration:FutureDiary","MawBank","Orichalcum","aspiration:FetidBarrel","Matryoshka","Membership Card","Centennial Puzzle","aspiration:EnhancedActuators","aspiration:SilentSkillbook","Blood Vial","Singing Bowl","Art of War"],"acts_visited":["Exordium","TheCity"],"potions_floor_usage":[12,16],"damage_taken":[{"damage":7,"enemies":"Small Slimes","floor":1,"turns":4},{"damage":1,"enemies":"2 Louse","floor":2,"turns":3},{"damage":1,"enemies":"Cultist","floor":3,"turns":3},{"damage":9,"enemies":"3 Louse","floor":5,"turns":3},{"damage":10,"enemies":"3 Sentries","floor":10,"turns":4},{"damage":15,"enemies":"Gremlin Nob","floor":12,"turns":3},{"damage":22,"enemies":"Lagavulin","floor":14,"turns":5},{"damage":33,"enemies":"Slime Boss","floor":16,"turns":8},{"damage":17,"enemies":"2 Thieves","floor":18,"turns":3},{"damage":18,"enemies":"3 Byrds","floor":20,"turns":5},{"damage":0,"enemies":"Snecko","floor":21,"turns":4},{"damage":20,"enemies":"Centurion and Healer","floor":22,"turns":6},{"damage":13,"enemies":"Shelled Parasite and Fungi","floor":24,"turns":4},{"damage":0,"enemies":"Cultist and Chosen","floor":29,"turns":5},{"damage":33,"enemies":"Book of Stabbing","floor":31,"turns":5},{"damage":39,"enemies":"Collector","floor":33,"turns":3}],"seed_played":"3805928403008572591","potions_obtained":[{"floor":1,"key":"Strength Potion"},{"floor":3,"key":"Strength Potion"},{"floor":18,"key":"SpeedPotion"},{"floor":21,"key":"SmokeBomb"}],"is_trial":false,"path_per_floor":["M","M","M","?","M","R","?","R","T","E","?","E","$","E","R","B",null,"M","?","M","M","M","R","M","R","T","?","R","M","R","E","R","B"],"character_chosen":"DEFECT","items_purchased":["Membership Card","Self Repair","Centennial Puzzle"],"campfire_rested":2,"item_purchase_floors":[13,13,13],"current_hp_per_floor":[57,56,55,55,46,46,41,41,41,31,48,33,33,18,39,13,57,47,47,36,43,30,30,24,24,24,24,45,56,56,25,25,0,0],"gold":298,"neow_bonus":"BOSS_RELIC","is_daily":false,"chose_seed":false,"campfire_upgraded":6,"win_rate":0.0,"timestamp":1607891503,"path_taken":["M","M","M","?","M","R","?","R","T","E","?","E","$","E","R","BOSS","M","?","M","M","M","R","M","R","T","?","R","M","R","E","R","BOSS"],"items_purchased_type":["Relic","Card","Relic"],"build_version":"2020-11-30","purchased_purges":1,"victory":false,"max_hp_per_floor":[71,71,71,71,71,71,71,71,71,71,71,71,71,71,71,71,71,71,71,71,71,71,71,71,71,71,71,71,73,73,73,73,73,73],"relic_stats":{"Blood Vial":6,"Centennial Puzzle":[24],"Singing Bowl":2,"counters":[16,68],"Art of War":[0],"Orichalcum":[42],"MawBank":72,"obtain_stats":[{"Singing Bowl":26,"aspiration:FetidBarrel":10,"Orichalcum":9,"MawBank":7,"Blood Vial":26,"Centennial Puzzle":13,"Matryoshka":12,"aspiration:EnhancedActuators":14,"aspiration:SilentSkillbook":17,"Art of War":31,"Membership Card":13,"aspiration:FutureDiary":0,"Cracked Core":0},{"Singing Bowl":13,"aspiration:FetidBarrel":5,"Orichalcum":4,"MawBank":4,"Blood Vial":13,"Centennial Puzzle":6,"Matryoshka":6,"aspiration:EnhancedActuators":7,"aspiration:SilentSkillbook":8,"Art of War":15,"Membership Card":6,"aspiration:FutureDiary":0,"Cracked Core":0},{"Singing Bowl":55,"aspiration:FetidBarrel":17,"Orichalcum":13,"MawBank":13,"Blood Vial":55,"Centennial Puzzle":20,"Matryoshka":20,"aspiration:EnhancedActuators":25,"aspiration:SilentSkillbook":33,"Art of War":65,"Membership Card":20,"aspiration:FutureDiary":0,"Cracked Core":0}]},"card_choices":[{"not_picked":["Leap","Gash"],"picked":"Conserve Battery","floor":1},{"not_picked":["Chaos","Compile Driver"],"picked":"Sunder","floor":2},{"not_picked":["FTL","Hologram"],"picked":"Seek","floor":3},{"not_picked":["Go for the Eyes","Skim"],"picked":"Doom and Gloom","floor":5},{"not_picked":["Sweeping Beam","FTL"],"picked":"Melter","floor":10},{"not_picked":["Streamline","Rebound"],"picked":"Loop","floor":12},{"not_picked":["aspiration:Polymerization","Steam"],"picked":"Reinforced Body","floor":14},{"not_picked":["Thunder Strike","Seek"],"picked":"Multi-Cast","floor":16},{"not_picked":["Dagger Spray","Terror","Leap","Beam Cell"],"picked":"SKIP","floor":18},{"not_picked":["Tempest","Prepared","Leap"],"picked":"Doom and Gloom+1","floor":20},{"not_picked":["Dodge and Roll","Steam Power","Deflect"],"picked":"Hologram+1","floor":21},{"not_picked":["Dodge and Roll","Sucker Punch","Dagger Spray"],"picked":"Backflip+1","floor":22},{"not_picked":["Stack","Barrage+1","Riddle With Holes"],"picked":"Footwork","floor":24},{"not_picked":["Storm","Blade Dance","Tactician","Envenom"],"picked":"Singing Bowl","floor":29},{"not_picked":["Heel Hook","Turbo","Aggregate"],"picked":"aspiration:Polymerization","floor":31}],"player_experience":696199,"relics_obtained":[{"floor":9,"key":"Orichalcum"},{"floor":10,"key":"aspiration:FetidBarrel"},{"floor":12,"key":"Matryoshka"},{"floor":14,"key":"aspiration:EnhancedActuators"},{"floor":26,"key":"Blood Vial"},{"floor":26,"key":"Singing Bowl"},{"floor":31,"key":"Art of War"}],"event_choices":[{"cards_removed":["Defend_B"],"damage_healed":0,"gold_gain":0,"player_choice":"Forget","damage_taken":0,"max_hp_gain":0,"max_hp_loss":0,"event_name":"Living Wall","floor":4,"gold_loss":0},{"damage_healed":0,"gold_gain":0,"player_choice":"Success","damage_taken":5,"relics_obtained":["MawBank"],"max_hp_gain":0,"max_hp_loss":0,"event_name":"Scrap Ooze","floor":7,"gold_loss":0},{"damage_healed":17,"gold_gain":0,"player_choice":"Healed","damage_taken":0,"max_hp_gain":0,"max_hp_loss":0,"event_name":"The Cleric","floor":11,"gold_loss":35},{"damage_healed":0,"gold_gain":0,"player_choice":"Smashed Altar","damage_taken":0,"max_hp_gain":0,"max_hp_loss":0,"event_name":"Forgotten Altar","floor":27,"gold_loss":0,"cards_obtained":["Decay"]}],"is_beta":false,"boss_relics":[{"not_picked":["aspiration:IroncladSkillbook","aspiration:RunicSpoon"],"picked":"aspiration:SilentSkillbook"}],"items_purged_floors":[13],"is_endless":false,"potions_floor_spawned":[1,3,18,21,29],"killed_by":"Collector","ascension_level":15}}