{"host":"a3gl5es7j3fsfxu2","time":1607866501,"event":{"mods":["A Magickal Journey","AchievementEnabler","BaseMod","Better Third Choice","BetterRewards","Conspire","Custom Start","DeckTracker","Dio Mod","Gold Saver","GungeonMod","Halation","Hermit","Hubris","Infinite Spire","Jedi Mod","Jorbs\u0027s Wanderer Trilogy","Minty Spire (QoL Compilation)","Permanent Neow","Potionbrewer","Quick Restart","Relic Filter","Relic Sorter","Remove Card Discount Mod","Replay The Spire","Robot Space Explorer","Spicy Shops","StSLib","The Animator","The Bladedancer","The Dragon Tamer","The Exalted","The Poker Player","The Problem Sleuth","vexMod"],"gold_per_floor":[9869,8605,8605,8641,8672,7515,7515,7526,7553,7564,7564,7564,6488,6508,6508,6612,6612,6631,5175,5211,5318,5335,5335,5335,5335,5335],"floor_reached":25,"playtime":1682,"items_purged":["DemoMod:Strike_Huntress","DemoMod:Strike_Huntress","DemoMod:Strike_Huntress","DemoMod:TableSutra","DemoMod:RustySidearm","DemoMod:Defend_Huntress","DemoMod:Defend_Huntress","Regret","Pain","Regret","DemoMod:Defend_Huntress","DemoMod:BattleInHaste","DemoMod:CrossBow","DemoMod:PotionOfGunFriendShip+1","DemoMod:Defend_Huntress"],"score":343,"play_id":"832806ec-1ef3-4070-8074-5bd15e805a25","local_time":"20201213143501","is_ascension_mode":false,"campfire_choices":[{"data":"DemoMod:LifeOrb","floor":7.0,"key":"SMITH"},{"data":"DemoMod:FullFirepower","floor":12.0,"key":"SMITH"},{"data":"DemoMod:PotionOfGunFriendShip","floor":15.0,"key":"SMITH"},{"data":"DemoMod:FastSwitch","floor":23,"key":"SMITH"}],"circlet_count":0,"master_deck":["DemoMod:Roll","DemoMod:ManualReload+1","DemoMod:DoubleSwitch","DemoMod:MachoBrace","DemoMod:ShadowBullets+1","DemoMod:FullFirepower+1","DemoMod:CursedBullets","DemoMod:GunShield","DemoMod:TripleGun","DemoMod:FastSwitch+1","DemoMod:FastSwitch","DemoMod:LifeOrb+1","DemoMod:ShadowBullets+1","DemoMod:BSG","DemoMod:HardPowerCard+1","DemoMod:GunShield","DemoMod:GunShield","DemoMod:AbyssalTentacle","DemoMod:ShadowBullets+1","DemoMod:Behold!+1","DemoMod:Unmoved","DemoMod:Unmoved","DemoMod:Unmoved","DemoMod:CursedBullets","DemoMod:CursedBullets","DemoMod:CursedBullets","DemoMod:CursedBullets","DemoMod:CursedBullets","DemoMod:CursedBullets","DemoMod:CursedBullets","DemoMod:CursedBullets","DemoMod:CursedBullets","DemoMod:CursedBullets","DemoMod:CursedBullets","DemoMod:CursedBullets","DemoMod:CursedBullets","DemoMod:CursedBullets","DemoMod:CursedBullets","DemoMod:FinishedGun","DemoMod:FinishedGun"],"relics":["DemoMod:Dog","halation:Komachan","hubris:SphereOfDissonance","potionbrewer:BoosterPack","halation:NonexistentMirror","DemoMod:MemoryAlloy","Akabeko","MawBank","DemoMod:GreenGuonStone","vexMod:Cooldron","hubris:TenFootPole","DemoMod:GnawedKey","Art of War","DemoMod:Orange","infinitespire:Beetle Shell","vexMod:PlasmaPancake","jedi:fakemustache","jedi:Pinwheel","DemoMod:Plus1Bullets","DemoMod:Metronome","DollysMirror","vexMod:ImprovementManual","White Beast Statue","Shovel","potionbrewer:Keyblade","Shuriken","infinitespire:Bottled Soul"],"acts_visited":["Exordium","TheCity"],"potions_floor_usage":[21,25,25,25,25,25,25,25,25],"damage_taken":[{"damage":3.0,"enemies":"Jaw Worm","floor":1.0,"turns":4.0},{"damage":14.0,"enemies":"Cultist","floor":4.0,"turns":5.0},{"damage":2.0,"enemies":"Cultist","floor":5.0,"turns":2.0},{"damage":0.0,"enemies":"Small Slimes","floor":8.0,"turns":3.0},{"damage":9.0,"enemies":"Blue Slaver","floor":10.0,"turns":2.0},{"damage":0.0,"enemies":"2 Fungi Beasts","floor":14.0,"turns":3.0},{"damage":32,"enemies":"Hexaghost","floor":16,"turns":4},{"damage":0,"enemies":"Chosen","floor":18,"turns":1},{"damage":14,"enemies":"2 Thieves","floor":20,"turns":2},{"damage":53,"enemies":"Centurion and Healer","floor":21,"turns":5},{"damage":0,"enemies":"Cultist and Chosen","floor":22,"turns":2},{"damage":44,"enemies":"conspire:HollyBat","floor":25,"turns":6}],"seed_played":"8500408015765965575","potions_obtained":[{"floor":8.0,"key":"EntropicBrew"},{"floor":10.0,"key":"EntropicBrew"},{"floor":21,"key":"EntropicBrew"}],"is_trial":false,"path_per_floor":["M","$","?","?","M","$","R","M","T","M","?","R","$","M","R","B",null,"M","$","M","M","M","R","?","M"],"character_chosen":"HUNTRESS","items_purchased":["hubris:SphereOfDissonance","potionbrewer:BoosterPack","DemoMod:CursedBullets","DemoMod:PotionOfGunFriendShip","DemoMod:GunShield","DemoMod:TripleGun","halation:NonexistentMirror","DemoMod:MemoryAlloy","DuplicationPotion","Strength Potion","DemoMod:GreenGuonStone","vexMod:Cooldron","hubris:TenFootPole","DemoMod:GnawedKey","Art of War","DemoMod:Orange","halation:Komachan","DemoMod:ShadowBullets","DemoMod:GunShield","vexMod:PlasmaPancake","jedi:fakemustache","jedi:Pinwheel","DemoMod:Plus1Bullets","DemoMod:Metronome","DollysMirror","DemoMod:AbyssalTentacle","White Beast Statue","Shovel","potionbrewer:Keyblade","Shuriken","infinitespire:Bottled Soul","DemoMod:CursedBullets"],"campfire_rested":0,"item_purchase_floors":[2,2,2,2,2,2,2,2,2,2,6,6,6,6,6,6,6,6,13,13,13,13,13,13,13,13,19,19,19,19,19,19],"current_hp_per_floor":[67,67,67,53,51,63,63,63,63,60,60,60,88,88,88,56,88,88,88,74,39,39,39,33,0,0],"gold":5335,"neow_bonus":"UPGRADE_CARD","is_daily":false,"chose_seed":false,"campfire_upgraded":4,"win_rate":0.0,"timestamp":1607866501,"path_taken":["M","$","?","?","M","$","R","?","T","M","?","R","$","M","R","BOSS","M","$","M","M","M","R","?","M"],"items_purchased_type":["Relic","Relic","Card","Card","Card","Card","Relic","Relic","Potion","Potion","Relic","Relic","Relic","Relic","Relic","Relic","Relic","Card","Card","Relic","Relic","Relic","Relic","Relic","Relic","Card","Relic","Relic","Relic","Relic","Relic","Card"],"build_version":"2020-11-30","purchased_purges":15,"victory":false,"max_hp_per_floor":[70,70,70,70,70,82,82,82,82,82,82,82,88,88,88,88,88,88,88,88,88,88,88,93,93,93],"card_choices":[{"not_picked":["DemoMod:JK47","DemoMod:AWP"],"picked":"DemoMod:DirectionalPad","floor":1.0},{"not_picked":["DemoMod:TeaPot","DemoMod:BattleInHaste"],"picked":"DemoMod:FastSwitch","floor":4.0},{"not_picked":["DemoMod:ProbeStrike","DemoMod:DirectionalPad"],"picked":"DemoMod:LifeOrb","floor":5.0},{"not_picked":["DemoMod:Rummage","DemoMod:AWP"],"picked":"DemoMod:BSG","floor":8.0},{"not_picked":["DemoMod:TeaPot","DemoMod:LifeOrb"],"picked":"DemoMod:HardPowerCard","floor":10.0},{"not_picked":["DemoMod:HungryBullets","DemoMod:StickyCrossBow"],"picked":"DemoMod:ShadowBullets","floor":14.0},{"not_picked":["DemoMod:BulletBore","DemoMod:FinishedGun"],"picked":"DemoMod:Behold!","floor":16},{"not_picked":["DemoMod:BoxingGlove","DemoMod:DirectionalPad"],"picked":"DemoMod:Unmoved","floor":18},{"not_picked":["DemoMod:ProbeStrike","DemoMod:BattleInHaste","DemoMod:CursedBullets+1"],"picked":"SKIP","floor":20},{"not_picked":["DemoMod:MachoBrace+1","DemoMod:Unmoved+1","DemoMod:MegaHand"],"picked":"SKIP","floor":21},{"not_picked":["DemoMod:Purify+1","DemoMod:Unmoved"],"picked":"DemoMod:FinishedGun","floor":22}],"player_experience":369624,"relics_obtained":[{"floor":4.0,"key":"MawBank"},{"floor":9.0,"key":"infinitespire:Beetle Shell"}],"event_choices":[{"damage_healed":0.0,"max_hp_gain":0.0,"max_hp_loss":0.0,"gold_gain":0.0,"event_name":"Big Fish","player_choice":"Box","floor":3.0,"gold_loss":0.0,"damage_taken":0.0,"relics_obtained":["Akabeko"],"cards_obtained":["Regret"]},{"damage_healed":0,"gold_gain":0,"player_choice":"Shed Blood","damage_taken":22,"max_hp_gain":5,"max_hp_loss":0,"event_name":"Forgotten Altar","floor":24,"gold_loss":0}],"is_beta":false,"boss_relics":[{"not_picked":["Bromod:ArcaneGrace","DemoMod:Test1"],"picked":"vexMod:ImprovementManual"}],"items_purged_floors":[2,2,2,2,2,2,2,6,6,6,13,13,13,19,19],"is_endless":false,"potions_floor_spawned":[8,10,18,20,21,22],"killed_by":"conspire:HollyBat","ascension_level":0}}