{"host":"nsxzlb359hv0da5z","time":1607828535,"event":{"mods":["BaseMod","Bestiary","Colored Map","Minty Spire (QoL Compilation)","Permanent Neow","Relic Stats","Slay the Relics Exporter","ojb\u0027s Info Mod"],"gold_per_floor":[118,118,26,44,55,55,82,82,82,82,31,31,42,76,76,151,151,169,55,66,66,66,66,97,97,97,132,161,171,171,171,171,252,252,277,306,330,350,359,359,393,418,445,475,435,452,476,489,489,489,489,489],"floor_reached":51,"playtime":6784,"items_purged":["Strike_G"],"score":1560,"play_id":"aa8863ea-a66c-4316-ab54-64fe00ae8b1e","local_time":"20201212190215","is_ascension_mode":true,"campfire_choices":[{"data":"Dagger Spray","floor":6,"key":"SMITH"},{"data":"Predator","floor":8,"key":"SMITH"},{"data":"Footwork","floor":10,"key":"SMITH"},{"data":"Blade Dance","floor":12,"key":"SMITH"},{"data":"Blur","floor":15,"key":"SMITH"},{"data":"Terror","floor":23,"key":"SMITH"},{"data":"Blade Dance","floor":25,"key":"SMITH"},{"data":"Noxious Fumes","floor":32,"key":"SMITH"},{"data":"Wraith Form v2","floor":40,"key":"SMITH"},{"floor":49,"key":"RECALL"}],"circlet_count":0,"master_deck":["AscendersBane","Strike_G+1","Strike_G+1","Strike_G+1","Strike_G+1","Defend_G+1","Defend_G+1","Defend_G+1","Defend_G+1","Survivor","Neutralize+1","Dagger Spray+1","Riddle With Holes","Predator+1","Footwork+1","Blade Dance+1","Backstab","Blur+1","After Image","Deflect","Noxious Fumes+1","Backstab","Terror+1","Blade Dance+1","Backflip","Dodge and Roll","Wraith Form v2+1","Footwork+1","Dodge and Roll","Mayhem","Deflect+1","Footwork+1"],"relics":["Ring of the Snake","Ornamental Fan","Akabeko","Bag of Marbles","Orichalcum","WristBlade","Shuriken","Gremlin Horn","CeramicFish","Torii","Busted Crown","Unceasing Top","Art of War","Mummified Hand"],"acts_visited":["Exordium","TheCity","TheBeyond"],"potions_floor_usage":[7,16,33,33,41,42,50,50],"damage_taken":[{"damage":2,"enemies":"Small Slimes","floor":1,"turns":6},{"damage":0,"enemies":"Jaw Worm","floor":4,"turns":3},{"damage":0,"enemies":"Cultist","floor":5,"turns":3},{"damage":15,"enemies":"Gremlin Nob","floor":7,"turns":4},{"damage":0,"enemies":"Lots of Slimes","floor":13,"turns":3},{"damage":0,"enemies":"3 Sentries","floor":14,"turns":2},{"damage":7,"enemies":"Hexaghost","floor":16,"turns":9},{"damage":0,"enemies":"3 Byrds","floor":18,"turns":5},{"damage":0,"enemies":"Shell Parasite","floor":20,"turns":1},{"damage":7,"enemies":"Book of Stabbing","floor":24,"turns":3},{"damage":0,"enemies":"Gremlin Leader","floor":27,"turns":3},{"damage":0,"enemies":"3 Cultists","floor":28,"turns":3},{"damage":0,"enemies":"Shelled Parasite and Fungi","floor":29,"turns":2},{"damage":14,"enemies":"Automaton","floor":33,"turns":7},{"damage":0,"enemies":"Orb Walker","floor":35,"turns":1},{"damage":0,"enemies":"3 Shapes","floor":36,"turns":3},{"damage":0,"enemies":"Maw","floor":38,"turns":6},{"damage":8,"enemies":"Nemesis","floor":41,"turns":7},{"damage":0,"enemies":"Transient","floor":42,"turns":6},{"damage":0,"enemies":"Reptomancer","floor":44,"turns":2},{"damage":8,"enemies":"Writhing Mass","floor":46,"turns":6},{"damage":0,"enemies":"Maw","floor":47,"turns":6},{"damage":9,"enemies":"Sphere and 2 Shapes","floor":48,"turns":4},{"damage":20,"enemies":"Donu and Deca","floor":50,"turns":6},{"damage":17,"enemies":"Time Eater","floor":51,"turns":2}],"seed_played":"1575924465597467040","potions_obtained":[{"floor":5,"key":"EssenceOfSteel"},{"floor":7,"key":"CunningPotion"},{"floor":13,"key":"Block Potion"},{"floor":16,"key":"Block Potion"},{"floor":27,"key":"Energy Potion"},{"floor":28,"key":"Strength Potion"},{"floor":35,"key":"GamblersBrew"},{"floor":36,"key":"Strength Potion"},{"floor":42,"key":"Ancient Potion"},{"floor":44,"key":"Strength Potion"},{"floor":45,"key":"SteroidPotion"}],"is_trial":false,"path_per_floor":["M","?","?","M","M","R","E","R","T","R","$","R","M","E","R","B",null,"M","$","M","?","?","R","E","R","T","E","M","M","$","?","R","B",null,"M","M","T","M","?","R","E","M","T","E","?","M","M","M","R","B","B"],"character_chosen":"THE_SILENT","items_purchased":["Blade Dance","Noxious Fumes"],"campfire_rested":0,"item_purchase_floors":[11,19],"current_hp_per_floor":[57,50,50,50,50,50,35,35,35,35,35,35,35,35,35,28,57,57,57,57,57,57,57,50,50,50,50,50,50,50,50,50,36,59,59,59,59,59,59,59,51,51,51,51,51,43,43,34,34,14,0,0],"gold":489,"neow_bonus":"UPGRADE_CARD","is_daily":false,"chose_seed":false,"campfire_upgraded":9,"win_rate":0.0,"timestamp":1607828535,"path_taken":["M","?","?","?","M","R","E","R","T","R","?","R","M","E","R","BOSS","M","$","M","?","?","R","E","R","T","E","M","M","$","?","R","BOSS","M","M","?","M","?","R","E","M","T","E","?","M","M","M","R","BOSS","BOSS"],"items_purchased_type":["Card","Card"],"build_version":"2020-11-30","purchased_purges":1,"victory":false,"max_hp_per_floor":[66,66,66,66,66,66,66,66,66,66,66,66,66,66,66,66,66,66,66,66,66,66,66,66,66,66,66,66,66,66,66,66,66,66,66,66,66,66,66,66,66,66,66,66,66,66,66,66,66,66,66,66],"relic_stats":{"Gremlin Horn":[15,15],"Torii":9,"counters":[25,103],"CeramicFish":72,"Orichalcum":[6],"Busted Crown":20,"Ornamental Fan":[268],"Shuriken":[46],"Mummified Hand":[29],"Art of War":[1],"obtain_stats":[{"Gremlin Horn":26,"Torii":31,"CeramicFish":27,"Orichalcum":14,"Akabeko":7,"Busted Crown":34,"WristBlade":17,"Ornamental Fan":3,"Shuriken":24,"Mummified Hand":44,"Bag of Marbles":9,"Art of War":43,"Unceasing Top":41,"Ring of the Snake":0},{"Gremlin Horn":10,"Torii":13,"CeramicFish":11,"Orichalcum":6,"Akabeko":4,"Busted Crown":14,"WristBlade":7,"Ornamental Fan":1,"Shuriken":10,"Mummified Hand":20,"Bag of Marbles":4,"Art of War":19,"Unceasing Top":18,"Ring of the Snake":0},{"Gremlin Horn":39,"Torii":47,"CeramicFish":42,"Orichalcum":21,"Akabeko":16,"Busted Crown":54,"WristBlade":30,"Ornamental Fan":6,"Shuriken":39,"Mummified Hand":79,"Bag of Marbles":16,"Art of War":77,"Unceasing Top":71,"Ring of the Snake":0}],"Unceasing Top":[14],"Ring of the Snake":[50]},"card_choices":[{"not_picked":["Flying Knee","Escape Plan"],"picked":"Dagger Spray","floor":1},{"not_picked":["Caltrops","Acrobatics"],"picked":"Riddle With Holes","floor":4},{"not_picked":["Accuracy","Sucker Punch"],"picked":"Predator","floor":5},{"not_picked":["Concentrate","Outmaneuver"],"picked":"Footwork","floor":7},{"not_picked":["Accuracy","Slice"],"picked":"Backstab","floor":13},{"not_picked":["Blade Dance","Endless Agony"],"picked":"Blur","floor":14},{"not_picked":["Tools of the Trade","Doppelganger"],"picked":"After Image","floor":16},{"not_picked":["Slice","Calculated Gamble"],"picked":"Deflect","floor":18},{"not_picked":["All Out Attack","Outmaneuver"],"picked":"Backstab","floor":20},{"not_picked":["Bane+1","Masterful Stab"],"picked":"Blade Dance","floor":24},{"not_picked":["Setup","Flechettes"],"picked":"Backflip","floor":27},{"not_picked":["Caltrops","Deflect+1"],"picked":"Dodge and Roll","floor":28},{"not_picked":["Acrobatics","Outmaneuver+1","Flying Knee"],"picked":"SKIP","floor":29},{"not_picked":["Grand Finale","Bullet Time"],"picked":"Wraith Form v2","floor":33},{"not_picked":[],"picked":"Footwork+1","floor":35},{"not_picked":[],"picked":"Dodge and Roll","floor":36},{"not_picked":["Bane"],"picked":"SKIP","floor":38},{"not_picked":[],"picked":"Mayhem","floor":39},{"not_picked":["Finisher"],"picked":"SKIP","floor":41},{"not_picked":[],"picked":"Deflect+1","floor":42},{"not_picked":["Outmaneuver"],"picked":"SKIP","floor":44},{"not_picked":["Poisoned Stab"],"picked":"SKIP","floor":46},{"not_picked":[],"picked":"Footwork+1","floor":47},{"not_picked":["Slice"],"picked":"SKIP","floor":48}],"player_experience":1773879,"relics_obtained":[{"floor":7,"key":"Akabeko"},{"floor":9,"key":"Bag of Marbles"},{"floor":14,"key":"Orichalcum"},{"floor":24,"key":"Shuriken"},{"floor":26,"key":"Gremlin Horn"},{"floor":27,"key":"CeramicFish"},{"floor":31,"key":"Torii"},{"floor":41,"key":"Unceasing Top"},{"floor":43,"key":"Art of War"},{"floor":44,"key":"Mummified Hand"}],"event_choices":[{"cards_removed":["Defend_G"],"damage_healed":0,"gold_gain":0,"player_choice":"Card Removal","damage_taken":7,"max_hp_gain":0,"max_hp_loss":0,"event_name":"Golden Wing","floor":2,"gold_loss":0},{"damage_healed":0,"gold_gain":0,"player_choice":"Paid Gold","damage_taken":0,"relics_obtained":["Ornamental Fan"],"max_hp_gain":0,"max_hp_loss":0,"event_name":"WeMeetAgain","floor":3,"gold_loss":92},{"damage_healed":0,"gold_gain":0,"player_choice":"Simplicity","damage_taken":0,"max_hp_gain":0,"max_hp_loss":0,"event_name":"Back to Basics","floor":21,"gold_loss":0,"cards_upgraded":["Strike_G","Strike_G","Strike_G","Strike_G","Defend_G","Defend_G","Defend_G","Defend_G"]},{"damage_healed":0,"gold_gain":0,"player_choice":"Read","damage_taken":0,"max_hp_gain":0,"max_hp_loss":0,"event_name":"The Library","floor":22,"gold_loss":0,"cards_obtained":["Terror"]},{"damage_healed":0,"gold_gain":0,"player_choice":"Relic","damage_taken":0,"max_hp_gain":0,"max_hp_loss":0,"event_name":"Wheel of Change","floor":31,"gold_loss":0},{"damage_healed":0,"gold_gain":0,"player_choice":"Memory 1","damage_taken":0,"max_hp_gain":0,"max_hp_loss":0,"event_name":"SensoryStone","floor":39,"gold_loss":0},{"damage_healed":0,"gold_gain":0,"player_choice":"Bought 3 Potions","damage_taken":0,"max_hp_gain":0,"max_hp_loss":0,"event_name":"The Woman in Blue","floor":45,"gold_loss":0}],"is_beta":false,"boss_relics":[{"not_picked":["SacredBark","Ectoplasm"],"picked":"WristBlade"},{"not_picked":["Tiny House","Runic Pyramid"],"picked":"Busted Crown"}],"items_purged_floors":[19],"is_endless":false,"potions_floor_spawned":[5,7,13,14,16,24,27,28,35,36,42,44,46],"killed_by":"Time Eater","ascension_level":20}}