{"host":"684z1xpuwaoqmmh1","time":1607864339,"event":{"mods":["BaseMod","Downfall","Hermit","Jorbs\u0027s Wanderer Trilogy","Marisa????????","Minty Spire (QoL Compilation)","StSLib","The Bug Knight","The Hierophant","The Mystic","The Runesmith"],"gold_per_floor":[99,109,34,134,164,74,74,74,74,100,115,125,151,36,46,119,119,119,134,169,189,205,216,216,245,260,110,315,315,385,435,454,531,581,581,614,625,645,673,687,687,687,701,730,444,494,169,231,250,250,250,284,27,27,27],"floor_reached":56,"playtime":3816,"items_purged":["Slimebound:Icky","hexamod:Strike","hexamod:Defend"],"score":2449,"play_id":"536ad991-4fc3-4e43-9af1-6bb61c833e4d","local_time":"20201213145859","is_ascension_mode":true,"campfire_choices":[{"floor":1.0,"key":"RECALL"},{"data":"hexamod:Float","floor":3.0,"key":"SMITH"},{"data":"hexamod:RadiantFlame","floor":9.0,"key":"SMITH"},{"data":"hexamod:Incineration","floor":18.0,"key":"SMITH"},{"data":"hexamod:EmpoweredFlame","floor":27.0,"key":"SMITH"},{"data":"hexamod:RainOfEmbers","floor":35,"key":"SMITH"},{"data":"hexamod:VolcanoVisage","floor":42,"key":"SMITH"},{"data":"expansioncontent:StudyTheSpire","floor":54,"key":"SMITH"}],"circlet_count":0,"master_deck":["AscendersBane","hexamod:Strike","hexamod:Strike","hexamod:Strike","hexamod:Defend","hexamod:Defend","hexamod:Defend+1","hexamod:Sear+1","hexamod:Float+1","hexamod:RadiantFlame+1","hexamod:Toasty+1","hexamod:ShieldOfDarkness","hexamod:ChargedBarrage","hexamod:HauntingEcho","hexamod:UnlimitedPower+1","hexamod:RadiantFlame","hexamod:SwordOfDarkness","hexamod:Incineration+1","hexamod:UnlimitedPower+1","hexamod:PowerFromBeyond+1","hexamod:TimeWarp","hexamod:GhostOfSpirePresent","hexamod:HexaLevel","hexamod:EmpoweredFlame+1","hexamod:ShieldOfDarkness+1","hexamod:PowerFromBeyond+1","hexamod:UnlimitedPower+1","hexamod:GhostflameBarrier+1","hexamod:FirstSeal","hexamod:Hexaguard+1","hexamod:VolcanoVisage+1","hexamod:RainOfEmbers+1","hexamod:StepThrough","hexamod:FastForward+1","hexamod:TurnItUp+1","hexamod:PhantomCloak","hexamod:PowerFromBeyond+1","hexamod:Toasty","expansioncontent:StudyTheSpire+1","hexamod:EmpoweredFlame+1","hexamod:GhostOfSpireFuture+1","hexamod:StepThrough"],"relics":["hexamod:SpiritBrand","downfall:HeartBlessingRed","PreservedInsect","Toxic Egg 2","FossilizedHelix","hexamod:TheBrokenSeal","sneckomod:SneckoTalon","Art of War","Shuriken","downfall:HeartBlessingGreen","downfall:HeartBlessingBlue","SsserpentHead","Tiny House","Guardian:PocketSentry","Lantern","Letter Opener","Orichalcum","Kunai","TheAbacus","White Beast Statue","Strawberry"],"acts_visited":["Exordium","TheCity","TheBeyond","TheEnding"],"potions_floor_usage":[33,36,38,40,44,47,50,55,55],"damage_taken":[{"damage":7.0,"enemies":"2 Louse","floor":2.0,"turns":4.0},{"damage":45.0,"enemies":"Lagavulin","floor":5.0,"turns":9.0},{"damage":4.0,"enemies":"downfall:FleeingMerchant","floor":6.0,"turns":4.0},{"damage":19.0,"enemies":"Gremlin Nob","floor":10.0,"turns":4.0},{"damage":10.0,"enemies":"Small Slimes","floor":11.0,"turns":5.0},{"damage":0.0,"enemies":"Cultist","floor":12.0,"turns":5.0},{"damage":16.0,"enemies":"Red Slaver","floor":13.0,"turns":4.0},{"damage":0.0,"enemies":"downfall:FleeingMerchant","floor":14.0,"turns":4.0},{"damage":0.0,"enemies":"Large Slime","floor":15.0,"turns":3.0},{"damage":29.0,"enemies":"downfall:Silent","floor":16.0,"turns":6.0},{"damage":0.0,"enemies":"3 Byrds","floor":19.0,"turns":4.0},{"damage":0.0,"enemies":"Gremlin Leader","floor":20.0,"turns":3.0},{"damage":0.0,"enemies":"Shell Parasite","floor":21.0,"turns":3.0},{"damage":11.0,"enemies":"Centurion and Healer","floor":22.0,"turns":4.0},{"damage":8.0,"enemies":"Snake Plant","floor":23.0,"turns":3.0},{"damage":11.0,"enemies":"Book of Stabbing","floor":25.0,"turns":3.0},{"damage":0.0,"enemies":"Sentry and Sphere","floor":26.0,"turns":3.0},{"damage":0.0,"enemies":"downfall:FleeingMerchant","floor":28.0,"turns":4.0},{"damage":0.0,"enemies":"Centurion and Healer","floor":30.0,"turns":3.0},{"damage":0.0,"enemies":"3 Cultists","floor":32.0,"turns":3.0},{"damage":0,"enemies":"downfall:Defect","floor":33,"turns":5},{"damage":50,"enemies":"Reptomancer","floor":36,"turns":6},{"damage":0,"enemies":"Orb Walker","floor":37,"turns":2},{"damage":5,"enemies":"3 Darklings","floor":38,"turns":3},{"damage":0,"enemies":"Nemesis","floor":39,"turns":3},{"damage":0,"enemies":"4 Shapes","floor":40,"turns":4},{"damage":0,"enemies":"Writhing Mass","floor":43,"turns":4},{"damage":0,"enemies":"Reptomancer","floor":44,"turns":4},{"damage":0,"enemies":"Sphere and 2 Shapes","floor":48,"turns":4},{"damage":33,"enemies":"Transient","floor":49,"turns":5},{"damage":0,"enemies":"downfall:Ironclad","floor":50,"turns":8},{"damage":14,"enemies":"downfall:CharBossMerchant","floor":52,"turns":6},{"damage":28,"enemies":"downfall:NeowBoss","floor":55,"turns":22}],"seed_played":"-2018934841913477255","potions_obtained":[{"floor":12.0,"key":"sneckomod:MuddlingPotion"},{"floor":13.0,"key":"PowerPotion"},{"floor":13.0,"key":"hexamod:EctoCoolerPotion"},{"floor":23.0,"key":"Explosive Potion"},{"floor":26.0,"key":"hexamod:EctoCoolerPotion"},{"floor":33,"key":"Explosive Potion"},{"floor":34,"key":"hexamod:InfernoChargePotion"},{"floor":36,"key":"Energy Potion"},{"floor":39,"key":"EntropicBrew"},{"floor":40,"key":"sneckomod:MuddlingPotion"},{"floor":48,"key":"Strength Potion"}],"is_trial":false,"path_per_floor":["R","M","R","?","E","$","T","?","R","E","M","M","M","$","M","B",null,"R","M","E","M","M","M","T","E","M","R","$","?","M","?","M","B",null,"R","E","M","M","E","M","T","R","M","E","$","?","$","M","M","B",null,"E","$","R","B",null],"character_chosen":"THE_SPIRIT","items_purchased":["Kunai","Fruit Juice","expansioncontent:StudyTheSpire","Strawberry","hexamod:StepThrough","SkillPotion"],"campfire_rested":0,"item_purchase_floors":[45,47,47,53,53,53],"current_hp_per_floor":[57,50,50,50,5,1,1,73,73,54,44,51,83,83,83,54,76,76,76,76,76,65,57,57,46,46,56,56,56,56,56,56,63,88,88,45,45,40,47,54,54,54,61,61,61,61,66,66,40,47,87,73,80,80,62],"gold":27,"neow_bonus":"ONE_RANDOM_RARE_CARD","is_daily":false,"chose_seed":false,"campfire_upgraded":7,"win_rate":0.0,"timestamp":1607864339,"path_taken":["R","M","R","?","E","$","T","?","R","E","M","M","?","$","M","BOSS","R","M","E","M","M","M","T","E","M","R","$","?","?","?","M","BOSS","R","E","M","M","E","M","T","R","M","E","$","?","$","?","M","BOSS","E","$","R","BOSS"],"items_purchased_type":["Relic","Potion","Card","Relic","Card","Potion"],"build_version":"2020-11-30","purchased_purges":3,"victory":true,"max_hp_per_floor":[63,63,63,63,63,63,63,73,73,73,73,73,83,83,83,83,83,83,83,83,80,80,80,80,80,80,90,90,90,90,90,90,90,95,95,95,95,95,95,95,95,95,95,95,95,95,100,100,100,100,100,100,107,107,107],"card_choices":[{"not_picked":["hexamod:FifthSeal","hexamod:FirstSeal"],"picked":"hexamod:ThirdSeal","floor":2.0},{"not_picked":["hexamod:InspiringFlames","hexamod:NightmareGuise"],"picked":"hexamod:RadiantFlame","floor":2.0},{"not_picked":["hexamod:FirstSeal","hexamod:ThirdSeal"],"picked":"hexamod:SixthSeal","floor":5.0},{"not_picked":["hexamod:PhantomFireball","hexamod:BurningTouch"],"picked":"hexamod:Toasty","floor":5.0},{"not_picked":["hexamod:Again","hexamod:PowerFromBeyond"],"picked":"hexamod:ShieldOfDarkness","floor":5.0},{"not_picked":["hexamod:InspiringFlames","hexamod:PhantomFireball"],"picked":"hexamod:ChargedBarrage","floor":6.0},{"not_picked":["hexamod:RainOfEmbers","hexamod:SoulSteal"],"picked":"hexamod:HauntingEcho","floor":6.0},{"not_picked":["hexamod:FirstSeal","hexamod:FifthSeal"],"picked":"hexamod:SixthSeal","floor":10.0},{"not_picked":["hexamod:ThirdSeal","hexamod:Again+1"],"picked":"hexamod:UnlimitedPower+1","floor":10.0},{"not_picked":["hexamod:SecondSeal","hexamod:SixthSeal"],"picked":"hexamod:FirstSeal","floor":11.0},{"not_picked":["hexamod:GhostShield+1","hexamod:GhostLash"],"picked":"hexamod:RadiantFlame","floor":11.0},{"not_picked":["hexamod:SpectersWail","hexamod:GhostShield+1","hexamod:RetreatToShadows+1"],"picked":"SKIP","floor":11.0},{"not_picked":["hexamod:GhostShield+1","hexamod:NightmareGuise+1"],"picked":"hexamod:SecondSeal","floor":12.0},{"not_picked":["hexamod:SecondSeal","hexamod:FifthSeal"],"picked":"hexamod:FourthSeal","floor":12.0},{"not_picked":["hexamod:Firestarter","hexamod:DynamicBlow"],"picked":"hexamod:SwordOfDarkness","floor":12.0},{"not_picked":["hexamod:SpectralAdrenaline+1","hexamod:RainOfEmbers"],"picked":"hexamod:Incineration","floor":13.0},{"not_picked":["hexamod:SwordOfDarkness","hexamod:NightmareStrike"],"picked":"hexamod:UnlimitedPower+1","floor":14.0},{"not_picked":["hexamod:NightmareStrike","hexamod:Firestarter"],"picked":"hexamod:PowerFromBeyond+1","floor":15.0},{"not_picked":["hexamod:TurnItUp+1","hexamod:UnleashSpirits"],"picked":"hexamod:TimeWarp","floor":16.0},{"not_picked":["hexamod:GhostOfSpirePast","hexamod:AdvancingGuard+1"],"picked":"hexamod:GhostOfSpirePresent","floor":19.0},{"not_picked":["hexamod:AdvancingGuard+1","hexamod:Firestarter"],"picked":"hexamod:HexaLevel","floor":20.0},{"not_picked":["hexamod:RainOfEmbers","hexamod:SpectralSpark+1"],"picked":"hexamod:EmpoweredFlame","floor":21.0},{"not_picked":["hexamod:BacktrackSmack+1","hexamod:BurningTouch+1","hexamod:SoulSteal+1"],"picked":"SKIP","floor":22.0},{"not_picked":["hexamod:ThermalTransfer","hexamod:RadiantFlame+1"],"picked":"hexamod:ShieldOfDarkness+1","floor":23.0},{"not_picked":["hexamod:ThirdSeal","hexamod:NightmareGuise+1"],"picked":"hexamod:PowerFromBeyond+1","floor":25.0},{"not_picked":["hexamod:RadiantFlame+1","hexamod:AdvancingGuard+1"],"picked":"hexamod:UnlimitedPower+1","floor":26.0},{"not_picked":["hexamod:GhostLash","hexamod:CatchUp+1"],"picked":"hexamod:GhostflameBarrier+1","floor":28.0},{"not_picked":["hexamod:HauntingEcho","hexamod:RetreatToShadows+1"],"picked":"hexamod:FirstSeal","floor":30.0},{"not_picked":["hexamod:NecessarySacrifice+1","hexamod:SpectralSpark+1"],"picked":"hexamod:Hexaguard+1","floor":32.0},{"not_picked":["hexamod:SearingWound+1","hexamod:WildfireWeapon"],"picked":"hexamod:VolcanoVisage","floor":33},{"not_picked":["hexamod:SecondSeal","hexamod:InspiringFlames+1"],"picked":"hexamod:RainOfEmbers","floor":34},{"not_picked":["hexamod:HeatShield+1","hexamod:GhostOfSpirePresent"],"picked":"hexamod:StepThrough","floor":36},{"not_picked":["hexamod:SoulSteal+1","hexamod:InspiringFlames+1","hexamod:GhostLash"],"picked":"SKIP","floor":37},{"not_picked":["hexamod:ExtraCrispy+1","hexamod:BurningTouch+1"],"picked":"hexamod:FastForward+1","floor":38},{"not_picked":["hexamod:Firestarter","hexamod:NightmareStrike","hexamod:BurningTouch+1"],"picked":"SKIP","floor":39},{"not_picked":["hexamod:ThermalTransfer","hexamod:Hexaguard+1"],"picked":"hexamod:TurnItUp+1","floor":40},{"not_picked":["hexamod:PhantomFireball","hexamod:SecondSeal"],"picked":"hexamod:PhantomCloak","floor":43},{"not_picked":["hexamod:StepThrough","hexamod:NightmareStrike","hexamod:SixthSeal"],"picked":"SKIP","floor":44},{"not_picked":["hexamod:SwordOfDarkness","hexamod:GhostLash"],"picked":"hexamod:EmpoweredFlame+1","floor":48},{"not_picked":["hexamod:InspiringFlames+1","hexamod:NightmareGuise+1"],"picked":"hexamod:GhostOfSpireFuture+1","floor":49},{"not_picked":["hexamod:SwordOfDarkness","hexamod:InspiringFlames+1","hexamod:SpectersWail+1"],"picked":"SKIP","floor":52}],"player_experience":2311894,"relics_obtained":[{"floor":5.0,"key":"PreservedInsect"},{"floor":7.0,"key":"Toxic Egg 2"},{"floor":10.0,"key":"FossilizedHelix"},{"floor":20.0,"key":"Art of War"},{"floor":25.0,"key":"Shuriken"},{"floor":36,"key":"Guardian:PocketSentry"},{"floor":39,"key":"Lantern"},{"floor":41,"key":"Letter Opener"},{"floor":44,"key":"Orichalcum"},{"floor":52,"key":"TheAbacus"},{"floor":52,"key":"White Beast Statue"}],"event_choices":[{"cards_removed":["hexamod:SixthSeal"],"damage_healed":62.0,"max_hp_gain":10.0,"max_hp_loss":0.0,"gold_gain":0.0,"event_name":"Bonfire Elementals","player_choice":"Offered Rare","floor":8.0,"gold_loss":0.0,"damage_taken":0.0},{"damage_healed":0.0,"max_hp_gain":0.0,"max_hp_loss":0.0,"gold_gain":0.0,"event_name":"FaceTrader","player_choice":"Trade","floor":29.0,"gold_loss":0.0,"damage_taken":0.0,"relics_obtained":["SsserpentHead"]}],"is_beta":false,"boss_relics":[{"not_picked":["Ectoplasm","SacredBark"],"picked":"sneckomod:SneckoTalon"},{"not_picked":["Empty Cage","Snecko Eye"],"picked":"Tiny House"}],"items_purged_floors":[6,14,28],"is_endless":false,"potions_floor_spawned":[12,13,15,16,19,23,25,26,30,33,36,37,39,40,48],"ascension_level":16}}