{"host":"ow9msrs9p2ctkx99","time":1607902859,"event":{"mods":["AchievementEnabler","BaseMod","Colored Map","Colored Powertips","Minty Spire (QoL Compilation)","Permanent Neow","Quick Restart","SuperFastMode"],"gold_per_floor":[110,130,149,74,74,74,93,126,126,301,301,312,312,330,330,428,428,443,658,671,746,760,760,760,760,760,63,63,63,63,76,76,172,172,182,27,27,37,37,37,71,71,98,110,110,140,140,170,170,170,170,170,14,39,39,39],"floor_reached":55,"playtime":1372,"items_purged":["Strike_B","Parasite"],"score":1175,"play_id":"a2250f86-ff29-45b5-beea-fcf7e07d4bae","local_time":"20201214004059","is_ascension_mode":true,"campfire_choices":[{"data":"Multi-Cast","floor":6.0,"key":"SMITH"},{"floor":15.0,"key":"REST"},{"floor":23.0,"key":"REST"},{"data":"Biased Cognition","floor":29.0,"key":"SMITH"},{"floor":32.0,"key":"REST"},{"floor":40.0,"key":"RECALL"},{"floor":45,"key":"REST"},{"floor":47,"key":"REST"},{"floor":49,"key":"REST"},{"data":"Buffer","floor":52,"key":"SMITH"}],"circlet_count":0,"master_deck":["AscendersBane","Defend_B+1","Defend_B","Defend_B+1","Zap","Dualcast+1","Ball Lightning","Multi-Cast+1","FTL","Cold Snap","Consume+1","Redo+1","Echo Form","Coolheaded+1","Conserve Battery+1","Fusion+1","Biased Cognition+1","Fission+1","Turbo+1","Skim+1","Turbo+1","Necronomicurse","Hologram+1","Buffer+1","FTL+1","Biased Cognition+1","Biased Cognition+1","Go for the Eyes+1","Coolheaded+1","Tempest+1","Meteor Strike","Compile Driver+1","Aggregate+1"],"relics":["Cracked Core","Du-Vu Doll","Matryoshka","Centennial Puzzle","Toxic Egg 2","Turnip","Sozu","Old Coin","MealTicket","OrangePellets","Kunai","Necronomicon","Empty Cage","DollysMirror","War Paint","Nunchaku","Mummified Hand","Anchor","Bronze Scales","Blue Candle"],"acts_visited":["Exordium","TheCity","TheBeyond","TheEnding"],"potions_floor_usage":[],"damage_taken":[{"damage":1.0,"enemies":"Cultist","floor":1.0,"turns":4.0},{"damage":4.0,"enemies":"2 Louse","floor":2.0,"turns":2.0},{"damage":2.0,"enemies":"Jaw Worm","floor":3.0,"turns":3.0},{"damage":6.0,"enemies":"Looter","floor":7.0,"turns":2.0},{"damage":22.0,"enemies":"3 Sentries","floor":8.0,"turns":6.0},{"damage":12.0,"enemies":"3 Louse","floor":12.0,"turns":2.0},{"damage":4.0,"enemies":"Exordium Thugs","floor":14.0,"turns":3.0},{"damage":33.0,"enemies":"The Guardian","floor":16.0,"turns":11.0},{"damage":6.0,"enemies":"Spheric Guardian","floor":18.0,"turns":3.0},{"damage":7.0,"enemies":"Shell Parasite","floor":20.0,"turns":7.0},{"damage":23.0,"enemies":"Snake Plant","floor":22.0,"turns":3.0},{"damage":4.0,"enemies":"Centurion and Healer","floor":31.0,"turns":3.0},{"damage":9.0,"enemies":"Champ","floor":33.0,"turns":9.0},{"damage":0.0,"enemies":"Orb Walker","floor":35.0,"turns":2.0},{"damage":15.0,"enemies":"3 Shapes","floor":38.0,"turns":4.0},{"damage":23,"enemies":"Giant Head","floor":41,"turns":6},{"damage":4,"enemies":"3 Darklings","floor":44,"turns":3},{"damage":22,"enemies":"Nemesis","floor":46,"turns":3},{"damage":8,"enemies":"Reptomancer","floor":48,"turns":5},{"damage":42,"enemies":"Awakened One","floor":50,"turns":12},{"damage":10,"enemies":"Shield and Spear","floor":54,"turns":3},{"damage":59,"enemies":"The Heart","floor":55,"turns":8}],"seed_played":"-5592132493758779475","potions_obtained":[{"floor":7.0,"key":"Fire Potion"},{"floor":12.0,"key":"Block Potion"},{"floor":14.0,"key":"Dexterity Potion"},{"floor":16.0,"key":"FearPotion"}],"is_trial":false,"path_per_floor":["M","M","M","$","T","R","M","E","T","?","?","M","?","M","R","B",null,"M","?","M","?","M","R","?","?","T","$","?","R","?","M","R","B",null,"M","$","?","M","?","R","E","?","T","M","R","E","R","E","R","B",null,"R","$","E","B"],"character_chosen":"DEFECT","items_purchased":["OrangePellets","Kunai","Fission+1","Turbo+1","DollysMirror","Bronze Scales"],"campfire_rested":6,"item_purchase_floors":[27,27,27,27,36,53],"current_hp_per_floor":[49,45,43,43,43,43,37,15,15,15,15,3,21,17,39,6,58,52,52,45,38,15,37,37,37,37,52,52,52,36,32,53,44,65,65,72,72,57,57,57,34,34,34,30,50,28,48,40,60,18,56,56,68,58,0,0],"gold":39,"neow_bonus":"ONE_RARE_RELIC","is_daily":false,"chose_seed":false,"campfire_upgraded":3,"win_rate":0.0,"timestamp":1607902859,"path_taken":["M","M","M","$","?","R","M","E","T","?","?","?","?","M","R","BOSS","M","?","M","?","?","R","?","?","T","$","?","R","?","M","R","BOSS","M","$","?","?","?","R","E","?","T","M","R","E","R","E","R","BOSS","R","$","E","BOSS"],"items_purchased_type":["Relic","Relic","Card","Card","Relic","Relic"],"build_version":"2020-11-30","purchased_purges":2,"victory":false,"max_hp_per_floor":[75,75,75,75,75,75,75,75,75,75,75,75,75,75,75,75,75,75,75,75,75,75,75,75,75,75,72,72,72,72,72,72,72,72,72,72,72,72,68,68,68,68,68,68,68,68,68,68,68,68,68,68,68,68,68,68],"card_choices":[{"not_picked":["Barrage","Beam Cell"],"picked":"Ball Lightning","floor":1.0},{"not_picked":["Static Discharge","Skim"],"picked":"Multi-Cast","floor":2.0},{"not_picked":["Gash","Genetic Algorithm"],"picked":"FTL","floor":3.0},{"not_picked":["Consume","Steam Power"],"picked":"Cold Snap","floor":7.0},{"not_picked":["Leap","Streamline","Force Field"],"picked":"SKIP","floor":8.0},{"not_picked":["Barrage","Gash"],"picked":"Consume+1","floor":12.0},{"not_picked":["Hello World","Force Field+1"],"picked":"Redo+1","floor":14.0},{"not_picked":["Thunder Strike","Machine Learning"],"picked":"Echo Form","floor":16.0},{"not_picked":["Force Field+1","Beam Cell"],"picked":"Coolheaded+1","floor":18.0},{"not_picked":["Chill+1","Leap+1"],"picked":"Conserve Battery+1","floor":20.0},{"not_picked":["Go for the Eyes","Streamline"],"picked":"Fusion+1","floor":22.0},{"not_picked":["Genetic Algorithm+1","Steam+1"],"picked":"Hologram+1","floor":31.0},{"not_picked":["All For One","Fission+1"],"picked":"Buffer","floor":33.0},{"not_picked":["Hologram+1","Beam Cell+1"],"picked":"FTL+1","floor":35.0},{"not_picked":["Ball Lightning","Self Repair+1"],"picked":"Go for the Eyes+1","floor":38.0},{"not_picked":["Rainbow+1","Double Energy+1"],"picked":"Coolheaded+1","floor":41},{"not_picked":["Stack+1","Redo+1"],"picked":"Tempest+1","floor":44},{"not_picked":["Storm","Genetic Algorithm+1"],"picked":"Meteor Strike","floor":46},{"not_picked":["Go for the Eyes+1","Fusion+1"],"picked":"Compile Driver+1","floor":48},{"not_picked":["Conserve Battery+1","FTL+1"],"picked":"Aggregate+1","floor":54}],"player_experience":1051073,"relics_obtained":[{"floor":5.0,"key":"Matryoshka"},{"floor":8.0,"key":"Centennial Puzzle"},{"floor":9.0,"key":"Toxic Egg 2"},{"floor":9.0,"key":"Turnip"},{"floor":26.0,"key":"MealTicket"},{"floor":30.0,"key":"Necronomicon"},{"floor":41,"key":"War Paint"},{"floor":43,"key":"Nunchaku"},{"floor":46,"key":"Mummified Hand"},{"floor":48,"key":"Anchor"},{"floor":54,"key":"Blue Candle"}],"event_choices":[{"damage_healed":0.0,"max_hp_gain":0.0,"max_hp_loss":0.0,"gold_gain":175.0,"event_name":"Liars Game","player_choice":"AGREE","floor":10.0,"gold_loss":0.0,"damage_taken":0.0,"cards_obtained":["Doubt"]},{"damage_healed":0.0,"max_hp_gain":0.0,"max_hp_loss":0.0,"gold_gain":0.0,"event_name":"Accursed Blacksmith","player_choice":"Forge","floor":11.0,"gold_loss":0.0,"damage_taken":0.0,"cards_upgraded":["Dualcast"]},{"damage_healed":18.0,"max_hp_gain":0.0,"max_hp_loss":0.0,"gold_gain":0.0,"event_name":"Mushrooms","player_choice":"Healed and dodged fight","floor":13.0,"gold_loss":0.0,"damage_taken":0.0,"cards_obtained":["Parasite"]},{"damage_healed":0.0,"max_hp_gain":0.0,"max_hp_loss":0.0,"gold_gain":0.0,"event_name":"Addict","player_choice":"Obtained Relic","floor":19.0,"gold_loss":85.0,"damage_taken":0.0,"relics_obtained":["Old Coin"]},{"damage_healed":0.0,"max_hp_gain":0.0,"max_hp_loss":0.0,"gold_gain":75.0,"event_name":"FaceTrader","player_choice":"Touch","floor":21.0,"gold_loss":0.0,"damage_taken":7.0},{"damage_healed":0.0,"max_hp_gain":0.0,"max_hp_loss":0.0,"gold_gain":0.0,"event_name":"The Library","player_choice":"Read","floor":24.0,"gold_loss":0.0,"damage_taken":0.0,"cards_obtained":["Biased Cognition"]},{"cards_removed":["Doubt"],"damage_healed":0.0,"max_hp_gain":0.0,"max_hp_loss":0.0,"gold_gain":0.0,"event_name":"Back to Basics","player_choice":"Elegance","floor":25.0,"gold_loss":0.0,"damage_taken":0.0},{"damage_healed":0.0,"max_hp_gain":0.0,"max_hp_loss":0.0,"gold_gain":0.0,"cards_transformed":["Strike_B","Strike_B"],"event_name":"Drug Dealer","player_choice":"Became Test Subject","floor":28.0,"gold_loss":0.0,"damage_taken":0.0,"cards_obtained":["Skim","Turbo"]},{"damage_healed":0.0,"max_hp_gain":0.0,"max_hp_loss":0.0,"gold_gain":0.0,"event_name":"Cursed Tome","player_choice":"Obtained Book","floor":30.0,"gold_loss":0.0,"damage_taken":16.0},{"damage_healed":0.0,"max_hp_gain":0.0,"max_hp_loss":0.0,"gold_gain":0.0,"event_name":"Duplicator","player_choice":"Copied","floor":37.0,"gold_loss":0.0,"damage_taken":0.0,"cards_obtained":["Biased Cognition"]},{"damage_healed":0.0,"max_hp_gain":0.0,"max_hp_loss":4.0,"gold_gain":0.0,"event_name":"Winding Halls","player_choice":"Max HP","floor":39.0,"gold_loss":0.0,"damage_taken":0.0},{"damage_healed":0,"gold_gain":0,"player_choice":"Ignored","damage_taken":0,"max_hp_gain":0,"max_hp_loss":0,"event_name":"The Moai Head","floor":42,"gold_loss":0}],"is_beta":false,"boss_relics":[{"not_picked":["Pandora\u0027s Box","Ectoplasm"],"picked":"Sozu"},{"not_picked":["Snecko Eye","Nuclear Battery"],"picked":"Empty Cage"}],"items_purged_floors":[4,27],"is_endless":false,"potions_floor_spawned":[7,12,14,16,20,31,33,41,44,46,54],"killed_by":"The Heart","ascension_level":11}}