{"host":"p9t7qd83igtcp2bh","time":1607877156,"event":{"mods":["2.2 Compatiblity","AchievementEnabler","BaseMod","Colored Map","Colored Powertips","Custom Start","DeckTracker","Keyboard Shortcuts","Minty Spire (QoL Compilation)","Permanent Neow","Spicy Shops","StSLib","SuperFastMode","everything is the same but u backflip on backflip"],"gold_per_floor":[11,23,43,43,20,20,47,60,113,113,134,157,171,185,185,279,279,294,317,517,517,517],"floor_reached":21,"playtime":633,"items_purged":[],"score":315,"play_id":"7cc20ada-d790-475d-8fb8-f3ff4c629aac","local_time":"20201214013236","is_ascension_mode":true,"campfire_choices":[{"data":"Streamline","floor":6,"key":"SMITH"},{"floor":15,"key":"REST"}],"circlet_count":0,"master_deck":["AscendersBane","Strike_B","Strike_B","Strike_B","Defend_B","Defend_B","Defend_B","Zap","Dualcast","BootSequence","Rainbow","White Noise","Gash","Steam Power","Streamline+1","Hello World","Self Repair","Cold Snap","Genetic Algorithm","Blizzard","Compile Driver","Skim","Sunder","Fission","Glacier","Defragment","Turbo","Coolheaded","Turbo+1","Loop"],"relics":["Cracked Core","Prayer Wheel","Bronze Scales","Dream Catcher","Golden Idol","Inserter"],"acts_visited":["Exordium","TheCity"],"potions_floor_usage":[7,16,16],"damage_taken":[{"damage":0,"enemies":"Cultist","floor":1,"turns":3},{"damage":0,"enemies":"Jaw Worm","floor":2,"turns":5},{"damage":13,"enemies":"2 Louse","floor":3,"turns":4},{"damage":23,"enemies":"3 Sentries","floor":7,"turns":8},{"damage":14,"enemies":"Lots of Slimes","floor":8,"turns":3},{"damage":10,"enemies":"Exordium Wildlife","floor":11,"turns":3},{"damage":0,"enemies":"Blue Slaver","floor":12,"turns":3},{"damage":5,"enemies":"3 Louse","floor":13,"turns":2},{"damage":0,"enemies":"Large Slime","floor":14,"turns":5},{"damage":18,"enemies":"The Guardian","floor":16,"turns":11},{"damage":6,"enemies":"Chosen","floor":18,"turns":8},{"damage":22,"enemies":"Shell Parasite","floor":19,"turns":6},{"damage":53,"enemies":"3 Cultists","floor":21,"turns":5}],"seed_played":"6358671888346273274","potions_obtained":[{"floor":1,"key":"Weak Potion"},{"floor":2,"key":"Block Potion"},{"floor":7,"key":"SkillPotion"},{"floor":14,"key":"PowerPotion"}],"is_trial":false,"path_per_floor":["M","M","M","T","$","R","E","M","T","?","M","M","M","M","R","B",null,"M","M","?","M"],"character_chosen":"DEFECT","items_purchased":["Streamline"],"campfire_rested":1,"item_purchase_floors":[5],"current_hp_per_floor":[64,64,51,51,51,51,28,14,14,14,11,11,13,20,39,28,57,58,43,43,0,0],"gold":517,"neow_bonus":"TRANSFORM_TWO_CARDS","is_daily":false,"chose_seed":false,"campfire_upgraded":1,"win_rate":0.0,"timestamp":1607877156,"path_taken":["M","M","M","?","$","R","E","M","T","?","M","M","M","M","R","BOSS","M","M","?","?"],"items_purchased_type":["Card"],"build_version":"2020-11-30","purchased_purges":0,"victory":false,"max_hp_per_floor":[71,71,71,71,71,71,71,71,71,66,66,66,66,66,66,66,66,66,66,66,66,66],"card_choices":[{"not_picked":["Lockon","Compile Driver"],"picked":"White Noise","floor":1},{"not_picked":["Force Field","Turbo"],"picked":"Gash","floor":2},{"not_picked":["Ball Lightning","Barrage"],"picked":"Steam Power","floor":3},{"not_picked":["Rainbow","Steam"],"picked":"Hello World","floor":7},{"not_picked":["Stack","Compile Driver"],"picked":"Self Repair","floor":8},{"not_picked":["Turbo","Streamline"],"picked":"Cold Snap","floor":8},{"not_picked":["Chaos","Rip and Tear"],"picked":"Genetic Algorithm","floor":11},{"not_picked":["White Noise","Redo"],"picked":"Blizzard","floor":11},{"not_picked":["Beam Cell","Force Field"],"picked":"Compile Driver","floor":12},{"not_picked":["Rebound","Compile Driver"],"picked":"Skim","floor":12},{"not_picked":["Self Repair","Chill"],"picked":"Sunder","floor":13},{"not_picked":["Beam Cell","Barrage"],"picked":"Fission","floor":13},{"not_picked":["Aggregate","Beam Cell"],"picked":"Glacier","floor":14},{"not_picked":["Steam","BootSequence","Leap"],"picked":"SKIP","floor":14},{"not_picked":["Sweeping Beam","Cold Snap"],"picked":"Defragment","floor":15},{"not_picked":["Beam Cell","Self Repair"],"picked":"Turbo","floor":18},{"not_picked":["Hello World","Static Discharge"],"picked":"Coolheaded","floor":18},{"not_picked":["Gash","Stack+1"],"picked":"Turbo+1","floor":19},{"not_picked":["Streamline","Rip and Tear"],"picked":"Loop","floor":19}],"player_experience":539983,"relics_obtained":[{"floor":4,"key":"Prayer Wheel"},{"floor":7,"key":"Bronze Scales"},{"floor":9,"key":"Dream Catcher"}],"event_choices":[{"damage_healed":0,"gold_gain":0,"player_choice":"Lose Max HP","damage_taken":0,"relics_obtained":["Golden Idol"],"max_hp_gain":0,"max_hp_loss":5,"event_name":"Golden Idol","floor":10,"gold_loss":0},{"damage_healed":0,"gold_gain":250,"player_choice":"Bet on Owner","damage_taken":0,"max_hp_gain":0,"max_hp_loss":0,"event_name":"The Joust","floor":20,"gold_loss":50}],"is_beta":false,"boss_relics":[{"not_picked":["SlaversCollar","Pandora\u0027s Box"],"picked":"Inserter"}],"items_purged_floors":[],"is_endless":false,"potions_floor_spawned":[1,2,7,14],"killed_by":"3 Cultists","ascension_level":14}}