{"host":"8aazbu429xvxw5ti","time":1607855725,"event":{"mods":["2.2 Compatiblity","BaseMod","Colored Map","DeckTracker","Highlight Path","Keyboard Shortcuts","Minty Spire (QoL Compilation)","Permanent Neow","Quick Restart","StSLib","SuperFastMode","everything is the same but u backflip on backflip"],"gold_per_floor":[117,136,150,161,176,176,101,126,126,126,146,162,237,256,256,352,352,365,565,266,15,34,34,34,53,121,133,133,0,11,11,11,108,108,108,108],"floor_reached":35,"playtime":1857,"items_purged":["Strike_G","Strike_G"],"score":542,"play_id":"c0e4b267-3175-45e8-b245-bcc37857fe70","local_time":"20201213193525","is_ascension_mode":true,"campfire_choices":[{"data":"A Thousand Cuts","floor":6.0,"key":"SMITH"},{"floor":15.0,"key":"REST"},{"data":"After Image","floor":23.0,"key":"SMITH"},{"data":"Infinite Blades","floor":28.0,"key":"SMITH"},{"data":"Neutralize","floor":32.0,"key":"SMITH"}],"circlet_count":0,"master_deck":["AscendersBane","Strike_G","Strike_G","Strike_G","Defend_G","Defend_G","Defend_G","Defend_G","Defend_G","Survivor","Neutralize+1","A Thousand Cuts+1","PiercingWail","Prepared","Blade Dance","Infinite Blades+1","Backstab","Envenom+1","After Image+1","PiercingWail","Cloak And Dagger+1","Cloak And Dagger","CurseOfTheBell"],"relics":["Ring of the Snake","Pen Nib","Bottled Flame","Sozu","Orichalcum","StrikeDummy","Bottled Lightning","Calling Bell","Strawberry","Ornamental Fan","Peace Pipe"],"acts_visited":["Exordium","TheCity","TheBeyond"],"potions_floor_usage":[33],"damage_taken":[{"damage":0.0,"enemies":"2 Louse","floor":1.0,"turns":4.0},{"damage":6.0,"enemies":"Cultist","floor":2.0,"turns":4.0},{"damage":0.0,"enemies":"Small Slimes","floor":3.0,"turns":4.0},{"damage":3.0,"enemies":"Blue Slaver","floor":4.0,"turns":4.0},{"damage":16.0,"enemies":"Exordium Thugs","floor":5.0,"turns":7.0},{"damage":7.0,"enemies":"Gremlin Nob","floor":8.0,"turns":3.0},{"damage":0.0,"enemies":"Exordium Wildlife","floor":11.0,"turns":2.0},{"damage":0.0,"enemies":"3 Louse","floor":12.0,"turns":4.0},{"damage":3.0,"enemies":"Looter","floor":14.0,"turns":3.0},{"damage":25.0,"enemies":"The Guardian","floor":16.0,"turns":8.0},{"damage":13.0,"enemies":"2 Thieves","floor":18.0,"turns":5.0},{"damage":0.0,"enemies":"Spheric Guardian","floor":22.0,"turns":3.0},{"damage":4.0,"enemies":"Centurion and Healer","floor":25.0,"turns":7.0},{"damage":0.0,"enemies":"Chosen and Byrds","floor":27.0,"turns":5.0},{"damage":4.0,"enemies":"Snecko","floor":30.0,"turns":6.0},{"damage":21,"enemies":"Champ","floor":33,"turns":12},{"damage":35,"enemies":"3 Shapes","floor":35,"turns":4}],"seed_played":"-7758522227394709383","potions_obtained":[{"floor":2.0,"key":"Swift Potion"},{"floor":4.0,"key":"DuplicationPotion"},{"floor":5.0,"key":"Explosive Potion"},{"floor":8.0,"key":"ColorlessPotion"},{"floor":14.0,"key":"PowerPotion"}],"is_trial":false,"path_per_floor":["M","M","M","M","M","R","$","E","T","?","M","M","?","M","R","B",null,"M","?","$","$","M","R","$","M","T","M","R","?","M","$","R","B",null,"M"],"character_chosen":"THE_SILENT","items_purchased":["Orichalcum","PiercingWail","StrikeDummy"],"campfire_rested":1,"item_purchase_floors":[20,20,21],"current_hp_per_floor":[63,57,57,54,38,38,38,31,31,31,31,31,20,17,38,13,56,43,43,43,43,43,43,43,39,39,39,39,39,35,35,35,14,63,28,28],"gold":108,"neow_bonus":"ONE_RANDOM_RARE_CARD","is_daily":false,"chose_seed":false,"campfire_upgraded":4,"win_rate":0.0,"timestamp":1607855725,"path_taken":["M","M","M","M","M","R","$","E","T","?","?","M","?","M","R","BOSS","M","?","?","$","M","R","?","M","T","M","R","?","M","?","R","BOSS","M"],"items_purchased_type":["Relic","Card","Relic"],"build_version":"2020-11-30","purchased_purges":2,"victory":false,"max_hp_per_floor":[70,70,70,70,70,70,70,70,70,70,70,70,70,70,70,70,70,70,70,70,70,70,70,70,70,70,70,70,70,70,70,70,70,77,77,77],"card_choices":[{"not_picked":["Underhanded Strike","Poisoned Stab"],"picked":"PiercingWail","floor":1.0},{"not_picked":["Sucker Punch","Underhanded Strike"],"picked":"Prepared","floor":2.0},{"not_picked":["Night Terror","Poisoned Stab"],"picked":"Blade Dance","floor":3.0},{"not_picked":["Escape Plan","Eviscerate"],"picked":"Infinite Blades","floor":4.0},{"not_picked":["Slice","Prepared"],"picked":"Backstab","floor":5.0},{"not_picked":["Bane","Tactician"],"picked":"Envenom","floor":8.0},{"not_picked":["Eviscerate","Deflect","Choke"],"picked":"SKIP","floor":11.0},{"not_picked":["Underhanded Strike","Bane","Footwork"],"picked":"SKIP","floor":12.0},{"not_picked":["Quick Slash","Acrobatics","Outmaneuver"],"picked":"SKIP","floor":14.0},{"not_picked":["Bullet Time","Glass Knife"],"picked":"After Image","floor":16.0},{"not_picked":["Accuracy","Slice","Dagger Throw"],"picked":"SKIP","floor":18.0},{"not_picked":["Outmaneuver+1","Slice"],"picked":"Cloak And Dagger+1","floor":22.0},{"not_picked":["Setup","Choke"],"picked":"Cloak And Dagger","floor":25.0},{"not_picked":["Outmaneuver+1","Bouncing Flask","All Out Attack"],"picked":"SKIP","floor":27.0},{"not_picked":["Outmaneuver","Flechettes+1","Heel Hook"],"picked":"SKIP","floor":30.0}],"player_experience":398077,"relics_obtained":[{"floor":8.0,"key":"Pen Nib"},{"floor":9.0,"key":"Bottled Flame"},{"floor":26.0,"key":"Bottled Lightning"},{"floor":34,"key":"Strawberry"},{"floor":34,"key":"Ornamental Fan"},{"floor":34,"key":"Peace Pipe"}],"event_choices":[{"damage_healed":0.0,"max_hp_gain":0.0,"max_hp_loss":0.0,"gold_gain":0.0,"event_name":"Upgrade Shrine","player_choice":"Upgraded","floor":10.0,"gold_loss":0.0,"damage_taken":0.0,"cards_upgraded":["Envenom"]},{"damage_healed":0.0,"max_hp_gain":0.0,"max_hp_loss":0.0,"gold_gain":75.0,"event_name":"World of Goop","player_choice":"Gather Gold","floor":13.0,"gold_loss":0.0,"damage_taken":11.0},{"damage_healed":0.0,"max_hp_gain":0.0,"max_hp_loss":0.0,"gold_gain":250.0,"event_name":"The Joust","player_choice":"Bet on Owner","floor":19.0,"gold_loss":50.0,"damage_taken":0.0},{"damage_healed":0.0,"max_hp_gain":0.0,"max_hp_loss":0.0,"gold_gain":0.0,"event_name":"Masked Bandits","player_choice":"Paid Fearfully","floor":29.0,"gold_loss":133.0,"damage_taken":0.0}],"is_beta":false,"boss_relics":[{"not_picked":["SacredBark","Busted Crown"],"picked":"Sozu"},{"not_picked":["Snecko Eye","Runic Pyramid"],"picked":"Calling Bell"}],"items_purged_floors":[7,20],"is_endless":false,"potions_floor_spawned":[2,4,5,8,14,22,25,27],"killed_by":"3 Shapes","ascension_level":10}}