{"host":"htqwg582tjjtn9p7","time":1607857901,"event":{"mods":["2.2 Compatiblity","AchievementEnabler","Act Like it!","Aspiration","BaseMod","Better Third Choice","Colored Map","Conspire","Curses Come First","Displayed Cursed Tome","Energized Spire","Force Act Four","GifTheSpireLib","Hermit","Highlight Path","JesterMod","Mad Scientist","Minty Spire (QoL Compilation)","Pale of the Ancients","Permanent Neow","Random Character Button","Relic Stats","Replay The Spire","Robot Space Explorer","Somnambulant","Spicy Shops","Spikes Relics","StSLib","Stuff the Spire","The Blue Laboratory","The Disciple","The Dragon Tamer","The Forsaken","The Gatherer","The Judge","The Jungle","The Runesmith","The Servant 0.9.4"],"gold_per_floor":[113,0,14,14,29,64,64,92,160,160,160,172,26,44,44,143,143,160,160,173,186,205,205,238,238,238,270,270,297,297,314,314,415,415,427,441,455,294,308,334,351,378,423,449,459,470,502,24,24,24,39,39,39],"floor_reached":52,"playtime":3641,"items_purged":["Pain","theForsaken:DesperatePlea","theForsaken:TheForsaken_Strike"],"score":1518,"play_id":"5e4c0308-9f1b-41ed-956e-e8a86a61a012","local_time":"20201213121141","is_ascension_mode":true,"campfire_choices":[{"data":"Enlightenment","floor":7.0,"key":"SMITH"},{"data":"theForsaken:StoreUp","floor":10.0,"key":"SMITH"},{"data":"theForsaken:DefensiveStance","floor":15.0,"key":"SMITH"},{"data":"theForsaken:ShieldBash","floor":23.0,"key":"SMITH"},{"floor":25.0,"key":"REST"},{"data":"theForsaken:AncientWords","floor":28.0,"key":"SMITH"},{"data":"theForsaken:TheForsaken_Defend","floor":32.0,"key":"SMITH"},{"data":"theForsaken:WordsOfPestilence","floor":49.0,"key":"SMITH"}],"circlet_count":0,"master_deck":["AscendersBane","theForsaken:TheForsaken_Strike+1","theForsaken:TheForsaken_Strike+1","theForsaken:TheForsaken_Defend+1","theForsaken:TheForsaken_Defend","theForsaken:TheForsaken_Defend","theForsaken:TheForsaken_Defend+1","theForsaken:Smite+1","theForsaken:Penitence","theForsaken:DefensiveStance+1","Enlightenment+1","theForsaken:AncientWords+1","theForsaken:StoreUp+1","theForsaken:DefensiveStance+1","theForsaken:ShieldBash+1","theForsaken:StoreUp+1","theForsaken:WordsOfPestilence+1","theForsaken:Parry+1","theForsaken:ShieldBash+1","theForsaken:Eulogy+1","theForsaken:NobleSacrifice+1","theForsaken:WordsOfPestilence+1","theForsaken:QuickAttack+1","theForsaken:WordsOfPestilence+1","theForsaken:DivineGuidance","theForsaken:ShieldBash+1"],"relics":["theForsaken:JudgementScales","WarpedTongs","Singing Bowl","conspire:Dentures","Divine Protection","Pondfish Scales","aspiration:MobileForge","PreservedInsect","theForsaken:HumbleEgg","StuffTheSpire:Experiment12","Gremlin Food","StuffTheSpire:RunicHypercube","Whetstone","ZombieTooth","Simple Rune","conspire:Boomerang","WizardHat","Orrery","Medical Kit","paleoftheancients:Timepiece","paleoftheancients:KeyRelic","Coffee Dripper","CultistMask"],"acts_visited":["Exordium","TheCity","TheBeyond","TheBeyond"],"potions_floor_usage":[],"damage_taken":[{"damage":12.0,"enemies":"Small Slimes","floor":1.0,"turns":8.0},{"damage":0.0,"enemies":"Jaw Worm","floor":3.0,"turns":4.0},{"damage":9.0,"enemies":"Cultist","floor":5.0,"turns":4.0},{"damage":25.0,"enemies":"Gremlin Nob","floor":6.0,"turns":5.0},{"damage":9.0,"enemies":"Lagavulin","floor":8.0,"turns":16.0},{"damage":1.0,"enemies":"Large Slime","floor":12.0,"turns":9.0},{"damage":0.0,"enemies":"Exordium Thugs","floor":14.0,"turns":7.0},{"damage":33.0,"enemies":"Slime Boss","floor":16.0,"turns":26.0},{"damage":0.0,"enemies":"Chosen","floor":18.0,"turns":7.0},{"damage":0.0,"enemies":"Spheric Guardian","floor":20.0,"turns":5.0},{"damage":0.0,"enemies":"Snake Plant","floor":21.0,"turns":5.0},{"damage":0.0,"enemies":"Cultist and Chosen","floor":22.0,"turns":8.0},{"damage":49.0,"enemies":"Gremlin Leader","floor":24.0,"turns":14.0},{"damage":13.0,"enemies":"Slavers","floor":27.0,"turns":8.0},{"damage":12.0,"enemies":"Book of Stabbing","floor":29.0,"turns":6.0},{"damage":0.0,"enemies":"Centurion and Healer","floor":31.0,"turns":7.0},{"damage":22.0,"enemies":"conspire:MysteriousRune","floor":33.0,"turns":15.0},{"damage":10.0,"enemies":"Orb Walker","floor":35.0,"turns":6.0},{"damage":44.0,"enemies":"3 Darklings","floor":36.0,"turns":15.0},{"damage":25.0,"enemies":"Transient","floor":37.0,"turns":5.0},{"damage":0.0,"enemies":"Jaw Worm Horde","floor":39.0,"turns":3.0},{"damage":0.0,"enemies":"Nemesis","floor":40.0,"turns":8.0},{"damage":0.0,"enemies":"Writhing Mass","floor":41.0,"turns":10.0},{"damage":0.0,"enemies":"Giant Head","floor":42.0,"turns":9.0},{"damage":0.0,"enemies":"Nemesis","floor":44.0,"turns":8.0},{"damage":0.0,"enemies":"Maw","floor":45.0,"turns":5.0},{"damage":0.0,"enemies":"Sphere and 2 Shapes","floor":46.0,"turns":4.0},{"damage":0.0,"enemies":"R_Hoarder","floor":47.0,"turns":4.0},{"damage":2.0,"enemies":"Awakened One","floor":50.0,"turns":13.0},{"damage":0.0,"enemies":"Awakened One","floor":51.0,"turns":9.0},{"damage":0,"enemies":"","floor":52,"turns":1}],"seed_played":"4730829501942573718","potions_obtained":[{"floor":1.0,"key":"SneckoOil"},{"floor":8.0,"key":"Weak Potion"},{"floor":18.0,"key":"blueLaboratory:SavagePotion"},{"floor":24.0,"key":"FairyPotion"}],"is_trial":false,"path_per_floor":["M","?","M","?","M","E","R","E","T","R","?","M","$","M","R","B",null,"M","?","M","M","M","R","E","R","T","E","R","E","?","M","R","B",null,"M","M","M","$","M","E","M","E","T","E","M","M","E","$","R","B","M","M"],"character_chosen":"THE_FORSAKEN","items_purchased":["Pondfish Scales","theForsaken:Eulogy+1","theForsaken:QuickAttack+1","Orrery","Medical Kit"],"campfire_rested":1,"item_purchase_floors":[13,38,48,48,48],"current_hp_per_floor":[62,68,71,71,63,52,52,66,66,66,73,75,75,77,77,63,74,79,72,81,81,81,81,54,78,78,84,84,76,76,84,84,89,89,79,89,70,70,72,93,93,95,95,97,97,99,101,107,107,107,107,107,107],"gold":39,"neow_bonus":"RANDOM_EVENT","is_daily":false,"chose_seed":false,"campfire_upgraded":7,"win_rate":0.0,"timestamp":1607857901,"path_taken":["M","?","M","?","?","E","R","E","T","R","?","M","$","M","R","BOSS","M","?","?","M","M","R","E","R","T","E","R","E","?","M","R","BOSS","M","M","?","$","M","E","M","E","T","E","M","M","E","?","R","BOSS","M","M"],"items_purchased_type":["Relic","Card","Card","Relic","Relic"],"build_version":"2020-11-30","purchased_purges":3,"victory":false,"max_hp_per_floor":[65,71,71,71,71,73,73,73,73,73,73,75,75,77,77,77,77,79,79,81,81,81,81,83,83,83,85,85,85,85,87,87,89,89,89,89,89,89,91,93,93,95,95,97,97,99,101,107,107,107,107,107,107],"relic_stats":{"Singing Bowl":36,"counters":[31,253],"PreservedInsect":403,"Whetstone":["theForsaken:TheForsaken_Strike","theForsaken:TheForsaken_Strike"],"Medical Kit":[0],"obtain_stats":[{"conspire:Dentures":8,"Gremlin Food":29,"WizardHat":47,"Divine Protection":9,"paleoftheancients:KeyRelic":50,"Singing Bowl":6,"StuffTheSpire:RunicHypercube":34,"PreservedInsect":24,"conspire:Boomerang":44,"Whetstone":40,"Medical Kit":48,"WarpedTongs":4,"paleoftheancients:Timepiece":50,"theForsaken:HumbleEgg":26,"StuffTheSpire:Experiment12":27,"Pondfish Scales":13,"ZombieTooth":42,"aspiration:MobileForge":17,"Orrery":48,"Simple Rune":43,"CultistMask":50,"Coffee Dripper":50,"theForsaken:JudgementScales":0},{"conspire:Dentures":5,"Gremlin Food":15,"WizardHat":28,"Divine Protection":5,"paleoftheancients:KeyRelic":29,"Singing Bowl":4,"StuffTheSpire:RunicHypercube":17,"PreservedInsect":13,"conspire:Boomerang":25,"Whetstone":22,"Medical Kit":28,"WarpedTongs":2,"paleoftheancients:Timepiece":29,"theForsaken:HumbleEgg":13,"StuffTheSpire:Experiment12":14,"Pondfish Scales":6,"ZombieTooth":24,"aspiration:MobileForge":8,"Orrery":28,"Simple Rune":24,"CultistMask":29,"Coffee Dripper":29,"theForsaken:JudgementScales":0},{"conspire:Dentures":37,"Gremlin Food":132,"WizardHat":231,"Divine Protection":37,"paleoftheancients:KeyRelic":244,"Singing Bowl":21,"StuffTheSpire:RunicHypercube":154,"PreservedInsect":118,"conspire:Boomerang":218,"Whetstone":191,"Medical Kit":231,"WarpedTongs":12,"paleoftheancients:Timepiece":244,"theForsaken:HumbleEgg":118,"StuffTheSpire:Experiment12":126,"Pondfish Scales":46,"ZombieTooth":210,"aspiration:MobileForge":79,"Orrery":231,"Simple Rune":210,"CultistMask":244,"Coffee Dripper":244,"theForsaken:JudgementScales":0}],"WarpedTongs":[174]},"card_choices":[{"not_picked":["theForsaken:Terrorize","theForsaken:MagicWeapon"],"picked":"theForsaken:DefensiveStance","floor":1.0},{"not_picked":["theForsaken:ShieldCharge","theForsaken:Parry"],"picked":"theForsaken:AncientWords","floor":3.0},{"not_picked":["theForsaken:ShieldCharge","theForsaken:DarkBargain","theForsaken:Backlash"],"picked":"SKIP","floor":5.0},{"not_picked":["theForsaken:AncientWords","theForsaken:Tranquility","theForsaken:QuickAttack"],"picked":"Singing Bowl","floor":6.0},{"not_picked":["theForsaken:BindingThorns","theForsaken:ChargeAttack"],"picked":"theForsaken:StoreUp","floor":8.0},{"not_picked":["theForsaken:BindingThorns","theForsaken:MagicWeapon","theForsaken:CreepingInfection"],"picked":"Singing Bowl","floor":12.0},{"not_picked":["theForsaken:Preservation","theForsaken:Parry","theForsaken:FuryStrikes"],"picked":"Singing Bowl","floor":14.0},{"not_picked":["theForsaken:TearsOfSunlight","theForsaken:CorruptedForm"],"picked":"theForsaken:DesperatePlea","floor":16.0},{"not_picked":["theForsaken:Bolster","theForsaken:ShieldCharge","theForsaken:Preservation"],"picked":"Singing Bowl","floor":18.0},{"not_picked":["theForsaken:WordsOfMight+1","theForsaken:Parry","theForsaken:HorrifyingStrike"],"picked":"Singing Bowl","floor":20.0},{"not_picked":["theForsaken:Tranquility","theForsaken:PowerUp+1"],"picked":"theForsaken:DefensiveStance+1","floor":21.0},{"not_picked":["theForsaken:MagicWeapon","theForsaken:Backlash"],"picked":"theForsaken:ShieldBash","floor":22.0},{"not_picked":["theForsaken:Preservation","theForsaken:FuryStrikes+1","theForsaken:QuickAttack"],"picked":"Singing Bowl","floor":24.0},{"not_picked":["theForsaken:Backlash+1","theForsaken:WrathOfGod","theForsaken:BattleHymn+1"],"picked":"Singing Bowl","floor":27.0},{"not_picked":["theForsaken:Backlash+1","theForsaken:FountainOfLife"],"picked":"theForsaken:StoreUp+1","floor":29.0},{"not_picked":["theForsaken:SiphonStrike","theForsaken:BlightOfFamine+1","theForsaken:CreepingInfection+1"],"picked":"Singing Bowl","floor":31.0},{"not_picked":["theForsaken:CorruptDeck","theForsaken:Temperance","theForsaken:Purification"],"picked":"Singing Bowl","floor":33.0},{"not_picked":["theForsaken:BlightOfFamine+1","theForsaken:ScorchingSunlight+1"],"picked":"theForsaken:WordsOfPestilence+1","floor":35.0},{"not_picked":["theForsaken:InspiringBlow+1","theForsaken:Tranquility"],"picked":"theForsaken:Parry+1","floor":36.0},{"not_picked":["theForsaken:PanicDive+1","theForsaken:FatRoll+1"],"picked":"theForsaken:ShieldBash+1","floor":37.0},{"not_picked":["theForsaken:ScorchingSunlight+1","theForsaken:BindingThorns+1","theForsaken:SpinAttack+1"],"picked":"Singing Bowl","floor":39.0},{"not_picked":["theForsaken:CorruptedWord+1","theForsaken:PreciseStrike+1","theForsaken:MagicWeapon+1"],"picked":"Singing Bowl","floor":40.0},{"not_picked":["theForsaken:BlessedWeapon","theForsaken:Enfeeble+1"],"picked":"theForsaken:NobleSacrifice+1","floor":41.0},{"not_picked":["theForsaken:WrathOfGod","theForsaken:CreepingInfection+1","theForsaken:Parry+1"],"picked":"Singing Bowl","floor":42.0},{"not_picked":["theForsaken:CreepingInfection+1","theForsaken:PreciseStrike","theForsaken:ScorchingSunlight+1"],"picked":"Singing Bowl","floor":44.0},{"not_picked":["theForsaken:SpinAttack","theForsaken:SiphonStrike+1"],"picked":"theForsaken:WordsOfPestilence","floor":45.0},{"not_picked":["theForsaken:Parry+1","theForsaken:SpinAttack+1","theForsaken:CreepingInfection+1"],"picked":"Singing Bowl","floor":46.0},{"not_picked":["theForsaken:BountifulSunlight","theForsaken:ChargeAttack+1","theForsaken:Prudence"],"picked":"Singing Bowl","floor":47.0},{"not_picked":["theForsaken:Purification","theForsaken:Eulogy+1"],"picked":"theForsaken:WordsOfPestilence+1","floor":48.0},{"not_picked":["theForsaken:SolarFlare+1","theForsaken:Eulogy+1"],"picked":"theForsaken:DivineGuidance","floor":48.0},{"not_picked":["theForsaken:SpinAttack+1","theForsaken:Eulogy+1","theForsaken:CowardsBrand"],"picked":"Singing Bowl","floor":48.0},{"not_picked":["theForsaken:Backlash+1","theForsaken:CreepingInfection+1","theForsaken:Terrorize+1"],"picked":"Singing Bowl","floor":48.0},{"not_picked":["theForsaken:RainingSunlight+1","theForsaken:QuickAttack+1","theForsaken:Thunderbolt+1"],"picked":"Singing Bowl","floor":48.0},{"not_picked":["theForsaken:WardingHymn","theForsaken:BottledPlague"],"picked":"theForsaken:ShieldBash+1","floor":51.0}],"player_experience":1664059,"relics_obtained":[{"floor":6.0,"key":"Singing Bowl"},{"floor":8.0,"key":"conspire:Dentures"},{"floor":9.0,"key":"Divine Protection"},{"floor":24.0,"key":"PreservedInsect"},{"floor":26.0,"key":"theForsaken:HumbleEgg"},{"floor":27.0,"key":"StuffTheSpire:Experiment12"},{"floor":29.0,"key":"Gremlin Food"},{"floor":40.0,"key":"Whetstone"},{"floor":42.0,"key":"ZombieTooth"},{"floor":43.0,"key":"Simple Rune"},{"floor":44.0,"key":"conspire:Boomerang"},{"floor":47.0,"key":"WizardHat"}],"event_choices":[{"damage_healed":0.0,"max_hp_gain":0.0,"max_hp_loss":0.0,"gold_gain":0.0,"event_name":"Living Wall","player_choice":"Grow","floor":0.0,"gold_loss":0.0,"damage_taken":0.0,"cards_upgraded":["theForsaken:Smite"]},{"damage_healed":0.0,"max_hp_gain":0.0,"max_hp_loss":0.0,"gold_gain":0.0,"event_name":"betterThird:BetterSerpent","player_choice":"RENOUNCE","floor":2.0,"gold_loss":113.0,"damage_taken":113.0,"cards_obtained":["Enlightenment"]},{"damage_healed":0.0,"max_hp_gain":0.0,"max_hp_loss":0.0,"gold_gain":0.0,"event_name":"Accursed Blacksmith","player_choice":"Rummage","floor":4.0,"gold_loss":0.0,"damage_taken":0.0,"relics_obtained":["WarpedTongs"],"cards_obtained":["Pain"]},{"damage_healed":7.0,"max_hp_gain":0.0,"max_hp_loss":0.0,"gold_gain":0.0,"event_name":"Wheel of Change","player_choice":"Full Heal","floor":11.0,"gold_loss":0.0,"damage_taken":0.0},{"damage_healed":0.0,"max_hp_gain":0.0,"max_hp_loss":0.0,"gold_gain":0.0,"event_name":"Wheel of Change","player_choice":"Damaged","floor":19.0,"gold_loss":0.0,"damage_taken":7.0},{"cards_removed":["theForsaken:TheForsaken_Strike"],"damage_healed":0.0,"max_hp_gain":0.0,"max_hp_loss":0.0,"gold_gain":0.0,"event_name":"Purifier","player_choice":"Purged","floor":30.0,"gold_loss":0.0,"damage_taken":0.0}],"is_beta":false,"boss_relics":[{"not_picked":["Astrolabe","jesterMod:MachoBrace"],"picked":"aspiration:MobileForge"},{"not_picked":["ChewingGum","Tiny House"],"picked":"StuffTheSpire:RunicHypercube"}],"items_purged_floors":[13,38,48],"is_endless":false,"potions_floor_spawned":[1,8,18,24,27,29,37,41,45,47],"killed_by":"","ascension_level":11}}