{"host":"3mdjmozz5rahgtdc","time":1607853001,"event":{"mods":["AchievementEnabler","BaseMod","Better Silent Start","Better-Laid Plans","Colored Map","Colored Powertips","Custom Start","DeckTracker","KOR Keyword Fix","Minty Spire (QoL Compilation)","Permanent Neow","StSLib","SuperFastMode"],"gold_per_floor":[114,131,141,216,71,71,99,99,99,118,147,147,164,191,191,286,286,305,323,323,34,34,34,69,69,94,193,206,239,258,274,274,274,274],"floor_reached":33,"playtime":889,"items_purged":[],"score":384,"play_id":"8d24e529-e40e-49e0-86b8-eafe55d4d19d","local_time":"20201213185001","is_ascension_mode":true,"campfire_choices":[{"data":"Eruption","floor":6.0,"key":"SMITH"},{"data":"Vault","floor":8.0,"key":"SMITH"},{"data":"Judgement","floor":12.0,"key":"SMITH"},{"data":"EmptyMind","floor":15.0,"key":"SMITH"},{"data":"Vault","floor":23,"key":"SMITH"},{"data":"WheelKick","floor":25,"key":"SMITH"},{"data":"Wallop","floor":32,"key":"SMITH"}],"circlet_count":0,"master_deck":["Strike_P","Strike_P","Strike_P","Defend_P","Defend_P","Defend_P","Defend_P","Eruption+1","Vigilance","Vault+1","EmptyMind+1","Wallop+1","Judgement+1","FearNoEvil","Halt","Vault+1","Swivel","WheelKick+1","FlurryOfBlows+1"],"relics":["PureWater","Gremlin Horn","Akabeko","StrikeDummy","Odd Mushroom","Coffee Dripper","Pocketwatch","Toxic Egg 2","Juzu Bracelet","Du-Vu Doll"],"acts_visited":["Exordium","TheCity"],"potions_floor_usage":[],"damage_taken":[{"damage":2.0,"enemies":"2 Louse","floor":1.0,"turns":3.0},{"damage":0.0,"enemies":"Small Slimes","floor":2.0,"turns":4.0},{"damage":6.0,"enemies":"Jaw Worm","floor":3.0,"turns":6.0},{"damage":24.0,"enemies":"3 Sentries","floor":7.0,"turns":9.0},{"damage":0.0,"enemies":"Exordium Thugs","floor":10.0,"turns":3.0},{"damage":0.0,"enemies":"Gremlin Nob","floor":11.0,"turns":2.0},{"damage":0.0,"enemies":"2 Fungi Beasts","floor":13.0,"turns":1.0},{"damage":0.0,"enemies":"The Mushroom Lair","floor":14.0,"turns":2.0},{"damage":24,"enemies":"The Guardian","floor":16,"turns":15},{"damage":3,"enemies":"Spheric Guardian","floor":18,"turns":4},{"damage":0,"enemies":"Shell Parasite","floor":19,"turns":3},{"damage":18,"enemies":"Gremlin Leader","floor":24,"turns":5},{"damage":0,"enemies":"Snake Plant","floor":28,"turns":3},{"damage":3,"enemies":"Slavers","floor":29,"turns":4},{"damage":0,"enemies":"Centurion and Healer","floor":30,"turns":3},{"damage":0,"enemies":"Sentry and Sphere","floor":31,"turns":2},{"damage":24,"enemies":"Champ","floor":33,"turns":7}],"seed_played":"4457723863300858689","potions_obtained":[{"floor":2.0,"key":"EntropicBrew"},{"floor":10.0,"key":"Fire Potion"},{"floor":13.0,"key":"Strength Potion"},{"floor":14.0,"key":"Fire Potion"}],"is_trial":false,"path_per_floor":["M","M","M","?","$","R","E","R","T","M","E","R","M","?","R","B",null,"M","M","?","$","?","R","E","R","T","?","M","E","M","M","R","B"],"character_chosen":"WATCHER","items_purchased":["Judgement","Pocketwatch"],"campfire_rested":0,"item_purchase_floors":[5,21],"current_hp_per_floor":[70,70,64,53,53,53,29,29,29,29,29,29,29,29,29,5,72,69,69,56,56,56,56,38,38,38,38,38,35,35,35,35,11,11],"gold":274,"neow_bonus":"ONE_RANDOM_RARE_CARD","is_daily":false,"chose_seed":false,"campfire_upgraded":7,"win_rate":0.0,"timestamp":1607853001,"path_taken":["M","M","M","?","$","R","E","R","T","M","E","R","M","?","R","BOSS","M","M","?","$","?","R","E","R","T","?","M","E","M","M","R","BOSS"],"items_purchased_type":["Card","Relic"],"build_version":"2020-11-30","purchased_purges":0,"victory":false,"max_hp_per_floor":[72,72,72,72,72,72,72,72,72,72,72,72,72,72,72,72,72,72,72,77,77,77,77,77,77,77,77,77,77,77,77,77,77,77],"card_choices":[{"not_picked":["CrushJoints","Consecrate"],"picked":"EmptyMind","floor":1.0},{"not_picked":["JustLucky","Swivel","Collect"],"picked":"SKIP","floor":2.0},{"not_picked":["FearNoEvil","Conclude"],"picked":"Wallop","floor":3.0},{"not_picked":["Worship","Prostrate"],"picked":"FearNoEvil","floor":7.0},{"not_picked":["Prostrate","FlyingSleeves","DeceiveReality"],"picked":"SKIP","floor":10.0},{"not_picked":["CutThroughFate","JustLucky","EmptyMind"],"picked":"SKIP","floor":11.0},{"not_picked":["BattleHymn","Collect"],"picked":"Halt","floor":13.0},{"not_picked":["DeusExMachina","Establishment"],"picked":"Vault","floor":16},{"not_picked":["Vengeance","Conclude","Prostrate"],"picked":"SKIP","floor":18},{"not_picked":["EmptyBody","Perseverance","SashWhip"],"picked":"SKIP","floor":19},{"not_picked":["CutThroughFate","CrushJoints"],"picked":"WheelKick","floor":24},{"not_picked":["Protect+1","PathToVictory+1"],"picked":"FlurryOfBlows+1","floor":28},{"not_picked":["DeceiveReality+1","ReachHeaven+1","Evaluate+1"],"picked":"SKIP","floor":29},{"not_picked":["Wish+1","ThirdEye+1","Crescendo+1"],"picked":"SKIP","floor":30},{"not_picked":["WaveOfTheHand+1","FollowUp+1","SandsOfTime+1"],"picked":"SKIP","floor":31}],"player_experience":275563,"relics_obtained":[{"floor":7.0,"key":"Gremlin Horn"},{"floor":9.0,"key":"Akabeko"},{"floor":11.0,"key":"StrikeDummy"},{"floor":14.0,"key":"Odd Mushroom"},{"floor":24,"key":"Toxic Egg 2"},{"floor":26,"key":"Juzu Bracelet"},{"floor":29,"key":"Du-Vu Doll"}],"event_choices":[{"damage_healed":0.0,"max_hp_gain":0.0,"max_hp_loss":0.0,"gold_gain":75.0,"event_name":"World of Goop","player_choice":"Gather Gold","floor":4.0,"gold_loss":0.0,"damage_taken":11.0},{"damage_healed":0.0,"max_hp_gain":0.0,"max_hp_loss":0.0,"gold_gain":0.0,"event_name":"Mushrooms","player_choice":"Fought Mushrooms","floor":14.0,"gold_loss":0.0,"damage_taken":0.0},{"damage_healed":0,"gold_gain":0,"player_choice":"Shed Blood","damage_taken":18,"max_hp_gain":5,"max_hp_loss":0,"event_name":"Forgotten Altar","floor":20,"gold_loss":0},{"damage_healed":0,"gold_gain":0,"cards_transformed":["Strike_P"],"player_choice":"Transformed","damage_taken":0,"max_hp_gain":0,"max_hp_loss":0,"event_name":"Transmorgrifier","floor":22,"gold_loss":0,"cards_obtained":["Swivel"]},{"damage_healed":0,"gold_gain":99,"player_choice":"Stole From Cult","damage_taken":0,"max_hp_gain":0,"max_hp_loss":0,"event_name":"Nest","floor":27,"gold_loss":0}],"is_beta":false,"boss_relics":[{"not_picked":["HolyWater","SacredBark"],"picked":"Coffee Dripper"}],"items_purged_floors":[],"is_endless":false,"potions_floor_spawned":[2,10,13,14,24,28,29,31],"killed_by":"Champ","ascension_level":4}}