{"host":"1mv6gj0zv8k9e9tz","time":1607858469,"event":{"mods":["AchievementEnabler","BaseMod","Better Third Choice","Colored Map","KOR Keyword Fix","Minty Spire (QoL Compilation)","Permanent Neow","Rare Cards Sparkle","StSLib"],"gold_per_floor":[111,111,121,139,64,64,91,91,139,164,164,7,78,110,110,187,187,198,123,123,42,54,54,80,91,118,118,132,160,160,10,10,87,87,105,157,168,223,223,13,13,25,51,62,94,112,112,128,128,128,128,128,28,59,59],"floor_reached":56,"playtime":2813,"items_purged":["Strike_G","Reflex"],"score":1954,"play_id":"6a1250e8-fb77-428c-9f43-1408adcec45f","local_time":"20201213202109","is_ascension_mode":true,"campfire_choices":[{"data":"Bouncing Flask","floor":6.0,"key":"SMITH"},{"floor":8.0,"key":"REST"},{"data":"Catalyst","floor":11.0,"key":"SMITH"},{"floor":15.0,"key":"REST"},{"data":"Venomology","floor":23.0,"key":"SMITH"},{"floor":27.0,"key":"REST"},{"data":"Burst","floor":30.0,"key":"SMITH"},{"floor":32.0,"key":"REST"},{"floor":41.0,"key":"REST"},{"data":"Burst","floor":47.0,"key":"SMITH"},{"floor":49.0,"key":"RECALL"},{"data":"Footwork","floor":52.0,"key":"SMITH"}],"circlet_count":0,"master_deck":["AscendersBane","Strike_G","Strike_G","Strike_G","Strike_G","Defend_G","Defend_G","Defend_G","Defend_G","Survivor","Neutralize","Bouncing Flask+1","Catalyst+1","Neutralize","Bouncing Flask","Backstab","Burst+1","Venomology+1","Backflip","Footwork+1","Deadly Poison","Burst+1","Deflect","PiercingWail","Dodge and Roll","Backflip","Blur+1"],"relics":["Black Star","Regal Pillow","InkBottle","Bronze Scales","Tiny Chest","HornCleat","Bag of Marbles","Orichalcum","Happy Flower","SlaversCollar","Mummified Hand","Frozen Egg 2","Art of War","Omamori","Membership Card","Runic Pyramid","Akabeko","Potion Belt","Toy Ornithopter","Dream Catcher","MealTicket","Nunchaku","TwistedFunnel","Pen Nib","Mercury Hourglass"],"acts_visited":["Exordium","TheCity","TheBeyond","TheEnding"],"potions_floor_usage":[55,55,55,55,55],"damage_taken":[{"damage":12.0,"enemies":"Cultist","floor":1.0,"turns":5.0},{"damage":12.0,"enemies":"Jaw Worm","floor":3.0,"turns":2.0},{"damage":1.0,"enemies":"2 Louse","floor":4.0,"turns":3.0},{"damage":26.0,"enemies":"Gremlin Nob","floor":7.0,"turns":4.0},{"damage":25.0,"enemies":"3 Sentries","floor":10.0,"turns":7.0},{"damage":7.0,"enemies":"Lagavulin","floor":14.0,"turns":5.0},{"damage":28.0,"enemies":"Slime Boss","floor":16.0,"turns":12.0},{"damage":0.0,"enemies":"Spheric Guardian","floor":18.0,"turns":3.0},{"damage":0.0,"enemies":"Shell Parasite","floor":22.0,"turns":4.0},{"damage":41.0,"enemies":"Slavers","floor":24.0,"turns":10.0},{"damage":1.0,"enemies":"Centurion and Healer","floor":25.0,"turns":5.0},{"damage":0.0,"enemies":"3 Cultists","floor":28.0,"turns":4.0},{"damage":22.0,"enemies":"Gremlin Leader","floor":29.0,"turns":6.0},{"damage":23.0,"enemies":"Champ","floor":33.0,"turns":6.0},{"damage":25.0,"enemies":"3 Darklings","floor":35.0,"turns":7.0},{"damage":21.0,"enemies":"Orb Walker","floor":37.0,"turns":3.0},{"damage":17.0,"enemies":"3 Darklings","floor":42.0,"turns":5.0},{"damage":0.0,"enemies":"Writhing Mass","floor":44.0,"turns":4.0},{"damage":20.0,"enemies":"Giant Head","floor":45.0,"turns":7.0},{"damage":3.0,"enemies":"Sphere and 2 Shapes","floor":46.0,"turns":5.0},{"damage":0.0,"enemies":"Maw","floor":48.0,"turns":4.0},{"damage":21.0,"enemies":"Donu and Deca","floor":50.0,"turns":9.0},{"damage":2.0,"enemies":"Shield and Spear","floor":54.0,"turns":7.0},{"damage":58,"enemies":"The Heart","floor":55,"turns":8}],"seed_played":"2302552138604679754","potions_obtained":[{"floor":3.0,"key":"FearPotion"},{"floor":10.0,"key":"SteroidPotion"},{"floor":16.0,"key":"Regen Potion"},{"floor":18.0,"key":"Ancient Potion"},{"floor":25.0,"key":"PowerPotion"},{"floor":28.0,"key":"Poison Potion"},{"floor":29.0,"key":"Strength Potion"},{"floor":42.0,"key":"FairyPotion"}],"is_trial":false,"path_per_floor":["M","?","M","M","$","R","E","R","T","E","R","$","?","E","R","B",null,"M","?","?","$","M","R","E","M","T","R","M","E","R","$","R","B",null,"M","T","M","T","?","$","R","M","T","M","E","M","R","M","R","B",null,"R","$","E","B",null],"character_chosen":"THE_SILENT","items_purchased":["Bag of Marbles","Footwork","Membership Card","LiquidBronze","Toy Ornithopter","SpeedPotion","PiercingWail","TwistedFunnel","Energy Potion"],"campfire_rested":5,"item_purchase_floors":[12,21,31,40,40,40,40,53,53],"current_hp_per_floor":[47,47,35,34,34,34,8,42,42,17,17,17,17,10,44,16,54,66,66,48,48,48,48,7,6,6,42,42,20,20,20,56,33,62,37,37,16,16,16,16,52,55,55,60,50,47,47,52,52,46,65,65,71,69,25],"gold":59,"neow_bonus":"BOSS_RELIC","is_daily":false,"chose_seed":false,"campfire_upgraded":6,"win_rate":0.0,"timestamp":1607858469,"path_taken":["M","?","M","?","$","R","E","R","T","E","R","$","?","E","R","BOSS","M","?","?","$","M","R","E","M","T","R","M","E","R","$","R","BOSS","M","?","M","?","?","$","R","M","T","M","E","M","R","?","R","BOSS","R","$","E","BOSS"],"items_purchased_type":["Relic","Card","Relic","Potion","Relic","Potion","Card","Relic","Potion"],"build_version":"2020-11-30","purchased_purges":2,"victory":true,"max_hp_per_floor":[66,66,66,66,66,66,66,66,66,66,66,66,66,66,66,66,66,66,66,71,71,71,71,71,71,71,71,71,71,71,71,71,71,71,71,71,71,71,71,71,71,71,71,71,71,71,71,71,71,71,71,71,71,71,71],"card_choices":[{"not_picked":["Sucker Punch","Quick Slash"],"picked":"Bouncing Flask","floor":1.0},{"not_picked":["Tactician","Poisoned Stab"],"picked":"Reflex","floor":3.0},{"not_picked":["Dagger Spray","Calculated Gamble"],"picked":"Bouncing Flask","floor":4.0},{"not_picked":["Cloak And Dagger","Dagger Throw"],"picked":"Backstab","floor":7.0},{"not_picked":["Reflex","Poisoned Stab"],"picked":"Burst","floor":10.0},{"not_picked":["Flying Knee","Poisoned Stab","Blade Dance"],"picked":"SKIP","floor":14.0},{"not_picked":["Doppelganger","Die Die Die"],"picked":"Venomology","floor":16.0},{"not_picked":["Sucker Punch","Dagger Spray"],"picked":"Backflip","floor":18.0},{"not_picked":["Quick Slash","Masterful Stab","Expertise"],"picked":"SKIP","floor":22.0},{"not_picked":["Expertise","Underhanded Strike","Concentrate"],"picked":"SKIP","floor":24.0},{"not_picked":["Reflex+1","Quick Slash","Dash+1"],"picked":"SKIP","floor":25.0},{"not_picked":["Escape Plan","Heel Hook"],"picked":"Deadly Poison","floor":28.0},{"not_picked":["Outmaneuver","Distraction","Dagger Spray"],"picked":"SKIP","floor":29.0},{"not_picked":["Grand Finale","Venomology"],"picked":"Burst","floor":33.0},{"not_picked":["Quick Slash","Dagger Throw","Terror+1"],"picked":"SKIP","floor":35.0},{"not_picked":["Accuracy+1","Cloak And Dagger"],"picked":"Deflect","floor":37.0},{"not_picked":["Dagger Throw+1","Masterful Stab+1","Quick Slash"],"picked":"SKIP","floor":42.0},{"not_picked":["Poisoned Stab","Cloak And Dagger"],"picked":"Dodge and Roll","floor":44.0},{"not_picked":["Heel Hook+1","Well Laid Plans+1"],"picked":"Backflip","floor":45.0},{"not_picked":["Noxious Fumes+1","Storm of Steel"],"picked":"Blur+1","floor":46.0},{"not_picked":["Blade Dance+1","Dagger Spray","Bane+1"],"picked":"SKIP","floor":48.0},{"not_picked":["Blade Dance+1","Quick Slash","Dagger Throw"],"picked":"SKIP","floor":54.0}],"player_experience":467338,"relics_obtained":[{"floor":7.0,"key":"Regal Pillow"},{"floor":7.0,"key":"InkBottle"},{"floor":9.0,"key":"Bronze Scales"},{"floor":10.0,"key":"Tiny Chest"},{"floor":10.0,"key":"HornCleat"},{"floor":14.0,"key":"Orichalcum"},{"floor":14.0,"key":"Happy Flower"},{"floor":24.0,"key":"Mummified Hand"},{"floor":24.0,"key":"Frozen Egg 2"},{"floor":29.0,"key":"Art of War"},{"floor":29.0,"key":"Omamori"},{"floor":36.0,"key":"Akabeko"},{"floor":38.0,"key":"Potion Belt"},{"floor":43.0,"key":"Dream Catcher"},{"floor":45.0,"key":"MealTicket"},{"floor":45.0,"key":"Nunchaku"},{"floor":54.0,"key":"Pen Nib"},{"floor":54.0,"key":"Mercury Hourglass"}],"event_choices":[{"damage_healed":0.0,"max_hp_gain":0.0,"max_hp_loss":0.0,"gold_gain":0.0,"event_name":"Match and Keep!","player_choice":"2 cards matched","floor":2.0,"gold_loss":0.0,"damage_taken":0.0,"cards_obtained":["Catalyst","Neutralize"]},{"damage_healed":0.0,"max_hp_gain":0.0,"max_hp_loss":0.0,"gold_gain":71.0,"event_name":"Golden Wing","player_choice":"Gained Gold","floor":13.0,"gold_loss":0.0,"damage_taken":0.0},{"cards_removed":["Defend_G"],"damage_healed":0.0,"max_hp_gain":0.0,"max_hp_loss":0.0,"gold_gain":0.0,"event_name":"Beggar","player_choice":"Gave Gold","floor":19.0,"gold_loss":75.0,"damage_taken":0.0},{"damage_healed":0.0,"max_hp_gain":5.0,"max_hp_loss":0.0,"gold_gain":0.0,"event_name":"Forgotten Altar","player_choice":"Shed Blood","floor":20.0,"gold_loss":0.0,"damage_taken":23.0},{"damage_healed":0.0,"max_hp_gain":0.0,"max_hp_loss":0.0,"gold_gain":0.0,"event_name":"Tomb of Lord Red Mask","player_choice":"Ignored","floor":39.0,"gold_loss":0.0,"damage_taken":0.0}],"is_beta":false,"boss_relics":[{"not_picked":["Pandora\u0027s Box","Sozu"],"picked":"SlaversCollar"},{"not_picked":["Fusion Hammer","Runic Dome"],"picked":"Runic Pyramid"}],"items_purged_floors":[5,40],"is_endless":false,"potions_floor_spawned":[3,10,16,18,25,28,29,42,46,48],"ascension_level":15}}