{"host":"ow9msrs9p2ctkx99","time":1607851958,"event":{"mods":["AchievementEnabler","BaseMod","Colored Map","Colored Powertips","Minty Spire (QoL Compilation)","Permanent Neow","Quick Restart","SuperFastMode"],"gold_per_floor":[111,111,137,153,153,191,191,216,243,243,318,339,364,385,385,504,504,524,306,331,331,30,30,50,50,50],"floor_reached":25,"playtime":407,"items_purged":["Strike_B"],"score":305,"play_id":"f12c8157-7ee1-4683-ad4c-b25522bb4e3e","local_time":"20201213103238","is_ascension_mode":true,"campfire_choices":[{"data":"Dualcast","floor":7,"key":"SMITH"},{"data":"Sweeping Beam","floor":10,"key":"SMITH"},{"floor":15,"key":"REST"},{"data":"Echo Form","floor":23,"key":"SMITH"}],"circlet_count":0,"master_deck":["AscendersBane","Strike_B+1","Strike_B+1","Defend_B+1","Defend_B+1","Defend_B+1","Defend_B+1","Zap","Dualcast+1","Cold Snap","Machine Learning","Compile Driver","Sweeping Beam+1","Go for the Eyes","Rebound","Tempest","Echo Form+1","Leap+1","Turbo","Capacitor","Coolheaded","Conserve Battery","Beam Cell"],"relics":["Cracked Core","Orichalcum","Golden Idol","Pantograph","Toy Ornithopter","Nuclear Battery","Pen Nib","OrangePellets"],"acts_visited":["Exordium","TheCity"],"potions_floor_usage":[6,13,16,25],"damage_taken":[{"damage":6,"enemies":"Jaw Worm","floor":1,"turns":3},{"damage":2,"enemies":"2 Louse","floor":4,"turns":2},{"damage":26,"enemies":"Gremlin Nob","floor":6,"turns":5},{"damage":0,"enemies":"Cultist","floor":8,"turns":3},{"damage":0,"enemies":"2 Fungi Beasts","floor":12,"turns":2},{"damage":0,"enemies":"3 Louse","floor":13,"turns":2},{"damage":4,"enemies":"Gremlin Gang","floor":14,"turns":6},{"damage":42,"enemies":"Slime Boss","floor":16,"turns":7},{"damage":15,"enemies":"Spheric Guardian","floor":18,"turns":4},{"damage":10,"enemies":"3 Byrds","floor":20,"turns":4},{"damage":24,"enemies":"3 Cultists","floor":24,"turns":5},{"damage":19,"enemies":"Slavers","floor":25,"turns":1}],"seed_played":"4174205958229316244","potions_obtained":[{"floor":4,"key":"Block Potion"},{"floor":12,"key":"Fire Potion"},{"floor":13,"key":"CultistPotion"},{"floor":20,"key":"PotionOfCapacity"},{"floor":24,"key":"DistilledChaos"}],"is_trial":false,"path_per_floor":["M","?","T","M","?","E","R","M","T","R","?","M","M","M","R","B",null,"M","$","M","?","$","R","M","E"],"character_chosen":"DEFECT","items_purchased":["Pen Nib","OrangePellets","Capacitor","Coolheaded","Conserve Battery"],"campfire_rested":1,"item_purchase_floors":[19,22,22,22,22],"current_hp_per_floor":[62,62,62,60,53,27,27,27,27,27,16,16,21,17,37,25,58,43,43,33,33,33,33,9,0,0],"gold":50,"neow_bonus":"RANDOM_COMMON_RELIC","is_daily":false,"chose_seed":false,"campfire_upgraded":3,"win_rate":0.0,"timestamp":1607851958,"path_taken":["M","?","?","?","?","E","R","M","T","R","?","M","M","M","R","BOSS","M","$","M","?","$","R","M","E"],"items_purchased_type":["Relic","Relic","Card","Card","Card"],"build_version":"2020-11-30","purchased_purges":1,"victory":false,"max_hp_per_floor":[75,69,69,69,69,69,69,69,69,69,69,69,69,69,69,69,69,69,69,69,69,69,69,69,69,69],"card_choices":[{"not_picked":["Loop","Conserve Battery"],"picked":"Cold Snap","floor":1},{"not_picked":["Steam","Recycle"],"picked":"Machine Learning","floor":4},{"not_picked":["Go for the Eyes","Streamline"],"picked":"Compile Driver","floor":6},{"not_picked":["Gash","Compile Driver"],"picked":"Sweeping Beam","floor":8},{"not_picked":["Streamline","Cold Snap"],"picked":"Go for the Eyes","floor":12},{"not_picked":["Capacitor","Cold Snap"],"picked":"Rebound","floor":13},{"not_picked":["Aggregate","Steam"],"picked":"Tempest","floor":14},{"not_picked":["Rainbow","Reboot"],"picked":"Echo Form","floor":16},{"not_picked":["Gash","Genetic Algorithm"],"picked":"Leap+1","floor":18},{"not_picked":["Lockon","Cold Snap"],"picked":"Turbo","floor":20},{"not_picked":["Sweeping Beam","Compile Driver"],"picked":"Beam Cell","floor":24}],"player_experience":997736,"relics_obtained":[{"floor":6,"key":"Pantograph"},{"floor":9,"key":"Toy Ornithopter"}],"event_choices":[{"damage_healed":0,"gold_gain":0,"player_choice":"Lose Max HP","damage_taken":0,"relics_obtained":["Golden Idol"],"max_hp_gain":0,"max_hp_loss":6,"event_name":"Golden Idol","floor":2,"gold_loss":0},{"cards_removed":["Strike_B"],"damage_healed":0,"gold_gain":0,"player_choice":"Card Removal","damage_taken":7,"max_hp_gain":0,"max_hp_loss":0,"event_name":"Golden Wing","floor":5,"gold_loss":0},{"damage_healed":0,"gold_gain":75,"player_choice":"Gather Gold","damage_taken":11,"max_hp_gain":0,"max_hp_loss":0,"event_name":"World of Goop","floor":11,"gold_loss":0},{"damage_healed":0,"gold_gain":0,"player_choice":"Simplicity","damage_taken":0,"max_hp_gain":0,"max_hp_loss":0,"event_name":"Back to Basics","floor":21,"gold_loss":0,"cards_upgraded":["Strike_B","Strike_B","Defend_B","Defend_B","Defend_B","Defend_B"]}],"is_beta":false,"boss_relics":[{"not_picked":["Runic Dome","Black Star"],"picked":"Nuclear Battery"}],"items_purged_floors":[19],"is_endless":false,"potions_floor_spawned":[4,12,13,20,24],"killed_by":"Slavers","ascension_level":10}}