{"host":"sqc03gvc95ea30py","time":1607834713,"event":{"mods":["BaseMod","Better-Laid Plans","Colored Powertips","Minty Spire (QoL Compilation)","Quick Restart","Shop Mod"],"gold_per_floor":[115,133,61,11,25,25,55,55,55,155,155,165,165,165,165,269,269,288,58,68,158,158,158],"floor_reached":22,"playtime":444,"items_purged":["Go for the Eyes"],"score":275,"play_id":"cf414f40-cfa1-4cb6-ae8d-7a4d19f4d842","local_time":"20201213124513","is_ascension_mode":true,"campfire_choices":[{"data":"Sunder","floor":6.0,"key":"SMITH"},{"data":"Defragment","floor":8.0,"key":"SMITH"},{"data":"Amplify","floor":11.0,"key":"SMITH"},{"data":"Static Discharge","floor":15.0,"key":"SMITH"}],"circlet_count":0,"master_deck":["AscendersBane","Zap","Dualcast","Amplify+1","Hologram","Loop","Defragment+1","Sunder+1","Static Discharge+1","Fission","FTL","Aggregate","Stack","Multi-Cast","Thunder Strike","Meteor Strike","Ball Lightning","Electrodynamics","Skim"],"relics":["Cracked Core","Dream Catcher","Art of War","Pandora\u0027s Box"],"acts_visited":["Exordium","TheCity"],"potions_floor_usage":[],"damage_taken":[{"damage":9.0,"enemies":"Jaw Worm","floor":1.0,"turns":3.0},{"damage":20.0,"enemies":"Small Slimes","floor":2.0,"turns":4.0},{"damage":3.0,"enemies":"Cultist","floor":5.0,"turns":4.0},{"damage":16.0,"enemies":"Exordium Wildlife","floor":12.0,"turns":4.0},{"damage":21.0,"enemies":"Hexaghost","floor":16.0,"turns":6.0},{"damage":25.0,"enemies":"Shell Parasite","floor":18.0,"turns":4.0},{"damage":12.0,"enemies":"Chosen","floor":20.0,"turns":3.0},{"damage":15,"enemies":"Shelled Parasite and Fungi","floor":22,"turns":1}],"seed_played":"-1167465809676074003","potions_obtained":[{"floor":2.0,"key":"FocusPotion"},{"floor":16.0,"key":"Strength Potion"}],"is_trial":false,"path_per_floor":["M","M","$","?","M","R","?","R","T","?","R","M","?","?","R","B",null,"M","$","M","?","M"],"character_chosen":"DEFECT","items_purchased":["Defragment","Electrodynamics"],"campfire_rested":0,"item_purchase_floors":[3,19],"current_hp_per_floor":[59,39,39,39,36,36,36,36,36,36,36,20,20,25,25,4,61,36,36,24,12,0,0],"gold":158,"neow_bonus":"ONE_RANDOM_RARE_CARD","is_daily":false,"chose_seed":false,"campfire_upgraded":4,"win_rate":0.0,"timestamp":1607834713,"path_taken":["M","M","$","?","M","R","?","R","T","?","R","?","?","?","R","BOSS","M","$","M","?","?"],"items_purchased_type":["Card","Card"],"build_version":"2020-11-30","purchased_purges":1,"victory":false,"max_hp_per_floor":[75,75,75,75,75,75,75,75,75,75,75,75,75,80,80,80,80,80,80,80,80,80,80],"card_choices":[{"not_picked":["Go for the Eyes","Redo"],"picked":"Hologram","floor":1.0},{"not_picked":["Cold Snap","Leap"],"picked":"Loop","floor":2.0},{"not_picked":["Go for the Eyes","Coolheaded"],"picked":"Sunder","floor":5.0},{"not_picked":["Chill","Compile Driver"],"picked":"Static Discharge","floor":12.0},{"not_picked":["Reboot","Amplify"],"picked":"Fission","floor":16.0},{"not_picked":["Rebound+1","Redo"],"picked":"Ball Lightning","floor":18.0},{"not_picked":["Ball Lightning","Genetic Algorithm"],"picked":"Skim","floor":20.0}],"player_experience":287483,"relics_obtained":[{"floor":9.0,"key":"Art of War"}],"event_choices":[{"cards_removed":["Strike_B"],"damage_healed":0.0,"max_hp_gain":0.0,"max_hp_loss":0.0,"gold_gain":0.0,"event_name":"The Cleric","player_choice":"Card Removal","floor":4.0,"gold_loss":50.0,"damage_taken":0.0},{"damage_healed":0.0,"max_hp_gain":0.0,"max_hp_loss":0.0,"gold_gain":30.0,"event_name":"Dead Adventurer","player_choice":"Searched \u00272\u0027 times","floor":7.0,"gold_loss":0.0,"damage_taken":0.0,"relics_obtained":["Dream Catcher"]},{"damage_healed":0.0,"max_hp_gain":0.0,"max_hp_loss":0.0,"gold_gain":100.0,"event_name":"Wheel of Change","player_choice":"Gold","floor":10.0,"gold_loss":0.0,"damage_taken":0.0},{"damage_healed":0.0,"max_hp_gain":0.0,"max_hp_loss":0.0,"gold_gain":0.0,"event_name":"Scrap Ooze","player_choice":"Fled","floor":13.0,"gold_loss":0.0,"damage_taken":0.0},{"damage_healed":0.0,"max_hp_gain":5.0,"max_hp_loss":0.0,"gold_gain":0.0,"event_name":"Big Fish","player_choice":"Donut","floor":14.0,"gold_loss":0.0,"damage_taken":0.0},{"damage_healed":0.0,"max_hp_gain":0.0,"max_hp_loss":0.0,"gold_gain":90.0,"event_name":"Knowing Skull","player_choice":"GOLD ","floor":21.0,"potions_obtained":[],"gold_loss":0.0,"damage_taken":12.0,"cards_obtained":[]}],"is_beta":false,"boss_relics":[{"not_picked":["Inserter","Calling Bell"],"picked":"Pandora\u0027s Box"}],"items_purged_floors":[19],"is_endless":false,"potions_floor_spawned":[2,16,18,20],"killed_by":"Shelled Parasite and Fungi","ascension_level":12}}