{"host":"mbjdlts9b6456t85","time":1607824504,"event":{"mods":["2.2 Compatiblity","AchievementEnabler","Aspiration","BaseMod","Better Altar","Better Match","Better Note","Better Sensory Stone","Better Skull","Better Third Choice","BetterRewards","CCEM","Clawfect","Conspire","Downfall","GifTheSpireLib","Googly Eyes","Halation","Highlight Path","Hubris","Minty Spire (QoL Compilation)","Permanent Neow","Replay The Spire","Shop Mod","Spicy Shops","StSLib","Stuff the Spire","Unceasing Turn Reminder","everything is the same but u backflip on backflip"],"gold_per_floor":[20,20,20,20,80,108,108,134,134,134,149,74,74,104,104,205,205,220,21,39,39,39,39,67,67,118,131,131,131,151,151,151,256,256,276,276,276,276,294,61,61,61,79,79,79,79,89,116,116,116,116,116],"floor_reached":53,"playtime":5130,"items_purged":["Strike_G","Injury"],"score":740,"play_id":"cdf671d7-a919-4377-9a97-64837a3d81b7","local_time":"20201212205504","is_ascension_mode":false,"campfire_choices":[{"data":"StuffTheSpire:Injection","floor":7,"key":"SMITH"},{"data":"After Image","floor":23,"key":"SMITH"},{"floor":25,"key":"REST"},{"data":"Dagger Throw","floor":28,"key":"SMITH"},{"data":"ReplayTheSpireMod:Scrap Shanks","floor":32,"key":"SMITH"},{"data":"Atom Bomb","floor":42,"key":"SMITH"},{"data":"Fluid Movement","floor":49,"key":"SMITH"},{"floor":51,"key":"DIG"}],"circlet_count":0,"master_deck":["Strike_G","Strike_G","Strike_G","Defend_G","Defend_G","Defend_G","Survivor","Neutralize","Dagger Spray+1","StuffTheSpire:Injection+1","conspire:DoublingDagger+1","Expertise+1","Terror+1","Dagger Spray+1","Bouncing Flask+1","After Image+1","Night Terror+1","Toxin Wave+1","Poison Darts+1","Prepared+1","Dagger Throw+1","Cloak And Dagger+1","Fluid Movement+1","ReplayTheSpireMod:The Works+1","Shame","Unload","Corpse Explosion+1","ReplayTheSpireMod:Scrap Shanks+1","Adrenaline+1","Replay:Poison Smokescreen+1","Writhe","Outmaneuver+1","Footwork+1","expansioncontent:DonusPower+1","Atom Bomb+1","Cloak And Dagger+1","hubris:Envy","Blade Dance+1","Fluid Movement+1"],"relics":["Ring of the Snake","CCEMRelics:D6","Toxic Egg 2","hubris:Icosahedron","CCEMRelics:TinyMinotavrHorn","StuffTheSpire:Tea","aspiration:ArtOfWarUpgrade","Snack Pack","hubris:SphereOfDissonance","Astrolabe","BargainBundle","Sundial","Gambling Chip","aspiration:VileToxins","Dream Catcher","Cursed Key","conspire:GiftBox","hubris:Towel","Ginger","StuffTheSpire:WitherSkull","aspiration:SeaSaltIceCream","aspiration:Nostalgia","m_SnakeBloodCore"],"acts_visited":["Exordium","TheCity","TheBeyond"],"potions_floor_usage":[18,20,33,39,39,52,52],"damage_taken":[{"damage":3,"enemies":"Small Slimes","floor":1,"turns":4},{"damage":8,"enemies":"Gremlin Nob","floor":6,"turns":3},{"damage":10,"enemies":"Lagavulin","floor":8,"turns":5},{"damage":0,"enemies":"2 Louse","floor":11,"turns":1},{"damage":7,"enemies":"Gremlin Nob","floor":14,"turns":3},{"damage":15,"enemies":"The Guardian","floor":16,"turns":6},{"damage":0,"enemies":"Shell Parasite","floor":18,"turns":3},{"damage":30,"enemies":"3 Byrds","floor":20,"turns":3},{"damage":30,"enemies":"Book of Stabbing","floor":24,"turns":5},{"damage":0,"enemies":"3 Cultists","floor":27,"turns":2},{"damage":5,"enemies":"Centurion and Healer","floor":30,"turns":5},{"damage":18,"enemies":"Pondfish","floor":33,"turns":9},{"damage":23,"enemies":"3 Shapes","floor":35,"turns":4},{"damage":3,"enemies":"3 Darklings","floor":39,"turns":2},{"damage":14,"enemies":"Transient","floor":43,"turns":5},{"damage":16,"enemies":"Sphere and 2 Shapes","floor":47,"turns":2},{"damage":0,"enemies":"R_Hoarder","floor":48,"turns":7},{"damage":22,"enemies":"Replay:Hell Engine","floor":52,"turns":10}],"seed_played":"6541158046799949101","potions_obtained":[{"floor":1,"key":"Block Potion"},{"floor":16,"key":"Swift Potion"},{"floor":27,"key":"Fire Potion"},{"floor":30,"key":"SkillPotion"},{"floor":33,"key":"Energy Potion"},{"floor":35,"key":"SneckoOil"},{"floor":48,"key":"CunningPotion"}],"is_trial":false,"path_per_floor":["M","?","?","?","?","E","R","E","T","R","M","$","R","E","R","B",null,"M","$","M","?","?","R","E","R","T","M","R","?","M","T","R","B",null,"M","?","PTL","PTL","M","$","?","R","M","$","T","?","M","E","R","$","R","B",null],"character_chosen":"THE_SILENT","items_purchased":["BargainBundle","Dagger Throw","Cloak And Dagger+1","Fluid Movement","Footwork","expansioncontent:DonusPower+1","conspire:GiftBox"],"campfire_rested":1,"item_purchase_floors":[19,19,19,19,40,40,40],"current_hp_per_floor":[67,67,67,67,67,59,59,49,49,49,49,49,49,46,67,56,70,70,70,44,44,44,44,16,37,37,39,39,70,69,69,69,59,70,47,65,65,65,66,66,66,66,54,54,54,54,40,48,48,48,48,47],"gold":116,"neow_bonus":"ONE_RARE_RELIC","is_daily":false,"chose_seed":false,"campfire_upgraded":6,"win_rate":0.0,"timestamp":1607824504,"path_taken":["M","?","?","?","?","E","R","E","T","R","M","$","R","E","R","BOSS","M","$","M","?","?","R","E","R","T","M","R","?","?","?","R","BOSS","M","?","PTL","PTL","M","$","?","R","M","$","T","?","?","E","R","?","R","BOSS"],"items_purchased_type":["Relic","Card","Card","Card","Card","Card","Relic"],"build_version":"2020-11-30","purchased_purges":2,"victory":true,"max_hp_per_floor":[70,70,70,70,70,70,70,70,70,70,70,70,70,70,70,70,70,70,70,70,70,70,70,70,70,70,70,70,70,70,70,70,70,70,70,70,70,70,70,70,70,70,70,70,70,70,70,70,70,70,70,70],"card_choices":[{"not_picked":["Sucker Punch","Setup"],"picked":"Dagger Spray","floor":1},{"not_picked":["ReplayTheSpireMod:Scrap Shanks","Predator"],"picked":"StuffTheSpire:Injection","floor":5},{"not_picked":["Hidden Blade+1","StuffTheSpire:ReptileScales+1"],"picked":"conspire:DoublingDagger+1","floor":5},{"not_picked":["StuffTheSpire:Injection","Heel Hook"],"picked":"Expertise+1","floor":6},{"not_picked":["Eviscerate","StuffTheSpire:BumpUp"],"picked":"Terror+1","floor":8},{"not_picked":["Terror+1","Cloak And Dagger+1"],"picked":"Dagger Spray","floor":11},{"not_picked":["Sneak Up+1","Deflect+1"],"picked":"Bouncing Flask+1","floor":14},{"not_picked":["Atom Bomb","Venomology+1"],"picked":"After Image","floor":16},{"not_picked":["StuffTheSpire:Incursion+1","Deflect+1"],"picked":"Prepared+1","floor":18},{"not_picked":["ReplayTheSpireMod:Scrap Shanks","Dodge and Roll+1"],"picked":"ReplayTheSpireMod:The Works+1","floor":20},{"not_picked":["Backflip+1","Acrobatics+1"],"picked":"Unload","floor":24},{"not_picked":["Skewer","Backstab+1"],"picked":"Corpse Explosion+1","floor":27},{"not_picked":["Hidden Blade+1","Distraction+1"],"picked":"ReplayTheSpireMod:Scrap Shanks","floor":30},{"not_picked":["Grand Finale","Burst+1"],"picked":"Adrenaline+1","floor":33},{"not_picked":["ReplayTheSpireMod:The Works+1","Acrobatics+1"],"picked":"Replay:Poison Smokescreen+1","floor":35},{"not_picked":["Quick Slash+1","Flying Knee+1"],"picked":"Outmaneuver+1","floor":39},{"not_picked":["aspiration:Lunge","Night Terror+1"],"picked":"Atom Bomb","floor":40},{"not_picked":["Flying Knee","Underhanded Strike+1"],"picked":"Cloak And Dagger+1","floor":43},{"not_picked":["Blur+1","Choke+1"],"picked":"Blade Dance+1","floor":47},{"not_picked":["Backflip+1","ReplayTheSpireMod:Tripwire+1"],"picked":"Fluid Movement+1","floor":48}],"player_experience":429689,"relics_obtained":[{"floor":5,"key":"CCEMRelics:TinyMinotavrHorn"},{"floor":6,"key":"StuffTheSpire:Tea"},{"floor":8,"key":"Art of War"},{"floor":9,"key":"Snack Pack"},{"floor":14,"key":"hubris:SphereOfDissonance"},{"floor":24,"key":"Gambling Chip"},{"floor":26,"key":"aspiration:VileToxins"},{"floor":31,"key":"Dream Catcher"},{"floor":45,"key":"Ginger"},{"floor":48,"key":"StuffTheSpire:WitherSkull"},{"floor":51,"key":"aspiration:SeaSaltIceCream"}],"event_choices":[{"cards_removed":["Terror"],"damage_healed":0,"gold_gain":0,"player_choice":"Give","damage_taken":0,"max_hp_gain":0,"max_hp_loss":0,"event_name":"betterNote:BetterNote","floor":21,"gold_loss":0,"cards_obtained":["hubris:Greed"]},{"damage_healed":0,"gold_gain":0,"player_choice":"Stole Relic","damage_taken":0,"relics_obtained":["Sundial"],"max_hp_gain":0,"max_hp_loss":0,"event_name":"Addict","floor":22,"gold_loss":0,"cards_obtained":["Shame"]},{"damage_healed":31,"gold_gain":0,"player_choice":"Full Heal","damage_taken":0,"max_hp_gain":0,"max_hp_loss":0,"event_name":"Wheel of Change","floor":29,"gold_loss":0},{"damage_healed":18,"gold_gain":0,"player_choice":"Writhe","damage_taken":0,"max_hp_gain":0,"max_hp_loss":0,"event_name":"Winding Halls","floor":36,"gold_loss":0,"cards_obtained":["Writhe"]},{"damage_healed":0,"gold_gain":0,"player_choice":"Forge","damage_taken":0,"max_hp_gain":0,"max_hp_loss":0,"event_name":"Accursed Blacksmith","floor":46,"gold_loss":0,"cards_upgraded":["Footwork"]}],"is_beta":false,"boss_relics":[{"not_picked":["conspire:RunicOctahedron","hubris:RunicObelisk"],"picked":"Astrolabe"},{"not_picked":["halation:Yufonium","aspiration:RunicSpoon"],"picked":"Cursed Key"}],"items_purged_floors":[12,19],"is_endless":false,"potions_floor_spawned":[1,16,27,30,33,35,48],"ascension_level":0}}