{"host":"wbdly04l9mkn9nrc","time":1607856955,"event":{"mods":["AchievementEnabler","BaseMod","BetterRewards","Minty Spire (QoL Compilation)","StSLib","[IsaacMod]ÒÔÈö¼âËþ"],"gold_per_floor":[126,126,12,12,31,31,71,90,90,90,109,109,24,42,42,151,151,190,249,249,5,5,59,71,145,228,273,302,328,328],"floor_reached":29,"playtime":1255,"items_purged":["Defend_B"],"score":354,"play_id":"c72d5cd0-05ba-413f-9bdf-3f594b22abcf","local_time":"20201213185555","is_ascension_mode":true,"campfire_choices":[{"floor":6,"key":"REST"},{"floor":10,"key":"REST"},{"floor":12,"key":"REST"},{"data":"Static Discharge","floor":15,"key":"SMITH"},{"floor":24,"key":"REST"}],"circlet_count":0,"master_deck":["Strike_B","Strike_B","Defend_B","Defend_B","Zap","Dualcast","Static Discharge+1","Ball Lightning","Cold Snap","Leap","Skim","Seek","Conserve Battery","Glacier","Melter","Stack","Echo Form","Recycle+1","Cold Snap+1","Fusion+1","Storm+1","Auto Shields","Turbo","Turbo","Ball Lightning+1","Streamline+1"],"relics":["Cracked Core","HushsDoor","SalivaCoin","Membership Card","Omamori","Vajra","Shuriken","Akabeko","Mercury Hourglass","Dream Catcher","Lee\u0027s Waffle","Astrolabe","Runic Capacitor","Singing Bowl","MawBank","Pear","Sundial"],"acts_visited":["Exordium","TheCity"],"potions_floor_usage":[],"damage_taken":[{"damage":10,"enemies":"Jaw Worm","floor":1,"turns":2},{"damage":0,"enemies":"Cultist","floor":5,"turns":3},{"damage":34,"enemies":"Lagavulin","floor":7,"turns":5},{"damage":10,"enemies":"Small Slimes","floor":8,"turns":2},{"damage":0,"enemies":"2 Fungi Beasts","floor":11,"turns":2},{"damage":0,"enemies":"Exordium Thugs","floor":14,"turns":4},{"damage":10,"enemies":"The Guardian","floor":16,"turns":10},{"damage":22,"enemies":"2 Thieves","floor":18,"turns":3},{"damage":7,"enemies":"3 Byrds","floor":19,"turns":4},{"damage":25,"enemies":"Book of Stabbing","floor":23,"turns":4},{"damage":44,"enemies":"Slavers","floor":25,"turns":3},{"damage":9,"enemies":"Snecko","floor":27,"turns":5},{"damage":0,"enemies":"Centurion and Healer","floor":28,"turns":5},{"damage":13,"enemies":"Snake Plant","floor":29,"turns":1}],"seed_played":"-5723828478679977135","potions_obtained":[{"floor":7,"key":"Energy Potion"},{"floor":8,"key":"Swift Potion"},{"floor":11,"key":"GamblersBrew"}],"is_trial":false,"path_per_floor":["M","?","$","$","M","R","E","M","T","R","M","R","$","M","R","B",null,"M","M","?","$","?","E","R","E","T","M","M","M"],"character_chosen":"DEFECT","items_purchased":["Membership Card","Omamori","Static Discharge","Ball Lightning","Vajra","Shuriken","Cold Snap","Akabeko","Lee\u0027s Waffle","Stack","Runic Capacitor","Auto Shields","Singing Bowl"],"campfire_rested":4,"item_purchase_floors":[0,0,0,0,0,0,0,3,13,13,21,21,21],"current_hp_per_floor":[31,31,31,31,31,53,19,9,9,31,31,53,82,82,82,72,80,58,51,51,51,51,26,52,18,18,11,11,0,0],"gold":328,"neow_bonus":"","is_daily":false,"chose_seed":false,"campfire_upgraded":1,"win_rate":0.0,"timestamp":1607856955,"path_taken":["M","?","?","$","M","R","E","M","T","R","M","R","$","M","R","BOSS","M","M","?","$","?","E","R","E","T","?","M","M"],"items_purchased_type":["Relic","Relic","Card","Card","Relic","Relic","Card","Relic","Relic","Card","Relic","Card","Relic"],"build_version":"2020-11-30","purchased_purges":1,"victory":false,"max_hp_per_floor":[75,75,75,75,75,75,75,75,75,75,75,75,82,82,82,82,82,82,82,82,82,82,82,84,94,94,96,96,96,96],"card_choices":[{"not_picked":["Barrage","Coolheaded"],"picked":"Leap","floor":1},{"not_picked":["Steam","Stack"],"picked":"Skim","floor":5},{"not_picked":["Rebound","Stack"],"picked":"Seek","floor":7},{"not_picked":["Go for the Eyes","Cold Snap","Force Field"],"picked":"SKIP","floor":8},{"not_picked":["Consume","Capacitor"],"picked":"Conserve Battery","floor":10},{"not_picked":["Bomb","Doom and Gloom"],"picked":"Glacier","floor":11},{"not_picked":["Glacier","Sweeping Beam"],"picked":"Melter","floor":12},{"not_picked":["Meteor Strike","Defragment","Stack"],"picked":"SKIP","floor":14},{"not_picked":["Thunder Strike","Reboot"],"picked":"Echo Form","floor":16},{"not_picked":["Steam Power","Tempest+1"],"picked":"Storm+1","floor":18},{"not_picked":["Cold Snap","Stack","White Noise"],"picked":"SKIP","floor":19},{"not_picked":["Leap","Compile Driver+1"],"picked":"Turbo","floor":23},{"not_picked":["Rip and Tear","Force Field","Consume"],"picked":"Singing Bowl","floor":24},{"not_picked":["Doom and Gloom","Conserve Battery"],"picked":"Ball Lightning+1","floor":25},{"not_picked":["Conserve Battery","Aggregate","Ball Lightning"],"picked":"Singing Bowl","floor":27},{"not_picked":["Blizzard","Fusion"],"picked":"Streamline+1","floor":28}],"player_experience":81000,"relics_obtained":[{"floor":7,"key":"Mercury Hourglass"},{"floor":9,"key":"Dream Catcher"},{"floor":23,"key":"MawBank"},{"floor":25,"key":"Pear"},{"floor":26,"key":"Sundial"}],"event_choices":[{"damage_healed":0,"gold_gain":0,"player_choice":"Ignored","damage_taken":0,"max_hp_gain":0,"max_hp_loss":0,"event_name":"Vampires","floor":20,"gold_loss":0},{"damage_healed":0,"gold_gain":0,"player_choice":"Read","damage_taken":0,"max_hp_gain":0,"max_hp_loss":0,"event_name":"The Library","floor":22,"gold_loss":0,"cards_obtained":["Turbo"]}],"is_beta":false,"boss_relics":[{"not_picked":["SlaversCollar","ChampionBelt"],"picked":"Astrolabe"},{"not_picked":[]}],"items_purged_floors":[3],"is_endless":false,"potions_floor_spawned":[7,8,11,18,27],"killed_by":"Snake Plant","ascension_level":5}}