{"host":"5trcja4hacd149zc","time":1607827242,"event":{"mods":["BaseMod","Colored Map","Minty Spire (QoL Compilation)","Relic Stats"],"gold_per_floor":[116,116,2,2,2,2,43,67,67,67,85,100,100,125,125,218,218,232,256,146,87,87,87,103,103,103,122,162,162,252,266,266,359,359,379,410,433,452,472,472,497,497,497,158,224,117,140,140,140,140,140],"floor_reached":50,"playtime":1732,"items_purged":[],"score":1074,"play_id":"5a55cb40-d9ec-4286-9fe0-91b359a29169","local_time":"20201212204042","is_ascension_mode":true,"campfire_choices":[{"floor":6.0,"key":"REST"},{"data":"Juggernaut","floor":10.0,"key":"SMITH"},{"data":"Feed","floor":13.0,"key":"SMITH"},{"data":"Metallicize","floor":15.0,"key":"SMITH"},{"data":"Metallicize","floor":23.0,"key":"SMITH"},{"data":"Evolve","floor":25.0,"key":"SMITH"},{"data":"Dual Wield","floor":29.0,"key":"SMITH"},{"floor":32.0,"key":"REST"},{"data":"Feel No Pain","floor":40.0,"key":"SMITH"},{"floor":49,"key":"RECALL"}],"circlet_count":0,"master_deck":["AscendersBane","Juggernaut+1","Metallicize+1","Ghostly Armor","Feed+1","Disarm+1","Twin Strike","Metallicize+1","Ghostly Armor","Evolve+1","True Grit+1","Power Through","Fire Breathing","Power Through","Corruption+1","Shrug It Off","Dual Wield+1","Shrug It Off","Feel No Pain+1","Exhume","True Grit+1","Feel No Pain","Master of Strategy","Shrug It Off","Sentinel","Battle Trance+1","Feel No Pain+1"],"relics":["Pandora\u0027s Box","Happy Flower","Golden Idol","PreservedInsect","Bottled Lightning","Runic Dome","Bag of Preparation","Akabeko","Sozu","Shovel","Calipers","Smiling Mask"],"acts_visited":["TheCity","TheBeyond"],"potions_floor_usage":[],"damage_taken":[{"damage":5.0,"enemies":"Small Slimes","floor":1.0,"turns":3.0},{"damage":6.0,"enemies":"3 Sentries","floor":7.0,"turns":8.0},{"damage":0.0,"enemies":"Jaw Worm","floor":8.0,"turns":5.0},{"damage":11.0,"enemies":"2 Louse","floor":11.0,"turns":3.0},{"damage":8.0,"enemies":"Exordium Thugs","floor":12.0,"turns":5.0},{"damage":16.0,"enemies":"3 Louse","floor":14.0,"turns":3.0},{"damage":0.0,"enemies":"Hexaghost","floor":16.0,"turns":9.0},{"damage":6.0,"enemies":"2 Thieves","floor":18.0,"turns":5.0},{"damage":0.0,"enemies":"Spheric Guardian","floor":19.0,"turns":4.0},{"damage":0.0,"enemies":"Snecko","floor":24.0,"turns":6.0},{"damage":0.0,"enemies":"Snake Plant","floor":27.0,"turns":5.0},{"damage":31.0,"enemies":"Slavers","floor":28.0,"turns":4.0},{"damage":23.0,"enemies":"3 Cultists","floor":31.0,"turns":5.0},{"damage":41.0,"enemies":"Automaton","floor":33.0,"turns":12.0},{"damage":0.0,"enemies":"3 Shapes","floor":35.0,"turns":6.0},{"damage":0.0,"enemies":"Mind Bloom Boss Battle","floor":36.0,"turns":7.0},{"damage":4.0,"enemies":"Orb Walker","floor":37.0,"turns":4.0},{"damage":1.0,"enemies":"4 Shapes","floor":38.0,"turns":4.0},{"damage":2.0,"enemies":"Spire Growth","floor":39.0,"turns":5.0},{"damage":5.0,"enemies":"Jaw Worm Horde","floor":41.0,"turns":4.0},{"damage":4,"enemies":"2 Orb Walkers","floor":45,"turns":4},{"damage":0,"enemies":"4 Shapes","floor":47,"turns":4},{"damage":80,"enemies":"Awakened One","floor":50,"turns":3}],"seed_played":"-8031608096177354214","potions_obtained":[{"floor":1.0,"key":"LiquidMemories"},{"floor":12.0,"key":"LiquidBronze"},{"floor":14.0,"key":"GamblersBrew"}],"is_trial":false,"path_per_floor":["M","?","$","?","?","R","E","M","T","R","M","M","R","M","R","B",null,"M","M","?","$","$","R","M","R","T","M","E","R","?","M","R","B",null,"M","?","M","M","M","R","M","?","T","$","?","?","M","?","R","B"],"character_chosen":"IRONCLAD","items_purchased":["True Grit","BlessingOfTheForge","Shrug It Off","Feel No Pain","Master of Strategy","Shrug It Off"],"campfire_rested":2,"item_purchase_floors":[3,3,21,44,44,44],"current_hp_per_floor":[66,48,48,48,27,48,45,48,48,48,40,35,35,23,23,23,71,69,73,73,73,73,73,73,73,73,73,46,46,34,15,45,4,78,78,82,78,77,79,79,78,78,78,78,78,78,78,78,78,0,0],"gold":140,"neow_bonus":"BOSS_RELIC","is_daily":false,"chose_seed":false,"campfire_upgraded":7,"win_rate":0.0,"timestamp":1607827242,"path_taken":["M","?","$","?","?","R","E","M","T","R","M","?","R","M","R","BOSS","M","M","?","?","$","R","M","R","T","M","E","R","?","?","R","BOSS","M","?","M","M","M","R","M","?","T","$","?","?","?","?","R","BOSS"],"items_purchased_type":["Card","Potion","Card","Card","Card","Card"],"build_version":"2020-11-30","purchased_purges":0,"victory":false,"max_hp_per_floor":[78,78,78,71,71,71,74,77,77,77,80,83,83,87,87,87,87,91,95,95,95,95,95,95,95,95,95,99,99,99,103,103,103,103,103,107,107,107,111,111,115,115,115,115,119,119,119,119,119,119,119],"relic_stats":{"Sozu":2,"Shovel":0,"Happy Flower":[38],"counters":[23,118],"Golden Idol":135,"Pandora\u0027s Box":["Juggernaut","Metallicize","Ghostly Armor","Feed","Disarm","Twin Strike","Metallicize","Ghostly Armor","Evolve"],"PreservedInsect":41,"Bag of Preparation":[26],"Smiling Mask":0,"obtain_stats":[{"Calipers":45,"Happy Flower":2,"Golden Idol":4,"PreservedInsect":7,"Bag of Preparation":26,"Smiling Mask":46,"Burning Blood":0,"Akabeko":28,"Sozu":34,"Runic Dome":17,"Shovel":36,"Pandora\u0027s Box":0,"Bottled Lightning":9},{"Calipers":21,"Happy Flower":1,"Golden Idol":1,"PreservedInsect":2,"Bag of Preparation":10,"Smiling Mask":21,"Burning Blood":0,"Akabeko":12,"Sozu":14,"Runic Dome":7,"Shovel":16,"Pandora\u0027s Box":0,"Bottled Lightning":3},{"Calipers":111,"Happy Flower":3,"Golden Idol":3,"PreservedInsect":11,"Bag of Preparation":51,"Smiling Mask":111,"Burning Blood":0,"Akabeko":60,"Sozu":77,"Runic Dome":36,"Shovel":90,"Pandora\u0027s Box":0,"Bottled Lightning":16}]},"card_choices":[{"not_picked":["Rage","Blood for Blood","Flex"],"picked":"SKIP","floor":1.0},{"not_picked":["Brutality","Infernal Blade","Perfected Strike"],"picked":"SKIP","floor":7.0},{"not_picked":["Heavy Blade","Evolve"],"picked":"Power Through","floor":8.0},{"not_picked":["Dark Embrace","Inflame"],"picked":"Fire Breathing","floor":11.0},{"not_picked":["Havoc","Burning Pact","Dark Embrace"],"picked":"SKIP","floor":12.0},{"not_picked":["True Grit","Sentinel"],"picked":"Power Through","floor":14.0},{"not_picked":["Limit Break","Double Tap"],"picked":"Corruption","floor":16.0},{"not_picked":["Cleave","Havoc","Clothesline"],"picked":"SKIP","floor":18.0},{"not_picked":["Flex+1","Anger","Havoc"],"picked":"SKIP","floor":19.0},{"not_picked":["Body Slam","Infernal Blade+1","Fire Breathing"],"picked":"SKIP","floor":24.0},{"not_picked":["True Grit","Pommel Strike","Dropkick"],"picked":"SKIP","floor":27.0},{"not_picked":["Intimidate","Shrug It Off+1"],"picked":"Dual Wield","floor":28.0},{"not_picked":["Searing Blow","Rampage","Armaments"],"picked":"SKIP","floor":31.0},{"not_picked":["Dark Embrace","Dropkick"],"picked":"Shrug It Off","floor":35.0},{"not_picked":["Burning Pact","True Grit","Perfected Strike+1"],"picked":"SKIP","floor":37.0},{"not_picked":["Perfected Strike","Shockwave"],"picked":"Feel No Pain","floor":38.0},{"not_picked":["Body Slam","Twin Strike"],"picked":"Exhume","floor":39.0},{"not_picked":["Armaments","Sword Boomerang"],"picked":"True Grit+1","floor":41.0},{"not_picked":["Perfected Strike","Shrug It Off"],"picked":"Sentinel","floor":45},{"not_picked":["Anger","Cleave"],"picked":"Battle Trance+1","floor":47}],"player_experience":742611,"relics_obtained":[{"floor":7.0,"key":"PreservedInsect"},{"floor":9.0,"key":"Bottled Lightning"},{"floor":26.0,"key":"Bag of Preparation"},{"floor":28.0,"key":"Akabeko"},{"floor":36.0,"key":"Shovel"},{"floor":45,"key":"Calipers"}],"event_choices":[{"damage_healed":0.0,"max_hp_gain":0.0,"max_hp_loss":0.0,"gold_gain":0.0,"event_name":"Scrap Ooze","player_choice":"Success","floor":2.0,"gold_loss":0.0,"damage_taken":18.0,"relics_obtained":["Happy Flower"]},{"damage_healed":0.0,"max_hp_gain":0.0,"max_hp_loss":7.0,"gold_gain":0.0,"event_name":"Golden Idol","player_choice":"Lose Max HP","floor":4.0,"gold_loss":0.0,"damage_taken":0.0,"relics_obtained":["Golden Idol"]},{"damage_healed":0.0,"max_hp_gain":0.0,"max_hp_loss":0.0,"gold_gain":0.0,"event_name":"Shining Light","player_choice":"Entered Light","floor":5.0,"gold_loss":0.0,"damage_taken":21.0,"cards_upgraded":["Disarm","True Grit"]},{"cards_removed":["Bash"],"damage_healed":0.0,"max_hp_gain":0.0,"max_hp_loss":0.0,"gold_gain":0.0,"event_name":"Designer","player_choice":"Upgrade and Remove","floor":20.0,"gold_loss":110.0,"damage_taken":0.0,"cards_upgraded":["Corruption"]},{"damage_healed":0.0,"max_hp_gain":0.0,"max_hp_loss":0.0,"gold_gain":90.0,"event_name":"Knowing Skull","player_choice":"GOLD ","floor":30.0,"potions_obtained":[],"gold_loss":0.0,"damage_taken":12.0,"cards_obtained":[]},{"damage_healed":0.0,"max_hp_gain":0.0,"max_hp_loss":0.0,"gold_gain":0.0,"event_name":"MindBloom","player_choice":"Fight","floor":36.0,"gold_loss":0.0,"damage_taken":0.0},{"damage_healed":0.0,"max_hp_gain":0.0,"max_hp_loss":0.0,"gold_gain":0.0,"event_name":"SensoryStone","player_choice":"Memory 1","floor":42.0,"gold_loss":0.0,"damage_taken":0.0},{"damage_healed":0,"gold_gain":0,"player_choice":"Fight","damage_taken":0,"max_hp_gain":0,"max_hp_loss":0,"event_name":"Mysterious Sphere","floor":45,"gold_loss":0},{"damage_healed":0,"gold_gain":0,"player_choice":"Paid Gold","damage_taken":0,"relics_obtained":["Smiling Mask"],"max_hp_gain":0,"max_hp_loss":0,"event_name":"WeMeetAgain","floor":46,"gold_loss":107},{"damage_healed":0,"gold_gain":0,"player_choice":"Copied","damage_taken":0,"max_hp_gain":0,"max_hp_loss":0,"event_name":"Duplicator","floor":48,"gold_loss":0,"cards_obtained":["Feel No Pain"]}],"is_beta":false,"boss_relics":[{"not_picked":["SacredBark","Black Star"],"picked":"Runic Dome"},{"not_picked":["Coffee Dripper","Cursed Key"],"picked":"Sozu"}],"items_purged_floors":[],"is_endless":false,"potions_floor_spawned":[1,12,14,24,27,28,31,35,39,45],"killed_by":"Awakened One","ascension_level":20}}