{"host":"auv68s8i97pkmhwr","time":1607848712,"event":{"mods":["AchievementEnabler","BaseMod","Best Route Mod","Bestiary","Better Altar","Better Match","Better Note","Better Sensory Stone","Better Skull","Better Third Choice","Better Vampires","BetterRewards","Block Reminder","Colored Map","Colored Powertips","Displayed Cursed Tome","Minty Spire (QoL Compilation)","StSLib","SuperFastMode","Uncapped","Unceasing Turn Reminder"],"gold_per_floor":[110,126,76,95,95,127,160,195,247,247,275,275,310,53,53,152,152,170,170,170,190,200,200,55,55,55],"floor_reached":25,"playtime":662,"items_purged":[],"score":431,"play_id":"01c1da2f-16d2-4786-a05e-ce8d9b453005","local_time":"20201213163832","daily_mods":["Draft","Heirloom","Time Dilation","Flight","DeadlyEvents","Elite Swarm"],"is_ascension_mode":true,"campfire_choices":[{"data":"Barricade","floor":10.0,"key":"SMITH"},{"floor":12.0,"key":"REST"},{"data":"Disarm","floor":15.0,"key":"SMITH"},{"floor":23.0,"key":"REST"}],"circlet_count":0,"master_deck":["AscendersBane","Shrug It Off","Combust","Battle Trance","Burning Pact","True Grit","Anger","Cleave","Iron Wave","Inflame","Pommel Strike","Heavy Blade","Second Wind","Wild Strike","Body Slam","Disarm+1","Spot Weakness","Barricade+1","Offering","Limit Break","Limit Break","Impervious","Power Through","Shrug It Off","Body Slam"],"relics":["Burning Blood","CaptainsWheel","Lantern","Ancient Tea Set","StoneCalendar","Dream Catcher","Shovel","Art of War","Meat on the Bone","Snecko Eye","Bloody Idol","Happy Flower"],"acts_visited":[],"potions_floor_usage":[],"damage_taken":[{"damage":4.0,"enemies":"Jaw Worm","floor":1.0,"turns":2.0},{"damage":1.0,"enemies":"2 Louse","floor":2.0,"turns":3.0},{"damage":3.0,"enemies":"Small Slimes","floor":4.0,"turns":2.0},{"damage":20.0,"enemies":"Gremlin Nob","floor":6.0,"turns":3.0},{"damage":17.0,"enemies":"3 Sentries","floor":7.0,"turns":4.0},{"damage":14.0,"enemies":"Gremlin Nob","floor":8.0,"turns":4.0},{"damage":33.0,"enemies":"Lagavulin","floor":11.0,"turns":6.0},{"damage":23.0,"enemies":"Gremlin Nob","floor":13.0,"turns":4.0},{"damage":0.0,"enemies":"The Guardian","floor":16.0,"turns":7.0},{"damage":17.0,"enemies":"Spheric Guardian","floor":18.0,"turns":4.0},{"damage":0.0,"enemies":"Chosen","floor":21.0,"turns":4.0},{"damage":25.0,"enemies":"3 Cultists","floor":22.0,"turns":5.0},{"damage":0,"enemies":"Gremlin Leader","floor":25,"turns":1}],"seed_played":"-6631816229570622412","potions_obtained":[{"floor":2.0,"key":"BlessingOfTheForge"},{"floor":4.0,"key":"LiquidMemories"},{"floor":8.0,"key":"AttackPotion"},{"floor":21.0,"key":"SteroidPotion"}],"is_trial":true,"path_per_floor":["M","M","?","M","T","E","E","E","T","R","E","R","E","$","R","B",null,"M","?","?","M","M","R","$","E"],"character_chosen":"IRONCLAD","items_purchased":["Meat on the Bone","Happy Flower"],"campfire_rested":2,"item_purchase_floors":[14,24],"current_hp_per_floor":[74,79,79,80,80,66,55,47,47,47,20,44,27,27,27,45,71,60,60,20,43,41,65,65,65,65],"gold":55,"neow_bonus":"","is_daily":false,"chose_seed":false,"campfire_upgraded":2,"win_rate":0.0,"timestamp":1607848712,"path_taken":["M","M","?","M","?","E","E","E","T","R","E","R","E","?","R","BOSS","M","?","?","M","?","R","?","E"],"items_purchased_type":["Relic","Relic"],"build_version":"2020-11-30","purchased_purges":0,"victory":false,"max_hp_per_floor":[80,80,80,80,80,80,80,80,80,80,80,80,80,80,80,80,80,80,80,80,80,80,80,80,80,80],"card_choices":[{"not_picked":["Havoc","Rampage"],"picked":"Shrug It Off","floor":0.0},{"not_picked":["Uppercut","Armaments"],"picked":"Combust","floor":0.0},{"not_picked":["Body Slam","Sword Boomerang"],"picked":"Battle Trance","floor":0.0},{"not_picked":["Heavy Blade","Perfected Strike"],"picked":"Dropkick","floor":0.0},{"not_picked":["Flex","Ghostly Armor"],"picked":"Burning Pact","floor":0.0},{"not_picked":["Iron Wave","Flex"],"picked":"True Grit","floor":0.0},{"not_picked":["Infernal Blade","Warcry"],"picked":"Anger","floor":0.0},{"not_picked":["Bloodletting","Rampage"],"picked":"Cleave","floor":0.0},{"not_picked":["Clothesline","Bloodletting"],"picked":"Iron Wave","floor":0.0},{"not_picked":["Shockwave","Second Wind"],"picked":"Inflame","floor":0.0},{"not_picked":["Warcry","Evolve"],"picked":"Pommel Strike","floor":0.0},{"not_picked":["Flex","Perfected Strike"],"picked":"Heavy Blade","floor":0.0},{"not_picked":["Pommel Strike","Heavy Blade"],"picked":"Second Wind","floor":0.0},{"not_picked":["Heavy Blade","Pommel Strike"],"picked":"Wild Strike","floor":0.0},{"not_picked":["Iron Wave","Pommel Strike"],"picked":"Body Slam","floor":0.0},{"not_picked":["Pommel Strike","Headbutt"],"picked":"Disarm","floor":1.0},{"not_picked":["Thunderclap","Dual Wield"],"picked":"Spot Weakness","floor":2.0},{"not_picked":["Clothesline","Reckless Charge","Ghostly Armor"],"picked":"SKIP","floor":4.0},{"not_picked":["Immolate","Demon Form"],"picked":"Barricade","floor":6.0},{"not_picked":["Demon Form","Corruption"],"picked":"Offering","floor":7.0},{"not_picked":["Impervious","Bludgeon"],"picked":"Limit Break","floor":8.0},{"not_picked":["Barricade","Juggernaut","Corruption"],"picked":"SKIP","floor":11.0},{"not_picked":["Feed","Barricade"],"picked":"Limit Break","floor":13.0},{"not_picked":["Offering","Brutality"],"picked":"Impervious","floor":16.0},{"not_picked":["Battle Trance+1","Headbutt+1"],"picked":"Power Through","floor":18.0},{"not_picked":["Cleave","Bloodletting"],"picked":"Shrug It Off","floor":21.0},{"not_picked":["Heavy Blade+1","Pommel Strike","Twin Strike+1"],"picked":"SKIP","floor":22.0},{"not_picked":["Warcry","Havoc"],"picked":"Body Slam","floor":23.0}],"player_experience":1218452,"relics_obtained":[{"floor":6.0,"key":"Lantern"},{"floor":7.0,"key":"Ancient Tea Set"},{"floor":8.0,"key":"StoneCalendar"},{"floor":9.0,"key":"Dream Catcher"},{"floor":11.0,"key":"Shovel"},{"floor":13.0,"key":"Art of War"}],"event_choices":[{"cards_removed":["Dropkick"],"damage_healed":0.0,"max_hp_gain":0.0,"max_hp_loss":0.0,"gold_gain":0.0,"event_name":"The Cleric","player_choice":"Card Removal","floor":3.0,"gold_loss":50.0,"damage_taken":0.0},{"damage_healed":0.0,"max_hp_gain":0.0,"max_hp_loss":0.0,"gold_gain":0.0,"event_name":"betterNote:BetterNote","player_choice":"Ignored","floor":19.0,"gold_loss":0.0,"damage_taken":0.0,"cards_obtained":["Ball Lightning"]},{"damage_healed":0.0,"max_hp_gain":60.0,"max_hp_loss":20.0,"gold_gain":0.0,"event_name":"betterAltar:BetterAltar","player_choice":" Idol ","floor":20.0,"potions_obtained":[],"relics_lost":[],"gold_loss":0.0,"damage_taken":40.0,"relics_obtained":["Bloody Idol"]}],"is_beta":false,"boss_relics":[{"not_picked":["Fusion Hammer","Velvet Choker"],"picked":"Snecko Eye"}],"items_purged_floors":[],"is_endless":false,"potions_floor_spawned":[2,4,8,21],"killed_by":"Gremlin Leader","ascension_level":10}}