{"host":"vd5put2n5b3t1prw","time":1607885597,"event":{"mods":["2.2 Compatiblity","AchievementEnabler","BaseMod","Better Altar","Better Match","Better Note","Better Sensory Stone","Better Silent Start","Better Skull","Better Third Choice","Better Vampires","Better-Laid Plans","BetterRewards","Block Reminder","Card Forge","Colored Map","Custom Start","Downfall","Emptier Cage","Minty Spire (QoL Compilation)","Quick Restart","Random Character Button","Relic Stats","Reorder Act Four","Spicy Shops","StSLib","Transform Curses","Waifu the Spire"],"gold_per_floor":[116,128,147,11,11,22,48,79,92,92,92,112,37,48,48,147,147,205,205,217,417,34,34,34,119,119,119,6,20,20,38,38,142,142,161,140,140,189,189,177,229,229,274,286,286],"floor_reached":44,"playtime":5294,"items_purged":[],"score":561,"play_id":"61690fb1-c7a9-4dae-b78c-5e8eb813ec23","local_time":"20201213125317","is_ascension_mode":false,"campfire_choices":[{"data":"sneckomod:MasterEye","floor":5.0,"key":"SMITH"},{"floor":13.0,"key":"RECALL"},{"floor":15.0,"key":"REST"},{"data":"sneckomod:DiceBoulder+2","floor":32.0,"key":"SMITH"}],"circlet_count":0,"master_deck":["sneckomod:Strike+1","sneckomod:Defend+1","sneckomod:Defend","sneckomod:Defend+1","sneckomod:TailWhip+1","sneckomod:SnekBite","sneckomod:Unknown","sneckomod:Unknown+2","sneckomod:UnknownBlock","sneckomod:UnknownExhaust+1","sneckomod:UnknownRareAttack","sneckomod:MasterEye+1","sneckomod:QuickMove+1","sneckomod:UnknownVulnerable","sneckomod:UnknownClassGREEN+1","sneckomod:Unknown1Cost","sneckomod:QuickBite","sneckomod:UnlimitedRolls+1","sneckomod:ImprovisedGuard+1","sneckomod:UnknownUncommonAttack+1","sneckomod:UnknownClassGUARDIAN+1","sneckomod:UnknownUncommonSkill","hexamod:SixthSeal","sneckomod:DiceBoulder+3","sneckomod:UnknownClassGUARDIAN","sneckomod:UnknownUncommonPower","Metamorphosis","sneckomod:IronFang+1","RitualDagger","sneckomod:UnknownUncommonAttack","sneckomod:MasterEye+1","sneckomod:QuickBite+1","sneckomod:DiceCrush+1","sneckomod:MorePower+1","sneckomod:Unknown3Cost+1","sneckomod:UnknownClassRED+2","sneckomod:CheapStock+1","sneckomod:Nope+1","sneckomod:DiceCrush","sneckomod:Unknown3Cost+1","sneckomod:DiceBlock+1"],"relics":["sneckomod:SneckoSoul","Hammer of Thor","Seething Fire","Anvil of the Gods","CaptainsWheel","Ancient Tea Set","Art of War","downfall:HeartBlessingGreen","Astrolabe","Incense Burner","Membership Card","sneckomod:ConfusingCodex","Frozen Egg 2","Snecko Eye","Calipers","Bird Faced Urn","sneckomod:LoadedDie","CeramicFish","MawBank"],"acts_visited":["Exordium","TheCity","TheBeyond"],"potions_floor_usage":[],"damage_taken":[{"damage":2.0,"enemies":"Small Slimes","floor":1.0,"turns":2.0},{"damage":0.0,"enemies":"2 Louse","floor":2.0,"turns":3.0},{"damage":8.0,"enemies":"Jaw Worm","floor":3.0,"turns":2.0},{"damage":7.0,"enemies":"downfall:FleeingMerchant","floor":4.0,"turns":4.0},{"damage":0.0,"enemies":"3 Louse","floor":6.0,"turns":2.0},{"damage":24.0,"enemies":"3 Sentries","floor":8.0,"turns":12.0},{"damage":0.0,"enemies":"Large Slime","floor":9.0,"turns":4.0},{"damage":4.0,"enemies":"2 Fungi Beasts","floor":12.0,"turns":3.0},{"damage":0.0,"enemies":"3 Louse","floor":14.0,"turns":2.0},{"damage":0.0,"enemies":"downfall:Defect","floor":16.0,"turns":4.0},{"damage":10.0,"enemies":"Spheric Guardian","floor":18.0,"turns":4.0},{"damage":1.0,"enemies":"Chosen and Byrds","floor":20.0,"turns":4.0},{"damage":0.0,"enemies":"Chosen and Byrds","floor":21.0,"turns":4.0},{"damage":0.0,"enemies":"downfall:FleeingMerchant","floor":22.0,"turns":4.0},{"damage":0.0,"enemies":"downfall:FleeingMerchant","floor":28.0,"turns":4.0},{"damage":9.0,"enemies":"Snake Plant","floor":29.0,"turns":4.0},{"damage":7.0,"enemies":"Centurion and Healer","floor":31.0,"turns":3.0},{"damage":44.0,"enemies":"downfall:Silent","floor":33.0,"turns":9.0},{"damage":25.0,"enemies":"3 Darklings","floor":35.0,"turns":4.0},{"damage":62.0,"enemies":"2 Orb Walkers","floor":38.0,"turns":6.0},{"damage":0.0,"enemies":"3 Shapes","floor":39.0,"turns":1.0},{"damage":2.0,"enemies":"Giant Head","floor":43.0,"turns":6.0},{"damage":62,"enemies":"Reptomancer","floor":44,"turns":2}],"seed_played":"-5914220345497968986","potions_obtained":[{"floor":2.0,"key":"SneckoOil"},{"floor":9.0,"key":"EntropicBrew"},{"floor":14.0,"key":"PowerPotion"},{"floor":29.0,"key":"EssenceOfSteel"},{"floor":31.0,"key":"LiquidBronze"},{"floor":33.0,"key":"Explosive Potion"}],"is_trial":false,"path_per_floor":["M","M","M","$","R","M","T","E","M","?","?","M","R","M","R","B",null,"M","?","M","?","$","?","T","?","?","T","$","M","$","M","R","B",null,"M","$","?","?","M","$","T","T","E","E"],"character_chosen":"THE_SNECKO","items_purchased":["sneckomod:MasterEye","sneckomod:UnknownUncommonPower","Metamorphosis","sneckomod:IronFang","Membership Card","sneckomod:ConfusingCodex","Frozen Egg 2","sneckomod:MasterEye+1","Calipers","sneckomod:CheapStock+1","sneckomod:DiceCrush"],"campfire_rested":1,"item_purchase_floors":[4,22,22,22,28,28,28,28,36,36,40],"current_hp_per_floor":[89,90,83,78,78,78,78,55,62,62,62,59,59,59,89,89,104,95,95,94,94,96,90,90,76,76,76,77,74,74,67,67,23,108,85,85,85,23,29,29,29,29,54,0,0],"gold":286,"neow_bonus":"ONE_RARE_RELIC","is_daily":false,"chose_seed":false,"campfire_upgraded":2,"win_rate":0.0,"timestamp":1607885597,"path_taken":["M","M","M","$","R","M","T","E","M","?","?","M","R","M","R","BOSS","M","?","M","?","$","?","T","?","?","?","$","M","?","M","R","BOSS","M","$","?","?","M","?","T","?","E","?"],"items_purchased_type":["Card","Card","Card","Card","Relic","Relic","Relic","Card","Relic","Card","Card"],"build_version":"2020-11-30","purchased_purges":0,"victory":false,"max_hp_per_floor":[91,92,93,93,93,93,93,94,101,101,101,102,102,102,102,102,104,105,105,105,105,107,107,107,107,107,107,108,108,108,108,108,108,108,110,110,110,110,110,110,110,110,111,111,111],"relic_stats":{"counters":[23,93],"Astrolabe":["sneckomod:ImprovisedGuard","sneckomod:UnknownUncommonAttack","sneckomod:UnknownClassGUARDIAN"],"Bird Faced Urn":[30],"CeramicFish":18,"Snecko Eye":[39,38,36,35],"Art of War":[6],"MawBank":12,"obtain_stats":[{"Calipers":36,"sneckomod:LoadedDie":41,"Astrolabe":17,"CeramicFish":42,"downfall:HeartBlessingGreen":13,"Hammer of Thor":0,"Incense Burner":27,"Seething Fire":0,"Frozen Egg 2":28,"sneckomod:SneckoSoul":0,"Ancient Tea Set":7,"MawBank":43,"CaptainsWheel":0,"Anvil of the Gods":0,"sneckomod:ConfusingCodex":28,"Bird Faced Urn":38,"Snecko Eye":34,"Art of War":8,"Membership Card":28},{"Calipers":19,"sneckomod:LoadedDie":21,"Astrolabe":10,"CeramicFish":21,"downfall:HeartBlessingGreen":8,"Hammer of Thor":0,"Incense Burner":14,"Seething Fire":0,"Frozen Egg 2":15,"sneckomod:SneckoSoul":0,"Ancient Tea Set":5,"MawBank":22,"CaptainsWheel":0,"Anvil of the Gods":0,"sneckomod:ConfusingCodex":15,"Bird Faced Urn":20,"Snecko Eye":18,"Art of War":6,"Membership Card":15},{"Calipers":78,"sneckomod:LoadedDie":85,"Astrolabe":38,"CeramicFish":85,"downfall:HeartBlessingGreen":32,"Hammer of Thor":0,"Incense Burner":54,"Seething Fire":0,"Frozen Egg 2":58,"sneckomod:SneckoSoul":0,"Ancient Tea Set":13,"MawBank":91,"CaptainsWheel":0,"Anvil of the Gods":0,"sneckomod:ConfusingCodex":58,"Bird Faced Urn":84,"Snecko Eye":74,"Art of War":25,"Membership Card":58}]},"card_choices":[{"not_picked":["sneckomod:QuickBite","sneckomod:DiceBlock"],"picked":"sneckomod:UnknownBlock","floor":1.0},{"not_picked":["sneckomod:SoulDraw","sneckomod:RainOfDice"],"picked":"sneckomod:UnknownExhaust","floor":2.0},{"not_picked":["sneckomod:UnknownStrike","sneckomod:UnknownBlock"],"picked":"sneckomod:UnknownRareAttack","floor":3.0},{"not_picked":["sneckomod:Unknown1Cost","sneckomod:UnknownBlock"],"picked":"sneckomod:MasterEye","floor":4.0},{"not_picked":["sneckomod:SnekBeam","sneckomod:IronFang"],"picked":"sneckomod:QuickMove","floor":6.0},{"not_picked":["sneckomod:RainOfDice","sneckomod:UnknownStrike"],"picked":"sneckomod:UnknownVulnerable","floor":8.0},{"not_picked":["sneckomod:UnknownX","sneckomod:WideSting"],"picked":"sneckomod:UnknownClassGREEN","floor":9.0},{"not_picked":["sneckomod:UnknownEthereal","sneckomod:DefensiveFlair"],"picked":"sneckomod:Unknown1Cost","floor":12.0},{"not_picked":["sneckomod:SoulRoll","sneckomod:SlitherStrike"],"picked":"sneckomod:QuickBite","floor":14.0},{"not_picked":["sneckomod:UnknownRareSkill","sneckomod:Mudshield"],"picked":"sneckomod:UnlimitedRolls","floor":16.0},{"not_picked":["sneckomod:SoulRoll","sneckomod:SoulDraw"],"picked":"sneckomod:UnknownUncommonSkill","floor":18.0},{"not_picked":["sneckomod:UnknownWeak","sneckomod:Unknown0Cost+1"],"picked":"sneckomod:DiceBoulder","floor":20.0},{"not_picked":["sneckomod:WideSting","sneckomod:SoulDraw"],"picked":"sneckomod:UnknownClassGUARDIAN","floor":22.0},{"not_picked":["sneckomod:UnknownEthereal","sneckomod:UnknownCommonSkill+1"],"picked":"sneckomod:UnknownUncommonAttack","floor":28.0},{"not_picked":["sneckomod:SoulExchange","sneckomod:UnknownBlock+1"],"picked":"sneckomod:QuickBite+1","floor":29.0},{"not_picked":["sneckomod:RainOfDice","sneckomod:UnknownClassPURPLE"],"picked":"sneckomod:DiceCrush+1","floor":31.0},{"not_picked":["sneckomod:SoulExchange","sneckomod:Restock"],"picked":"sneckomod:MorePower+1","floor":33.0},{"not_picked":["sneckomod:UnknownUncommonSkill+1","sneckomod:UnknownClassGUARDIAN+1"],"picked":"sneckomod:Unknown3Cost+1","floor":35.0},{"not_picked":["sneckomod:Unknown1Cost+1","sneckomod:QuickMove+1"],"picked":"sneckomod:UnknownClassRED","floor":35.0},{"not_picked":["sneckomod:QuickMove","sneckomod:SnakeSap+1"],"picked":"sneckomod:Nope+1","floor":38.0},{"not_picked":["sneckomod:UnknownRareSkill+1","sneckomod:UnknownClassPURPLE+1"],"picked":"sneckomod:Unknown3Cost+1","floor":43.0},{"not_picked":["sneckomod:IronFang","sneckomod:WideSting+1"],"picked":"sneckomod:DiceBlock+1","floor":43.0}],"player_experience":201003,"relics_obtained":[{"floor":7.0,"key":"Ancient Tea Set"},{"floor":8.0,"key":"Art of War"},{"floor":27.0,"key":"Incense Burner"},{"floor":38.0,"key":"Bird Faced Urn"},{"floor":41.0,"key":"sneckomod:LoadedDie"},{"floor":42.0,"key":"CeramicFish"},{"floor":43.0,"key":"MawBank"}],"event_choices":[{"cards_removed":["Regret"],"damage_healed":0.0,"max_hp_gain":0.0,"max_hp_loss":0.0,"gold_gain":0.0,"event_name":"The Cleric","player_choice":"Card Removal","floor":11.0,"gold_loss":0.0,"damage_taken":0.0},{"cards_removed":["sneckomod:MasterEye"],"damage_healed":0.0,"max_hp_gain":0.0,"max_hp_loss":0.0,"gold_gain":0.0,"event_name":"betterNote:BetterNote","player_choice":"Take \u0026 Give","floor":19.0,"gold_loss":0.0,"damage_taken":0.0,"cards_obtained":["hexamod:SixthSeal"]},{"cards_removed":["sneckomod:MasterEye"],"damage_healed":0.0,"max_hp_gain":0.0,"max_hp_loss":0.0,"gold_gain":0.0,"event_name":"Falling","player_choice":"Removed Power","floor":37.0,"gold_loss":0.0,"damage_taken":0.0},{"damage_healed":0.0,"max_hp_gain":0.0,"max_hp_loss":0.0,"gold_gain":0.0,"event_name":"Mysterious Sphere","player_choice":"Fight","floor":38.0,"gold_loss":0.0,"damage_taken":0.0}],"is_beta":false,"boss_relics":[{"not_picked":["Philosopher\u0027s Stone","Busted Crown"],"picked":"Astrolabe"},{"not_picked":["Runic Dome","Cursed Key"],"picked":"Snecko Eye"}],"items_purged_floors":[],"is_endless":false,"potions_floor_spawned":[2,9,14,20,29,31,33,35],"killed_by":"Reptomancer","ascension_level":0}}