{"host":"t5h83eruwt5lxl3o","time":1607849654,"event":{"mods":["AchievementEnabler","Act Like it!","BaseMod","CapriCore","Colored Map","DeckTracker","Hermit","Highlight Path","Koishi","Marisa£¨Ùöéë¡¡Øª×âÞÞ£©","Minty Spire (QoL Compilation)","Permanent Neow","Quick Restart","StSLib","SuperFastMode","The Cursed","The Immortal","everything is the same but u backflip on backflip"],"gold_per_floor":[20,39,56,56,72,72,101,30,84,84,84,101,101,115,115,212,212,228,228,10,30,300,325,325,350,426,426,426],"floor_reached":27,"playtime":868,"items_purged":["Defend_B"],"score":402,"play_id":"7a9f5daa-9c60-4366-830c-3e3378f61ea0","local_time":"20201213175414","is_ascension_mode":true,"campfire_choices":[{"data":"Apotheosis","floor":6.0,"key":"SMITH"},{"data":"Storm","floor":15.0,"key":"SMITH"},{"floor":24.0,"key":"REST"}],"circlet_count":0,"master_deck":["AscendersBane","Strike_B","Defend_B","Defend_B","Defend_B","Zap","Dualcast","Apotheosis+1","Ball Lightning","Steam","Ball Lightning","White Noise","Self Repair","Storm+1","Core Surge","Sweeping Beam","Storm","Beam Cell+1"],"relics":["Cracked Core","Darkstone Periapt","Tiny Chest","Empty Cage","Emotion Chip","Medical Kit","PreservedInsect","Blue Candle","Matryoshka"],"acts_visited":["Exordium","TheCity"],"potions_floor_usage":[27],"damage_taken":[{"damage":0.0,"enemies":"Cultist","floor":1.0,"turns":4.0},{"damage":0.0,"enemies":"Small Slimes","floor":2.0,"turns":3.0},{"damage":8.0,"enemies":"2 Louse","floor":3.0,"turns":3.0},{"damage":1.0,"enemies":"Red Slaver","floor":5.0,"turns":3.0},{"damage":16.0,"enemies":"Lagavulin","floor":7.0,"turns":5.0},{"damage":11.0,"enemies":"Exordium Wildlife","floor":12.0,"turns":4.0},{"damage":16.0,"enemies":"3 Louse","floor":14.0,"turns":3.0},{"damage":39.0,"enemies":"The Guardian","floor":16.0,"turns":7.0},{"damage":13.0,"enemies":"Shell Parasite","floor":18.0,"turns":6.0},{"damage":6.0,"enemies":"Chosen","floor":21.0,"turns":3.0},{"damage":45.0,"enemies":"Book of Stabbing","floor":23.0,"turns":5.0},{"damage":39.0,"enemies":"Slavers","floor":25.0,"turns":3.0},{"damage":23,"enemies":"Centurion and Healer","floor":27,"turns":2}],"seed_played":"-6620119482208636721","potions_obtained":[{"floor":1.0,"key":"PotionOfCapacity"},{"floor":2.0,"key":"LiquidMemories"},{"floor":12.0,"key":"Strength Potion"},{"floor":18.0,"key":"SpeedPotion"},{"floor":21.0,"key":"Explosive Potion"},{"floor":25.0,"key":"PowerPotion"}],"is_trial":false,"path_per_floor":["M","M","M","?","M","R","E","$","T","$","?","M","?","M","R","B",null,"M","T","$","M","?","E","R","E","T","M"],"character_chosen":"DEFECT","items_purchased":["Self Repair","Medical Kit"],"campfire_rested":1,"item_purchase_floors":[8,20],"current_hp_per_floor":[68,68,60,65,64,64,48,48,48,48,48,47,80,71,71,39,70,77,77,77,78,51,16,40,11,11,0,0],"gold":426,"neow_bonus":"RANDOM_COLORLESS_2","is_daily":false,"chose_seed":false,"campfire_upgraded":2,"win_rate":0.0,"timestamp":1607849654,"path_taken":["M","M","M","?","M","R","E","$","T","$","?","M","?","?","R","BOSS","M","?","$","M","?","E","R","E","T","?"],"items_purchased_type":["Card","Relic"],"build_version":"2020-11-30","purchased_purges":1,"victory":false,"max_hp_per_floor":[75,75,75,80,80,80,80,80,80,80,80,80,80,80,80,80,80,80,80,80,80,80,80,80,80,80,80,80],"card_choices":[{"not_picked":["Secret Weapon","Violence"],"picked":"Apotheosis","floor":0.0},{"not_picked":["Undo","Barrage"],"picked":"Ball Lightning","floor":1.0},{"not_picked":["Compile Driver","Cold Snap"],"picked":"Steam","floor":2.0},{"not_picked":["Fission","Barrage"],"picked":"Ball Lightning","floor":3.0},{"not_picked":["Skim","Turbo"],"picked":"White Noise","floor":5.0},{"not_picked":["Skim","Streamline","Doom and Gloom"],"picked":"SKIP","floor":7.0},{"not_picked":["Compile Driver","Loop","Steam"],"picked":"SKIP","floor":12.0},{"not_picked":["Compile Driver","Loop","Steam"],"picked":"SKIP","floor":12.0},{"not_picked":["Turbo","Cold Snap"],"picked":"Storm","floor":14.0},{"not_picked":["Multi-Cast","Machine Learning"],"picked":"Core Surge","floor":16.0},{"not_picked":["Cold Snap","Conserve Battery"],"picked":"Sweeping Beam","floor":18.0},{"not_picked":["BootSequence","Compile Driver"],"picked":"Storm","floor":21.0},{"not_picked":["Cold Snap+1","Redo","Rebound"],"picked":"SKIP","floor":23.0},{"not_picked":["Multi-Cast","Ball Lightning+1"],"picked":"Beam Cell+1","floor":25.0}],"player_experience":594087,"relics_obtained":[{"floor":7.0,"key":"Darkstone Periapt"},{"floor":9.0,"key":"Tiny Chest"},{"floor":19.0,"key":"Emotion Chip"},{"floor":23.0,"key":"PreservedInsect"},{"floor":25.0,"key":"Blue Candle"},{"floor":26.0,"key":"Matryoshka"}],"event_choices":[{"damage_healed":0.0,"max_hp_gain":5.0,"max_hp_loss":0.0,"gold_gain":0.0,"event_name":"Big Fish","player_choice":"Donut","floor":4.0,"gold_loss":0.0,"damage_taken":0.0},{"damage_healed":0.0,"max_hp_gain":0.0,"max_hp_loss":0.0,"gold_gain":0.0,"cards_transformed":["Strike_B"],"event_name":"Living Wall","player_choice":"Change","floor":11.0,"gold_loss":0.0,"damage_taken":0.0,"cards_obtained":["Aggregate"]},{"cards_removed":["Aggregate"],"damage_healed":33.0,"max_hp_gain":0.0,"max_hp_loss":0.0,"gold_gain":0.0,"event_name":"Bonfire Elementals","player_choice":"Offered Uncommon","floor":13.0,"gold_loss":0.0,"damage_taken":0.0},{"damage_healed":0.0,"max_hp_gain":0.0,"max_hp_loss":0.0,"gold_gain":270.0,"event_name":"Knowing Skull","player_choice":"GOLD GOLD GOLD ","floor":22.0,"potions_obtained":[],"gold_loss":0.0,"damage_taken":27.0,"cards_obtained":[]}],"is_beta":false,"boss_relics":[{"not_picked":["Philosopher\u0027s Stone","Fusion Hammer"],"picked":"Empty Cage"}],"items_purged_floors":[20],"is_endless":false,"potions_floor_spawned":[1,2,12,18,21,25],"killed_by":"Centurion and Healer","ascension_level":12}}