{"host":"17xjy7b7ubl548g2","time":1607837062,"event":{"mods":["2.2 Compatiblity","Act Like it!","Aspiration","Astrologer","Bard","BaseMod","Bestiary","Challenge The Spire","ChefMod","Colored Map","Conspire","Elementarium","Energized Spire","GifTheSpireLib","Halation","Hallownest","Hermit","Hubris","Infinite Spire","Jedi Mod","Jorbs\u0027s Wanderer Trilogy","Marisa（霧雨　魔理沙）","Marked Mod","Minty Spire (QoL Compilation)","Pale of the Ancients","Permanent Neow","Puzzle Mod","Replay The Spire","Robot Space Explorer","Spicy Shops","StSLib","Stuff the Spire","The Blue Laboratory","The Bug Knight","The Construct","The Disciple","The Hayseed","The Hierophant","The Runesmith","The Sage"],"gold_per_floor":[118,118,135,149,224,224,254,274,299,299,314,53,111,130,130,204,204,216,216,228,228,228],"floor_reached":21,"playtime":2500,"items_purged":[],"score":393,"play_id":"f63281f6-4c91-4758-be71-efb77a214e17","local_time":"20201213002422","is_ascension_mode":true,"campfire_choices":[{"data":"Eruption","floor":6,"key":"SMITH"},{"data":"Vigilance","floor":10,"key":"SMITH"},{"data":"WaveOfTheHand","floor":15,"key":"SMITH"}],"circlet_count":0,"master_deck":["AscendersBane","Strike_P","Strike_P","Strike_P","Strike_P","Defend_P","Defend_P","Defend_P","Defend_P","Eruption+1","Vigilance+1","ReachHeaven","Protect","Crescendo","Replay:BluntJabs","Halt","DevaForm","Consecrate+1","WaveOfTheHand+1","Tantrum","FlyingSleeves","Omniscience","Wireheading","Replay:AtTheReady+1"],"relics":["PureWater","halation:AfternoonTea","halation:PinkSoulGem","Happy Flower","Potion Belt","Simple Rune","hubris:ToyBattleship","hubris:ScarierMask","Mummified Hand"],"acts_visited":["Exordium","TheCity"],"potions_floor_usage":[7,13,14],"damage_taken":[{"damage":2,"enemies":"Jaw Worm","floor":1,"turns":3},{"damage":2,"enemies":"Cultist","floor":3,"turns":3},{"damage":0,"enemies":"Small Slimes","floor":4,"turns":2},{"damage":12,"enemies":"3 Sentries","floor":7,"turns":5},{"damage":6,"enemies":"2 Fungi Beasts","floor":8,"turns":3},{"damage":2,"enemies":"Red Slaver","floor":11,"turns":3},{"damage":0,"enemies":"Lagavulin Event","floor":13,"turns":3},{"damage":0,"enemies":"Exordium Wildlife","floor":14,"turns":3},{"damage":0,"enemies":"Slime Boss","floor":16,"turns":6},{"damage":9,"enemies":"3 Byrds","floor":18,"turns":5},{"damage":0,"enemies":"Chosen","floor":20,"turns":3},{"damage":30,"enemies":"Centurion and Healer","floor":21,"turns":6}],"seed_played":"2957421377942665607","potions_obtained":[{"floor":3,"key":"blueLaboratory:StoneskinPotion"},{"floor":7,"key":"blueLaboratory:MidnightOil"},{"floor":13,"key":"AttackPotion"},{"floor":18,"key":"Fruit Juice"}],"is_trial":false,"path_per_floor":["M","?","M","M","?","R","E","M","T","R","M","$","?","M","R","B",null,"M","?","M","M"],"character_chosen":"WATCHER","items_purchased":["Consecrate+1","Simple Rune","WaveOfTheHand"],"campfire_rested":0,"item_purchase_floors":[12,12,12],"current_hp_per_floor":[59,59,57,57,51,51,39,33,33,33,31,31,31,31,31,31,59,50,50,50,20,20],"gold":228,"neow_bonus":"RANDOM_COMMON_RELIC","is_daily":false,"chose_seed":false,"campfire_upgraded":3,"win_rate":0.0,"timestamp":1607837062,"path_taken":["M","?","M","M","?","R","E","M","T","R","?","$","?","M","R","BOSS","M","?","M","M"],"items_purchased_type":["Card","Relic","Card"],"build_version":"2020-11-30","purchased_purges":0,"victory":false,"max_hp_per_floor":[68,68,68,68,68,68,68,68,68,68,68,68,68,68,68,68,68,68,68,68,68,68],"card_choices":[{"not_picked":["MarkedMod:OneThousandNeedles","FlyingSleeves"],"picked":"ReachHeaven","floor":1},{"not_picked":["Replay:Cycle","PathToVictory"],"picked":"Protect","floor":3},{"not_picked":["MarkedMod:Acupuncture","EmptyMind"],"picked":"Crescendo","floor":4},{"not_picked":["WreathOfFlame","Indignation"],"picked":"Replay:BluntJabs","floor":7},{"not_picked":["PathToVictory","Replay:BluntJabs"],"picked":"Halt","floor":8},{"not_picked":["EmptyBody","Protect"],"picked":"DevaForm","floor":11},{"not_picked":["FlurryOfBlows","FlyingSleeves"],"picked":"Tantrum","floor":13},{"not_picked":["Wireheading","ThirdEye"],"picked":"FlyingSleeves","floor":14},{"not_picked":["MasterReality","Judgement"],"picked":"Omniscience","floor":16},{"not_picked":["Nirvana","CrushJoints"],"picked":"Wireheading","floor":18},{"not_picked":["EmptyBody","Replay:Cycle"],"picked":"Replay:AtTheReady+1","floor":20}],"player_experience":1528588,"relics_obtained":[{"floor":7,"key":"Happy Flower"},{"floor":9,"key":"Potion Belt"},{"floor":13,"key":"hubris:ToyBattleship"}],"event_choices":[{"damage_healed":0,"gold_gain":75,"player_choice":"Touch","damage_taken":6,"max_hp_gain":0,"max_hp_loss":0,"event_name":"FaceTrader","floor":5,"gold_loss":0},{"damage_healed":0,"gold_gain":0,"player_choice":"Searched \u00271\u0027 times","damage_taken":0,"max_hp_gain":0,"max_hp_loss":0,"event_name":"Dead Adventurer","floor":13,"gold_loss":0}],"is_beta":false,"boss_relics":[{"not_picked":["halation:LoveArrow","conspire:RoyalGoblet"],"picked":"hubris:ScarierMask"}],"items_purged_floors":[],"is_endless":false,"potions_floor_spawned":[3,7,13,18],"killed_by":"Centurion and Healer","ascension_level":14}}