{"host":"ki5kvxn974a96omm","time":1607885972,"event":{"mods":["BaseMod","Better Altar","Better Match","Better Note","Better Sensory Stone","Better Skull","Colored Map","Colored Powertips","Highlight Path","Minty Spire (QoL Compilation)","Random Character Button","Relic Sorter","StSLib"],"gold_per_floor":[18,38,49,67,86,121,121,155,155,155,3,17,17,29,29,100,100,117,117,10,26,26,55,55,83,83,101,101,1,30,40,40,117,117,128,147,197,208,208,208],"floor_reached":39,"playtime":2455,"items_purged":["Strike_G","Strike_G"],"score":802,"play_id":"5227b844-fdc5-4fed-91c7-d9a462ebc159","local_time":"20201213135932","is_ascension_mode":true,"campfire_choices":[{"data":"Predator","floor":7.0,"key":"SMITH"},{"data":"Dagger Spray","floor":10.0,"key":"SMITH"},{"data":"Leg Sweep","floor":13.0,"key":"SMITH"},{"data":"Backflip","floor":15.0,"key":"SMITH"},{"data":"Malaise","floor":24.0,"key":"SMITH"},{"data":"Noxious Fumes","floor":28.0,"key":"SMITH"},{"data":"Catalyst","floor":32.0,"key":"SMITH"}],"circlet_count":0,"master_deck":["AscendersBane","Defend_G","Defend_G","Defend_G","Defend_G","Survivor","Neutralize","Predator+1","Backflip+1","Leg Sweep+1","Dagger Spray+1","Masterful Stab","Escape Plan","Infinite Blades","Backstab","Malaise+1","Noxious Fumes+1","Backflip+1","Well Laid Plans","Calculated Gamble","PiercingWail","Impatience","Impatience","Escape Plan","Die Die Die","Catalyst+1","Envenom","Acrobatics"],"relics":["Ring of the Snake","Pantograph","Blue Candle","HornCleat","Philosopher\u0027s Stone","MealTicket","Paper Crane","Red Mask","Empty Cage","StoneCalendar"],"acts_visited":["Exordium","TheCity","TheBeyond"],"potions_floor_usage":[39,39],"damage_taken":[{"damage":2.0,"enemies":"Cultist","floor":1.0,"turns":4.0},{"damage":0.0,"enemies":"Jaw Worm","floor":2.0,"turns":4.0},{"damage":0.0,"enemies":"2 Louse","floor":3.0,"turns":3.0},{"damage":0.0,"enemies":"Looter","floor":4.0,"turns":5.0},{"damage":15.0,"enemies":"Exordium Thugs","floor":5.0,"turns":10.0},{"damage":8.0,"enemies":"Lagavulin","floor":6.0,"turns":6.0},{"damage":5.0,"enemies":"3 Sentries","floor":8.0,"turns":7.0},{"damage":0.0,"enemies":"Blue Slaver","floor":12.0,"turns":4.0},{"damage":0.0,"enemies":"Gremlin Gang","floor":14.0,"turns":1.0},{"damage":13.0,"enemies":"The Guardian","floor":16.0,"turns":14.0},{"damage":9.0,"enemies":"Spheric Guardian","floor":18.0,"turns":4.0},{"damage":0.0,"enemies":"Chosen","floor":21.0,"turns":5.0},{"damage":0.0,"enemies":"Gremlin Leader","floor":23.0,"turns":5.0},{"damage":6.0,"enemies":"Book of Stabbing","floor":25.0,"turns":7.0},{"damage":1.0,"enemies":"Shelled Parasite and Fungi","floor":27.0,"turns":5.0},{"damage":0.0,"enemies":"Masked Bandits","floor":30.0,"turns":2.0},{"damage":0.0,"enemies":"Snake Plant","floor":31.0,"turns":4.0},{"damage":12.0,"enemies":"Automaton","floor":33.0,"turns":12.0},{"damage":0.0,"enemies":"3 Shapes","floor":35.0,"turns":5.0},{"damage":0.0,"enemies":"Orb Walker","floor":36.0,"turns":4.0},{"damage":30.0,"enemies":"2 Orb Walkers","floor":37.0,"turns":6.0},{"damage":15.0,"enemies":"Transient","floor":38.0,"turns":5.0},{"damage":18,"enemies":"Spire Growth","floor":39,"turns":4}],"seed_played":"-3802441291014503329","potions_obtained":[{"floor":2.0,"key":"Dexterity Potion"},{"floor":5.0,"key":"ColorlessPotion"},{"floor":12.0,"key":"Energy Potion"},{"floor":14.0,"key":"Explosive Potion"},{"floor":25.0,"key":"DuplicationPotion"},{"floor":27.0,"key":"DuplicationPotion"},{"floor":30.0,"key":"DuplicationPotion"},{"floor":33.0,"key":"GamblersBrew"},{"floor":37.0,"key":"Strength Potion"}],"is_trial":false,"path_per_floor":["M","M","M","M","M","E","R","E","T","R","$","M","R","M","R","B",null,"M","?","$","M","?","E","R","E","T","M","R","$","?","M","R","B",null,"M","M","?","M","M"],"character_chosen":"THE_SILENT","items_purchased":["Infinite Blades","Well Laid Plans","Calculated Gamble"],"campfire_rested":0,"item_purchase_floors":[11,20,20],"current_hp_per_floor":[57,57,57,57,42,34,34,29,29,29,29,29,29,29,29,41,60,51,51,51,51,51,51,51,45,45,44,44,59,59,59,59,54,63,63,63,33,18,0,0],"gold":208,"neow_bonus":"REMOVE_TWO","is_daily":false,"chose_seed":false,"campfire_upgraded":7,"win_rate":0.0,"timestamp":1607885972,"path_taken":["M","M","M","M","?","E","R","E","T","R","$","M","R","M","R","BOSS","M","?","?","M","?","E","R","E","T","M","R","$","?","M","R","BOSS","M","M","?","M","M"],"items_purchased_type":["Card","Card","Card"],"build_version":"2020-11-30","purchased_purges":2,"victory":false,"max_hp_per_floor":[66,66,66,66,66,66,66,66,66,66,66,66,66,66,66,66,66,66,66,66,66,66,66,66,66,66,66,66,66,66,66,66,66,66,66,66,66,66,66,66],"card_choices":[{"not_picked":["Underhanded Strike","Infinite Blades"],"picked":"Predator","floor":1.0},{"not_picked":["Heel Hook","Acrobatics"],"picked":"Backflip","floor":2.0},{"not_picked":["Cloak And Dagger","Quick Slash"],"picked":"Leg Sweep","floor":3.0},{"not_picked":["Prepared","Deadly Poison"],"picked":"Dagger Spray","floor":4.0},{"not_picked":["Distraction","All Out Attack"],"picked":"Masterful Stab","floor":5.0},{"not_picked":["Blade Dance","All Out Attack"],"picked":"Escape Plan","floor":6.0},{"not_picked":["Eviscerate","Flechettes","Cloak And Dagger"],"picked":"SKIP","floor":8.0},{"not_picked":["Dagger Throw","Slice","Eviscerate"],"picked":"SKIP","floor":12.0},{"not_picked":["Dagger Spray","Slice"],"picked":"Backstab","floor":14.0},{"not_picked":["Die Die Die","Phantasmal Killer"],"picked":"Malaise","floor":16.0},{"not_picked":["PiercingWail","Dagger Throw"],"picked":"Noxious Fumes","floor":18.0},{"not_picked":["Predator","Concentrate"],"picked":"PiercingWail","floor":21.0},{"not_picked":["The Bomb","Enlightenment"],"picked":"Impatience","floor":22.0},{"not_picked":["Good Instincts","Dark Shackles"],"picked":"Impatience","floor":22.0},{"not_picked":["Outmaneuver","Finisher"],"picked":"Escape Plan","floor":23.0},{"not_picked":["Expertise","Predator"],"picked":"Die Die Die","floor":25.0},{"not_picked":["Predator","Choke","PiercingWail"],"picked":"SKIP","floor":27.0},{"not_picked":["Acrobatics","Dagger Throw"],"picked":"Catalyst","floor":30.0},{"not_picked":["Cloak And Dagger","Quick Slash","All Out Attack"],"picked":"SKIP","floor":31.0},{"not_picked":["Unload","Phantasmal Killer"],"picked":"Envenom","floor":33.0},{"not_picked":["Backstab","Bane"],"picked":"Acrobatics","floor":35.0},{"not_picked":["Flying Knee","Underhanded Strike","Deflect"],"picked":"SKIP","floor":36.0},{"not_picked":["All Out Attack","Deadly Poison","Backstab"],"picked":"SKIP","floor":38.0}],"player_experience":1604335,"relics_obtained":[{"floor":6.0,"key":"Pantograph"},{"floor":8.0,"key":"Blue Candle"},{"floor":9.0,"key":"HornCleat"},{"floor":23.0,"key":"MealTicket"},{"floor":25.0,"key":"Paper Crane"},{"floor":30.0,"key":"Red Mask"},{"floor":37.0,"key":"StoneCalendar"}],"event_choices":[{"damage_healed":0.0,"max_hp_gain":0.0,"max_hp_loss":0.0,"gold_gain":0.0,"event_name":"Duplicator","player_choice":"Copied","floor":19.0,"gold_loss":0.0,"damage_taken":0.0,"cards_obtained":["Backflip"]},{"damage_healed":0.0,"max_hp_gain":0.0,"max_hp_loss":0.0,"gold_gain":2.0,"event_name":"betterStone:BetterStone","player_choice":"1","floor":22.0,"gold_loss":0.0,"damage_taken":0.0},{"damage_healed":0.0,"max_hp_gain":0.0,"max_hp_loss":0.0,"gold_gain":0.0,"event_name":"Masked Bandits","player_choice":"Fought Bandits","floor":30.0,"gold_loss":0.0,"damage_taken":0.0},{"damage_healed":0.0,"max_hp_gain":0.0,"max_hp_loss":0.0,"gold_gain":0.0,"event_name":"Mysterious Sphere","player_choice":"Fight","floor":37.0,"gold_loss":0.0,"damage_taken":0.0}],"is_beta":false,"boss_relics":[{"not_picked":["Snecko Eye","Calling Bell"],"picked":"Philosopher\u0027s Stone"},{"not_picked":["Runic Pyramid","Velvet Choker"],"picked":"Empty Cage"}],"items_purged_floors":[11,29],"is_endless":false,"potions_floor_spawned":[2,5,12,14,25,27,30,33,36,37],"killed_by":"Spire Growth","ascension_level":15}}