{"host":"naykp6d9ulahlwib","time":1607896403,"event":{"mods":["BaseMod","Highlight Path","Minty Spire (QoL Compilation)","StSLib"],"gold_per_floor":[115,115,190,190,208,208,242,253,280,293,293,306,81,97,97,200,200,181,181,181,81,81,81,36,49,49,49,49,11,11,28,28,132,132,150,150,150,164,164,191,191,210,255,255,130,130,15,30,30,30],"floor_reached":51,"playtime":4704,"items_purged":["Strike_R","Defend_R","Normality"],"score":871,"play_id":"afc46dfa-a347-4d5d-bce1-fd2a507c9f5a","local_time":"20201213155323","is_ascension_mode":true,"campfire_choices":[{"data":"Dual Wield","floor":6.0,"key":"SMITH"},{"data":"Rage","floor":15.0,"key":"SMITH"},{"data":"Berserk","floor":23.0,"key":"SMITH"},{"data":"Double Tap","floor":27.0,"key":"SMITH"},{"data":"Metallicize","floor":30.0,"key":"SMITH"},{"floor":32.0,"key":"REST"},{"floor":41.0,"key":"REST"},{"floor":44,"key":"REST"},{"data":"Limit Break","floor":46,"key":"SMITH"},{"floor":49,"key":"REST"}],"circlet_count":0,"master_deck":["Strike_R","Defend_R+1","Defend_R","Bash","Dual Wield+1","Feed+1","Whirlwind","Rage+1","Impervious","Berserk+1","Double Tap+1","Shrug It Off","Spot Weakness","Metallicize+1","Ghostly Armor","Limit Break+1","Sword Boomerang+1","Rage","Inflame","Entrench"],"relics":["Burning Blood","NeowsBlessing","Potion Belt","War Paint","Oddly Smooth Stone","SacredBark","Enchiridion","Ice Cream","Cursed Key","Mummified Hand"],"acts_visited":["Exordium","TheCity","TheBeyond"],"potions_floor_usage":[48,50,50,50],"damage_taken":[{"damage":0.0,"enemies":"Small Slimes","floor":1.0,"turns":1.0},{"damage":0.0,"enemies":"2 Louse","floor":5.0,"turns":1.0},{"damage":0.0,"enemies":"3 Sentries","floor":7.0,"turns":2.0},{"damage":10.0,"enemies":"Cultist","floor":8.0,"turns":5.0},{"damage":17.0,"enemies":"Blue Slaver","floor":10.0,"turns":9.0},{"damage":0.0,"enemies":"2 Fungi Beasts","floor":12.0,"turns":4.0},{"damage":5.0,"enemies":"Looter","floor":14.0,"turns":3.0},{"damage":86.0,"enemies":"Slime Boss","floor":16.0,"turns":18.0},{"damage":27.0,"enemies":"2 Thieves","floor":18.0,"turns":4.0},{"damage":9.0,"enemies":"Chosen","floor":25.0,"turns":7.0},{"damage":23.0,"enemies":"Snake Plant","floor":31.0,"turns":7.0},{"damage":0.0,"enemies":"Collector","floor":33.0,"turns":18.0},{"damage":32.0,"enemies":"3 Shapes","floor":35.0,"turns":5.0},{"damage":12.0,"enemies":"Orb Walker","floor":38.0,"turns":5.0},{"damage":55.0,"enemies":"Nemesis","floor":40.0,"turns":9.0},{"damage":38,"enemies":"Maw","floor":42,"turns":7},{"damage":25,"enemies":"4 Shapes","floor":48,"turns":8},{"damage":0,"enemies":"Time Eater","floor":50,"turns":6}],"seed_played":"3317441074064210070","potions_obtained":[{"floor":5.0,"key":"DistilledChaos"},{"floor":8.0,"key":"DuplicationPotion"},{"floor":14.0,"key":"Weak Potion"},{"floor":16.0,"key":"GamblersBrew"},{"floor":25.0,"key":"DuplicationPotion"},{"floor":33.0,"key":"Swift Potion"},{"floor":38.0,"key":"Weak Potion"},{"floor":48,"key":"LiquidBronze"}],"is_trial":false,"path_per_floor":["M","?","?","?","M","R","E","M","T","M","?","M","$","M","R","B",null,"M","?","?","$","?","R","$","M","T","R","?","$","R","M","R","B",null,"M","?","?","M","?","E","R","M","T","R","$","R","$","M","R","B",null],"character_chosen":"IRONCLAD","items_purchased":["Oddly Smooth Stone","Shrug It Off","Ghostly Armor","Inflame","Entrench"],"campfire_rested":4,"item_purchase_floors":[13,24,29,47,47],"current_hp_per_floor":[80,85,74,67,73,73,79,78,78,70,70,80,80,85,85,13,107,90,90,90,90,74,74,74,75,75,75,75,75,75,62,97,107,123,105,105,105,103,103,54,94,66,66,107,107,107,107,92,134,140],"gold":30,"neow_bonus":"THREE_ENEMY_KILL","is_daily":false,"chose_seed":false,"campfire_upgraded":6,"win_rate":0.0,"timestamp":1607896403,"path_taken":["M","?","?","?","M","R","E","M","T","M","?","M","$","M","R","BOSS","M","?","?","$","?","R","$","M","T","R","?","?","R","M","R","BOSS","M","?","?","M","?","E","R","M","T","R","$","R","?","?","R","BOSS"],"items_purchased_type":["Relic","Card","Card","Card","Card"],"build_version":"2020-11-30","purchased_purges":3,"victory":true,"max_hp_per_floor":[80,85,85,85,85,85,85,88,88,91,91,95,95,99,99,107,107,111,111,111,111,111,111,111,115,115,115,115,115,115,119,119,123,123,131,131,131,135,135,135,135,139,139,139,139,139,139,143,143,143],"card_choices":[{"not_picked":["Clash","Sword Boomerang","Hemokinesis"],"picked":"SKIP","floor":1.0},{"not_picked":["Second Wind","Iron Wave"],"picked":"Dual Wield","floor":5.0},{"not_picked":["Shrug It Off","Infernal Blade"],"picked":"Feed","floor":7.0},{"not_picked":["Sword Boomerang","Pommel Strike"],"picked":"Warcry","floor":8.0},{"not_picked":["Sword Boomerang","Body Slam"],"picked":"Whirlwind","floor":10.0},{"not_picked":["Body Slam","Sword Boomerang"],"picked":"Rage","floor":12.0},{"not_picked":["Reckless Charge","Heavy Blade","Dark Embrace"],"picked":"SKIP","floor":14.0},{"not_picked":["Juggernaut","Corruption"],"picked":"Impervious","floor":16.0},{"not_picked":["Second Wind","Perfected Strike","Feel No Pain"],"picked":"SKIP","floor":18.0},{"not_picked":["Iron Wave","Perfected Strike"],"picked":"Spot Weakness","floor":25.0},{"not_picked":["Rampage+1","Iron Wave","True Grit"],"picked":"SKIP","floor":31.0},{"not_picked":["Impervious","Brutality"],"picked":"Limit Break","floor":33.0},{"not_picked":["Rampage+1","Clash+1"],"picked":"Sword Boomerang+1","floor":35.0},{"not_picked":["Twin Strike+1","Sever Soul"],"picked":"Rage","floor":38.0},{"not_picked":["Twin Strike+1","Cleave","Clash"],"picked":"SKIP","floor":40.0},{"not_picked":["Anger","Fire Breathing","Perfected Strike"],"picked":"SKIP","floor":42},{"not_picked":["Bloodletting+1","Clothesline","Rupture+1"],"picked":"SKIP","floor":48}],"player_experience":713260,"relics_obtained":[{"floor":7.0,"key":"Potion Belt"},{"floor":9.0,"key":"War Paint"},{"floor":22.0,"key":"Enchiridion"},{"floor":26.0,"key":"Ice Cream"},{"floor":40.0,"key":"Mummified Hand"}],"event_choices":[{"damage_healed":0.0,"max_hp_gain":5.0,"max_hp_loss":0.0,"gold_gain":0.0,"event_name":"Big Fish","player_choice":"Donut","floor":2.0,"gold_loss":0.0,"damage_taken":0.0},{"damage_healed":0.0,"max_hp_gain":0.0,"max_hp_loss":0.0,"gold_gain":75.0,"event_name":"World of Goop","player_choice":"Gather Gold","floor":3.0,"gold_loss":0.0,"damage_taken":11.0},{"cards_removed":["Strike_R"],"damage_healed":0.0,"max_hp_gain":0.0,"max_hp_loss":0.0,"gold_gain":0.0,"event_name":"Golden Wing","player_choice":"Card Removal","floor":4.0,"gold_loss":0.0,"damage_taken":7.0},{"damage_healed":0.0,"max_hp_gain":0.0,"max_hp_loss":0.0,"gold_gain":0.0,"event_name":"Accursed Blacksmith","player_choice":"Forge","floor":11.0,"gold_loss":0.0,"damage_taken":0.0,"cards_upgraded":["Feed"]},{"cards_removed":["Strike_R"],"damage_healed":0.0,"max_hp_gain":0.0,"max_hp_loss":0.0,"gold_gain":0.0,"event_name":"Back to Basics","player_choice":"Elegance","floor":19.0,"gold_loss":0.0,"damage_taken":0.0},{"damage_healed":0.0,"max_hp_gain":0.0,"max_hp_loss":0.0,"gold_gain":0.0,"cards_transformed":["Defend_R","Strike_R"],"event_name":"Drug Dealer","player_choice":"Became Test Subject","floor":20.0,"gold_loss":0.0,"damage_taken":0.0,"cards_obtained":["Berserk","Double Tap"]},{"damage_healed":0.0,"max_hp_gain":0.0,"max_hp_loss":0.0,"gold_gain":0.0,"event_name":"Cursed Tome","player_choice":"Obtained Book","floor":22.0,"gold_loss":0.0,"damage_taken":16.0},{"damage_healed":0.0,"max_hp_gain":0.0,"max_hp_loss":0.0,"gold_gain":0.0,"event_name":"The Library","player_choice":"Read","floor":28.0,"gold_loss":0.0,"damage_taken":0.0,"cards_obtained":["Metallicize"]},{"cards_removed":["Warcry"],"damage_healed":0.0,"max_hp_gain":0.0,"max_hp_loss":0.0,"gold_gain":0.0,"event_name":"Falling","player_choice":"Removed Skill","floor":36.0,"gold_loss":0.0,"damage_taken":0.0},{"damage_healed":0.0,"max_hp_gain":0.0,"max_hp_loss":0.0,"gold_gain":0.0,"event_name":"Mysterious Sphere","player_choice":"Ignored","floor":37.0,"gold_loss":0.0,"damage_taken":0.0},{"damage_healed":0.0,"max_hp_gain":0.0,"max_hp_loss":0.0,"gold_gain":0.0,"event_name":"Tomb of Lord Red Mask","player_choice":"Ignored","floor":39.0,"gold_loss":0.0,"damage_taken":0.0}],"is_beta":false,"boss_relics":[{"not_picked":["Runic Cube","Pandora\u0027s Box"],"picked":"SacredBark"},{"not_picked":["Black Blood","Tiny House"],"picked":"Cursed Key"}],"items_purged_floors":[13,21,45],"is_endless":false,"potions_floor_spawned":[5,8,14,16,25,33,38,48],"ascension_level":2}}