{"host":"bg0cyinkrjnqf173","time":1607829173,"event":{"mods":["Aspiration","BaseMod","Beaked The Cultist","Better Third Choice","BetterRewards","Colored Map","Conspire","Custom Start","Defuse TimeMaze Blight","Displayed Cursed Tome","Googly Eyes","Halation","Hubris","Infinite Spire","Jedi Mod","Minty Spire (QoL Compilation)","Permanent Neow","Quick Restart","Rare Cards Sparkle","Relic Sorter","Replay The Spire","Shop Mod","Spicy Shops","Spikes Relics","StSLib","The Bladedancer","The Construct","The Disciple","The Runesmith","The Valiant"],"gold_per_floor":[119,119,84,259,269,269,269],"floor_reached":6,"playtime":190,"items_purged":[],"score":36,"play_id":"23643ec5-4317-4ee8-acb2-3740d092eeaf","local_time":"20201212221253","is_ascension_mode":true,"campfire_choices":[],"circlet_count":0,"master_deck":["Strike_R","Strike_R","Strike_R","Strike_R","Strike_R","Defend_R","Defend_R","Defend_R","Defend_R","Bash","Replay:Undeath\u0027s Touch","Doubt","jedi:fear"],"relics":["Burning Blood","aspiration:Nostalgia","Sizzling Blood","betterThird:SlimedRelic"],"acts_visited":["Exordium"],"potions_floor_usage":[],"damage_taken":[{"damage":13,"enemies":"Jaw Worm","floor":1,"turns":3},{"damage":12,"enemies":"Small Slimes","floor":5,"turns":5},{"damage":34,"enemies":"Lagavulin","floor":6,"turns":9}],"seed_played":"-5470792923543300108","potions_obtained":[],"is_trial":false,"path_per_floor":["M","$","?","?","M","E"],"character_chosen":"IRONCLAD","items_purchased":[],"campfire_rested":0,"item_purchase_floors":[],"current_hp_per_floor":[81,81,70,70,68,34,34],"gold":269,"neow_bonus":"NOSTALGIA","is_daily":false,"chose_seed":false,"campfire_upgraded":0,"win_rate":0.0,"timestamp":1607829173,"path_taken":["M","$","?","?","M","E"],"items_purchased_type":[],"build_version":"2020-11-30","purchased_purges":0,"victory":false,"max_hp_per_floor":[84,84,84,84,84,84,84],"card_choices":[{"not_picked":["Sword Boomerang","Headbutt"],"picked":"Replay:Undeath\u0027s Touch","floor":1},{"not_picked":["Pommel Strike","Perfected Strike"],"picked":"jedi:fear","floor":5}],"player_experience":749133,"relics_obtained":[],"event_choices":[{"damage_healed":0,"gold_gain":0,"player_choice":"Slimed","damage_taken":11,"max_hp_gain":0,"max_hp_loss":0,"event_name":"betterThird:BetterGoop","floor":3,"gold_loss":35},{"damage_healed":0,"gold_gain":175,"player_choice":"AGREE","damage_taken":84,"max_hp_gain":0,"max_hp_loss":0,"event_name":"betterThird:BetterSerpent","floor":4,"gold_loss":0}],"is_beta":false,"boss_relics":[],"items_purged_floors":[],"is_endless":false,"potions_floor_spawned":[],"killed_by":"Lagavulin","ascension_level":1}}