{"host":"udzsrhbqdxqtlypj","time":1607894213,"event":{"mods":["BaseMod","Minty Spire (QoL Compilation)","Relic Stats"],"gold_per_floor":[217,236,186,186,5,32,32,32,32],"floor_reached":8,"playtime":321,"items_purged":[],"score":81,"play_id":"f6011f55-ab85-436b-8768-64b2512f4ee6","local_time":"20201213151653","is_ascension_mode":true,"campfire_choices":[{"floor":7,"key":"REST"}],"circlet_count":0,"master_deck":["AscendersBane","Strike_G","Strike_G","Strike_G","Strike_G","Defend_G","Defend_G","Defend_G","Defend_G","Defend_G","Survivor","Neutralize","Underhanded Strike","Tactician","Tools of the Trade","Slice","Backflip"],"relics":["Ring of the Snake","Ninja Scroll","Oddly Smooth Stone"],"acts_visited":["Exordium"],"potions_floor_usage":[6],"damage_taken":[{"damage":0.0,"enemies":"Cultist","floor":1.0,"turns":5.0},{"damage":3.0,"enemies":"2 Louse","floor":2.0,"turns":3.0},{"damage":17,"enemies":"Lagavulin","floor":6,"turns":8},{"damage":50,"enemies":"Gremlin Nob","floor":8,"turns":4}],"seed_played":"6189306709376755118","potions_obtained":[{"floor":2.0,"key":"GhostInAJar"}],"is_trial":false,"path_per_floor":["M","M","?","?","$","E","R","E"],"character_chosen":"THE_SILENT","items_purchased":["Tools of the Trade","Slice"],"campfire_rested":1,"item_purchase_floors":[5,5],"current_hp_per_floor":[63,60,60,35,35,18,39,0,0],"gold":32,"neow_bonus":"HUNDRED_GOLD","is_daily":false,"chose_seed":false,"campfire_upgraded":0,"win_rate":0.0,"timestamp":1607894213,"path_taken":["M","?","?","?","$","E","R","E"],"items_purchased_type":["Card","Card"],"build_version":"2020-11-30","purchased_purges":0,"victory":false,"max_hp_per_floor":[70,70,70,70,70,70,70,70,70],"relic_stats":{"counters":[4,20],"obtain_stats":[{"Ninja Scroll":4,"Oddly Smooth Stone":6,"Ring of the Snake":0},{"Ninja Scroll":2,"Oddly Smooth Stone":3,"Ring of the Snake":0},{"Ninja Scroll":8,"Oddly Smooth Stone":16,"Ring of the Snake":0}],"Ring of the Snake":[8]},"card_choices":[{"not_picked":["Acrobatics","Calculated Gamble"],"picked":"Underhanded Strike","floor":1.0},{"not_picked":["Catalyst","Deflect"],"picked":"Tactician","floor":2.0},{"not_picked":["Bane","Masterful Stab"],"picked":"Backflip","floor":6}],"player_experience":2614625,"relics_obtained":[{"floor":6,"key":"Oddly Smooth Stone"}],"event_choices":[{"cards_removed":["Strike_G"],"damage_healed":0.0,"max_hp_gain":0.0,"max_hp_loss":0.0,"gold_gain":0.0,"event_name":"The Cleric","player_choice":"Card Removal","floor":3.0,"gold_loss":50.0,"damage_taken":0.0},{"damage_healed":0.0,"max_hp_gain":0.0,"max_hp_loss":0.0,"gold_gain":0.0,"event_name":"Scrap Ooze","player_choice":"Success","floor":4.0,"gold_loss":0.0,"damage_taken":25.0,"relics_obtained":["Ninja Scroll"]}],"is_beta":false,"boss_relics":[],"items_purged_floors":[],"is_endless":false,"potions_floor_spawned":[2],"killed_by":"Gremlin Nob","ascension_level":10}}