{"host":"jkgg7n5hn1slsm35","time":1607853024,"event":{"mods":["Aspiration","BaseMod","BetterRewards","Conspire","Googly Eyes","Gremlin Skip","Halation","Highlight Path","Hubris","Infinite Spire","Minty Spire (QoL Compilation)","Permanent Neow","StSLib","SuperFastMode","vexMod"],"gold_per_floor":[117,18,18,31,47,47,66,78,78,78,112,38,38,49,49,146,146,162,179,179,179,179,179,198,231,309,309,159,169,181,197,197,197,197],"floor_reached":33,"playtime":1332,"items_purged":["Strike_B","Strike_B"],"score":294,"play_id":"7ea827cf-3069-4442-8055-8b439066976e","local_time":"20201213105024","is_ascension_mode":false,"campfire_choices":[{"data":"Zap","floor":6,"key":"SMITH"},{"data":"Sweeping Beam","floor":10,"key":"SMITH"},{"data":"Stack","floor":15,"key":"SMITH"},{"data":"Creative AI","floor":23,"key":"SMITH"},{"floor":27,"key":"REST"},{"floor":32,"key":"REST"}],"circlet_count":0,"master_deck":["Strike_B","Strike_B","Defend_B","Defend_B","Defend_B","Defend_B","Zap+1","Dualcast","Ball Lightning","Sweeping Beam+1","Ball Lightning","Ball Lightning","Stack+1","Leap","Ball Lightning","Creative AI+1","Coolheaded","Sweeping Beam+1","Steam","Sweeping Beam","Conserve Battery+1","Capacitor"],"relics":["Cracked Core","NeowsBlessing","conspire:DeflatedDodgeball","infinitespire:Bottled Soul","hubris:Backtick","Mummified Hand","StrikeDummy","infinitespire:CheckeredPen"],"acts_visited":["Exordium","TheCity"],"potions_floor_usage":[16,25,25,30,31,33,33],"damage_taken":[{"damage":0,"enemies":"Small Slimes","floor":1,"turns":1},{"damage":0,"enemies":"2 Louse","floor":4,"turns":1},{"damage":0,"enemies":"conspire:RoseBush","floor":5,"turns":1},{"damage":6,"enemies":"conspire:2 RoseBushes","floor":7,"turns":5},{"damage":0,"enemies":"Large Slime","floor":8,"turns":3},{"damage":8,"enemies":"Lagavulin","floor":11,"turns":4},{"damage":6,"enemies":"Exordium Thugs","floor":14,"turns":3},{"damage":16,"enemies":"The Guardian","floor":16,"turns":10},{"damage":10,"enemies":"conspire:FuzzyDice","floor":18,"turns":6},{"damage":20,"enemies":"2 Thieves","floor":19,"turns":3},{"damage":27,"enemies":"3 Cultists","floor":24,"turns":6},{"damage":29,"enemies":"Slavers","floor":25,"turns":6},{"damage":1,"enemies":"conspire:HollyBat","floor":29,"turns":8},{"damage":14,"enemies":"Snake Plant","floor":30,"turns":4},{"damage":4,"enemies":"3 Cultists","floor":31,"turns":4},{"damage":40,"enemies":"Collector","floor":33,"turns":7}],"seed_played":"-8025761203444975165","potions_obtained":[{"floor":1,"key":"EssenceOfSteel"},{"floor":7,"key":"Block Potion"},{"floor":11,"key":"AttackPotion"},{"floor":16,"key":"Block Potion"},{"floor":29,"key":"Swift Potion"},{"floor":30,"key":"LiquidMemories"},{"floor":31,"key":"Energy Potion"}],"is_trial":false,"path_per_floor":["M","$","?","M","M","R","M","M","T","R","E","$","?","M","R","B",null,"M","M","?","?","?","R","M","E","T","R","$","M","M","M","R","B"],"character_chosen":"DEFECT","items_purchased":["Sweeping Beam","Leap","Ball Lightning","Steam"],"campfire_rested":2,"item_purchase_floors":[2,12,12,28],"current_hp_per_floor":[75,75,75,75,75,75,69,69,69,69,61,61,68,62,62,46,75,65,45,45,70,64,64,37,8,8,30,30,29,15,11,33,0,0],"gold":197,"neow_bonus":"THREE_ENEMY_KILL","is_daily":false,"chose_seed":false,"campfire_upgraded":4,"win_rate":0.0,"timestamp":1607853024,"path_taken":["M","$","?","M","M","R","M","M","T","R","E","$","?","M","R","BOSS","M","M","?","?","?","R","M","E","T","R","$","?","M","M","R","BOSS"],"items_purchased_type":["Card","Card","Card","Card"],"build_version":"2020-11-30","purchased_purges":2,"victory":false,"max_hp_per_floor":[75,75,75,75,75,75,75,75,75,75,75,75,75,75,75,75,75,75,75,75,75,75,75,75,75,75,75,75,75,75,75,75,75,75],"card_choices":[{"not_picked":["Turbo","Fusion"],"picked":"Ball Lightning","floor":1},{"not_picked":["Blizzard","Compile Driver","Chaos"],"picked":"SKIP","floor":4},{"not_picked":["Multi-Cast","Sweeping Beam"],"picked":"Ball Lightning","floor":5},{"not_picked":["aspiration:Polymerization","Fusion"],"picked":"Ball Lightning","floor":7},{"not_picked":["Hyperbeam","Heatsinks"],"picked":"Stack","floor":8},{"not_picked":["Machine Learning","Hello World","Reprogram"],"picked":"SKIP","floor":11},{"not_picked":["Steam Power","Chaos","Scrape"],"picked":"SKIP","floor":14},{"not_picked":["Reboot","Biased Cognition"],"picked":"Creative AI","floor":16},{"not_picked":["Barrage","Chaos","Hologram"],"picked":"SKIP","floor":18},{"not_picked":["conspire:SharedLibrary","Turbo","Blizzard"],"picked":"SKIP","floor":19},{"not_picked":["Go for the Eyes","Cold Snap"],"picked":"Coolheaded","floor":24},{"not_picked":["Thunder Strike","Compile Driver+1"],"picked":"Sweeping Beam+1","floor":25},{"not_picked":["Go for the Eyes+1","Rebound"],"picked":"Sweeping Beam","floor":29},{"not_picked":["conspire:Rain","Stack+1"],"picked":"Conserve Battery+1","floor":30},{"not_picked":["Ball Lightning+1","Beam Cell+1"],"picked":"Capacitor","floor":31}],"player_experience":1745333,"relics_obtained":[{"floor":9,"key":"conspire:DeflatedDodgeball"},{"floor":11,"key":"infinitespire:Bottled Soul"},{"floor":25,"key":"StrikeDummy"},{"floor":26,"key":"infinitespire:CheckeredPen"}],"event_choices":[{"damage_healed":0,"gold_gain":0,"player_choice":"Fled","damage_taken":0,"max_hp_gain":0,"max_hp_loss":0,"event_name":"Scrap Ooze","floor":3,"gold_loss":0},{"damage_healed":25,"gold_gain":0,"player_choice":"Heal","damage_taken":0,"max_hp_gain":0,"max_hp_loss":0,"event_name":"The Library","floor":21,"gold_loss":0},{"damage_healed":0,"gold_gain":0,"player_choice":"","damage_taken":6,"max_hp_gain":0,"max_hp_loss":0,"event_name":"Knowing Skull","floor":22,"potions_obtained":[],"gold_loss":0,"cards_obtained":[]}],"is_beta":false,"boss_relics":[{"not_picked":["vexMod:BigBerry","Fusion Hammer"],"picked":"hubris:Backtick"}],"items_purged_floors":[2,28],"is_endless":false,"potions_floor_spawned":[1,7,11,16,24,29,30,31],"killed_by":"Collector","ascension_level":0}}