{"host":"hzyv8pm5uot6l4n9","time":1607867253,"event":{"mods":["Act Like it!","Aspiration","BaseMod","Better Note","Better Third Choice","BetterRewards","Conspire","Dota2Spire","Energized Spire","GifTheSpireLib","Halation","Hallownest","Marisa????????","Minty Spire (QoL Compilation)","QueenMod","Quick Restart","Replay The Spire","StSLib","Stuff the Spire","The Cursed","The Dragon Tamer","The Servant 0.9.4","vexMod"],"gold_per_floor":[118,136,153,37,37,67,67,94,94,94,94,109,109,119,119,221,221,234,280,292,49,49,49,82,94,145,163,10,25,25,25,25,123,123,143,213,225,245,245,245,260,260,260,280,295,323,154,185,185,288,288,288,21,52,52],"floor_reached":56,"playtime":2986,"items_purged":["Strike_S","Strike_S","Strike_S"],"score":1331,"play_id":"674f8346-fd23-409d-be9f-0624d57c9adf","local_time":"20201213144733","is_ascension_mode":true,"campfire_choices":[{"data":"SilverBlades","floor":7,"key":"SMITH"},{"data":"MurderousAura","floor":10,"key":"SMITH"},{"data":"SurpressingFire","floor":10,"key":"SMITH"},{"data":"Moonlight","floor":13,"key":"SMITH"},{"data":"KidneyShot","floor":13,"key":"SMITH"},{"data":"Revamp","floor":15,"key":"SMITH"},{"data":"Rearm","floor":15,"key":"SMITH"},{"data":"Ricochet","floor":23,"key":"SMITH"},{"data":"Dilation","floor":23,"key":"SMITH"},{"data":"SilverMatrix","floor":30,"key":"SMITH"},{"data":"StarChef","floor":30,"key":"SMITH"},{"data":"BottledTime","floor":40,"key":"SMITH"},{"data":"TheWorld","floor":40,"key":"SMITH"},{"data":"TimeTheft","floor":42,"key":"SMITH"},{"data":"Sunlight","floor":42,"key":"SMITH"},{"floor":49,"key":"RECALL"},{"data":"SilverBlades","floor":52,"key":"SMITH"},{"data":"SurpressingFire","floor":52,"key":"SMITH"}],"circlet_count":0,"master_deck":["Strike_S","Defend_S","Defend_S","Defend_S","Defend_S","KidneyShot+1","Exchange","SurpressingFire+1","Ricochet+1","Revamp+1","Rearm+1","SilverBlades+1","Rearm+1","MurderousAura+1","Moonlight+1","TimeTheft+1","Dilation+1","CurseOfTheBell","GearUp+1","SilverMatrix+1","StarChef+1","SilverBlades+1","Luminosity+1","Sunlight+1","SurpressingFire+1","BottledTime+1","TheWorld+1","Starlight","Barrier+1","SurpressingFire+1","Duplication+1","Contraction+1","BottledTime+1","TheWorld+1","KillingDoll+1"],"relics":["Uniform","NeowsBlessing","Gambling Chip","Darkstone Periapt","Replay:Arrowhead","Hallownest:DreamNailRelic","Calling Bell","aspiration:ChemicalBlood","vexMod:InvisibilityCloak","Turnip","halation:TwoAmDonut","halation:StarCompass","StuffTheSpire:ForceGauntlet","Nunchaku","vexMod:CursedCompass","Matryoshka","Golden Egg","Eternal Feather","Pantograph","Dream Catcher","Toy Ornithopter"],"acts_visited":["Exordium","Hallownest:Greenpath","Hallownest:CityofTears","TheEnding"],"potions_floor_usage":[14,14,25,33,33,35,37,38,38,50,50,50,55],"damage_taken":[{"damage":0,"enemies":"Hallownest:2_MossCreeps","floor":1,"turns":1},{"damage":0,"enemies":"Hallownest:monsterHuskWarrior","floor":2,"turns":1},{"damage":0,"enemies":"Hallownest:monsterHuskGuard","floor":3,"turns":1},{"damage":1,"enemies":"Hallownest:eliteVengeflyKing","floor":6,"turns":8},{"damage":14,"enemies":"Hallownest:eliteMossKnight","floor":8,"turns":13},{"damage":0,"enemies":"Hallownest:monsterAspidMother","floor":12,"turns":4},{"damage":2,"enemies":"Hallownest:1_Baldur_1_Crawlid_1_Warrior","floor":14,"turns":3},{"damage":32,"enemies":"Hallownest:BossFalseKnight","floor":16,"turns":6},{"damage":26,"enemies":"Hallownest:Guard_and_Sentry","floor":18,"turns":5},{"damage":0,"enemies":"Hallownest:Flukemon_and_Top","floor":20,"turns":6},{"damage":1,"enemies":"Hallownest:eliteWatcherKnight","floor":24,"turns":14},{"damage":0,"enemies":"Hallownest:3_Mistakes","floor":25,"turns":6},{"damage":1,"enemies":"Hallownest:monsterShrumalOgre","floor":27,"turns":7},{"damage":4,"enemies":"Hallownest:Master_and_Novice","floor":29,"turns":6},{"damage":19,"enemies":"Hallownest:BossMantisLord","floor":33,"turns":7},{"damage":19,"enemies":"Hallownest:2_Littles","floor":35,"turns":4},{"damage":5,"enemies":"Hallownest:3_Siblings","floor":37,"turns":7},{"damage":2,"enemies":"Hallownest:2_Soldiers_and_1_Guardian","floor":38,"turns":5},{"damage":0,"enemies":"Hallownest:Shield_Sturdy","floor":41,"turns":4},{"damage":0,"enemies":"Hallownest:monsterPrimalAspid","floor":44,"turns":3},{"damage":0,"enemies":"Hallownest:2_Wandering_and_1_Horned","floor":45,"turns":4},{"damage":0,"enemies":"Hallownest:StalkingDevout","floor":46,"turns":5},{"damage":0,"enemies":"Hallownest:eliteHiveKnight","floor":48,"turns":8},{"damage":14,"enemies":"Hallownest:BossGreyPrinceZote","floor":50,"turns":8},{"damage":0,"enemies":"Shield and Spear","floor":54,"turns":6},{"damage":23,"enemies":"The Heart","floor":55,"turns":9}],"seed_played":"2932154510271857135","potions_obtained":[{"floor":1,"key":"SteroidPotion"},{"floor":3,"key":"Energy Potion"},{"floor":12,"key":"Block Potion"},{"floor":18,"key":"Venom Potion"},{"floor":27,"key":"LifebloodPotion"},{"floor":33,"key":"Strength Potion"},{"floor":33,"key":"ColorlessPotion"},{"floor":35,"key":"Dota2Spire:Clarity"},{"floor":35,"key":"EssenceOfSteel"},{"floor":37,"key":"Block Potion"},{"floor":44,"key":"Ancient Potion"},{"floor":45,"key":"Weak Potion"},{"floor":48,"key":"Flashbang"}],"is_trial":false,"path_per_floor":["M","M","M","$","?","E","R","E","T","R","?","M","R","M","R","B",null,"M","T","M","$","?","R","E","M","T","M","$","M","R","$","R","B",null,"M","T","M","M","?","R","M","R","T","M","M","E","$","E","R","B",null,"R","$","E","B",null],"character_chosen":"THE_SERVANT","items_purchased":["Rearm","SilverBlades","halation:TwoAmDonut","SilverBlades","Contraction","KillingDoll"],"campfire_rested":0,"item_purchase_floors":[4,4,21,28,47,53],"current_hp_per_floor":[65,65,65,65,65,64,64,50,50,50,50,50,50,48,48,16,71,45,45,45,45,45,45,44,44,44,43,43,39,39,39,60,41,71,52,52,47,45,45,45,45,45,45,45,45,45,45,45,63,57,71,71,71,71,52],"gold":52,"neow_bonus":"THREE_ENEMY_KILL","is_daily":false,"chose_seed":false,"campfire_upgraded":17,"win_rate":0.0,"timestamp":1607867253,"path_taken":["M","?","M","$","?","E","R","E","T","R","?","M","R","M","R","BOSS","M","?","?","$","?","R","E","M","T","M","$","?","R","?","R","BOSS","M","?","M","M","?","R","M","R","T","?","M","E","$","E","R","BOSS","R","$","E","BOSS"],"items_purchased_type":["Card","Card","Relic","Card","Card","Card"],"build_version":"2020-11-30","purchased_purges":3,"victory":true,"max_hp_per_floor":[65,65,65,65,65,65,65,65,65,65,65,65,65,65,65,65,71,71,71,71,71,71,71,71,71,71,71,71,71,71,71,71,71,71,71,71,71,71,71,71,71,71,71,71,71,71,71,71,71,71,71,71,71,71,71],"card_choices":[{"not_picked":["ShiftingGears","Snipe"],"picked":"SurpressingFire","floor":1},{"not_picked":["TimeWarp","RealityMarble"],"picked":"Ricochet","floor":2},{"not_picked":["Spin","Replace"],"picked":"Revamp","floor":3},{"not_picked":["Defy","SpecialFormula"],"picked":"Rearm","floor":6},{"not_picked":["StarChef","Spin"],"picked":"MurderousAura","floor":8},{"not_picked":["FastForward","Potential"],"picked":"Moonlight","floor":12},{"not_picked":["Unruled","Spin"],"picked":"TimeTheft","floor":14},{"not_picked":["Solidify","Initiator"],"picked":"Dilation","floor":16},{"not_picked":["BestPractice+1","SilverBlades"],"picked":"GearUp+1","floor":18},{"not_picked":["Spin","Replace","Foresight"],"picked":"SKIP","floor":20},{"not_picked":["TimeWarp+1","Spin"],"picked":"SilverMatrix","floor":24},{"not_picked":["DoubleEdge","Ricochet","Defy"],"picked":"SKIP","floor":25},{"not_picked":["FlawlessForm","Ricochet"],"picked":"StarChef","floor":27},{"not_picked":["MoonPhase","DualDimension"],"picked":"Luminosity+1","floor":29},{"not_picked":["Initiator","FlawlessForm"],"picked":"Sunlight","floor":33},{"not_picked":["Shuttle+1","TimeWarp+1"],"picked":"SurpressingFire","floor":35},{"not_picked":["Ricochet+1","Unruled"],"picked":"BottledTime","floor":37},{"not_picked":["BottledTime","Spin+1"],"picked":"TheWorld","floor":38},{"not_picked":["BottledTime","Spin+1"],"picked":"Starlight","floor":41},{"not_picked":["Defy","Shuttle"],"picked":"Barrier+1","floor":44},{"not_picked":["Rearm","Potential"],"picked":"SurpressingFire+1","floor":45},{"not_picked":["StarChef","Starlight+1"],"picked":"Duplication","floor":46},{"not_picked":["Rearm+1","DoubleEdge"],"picked":"BottledTime+1","floor":48},{"not_picked":["PendulumOfEternity","Initiator"],"picked":"TheWorld","floor":50},{"not_picked":["Rearm","ShatteredReality+1","Potential"],"picked":"SKIP","floor":54}],"player_experience":513704,"relics_obtained":[{"floor":6,"key":"Gambling Chip"},{"floor":8,"key":"Darkstone Periapt"},{"floor":9,"key":"Replay:Arrowhead"},{"floor":17,"key":"aspiration:ChemicalBlood"},{"floor":17,"key":"vexMod:InvisibilityCloak"},{"floor":17,"key":"Turnip"},{"floor":24,"key":"StuffTheSpire:ForceGauntlet"},{"floor":26,"key":"Nunchaku"},{"floor":36,"key":"Matryoshka"},{"floor":43,"key":"Golden Egg"},{"floor":43,"key":"Eternal Feather"},{"floor":46,"key":"Pantograph"},{"floor":48,"key":"Dream Catcher"},{"floor":54,"key":"Toy Ornithopter"}],"event_choices":[{"damage_healed":0,"gold_gain":0,"player_choice":"Leave","damage_taken":0,"max_hp_gain":0,"max_hp_loss":0,"event_name":"conspire:Investor","floor":5,"gold_loss":0}],"is_beta":false,"boss_relics":[{"not_picked":["vexMod:RockOfEvil","halation:LoveArrow"],"picked":"Calling Bell"},{"not_picked":["aspiration:SecretTechniqueScroll","energizedSpire:RedRose"],"picked":"vexMod:CursedCompass"}],"items_purged_floors":[28,47,53],"is_endless":false,"potions_floor_spawned":[1,3,12,18,20,27,33,35,44,45,48],"ascension_level":1}}