{"host":"vm8b3ptwl81uq21f","time":1607836917,"event":{"mods":["BaseMod","BetterRewards","Colored Powertips","Downfall","GifTheSpireLib","Googly Eyes","GungeonMod","Halation","Hubris","Minty Spire (QoL Compilation)","Quick Restart","Rare Cards Sparkle","Replay The Spire","Shop Mod","StSLib","Stuff the Spire","The Bug Knight","The IronCluck","[IsaacMod]????"],"gold_per_floor":[99,99,149,149,149,159,159,186,18,52,72,87,102,102,119,216,216,216],"floor_reached":17,"playtime":1282,"items_purged":[],"score":190,"play_id":"27d61108-88be-444b-9a29-5d7706967f49","local_time":"20201213002157","is_ascension_mode":false,"campfire_choices":[{"data":"Slimebound:Split","floor":1,"key":"SMITH"}],"circlet_count":0,"master_deck":["Slimebound:Strike_Slimebound","Slimebound:Strike_Slimebound","Slimebound:Strike_Slimebound","Slimebound:Tackle","Slimebound:Defend_Slimebound","Slimebound:Defend_Slimebound","Slimebound:Defend_Slimebound","Slimebound:Defend_Slimebound","Slimebound:Split+1","Slimebound:CorrosiveSpit","Slimebound:LevelUp","Slimebound:SlimeSpikes","Slimebound:SplitMire","Slimebound:LevelUp","Slimebound:SamplingLick","Slimebound:OneTwoCombo","Slimebound:SplitAcid","Slimebound:SplitMire","Slimebound:RallyTheTroops"],"relics":["Slimebound:AbsorbEndCombat","HushsDoor","BookofShadows","downfall:HeartsMalice","Singing Bowl","StuffTheSpire:Gunfinga","hubris:PeanutButter","DemoMod:SerJunkan","TheBean","DemoMod:Junk","Slimebound:GreedOozeRelic","DemoMod:GlassGuonStoneRelic","hubris:VirtuousBlindfold"],"acts_visited":["Exordium","TheCity"],"potions_floor_usage":[16],"damage_taken":[{"damage":0,"enemies":"Jaw Worm","floor":2,"turns":1},{"damage":0,"enemies":"Hiden Room Battle","floor":3,"turns":1},{"damage":0,"enemies":"Cultist","floor":5,"turns":1},{"damage":8,"enemies":"2 Louse","floor":6,"turns":3},{"damage":23,"enemies":"3 Sentries","floor":8,"turns":7},{"damage":7,"enemies":"downfall:FleeingMerchant","floor":9,"turns":4},{"damage":8,"enemies":"Replay:BlueRogue","floor":10,"turns":4},{"damage":16,"enemies":"Exordium Wildlife","floor":11,"turns":5},{"damage":0,"enemies":"2 Fungi Beasts","floor":12,"turns":3},{"damage":0,"enemies":"3 Louse","floor":13,"turns":2},{"damage":4,"enemies":"2 Fungi Beasts","floor":15,"turns":2},{"damage":11,"enemies":"downfall:Watcher","floor":16,"turns":6}],"seed_played":"-4458323475731062577","potions_obtained":[{"floor":6,"key":"Weak Potion"},{"floor":11,"key":"sneckomod:MuddlingPotion"},{"floor":13,"key":"Milkshake"},{"floor":16,"key":"hexamod:EctoCoolerPotion"}],"is_trial":false,"path_per_floor":["R","M","?","?","M","M","T","E","$","E","M","M","M","?","M","B",null],"character_chosen":"SLIMEBOUND","items_purchased":["TheBean"],"campfire_rested":0,"item_purchase_floors":[9],"current_hp_per_floor":[60,60,60,60,60,60,60,37,54,62,58,62,62,62,62,62,62,62],"gold":216,"neow_bonus":"THREE_ENEMY_KILL","is_daily":false,"chose_seed":false,"campfire_upgraded":1,"win_rate":0.0,"timestamp":1607836917,"path_taken":["R","M","?","?","M","M","T","E","?","E","?","M","M","?","M","BOSS"],"items_purchased_type":["Relic"],"build_version":"2020-11-30","purchased_purges":0,"victory":false,"max_hp_per_floor":[60,60,60,60,60,60,60,60,60,62,62,62,62,62,62,62,62,62],"card_choices":[{"not_picked":["Slimebound:ComboTackle","Slimebound:PressTheAttack"],"picked":"Bomb","floor":2},{"not_picked":["Slimebound:ItLooksTasty","Slimebound:LeechingTouch"],"picked":"Bomb","floor":3},{"not_picked":["Slimebound:Schlurp","Slimebound:Prepare"],"picked":"Slimebound:LevelUp","floor":5},{"not_picked":["Slimebound:SlimeBarrage","Slimebound:DisruptingSlam"],"picked":"Slimebound:SlimeSpikes","floor":6},{"not_picked":["Slimebound:Schlurp","Slimebound:ViciousTackle"],"picked":"Slimebound:SplitMire","floor":8},{"not_picked":["Slimebound:LeadByExample","Slimebound:PrepareCrush"],"picked":"Slimebound:LevelUp","floor":9},{"not_picked":["Slimebound:HungryTackle","Slimebound:ViciousTackle","Slimebound:GoopSpray"],"picked":"Singing Bowl","floor":10},{"not_picked":["Slimebound:ComboTackle","Slimebound:FinishingTackle"],"picked":"Slimebound:SamplingLick","floor":11},{"not_picked":["Slimebound:ViciousTackle","Slimebound:PressTheAttack"],"picked":"Slimebound:OneTwoCombo","floor":12},{"not_picked":["Slimebound:LeechEnergy","Slimebound:TongueLash"],"picked":"Slimebound:SplitAcid","floor":13},{"not_picked":["Slimebound:LeechEnergy","Slimebound:SplitLeeching"],"picked":"Slimebound:SplitMire","floor":15},{"not_picked":["Slimebound:WasteNot","Slimebound:MassFeed"],"picked":"Slimebound:RallyTheTroops","floor":16}],"player_experience":279982,"relics_obtained":[{"floor":3,"key":"Singing Bowl"},{"floor":3,"key":"StuffTheSpire:Gunfinga"},{"floor":7,"key":"hubris:PeanutButter"},{"floor":8,"key":"DemoMod:SerJunkan"},{"floor":10,"key":"DemoMod:Junk"}],"event_choices":[{"damage_healed":0,"gold_gain":0,"player_choice":"Fight","damage_taken":0,"max_hp_gain":0,"max_hp_loss":0,"event_name":"HidenRoomEvent","floor":3,"gold_loss":0}],"is_beta":false,"boss_relics":[{"not_picked":["hubris:CrackedHourglass","Replay:Drink Me"],"picked":"hubris:VirtuousBlindfold"},{"not_picked":[]}],"items_purged_floors":[],"is_endless":false,"potions_floor_spawned":[6,11,13,16],"ascension_level":0}}