{"host":"g76rhe4j5kh9hdf9","time":1607900695,"event":{"mods":["Act Like it!","BaseMod","Better Third Choice","Downfall","GifTheSpireLib","Minty Spire (QoL Compilation)","Relic Stats","Spicy Shops","StSLib"],"gold_per_floor":[99,9,36,36,64,64,89,120,134,134,134],"floor_reached":10,"playtime":763,"items_purged":["Regret"],"score":86,"play_id":"8d9d3678-1a45-418a-b13d-b741a6bcc896","local_time":"20201213150455","is_ascension_mode":true,"campfire_choices":[{"floor":1.0,"key":"RECALL"},{"data":"champ:SkillfulDodge","floor":4.0,"key":"SMITH"},{"floor":6.0,"key":"REST"}],"circlet_count":0,"master_deck":["champ:Strike","champ:Strike","champ:Strike","champ:Strike","champ:Defend","champ:Defend","champ:Defend","champ:Defend","champ:Execute","champ:Taunt","champ:ShieldSlam","champ:BringItOn","champ:SkillfulDodge+1"],"relics":["champ:ChampionCrown","Ancient Tea Set","CeramicFish","sneckomod:BlankCard","Pantograph"],"acts_visited":["Exordium"],"potions_floor_usage":[],"damage_taken":[{"damage":4.0,"enemies":"downfall:FleeingMerchant","floor":2.0,"turns":4.0},{"damage":63.0,"enemies":"Lagavulin","floor":3.0,"turns":9.0},{"damage":30.0,"enemies":"Gremlin Nob","floor":5.0,"turns":4.0},{"damage":36.0,"enemies":"Lagavulin","floor":8.0,"turns":9.0},{"damage":5.0,"enemies":"Small Slimes","floor":9.0,"turns":3.0},{"damage":28,"enemies":"3 Sentries","floor":10,"turns":7}],"seed_played":"6002875416370095261","potions_obtained":[{"floor":3.0,"key":"Slimebound:ThreeZeroPotion"},{"floor":5.0,"key":"Block Potion"}],"is_trial":false,"path_per_floor":["R","$","E","R","E","R","T","E","M","E"],"character_chosen":"THE_CHAMP","items_purchased":[],"campfire_rested":1,"item_purchase_floors":[],"current_hp_per_floor":[90,86,38,38,23,50,50,24,24,0,0],"gold":134,"neow_bonus":"THREE_RARE_CARDS","is_daily":false,"chose_seed":false,"campfire_upgraded":1,"win_rate":0.0,"timestamp":1607900695,"path_taken":["R","$","E","R","E","R","T","E","M","E"],"items_purchased_type":[],"build_version":"2020-11-30","purchased_purges":1,"victory":false,"max_hp_per_floor":[90,90,90,90,90,90,90,90,90,90,90],"relic_stats":{"counters":[6,36],"CeramicFish":0,"Pantograph":0,"obtain_stats":[{"CeramicFish":5,"sneckomod:BlankCard":7,"Pantograph":8,"champ:ChampionCrown":0,"Ancient Tea Set":3},{"CeramicFish":3,"sneckomod:BlankCard":3,"Pantograph":4,"champ:ChampionCrown":0,"Ancient Tea Set":2},{"CeramicFish":17,"sneckomod:BlankCard":17,"Pantograph":26,"champ:ChampionCrown":0,"Ancient Tea Set":13}]},"card_choices":[{"not_picked":["champ:PerfectForm","champ:HeavySlash"],"picked":"champ:ShieldSlam","floor":0.0},{"not_picked":["champ:GutPunch","champ:GladiatorsShout"],"picked":"champ:BringItOn","floor":2.0},{"not_picked":["champ:BerserkersShout","champ:Haymaker"],"picked":"champ:SkillfulDodge","floor":3.0},{"not_picked":["champ:Shatter","champ:GladiatorsShout","champ:BerserkersShout"],"picked":"SKIP","floor":5.0},{"not_picked":["champ:Riposte","champ:RisingSlash","champ:Haymaker"],"picked":"SKIP","floor":8.0},{"not_picked":["champ:CrookedStrike","champ:PerfectForm","champ:BerserkersShout"],"picked":"SKIP","floor":9.0}],"player_experience":582929,"relics_obtained":[{"floor":3.0,"key":"Ancient Tea Set"},{"floor":5.0,"key":"CeramicFish"},{"floor":7.0,"key":"sneckomod:BlankCard"},{"floor":8.0,"key":"Pantograph"}],"event_choices":[],"is_beta":false,"boss_relics":[],"items_purged_floors":[2],"is_endless":false,"potions_floor_spawned":[3,5],"killed_by":"3 Sentries","ascension_level":1}}