{"host":"f55lpzc7830gmx23","time":1607903580,"event":{"mods":["BaseMod","Better Note","Downfall","Hermit","Minty Spire (QoL Compilation)","StSLib","The Blackbeard","The Cursed","The Necromancer"],"gold_per_floor":[119,137,77,94,48,74,74,97,121,147,147,167,13,23,23,120,120,132,62,80,80,93,93,93],"floor_reached":23,"playtime":1260,"items_purged":[],"score":221,"play_id":"c1ac1a9a-4b80-41f1-ad8d-38ac057f1596","local_time":"20201214005300","is_ascension_mode":true,"campfire_choices":[{"floor":7,"key":"REST"},{"floor":11,"key":"REST"},{"data":"Armaments","floor":15,"key":"SMITH"}],"circlet_count":0,"master_deck":["Strike_R+1","Strike_R+1","Strike_R","Strike_R","Strike_R","Defend_R","Defend_R","Defend_R","Defend_R","Bash","Injury","Bloodletting","Combust","Searing Blow","Armaments+1","Combust","Thunderclap","Dual Wield","Intimidate","Blood for Blood","Heavy Blade"],"relics":["Burning Blood","Magic Flower","Nunchaku","Calipers","Odd Mushroom","Whetstone","Ice Cream","Red Skull","Black Star"],"acts_visited":["Exordium","TheCity"],"potions_floor_usage":[6,10,14,16,20,22,23],"damage_taken":[{"damage":12,"enemies":"Jaw Worm","floor":1,"turns":2},{"damage":1,"enemies":"Cultist","floor":2,"turns":3},{"damage":10,"enemies":"Small Slimes","floor":4,"turns":3},{"damage":52,"enemies":"Gremlin Nob","floor":6,"turns":5},{"damage":24,"enemies":"The Mushroom Lair","floor":8,"turns":4},{"damage":28,"enemies":"Lagavulin","floor":10,"turns":7},{"damage":17,"enemies":"Exordium Wildlife","floor":12,"turns":3},{"damage":11,"enemies":"Lots of Slimes","floor":14,"turns":2},{"damage":28,"enemies":"Slime Boss","floor":16,"turns":7},{"damage":37,"enemies":"Spheric Guardian","floor":18,"turns":4},{"damage":39,"enemies":"Shell Parasite","floor":20,"turns":6},{"damage":20,"enemies":"Cultist and Chosen","floor":22,"turns":4},{"damage":17,"enemies":"Slavers","floor":23,"turns":1}],"seed_played":"-5288692839183410259","potions_obtained":[{"floor":1,"key":"Fire Potion"},{"floor":8,"key":"Weak Potion"},{"floor":10,"key":"DistilledChaos"},{"floor":14,"key":"CultistPotion"},{"floor":16,"key":"BlessingOfTheForge"},{"floor":18,"key":"CultistPotion"},{"floor":22,"key":"Slimebound:ThreeZeroPotion"}],"is_trial":false,"path_per_floor":["M","M","?","M","$","E","R","?","T","E","R","M","$","M","R","B",null,"M","$","M","?","M","E"],"character_chosen":"IRONCLAD","items_purchased":["Armaments","Red Skull","Blood for Blood"],"campfire_rested":2,"item_purchase_floors":[5,13,19],"current_hp_per_floor":[77,80,80,79,79,36,60,45,45,26,50,42,42,40,40,21,80,52,52,22,22,11,0,0],"gold":93,"neow_bonus":"ONE_RARE_RELIC","is_daily":false,"chose_seed":false,"campfire_upgraded":1,"win_rate":0.0,"timestamp":1607903580,"path_taken":["M","M","?","?","?","E","R","?","T","E","R","M","?","M","R","BOSS","M","?","M","?","M","E"],"items_purchased_type":["Card","Relic","Card"],"build_version":"2020-11-30","purchased_purges":0,"victory":false,"max_hp_per_floor":[80,80,80,80,80,80,80,80,80,80,80,80,80,80,80,80,80,80,80,80,80,80,80,80],"card_choices":[{"not_picked":["True Grit","Searing Blow"],"picked":"Bloodletting","floor":1},{"not_picked":["Flame Barrier","Clash"],"picked":"Combust","floor":2},{"not_picked":["Sever Soul","Carnage"],"picked":"Searing Blow","floor":4},{"not_picked":["Reckless Charge","Double Tap"],"picked":"Combust","floor":6},{"not_picked":["Shrug It Off","Reckless Charge"],"picked":"Thunderclap","floor":8},{"not_picked":["Offering","True Grit","Havoc"],"picked":"SKIP","floor":10},{"not_picked":["Flex","Sword Boomerang","Seeing Red"],"picked":"SKIP","floor":12},{"not_picked":["Inflame","Pommel Strike"],"picked":"Dual Wield","floor":14},{"not_picked":["Flame Barrier","Whirlwind"],"picked":"Intimidate","floor":18},{"not_picked":["Burning Pact+1","Perfected Strike"],"picked":"Heavy Blade","floor":20},{"not_picked":["Headbutt","Pommel Strike","Clothesline+1"],"picked":"SKIP","floor":22}],"player_experience":395779,"relics_obtained":[{"floor":6,"key":"Calipers"},{"floor":8,"key":"Odd Mushroom"},{"floor":9,"key":"Whetstone"},{"floor":10,"key":"Ice Cream"}],"event_choices":[{"damage_healed":0,"gold_gain":0,"player_choice":"Paid Gold","damage_taken":0,"relics_obtained":["Nunchaku"],"max_hp_gain":0,"max_hp_loss":0,"event_name":"WeMeetAgain","floor":3,"gold_loss":60},{"damage_healed":0,"gold_gain":0,"player_choice":"Fought Mushrooms","damage_taken":0,"max_hp_gain":0,"max_hp_loss":0,"event_name":"Mushrooms","floor":8,"gold_loss":0},{"cards_removed":["Injury"],"damage_healed":0,"gold_gain":0,"player_choice":"Give","damage_taken":0,"max_hp_gain":0,"max_hp_loss":0,"event_name":"betterNote:BetterNote","floor":21,"gold_loss":0,"cards_obtained":["None"]}],"is_beta":false,"boss_relics":[{"not_picked":["Coffee Dripper","Snecko Eye"],"picked":"Black Star"}],"items_purged_floors":[],"is_endless":false,"potions_floor_spawned":[1,8,10,14,16,18,22],"killed_by":"Slavers","ascension_level":2}}