{"host":"ljavmhyz2e552xgo","time":1607834396,"event":{"mods":["BaseMod","Better Third Choice","Downfall","Friendly Minions","Minty Spire (QoL Compilation)","Permanent Neow","Relic Stats","Shop Mod","Spicy Shops","StSLib"],"gold_per_floor":[99,114,133,133,133,153,207,218,230,230,246,71,87,107,125,224,224,224,242,260,295,295,330,330,330,341,341,341,354,373,93,103,204,204,204,216,243,257,307,337,385,310,310,310,324,55,40,54,66,66],"floor_reached":51,"playtime":5489,"items_purged":["Guardian:Gem_Green"],"score":750,"play_id":"de9ecbb5-2e8d-4a11-be88-dc6eec8e7959","local_time":"20201212223956","is_ascension_mode":false,"campfire_choices":[{"data":"Guardian:ConstructionForm","floor":1.0,"key":"SMITH"},{"data":"Guardian:SentryBeam","floor":4.0,"key":"SMITH"},{"data":"Guardian:CurlUp","floor":10,"key":"SMITH"},{"data":"Guardian:SphericShield","floor":18,"key":"SMITH"},{"data":"Guardian:DecasProtection","floor":22,"key":"SMITH"},{"data":"Guardian:SpikerProtocol","floor":27,"key":"SMITH"},{"floor":35,"key":"RECALL"},{"floor":42,"key":"DIG"},{"floor":44,"key":"REST"}],"circlet_count":0,"master_deck":["Guardian:Strike_Guardian+1","Guardian:Strike_Guardian","Guardian:Defend_Guardian","Guardian:Defend_Guardian","Guardian:Defend_Guardian","Guardian:Defend_Guardian","Guardian:CurlUp+1","Guardian:TwinSlam+1","Guardian:ConstructionForm+1","Guardian:ShieldSpikes","Guardian:SentryBeam+1","Guardian:FloatingOrbs","Guardian:PiercingHide","Guardian:DecasProtection+1","Guardian:SpikerProtocol+1","Guardian:ChargeCore","Guardian:Reroute","Guardian:SphericShield+1","Guardian:TemporalShield+1","Finesse","Guardian:TimeSifter","Guardian:RevengeProtocol","Guardian:DecasProtection","Guardian:SpikerProtocol","expansioncontent:Collect","Guardian:Repulse+1"],"relics":["Guardian:ModeShifter","Bronze Scales","Art of War","Busted Crown","Singing Bowl","Red Mask","Pear","Bottled Tornado","TungstenRod","Bag of Marbles","downfall:HeartBlessingRed","MerchantsRug","TheAbacus"],"acts_visited":["Exordium","TheCity","TheBeyond"],"potions_floor_usage":[16,20,21,33,38,38,50,50,50],"damage_taken":[{"damage":0.0,"enemies":"Small Slimes","floor":2.0,"turns":7.0},{"damage":0.0,"enemies":"Cultist","floor":3.0,"turns":6.0},{"damage":0.0,"enemies":"Jaw Worm","floor":6.0,"turns":6.0},{"damage":0.0,"enemies":"3 Louse","floor":8.0,"turns":5.0},{"damage":0,"enemies":"Blue Slaver","floor":9,"turns":5},{"damage":9,"enemies":"Lots of Slimes","floor":11,"turns":5},{"damage":2,"enemies":"downfall:FleeingMerchant","floor":12,"turns":4},{"damage":3,"enemies":"Large Slime","floor":13,"turns":5},{"damage":0,"enemies":"Blue Slaver","floor":14,"turns":3},{"damage":0,"enemies":"Exordium Wildlife","floor":15,"turns":5},{"damage":10,"enemies":"downfall:Silent","floor":16,"turns":6},{"damage":7,"enemies":"Shell Parasite","floor":19,"turns":4},{"damage":0,"enemies":"3 Byrds","floor":20,"turns":3},{"damage":23,"enemies":"Gremlin Leader","floor":21,"turns":8},{"damage":0,"enemies":"Masked Bandits","floor":23,"turns":4},{"damage":0,"enemies":"Cultist and Chosen","floor":26,"turns":6},{"damage":0,"enemies":"Chosen and Byrds","floor":29,"turns":4},{"damage":0,"enemies":"Snake Plant","floor":30,"turns":3},{"damage":0,"enemies":"downfall:FleeingMerchant","floor":31,"turns":4},{"damage":0,"enemies":"Centurion and Healer","floor":32,"turns":7},{"damage":8,"enemies":"downfall:Ironclad","floor":33,"turns":9},{"damage":6,"enemies":"Orb Walker","floor":36,"turns":4},{"damage":28,"enemies":"Giant Head","floor":37,"turns":14},{"damage":0,"enemies":"3 Darklings","floor":38,"turns":5},{"damage":0,"enemies":"Mind Bloom Boss Battle","floor":39,"turns":9},{"damage":25,"enemies":"Nemesis","floor":40,"turns":13},{"damage":3,"enemies":"Maw","floor":45,"turns":10},{"damage":0,"enemies":"downfall:FleeingMerchant","floor":46,"turns":4},{"damage":0,"enemies":"downfall:FleeingMerchant","floor":47,"turns":4},{"damage":3,"enemies":"Jaw Worm Horde","floor":48,"turns":4},{"damage":4,"enemies":"Spire Growth","floor":49,"turns":5},{"damage":33,"enemies":"downfall:Defect","floor":50,"turns":13}],"seed_played":"-4276958967899496104","potions_obtained":[{"floor":6.0,"key":"LiquidBronze"},{"floor":9,"key":"PowerPotion"},{"floor":11,"key":"SpeedPotion"},{"floor":16,"key":"EssenceOfSteel"},{"floor":19,"key":"champ:CounterPotion"},{"floor":23,"key":"LiquidMemories"},{"floor":26,"key":"CultistPotion"},{"floor":33,"key":"Guardian:DefensiveModePotion"},{"floor":40,"key":"PowerPotion"},{"floor":45,"key":"Strength Potion"}],"is_trial":false,"path_per_floor":["R","M","M","R","?","M","T","M","M","R","M","$","M","M","M","B",null,"R","M","M","E","R","?","T","?","M","R","?","M","M","$","M","B",null,"R","M","E","M","?","E","T","R","?","R","M","$","$","M","M","B",null],"character_chosen":"GUARDIAN","items_purchased":["Guardian:SpikerProtocol","Art of War","Finesse","Guardian:TimeSifter","MerchantsRug","Guardian:SpikerProtocol","expansioncontent:Collect","TheAbacus"],"campfire_rested":1,"item_purchase_floors":[12,12,31,31,46,46,46,46],"current_hp_per_floor":[80,80,80,80,80,80,80,80,80,80,71,69,66,66,66,56,80,80,73,73,52,52,54,64,45,47,47,47,49,51,53,55,47,109,109,105,79,81,83,60,60,60,60,95,92,92,92,91,89,56],"gold":66,"neow_bonus":"ONE_RANDOM_RARE_CARD","is_daily":false,"chose_seed":false,"campfire_upgraded":6,"win_rate":0.0,"timestamp":1607834396,"path_taken":["R","M","M","R","?","M","T","?","M","R","M","$","M","M","M","BOSS","R","M","M","E","R","?","T","?","M","R","?","M","M","$","M","BOSS","R","M","E","M","?","E","T","R","?","R","M","$","$","?","M","BOSS"],"items_purchased_type":["Card","Relic","Card","Card","Relic","Card","Card","Relic"],"build_version":"2020-11-30","purchased_purges":1,"victory":true,"max_hp_per_floor":[80,80,80,80,80,80,80,80,80,80,80,80,80,80,80,80,80,80,80,80,82,82,84,94,99,101,101,101,103,105,107,109,109,109,109,111,113,115,117,119,119,119,119,119,119,119,119,121,123,123],"relic_stats":{"Busted Crown":40,"TheAbacus":[36],"Singing Bowl":28,"counters":[32,194],"Bronze Scales":[560],"Art of War":[28],"obtain_stats":[{"MerchantsRug":46,"Pear":24,"Singing Bowl":21,"downfall:HeartBlessingRed":42,"Guardian:ModeShifter":0,"Juzu Bracelet":37,"Whetstone":37,"Bottled Tornado":40,"Guardian:PickAxe":42,"Busted Crown":17,"Shovel":39,"TheAbacus":46,"Bronze Scales":7,"Art of War":12,"Red Mask":23,"Black Star":34,"Bag of Marbles":41,"TungstenRod":40},{"MerchantsRug":28,"Pear":15,"Singing Bowl":14,"downfall:HeartBlessingRed":26,"Guardian:ModeShifter":0,"Juzu Bracelet":23,"Whetstone":23,"Bottled Tornado":26,"Guardian:PickAxe":26,"Busted Crown":11,"Shovel":25,"TheAbacus":28,"Bronze Scales":3,"Art of War":7,"Red Mask":15,"Black Star":21,"Bag of Marbles":26,"TungstenRod":26},{"MerchantsRug":168,"Pear":76,"Singing Bowl":72,"downfall:HeartBlessingRed":154,"Guardian:ModeShifter":0,"Juzu Bracelet":127,"Whetstone":127,"Bottled Tornado":154,"Guardian:PickAxe":154,"Busted Crown":57,"Shovel":141,"TheAbacus":168,"Bronze Scales":19,"Art of War":38,"Red Mask":76,"Black Star":109,"Bag of Marbles":154,"TungstenRod":154}],"TungstenRod":8},"card_choices":[{"not_picked":["Guardian:CrystalBeam","Guardian:SentryBeam"],"picked":"Guardian:ShieldSpikes","floor":2.0},{"not_picked":["Guardian:Gem_Green","Guardian:Clone"],"picked":"Guardian:SentryBeam","floor":3.0},{"not_picked":["Guardian:ChargeCore","Guardian:Gem_Red"],"picked":"Guardian:Gem_Blue","floor":6.0},{"not_picked":["Guardian:TemporalShield","Guardian:PolyBeam"],"picked":"Guardian:FloatingOrbs","floor":8.0},{"not_picked":["Guardian:TemporalShield","Guardian:Emergency"],"picked":"Guardian:Gem_Red","floor":9},{"not_picked":["Guardian:Planning","Guardian:FloatingOrbs"],"picked":"Guardian:PiercingHide","floor":11},{"not_picked":["Guardian:Suspension","Guardian:RevengeProtocol"],"picked":"Guardian:DecasProtection","floor":12},{"not_picked":["Guardian:Gem_Lightblue","Guardian:PrismaticBarrier"],"picked":"Guardian:ChargeCore","floor":13},{"not_picked":["Guardian:TemporalShield","Guardian:Gem_Green"],"picked":"Guardian:Reroute","floor":14},{"not_picked":["Guardian:MultiBeam","Guardian:Recover"],"picked":"Guardian:Gem_Purple","floor":15},{"not_picked":["Guardian:HyperBeam_Guardian","Guardian:RevengeProtocol"],"picked":"Guardian:SphericShield","floor":16},{"not_picked":["Guardian:PrimingBeam"],"picked":"SKIP","floor":19},{"not_picked":[],"picked":"Guardian:TemporalShield+1","floor":20},{"not_picked":["Guardian:ShieldCharger+1"],"picked":"Singing Bowl","floor":21},{"not_picked":["Guardian:CrystalBeam+1"],"picked":"Singing Bowl","floor":23},{"not_picked":["Guardian:ShieldCharger"],"picked":"Singing Bowl","floor":26},{"not_picked":["Guardian:FloatingOrbs"],"picked":"Singing Bowl","floor":29},{"not_picked":["Guardian:FloatingOrbs"],"picked":"Singing Bowl","floor":30},{"not_picked":["Guardian:Planning+1"],"picked":"Singing Bowl","floor":31},{"not_picked":["Guardian:PrimingBeam"],"picked":"Singing Bowl","floor":32},{"not_picked":[],"picked":"Guardian:Gem_Orange","floor":33},{"not_picked":["Guardian:Planning+1"],"picked":"Singing Bowl","floor":36},{"not_picked":["Guardian:Planning"],"picked":"Singing Bowl","floor":37},{"not_picked":["Guardian:VentSteam"],"picked":"Singing Bowl","floor":38},{"not_picked":["Guardian:WalkerClaw"],"picked":"Singing Bowl","floor":39},{"not_picked":["Guardian:TemporalStrike"],"picked":"Singing Bowl","floor":40},{"not_picked":[],"picked":"Guardian:RevengeProtocol","floor":45},{"not_picked":[],"picked":"Guardian:DecasProtection","floor":46},{"not_picked":[],"picked":"Guardian:Repulse+1","floor":47},{"not_picked":["Guardian:TemporalStrike+1"],"picked":"Singing Bowl","floor":48},{"not_picked":["Guardian:Gem_Blue"],"picked":"Singing Bowl","floor":49}],"player_experience":1379278,"relics_obtained":[{"floor":7.0,"key":"Bronze Scales"},{"floor":21,"key":"Singing Bowl"},{"floor":23,"key":"Red Mask"},{"floor":24,"key":"Pear"},{"floor":37,"key":"Juzu Bracelet"},{"floor":37,"key":"Whetstone"},{"floor":39,"key":"Shovel"},{"floor":40,"key":"Bottled Tornado"},{"floor":40,"key":"TungstenRod"},{"floor":41,"key":"Bag of Marbles"},{"floor":42,"key":"Guardian:PickAxe"}],"event_choices":[{"cards_removed":["Guardian:Strike_Guardian"],"damage_healed":0.0,"max_hp_gain":0.0,"max_hp_loss":0.0,"gold_gain":0.0,"event_name":"Bonfire Elementals","player_choice":"Offered Basic","floor":5.0,"gold_loss":0.0,"damage_taken":0.0},{"damage_healed":0,"gold_gain":0,"player_choice":"Fought Bandits","damage_taken":0,"max_hp_gain":0,"max_hp_loss":0,"event_name":"Masked Bandits","floor":23,"gold_loss":0}],"is_beta":false,"boss_relics":[{"not_picked":["Snecko Eye","Empty Cage"],"picked":"Busted Crown"},{"not_picked":["Coffee Dripper","Velvet Choker"],"picked":"Black Star"}],"items_purged_floors":[46],"is_endless":false,"potions_floor_spawned":[6,9,11,13,16,19,23,26,32,33,36,40,45,48],"ascension_level":0}}