{"host":"dntw6kil9p09eemm","time":1607887538,"event":{"mods":["BaseMod","Become a monster €›?Œ÷","Colored Powertips","Minty Spire (QoL Compilation)","Replay The Spire","StSLib","Waifu the Spire"],"gold_per_floor":[349,364,383,383,272,282,282,311,326,326,93,93,123,123,142,155,155,259,259,269,74,74,85,97,97,117,117,117,136,33,44,44,59,59,155,155,165,181,196,214,60,76,92,4,27,39,39,39,56,56,56,56],"floor_reached":53,"playtime":2883,"items_purged":["Defend_R","Strike_R","Strike_R","Defend_R","Strike_R"],"score":577,"play_id":"bf079f28-8396-4f20-997e-fb513354f610","local_time":"20201214042538","is_ascension_mode":false,"campfire_choices":[{"data":"Sword Boomerang","floor":7,"key":"SMITH"},{"floor":17,"key":"DIG"},{"data":"Run Through","floor":25,"key":"SMITH"},{"data":"Thunderclap","floor":27,"key":"SMITH"},{"data":"Flame Barrier","floor":32,"key":"SMITH"},{"data":"Cleave","floor":34,"key":"SMITH"},{"floor":48,"key":"REST"}],"circlet_count":0,"master_deck":["Defend_R","Bash","Spot Weakness","Anger","Sword Boomerang+1","Sword Boomerang+1","Cleave+1","Anger","Immolate+1","Bandage Up","Uppercut","Blood for Blood","Flame Barrier+1","Reaper","Anger+1","Wild Strike+1","Run Through+1","Thunderclap+1","Thunderclap+1","Rampage+1","Clash+1","Reckless Charge","Immolate+1","Headbutt","Thunderclap+1","Run Through+1","Pommel Strike+1","Shrug It Off+1","Anger"],"relics":["Burning Blood","Regal Pillow","Ancient Tea Set","Meat on the Bone","Ice Cream","Ooze Armor","Membership Card","Golden Egg","Runic Cube","ReplayFunnel","Replay:Rubber Ducky"],"acts_visited":["Exordium","TheCity","TheBeyond"],"potions_floor_usage":[8,18,24,26,35,35,39,40,49,52],"damage_taken":[{"damage":0,"enemies":"3 Shapes","floor":2,"turns":1},{"damage":12,"enemies":"Cultist","floor":3,"turns":5},{"damage":0,"enemies":"2 Louse","floor":6,"turns":1},{"damage":12,"enemies":"Replay:BlueRogue","floor":8,"turns":1},{"damage":6,"enemies":"2 Fungi Beasts","floor":9,"turns":2},{"damage":17,"enemies":"3 Sentries","floor":13,"turns":4},{"damage":0,"enemies":"3 Shapes","floor":15,"turns":1},{"damage":0,"enemies":"Large Slime","floor":16,"turns":3},{"damage":4,"enemies":"Slime Boss","floor":18,"turns":6},{"damage":8,"enemies":"Shell Parasite","floor":20,"turns":3},{"damage":4,"enemies":"3 Byrds","floor":23,"turns":4},{"damage":18,"enemies":"Centurion and Healer","floor":24,"turns":5},{"damage":8,"enemies":"Snecko","floor":26,"turns":4},{"damage":7,"enemies":"Snake Plant","floor":29,"turns":2},{"damage":6,"enemies":"Cultist and Chosen","floor":31,"turns":3},{"damage":8,"enemies":"3 Cultists","floor":33,"turns":3},{"damage":55,"enemies":"Collector","floor":35,"turns":7},{"damage":18,"enemies":"3 Darklings","floor":37,"turns":2},{"damage":25,"enemies":"3 Shapes","floor":38,"turns":3},{"damage":3,"enemies":"Sphere and 2 Shapes","floor":39,"turns":2},{"damage":19,"enemies":"Writhing Mass","floor":40,"turns":3},{"damage":16,"enemies":"3 Darklings","floor":42,"turns":3},{"damage":7,"enemies":"Transient","floor":43,"turns":5},{"damage":34,"enemies":"Maw","floor":46,"turns":7},{"damage":0,"enemies":"Spire Growth","floor":49,"turns":2},{"damage":99,"enemies":"Replay:Hell Engine","floor":52,"turns":9}],"seed_played":"8617514332460645454","potions_obtained":[{"floor":2,"key":"Death Potion"},{"floor":8,"key":"Swift Potion"},{"floor":15,"key":"FairyPotion"},{"floor":16,"key":"BlessingOfTheForge"},{"floor":23,"key":"SkillPotion"},{"floor":29,"key":"Strength Potion"},{"floor":31,"key":"SpeedPotion"},{"floor":37,"key":"PowerPotion"},{"floor":38,"key":"DistilledChaos"},{"floor":42,"key":"SteroidPotion"},{"floor":46,"key":"Swift Potion"}],"is_trial":false,"path_per_floor":["M","M","M","?","$","M","R","E","M","T","$","?","E","M","M","M","R","B",null,"M","$","?","M","M","R","M","R","T","M","$","M","R","M","R","B",null,"M","M","M","M","$","M","M","$","T","M","?","R","M","$","R","B",null],"character_chosen":"IRONCLAD","items_purchased":["Sword Boomerang+1","Immolate","Bandage Up","Membership Card","Rampage","ReplayFunnel"],"campfire_rested":1,"item_purchase_floors":[5,11,11,21,30,41],"current_hp_per_floor":[72,72,66,59,59,65,65,59,59,59,59,59,52,52,58,68,68,72,72,70,70,57,64,68,68,74,74,74,73,73,77,77,75,75,38,77,65,60,67,69,69,59,68,68,68,47,47,77,77,77,77,40],"gold":56,"neow_bonus":"TWO_FIFTY_GOLD","is_daily":false,"chose_seed":false,"campfire_upgraded":5,"win_rate":0.0,"timestamp":1607887538,"path_taken":["M","M","?","$","M","R","E","M","T","$","?","E","M","M","R","BOSS","M","?","?","M","M","R","?","R","T","M","$","M","R","M","R","BOSS","M","M","?","M","?","M","?","$","T","M","?","R","M","$","R","BOSS"],"items_purchased_type":["Card","Card","Card","Relic","Card","Relic"],"build_version":"2020-11-30","purchased_purges":5,"victory":true,"max_hp_per_floor":[72,72,72,72,72,72,72,72,72,72,72,72,72,72,72,72,72,72,72,72,72,77,77,77,77,77,77,77,77,77,77,77,77,77,77,77,77,77,77,77,77,77,77,77,77,77,77,77,77,77,77,77],"card_choices":[{"not_picked":["Massacre","Wild Strike"],"picked":"Spot Weakness","floor":2},{"not_picked":["Warcry","Wild Strike"],"picked":"Anger","floor":3},{"not_picked":["Pummel","Replay:Undeath\u0027s Touch"],"picked":"Sword Boomerang","floor":6},{"not_picked":["Replay:Undeath\u0027s Touch","Battle Trance"],"picked":"Cleave","floor":8},{"not_picked":["Armaments","ReplayTheSpireMod:Strike From Hell"],"picked":"Anger","floor":9},{"not_picked":["Clothesline","Replay:Many Hands"],"picked":"Uppercut","floor":13},{"not_picked":["Anger","Wild Strike"],"picked":"Blood for Blood","floor":15},{"not_picked":["Headbutt","Evolve"],"picked":"Flame Barrier","floor":16},{"not_picked":["Juggernaut","Replay:Many Hands"],"picked":"Reaper","floor":18},{"not_picked":["Abandon","Body Slam"],"picked":"Anger+1","floor":20},{"not_picked":["Twin Strike","Cleave"],"picked":"Wild Strike+1","floor":23},{"not_picked":["Defy Death+1","Twin Strike"],"picked":"Run Through","floor":24},{"not_picked":["Run Through","ReplayTheSpireMod:Strike From Hell"],"picked":"Thunderclap","floor":26},{"not_picked":["Disarm","Flex"],"picked":"Thunderclap+1","floor":29},{"not_picked":["Warcry+1","ReplayTheSpireMod:Strike From Hell"],"picked":"Clash+1","floor":31},{"not_picked":["Armaments+1","Flex"],"picked":"Reckless Charge","floor":33},{"not_picked":["Brutality","Demonic Infusion"],"picked":"Immolate","floor":35},{"not_picked":["Searing Blow+1","Perfected Strike"],"picked":"Headbutt","floor":37},{"not_picked":["Anger","True Grit","Reckless Charge"],"picked":"SKIP","floor":38},{"not_picked":["Defy Death","Perfected Strike","Warcry+1"],"picked":"SKIP","floor":39},{"not_picked":["Perfected Strike+1","Replay:Undeath\u0027s Touch"],"picked":"Thunderclap+1","floor":40},{"not_picked":["Fire Breathing","Twin Strike+1","True Grit"],"picked":"SKIP","floor":42},{"not_picked":["Impervious","Carnage"],"picked":"Run Through+1","floor":43},{"not_picked":["Second Wind+1","Perfected Strike"],"picked":"Pommel Strike+1","floor":46},{"not_picked":["Pommel Strike","Anger"],"picked":"Shrug It Off+1","floor":49}],"player_experience":114317,"relics_obtained":[{"floor":8,"key":"Regal Pillow"},{"floor":10,"key":"Ancient Tea Set"},{"floor":13,"key":"Meat on the Bone"},{"floor":17,"key":"Ice Cream"},{"floor":28,"key":"Golden Egg"},{"floor":45,"key":"Replay:Rubber Ducky"}],"event_choices":[{"cards_removed":["Strike_R"],"damage_healed":0,"gold_gain":0,"player_choice":"Card Removal","damage_taken":7,"max_hp_gain":0,"max_hp_loss":0,"event_name":"Golden Wing","floor":4,"gold_loss":0},{"damage_healed":0,"gold_gain":0,"player_choice":"Upgraded","damage_taken":0,"max_hp_gain":0,"max_hp_loss":0,"event_name":"Upgrade Shrine","floor":12,"gold_loss":0,"cards_upgraded":["Immolate"]},{"damage_healed":0,"gold_gain":0,"player_choice":"Shed Blood","damage_taken":18,"max_hp_gain":5,"max_hp_loss":0,"event_name":"Forgotten Altar","floor":22,"gold_loss":0},{"cards_removed":["Defend_R"],"damage_healed":0,"gold_gain":0,"player_choice":"Removed Skill","damage_taken":0,"max_hp_gain":0,"max_hp_loss":0,"event_name":"Falling","floor":47,"gold_loss":0}],"is_beta":false,"boss_relics":[{"not_picked":["Calling Bell","Philosopher\u0027s Stone"],"picked":"Ooze Armor"},{"not_picked":["Velvet Choker","Electric Blood"],"picked":"Runic Cube"}],"items_purged_floors":[5,21,30,41,44],"is_endless":false,"potions_floor_spawned":[2,8,15,16,23,29,31,37,38,42,46],"ascension_level":0}}