{"host":"n529wyrjhujcvty3","time":1607874430,"event":{"mods":["2.2 Compatiblity","Act Like it!","BaseMod","Better Third Choice","Marisa¡]Ãú«B¡@Å]²z¨F¡^","Minty Spire (QoL Compilation)","Shop Mod","StSLib","Td1madao Mod","The Runesmith"],"gold_per_floor":[119,134,151,50,65,65,9,9,9,9,41,57,57,75,75,173,173,188,88,88,104,104,104,119,131,131,131,148,183,183,198,198,297,297,308,190,205,225,225,285,340,422,422,422,436,147,200,44,44,94,94,94,94,129,129],"floor_reached":56,"playtime":6803,"items_purged":["Strike_C","Defend_C","Floating Even","Floating Even+1"],"score":1356,"play_id":"24df1669-d08e-4597-aa03-764a2c53c960","local_time":"20201213234710","is_ascension_mode":false,"campfire_choices":[{"data":"Here Defend Chip","floor":6.0,"key":"SMITH"},{"data":"Here Defend Chip+1","floor":8.0,"key":"SMITH"},{"data":"Weapon Shift","floor":10.0,"key":"SMITH"},{"data":"Shockwave Tdmadao","floor":13.0,"key":"SMITH"},{"data":"Defend System","floor":15.0,"key":"SMITH"},{"data":"Memory Alloy","floor":23.0,"key":"SMITH"},{"data":"Oblique Hack","floor":27.0,"key":"SMITH"},{"data":"Here Defend Chip+2","floor":30.0,"key":"SMITH"},{"data":"Moon Tear","floor":32.0,"key":"SMITH"},{"data":"Format All Data","floor":44.0,"key":"SMITH"},{"floor":49.0,"key":"RECALL"},{"data":"Here Defend Chip+3","floor":52.0,"key":"SMITH"}],"circlet_count":0,"master_deck":["Knight Kick","Chip","Injury","Resistance","Defend System+1","Black Spear","Here Defend Chip+4","Weapon Shift+1","Shockwave Tdmadao+1","Perfect Defend","Memory Alloy+1","Overclocking+1","Black Warm Hole+1","Oblique Hack+1","Fixing+1","Oblique Hack","Moon Tear+1","Format All Data+1","Fixing","Bugfix","Machining+1","Trader","Awareness","Parasite","Bursts"],"relics":["Apod","Shovel","Eternal Feather","Mb Ring","Orichalcum","White Beast Statue","PreservedInsect","MerchantsRug","Blue Mushroom","MealTicket","Medical Kit","Nunchaku","InkBottle"],"acts_visited":["Exordium","TheCity","TheBeyond","TheEnding"],"potions_floor_usage":[],"damage_taken":[{"damage":5.0,"enemies":"Jaw Worm","floor":1.0,"turns":8.0},{"damage":1.0,"enemies":"Cultist","floor":2.0,"turns":4.0},{"damage":5.0,"enemies":"Small Slimes","floor":3.0,"turns":4.0},{"damage":0.0,"enemies":"Blue Slaver","floor":5.0,"turns":6.0},{"damage":0.0,"enemies":"Lagavulin","floor":11.0,"turns":9.0},{"damage":7.0,"enemies":"3 Louse","floor":12.0,"turns":4.0},{"damage":0.0,"enemies":"Exordium Thugs","floor":14.0,"turns":7.0},{"damage":0.0,"enemies":"Slime Boss","floor":16.0,"turns":14.0},{"damage":0.0,"enemies":"3 Byrds","floor":18.0,"turns":4.0},{"damage":2.0,"enemies":"Shell Parasite","floor":21.0,"turns":6.0},{"damage":0.0,"enemies":"3 Cultists","floor":24.0,"turns":3.0},{"damage":1.0,"enemies":"Chosen and Byrds","floor":25.0,"turns":5.0},{"damage":3.0,"enemies":"Snake Plant","floor":28.0,"turns":7.0},{"damage":0.0,"enemies":"Book of Stabbing","floor":29.0,"turns":4.0},{"damage":0.0,"enemies":"Sentry and Sphere","floor":31.0,"turns":5.0},{"damage":0.0,"enemies":"Automaton","floor":33.0,"turns":8.0},{"damage":0.0,"enemies":"3 Shapes","floor":35.0,"turns":7.0},{"damage":3.0,"enemies":"3 Darklings","floor":37.0,"turns":4.0},{"damage":0.0,"enemies":"4 Shapes","floor":38.0,"turns":7.0},{"damage":0.0,"enemies":"Nemesis","floor":40.0,"turns":5.0},{"damage":10.0,"enemies":"Writhing Mass","floor":41.0,"turns":6.0},{"damage":0.0,"enemies":"Reptomancer","floor":42.0,"turns":5.0},{"damage":0.0,"enemies":"Jaw Worm Horde","floor":45.0,"turns":3.0},{"damage":10.0,"enemies":"Sphere and 2 Shapes","floor":47.0,"turns":5.0},{"damage":3.0,"enemies":"Donu and Deca","floor":50.0,"turns":8.0},{"damage":1.0,"enemies":"Shield and Spear","floor":54.0,"turns":5.0},{"damage":34,"enemies":"The Heart","floor":55,"turns":8}],"seed_played":"1231736955394933314","potions_obtained":[{"floor":5.0,"key":"Fruit Juice"},{"floor":11.0,"key":"DuplicationPotion"},{"floor":12.0,"key":"DuplicationPotion"},{"floor":16.0,"key":"Swift Potion"},{"floor":18.0,"key":"GamblersBrew"},{"floor":21.0,"key":"DuplicationPotion"},{"floor":28.0,"key":"Weak Potion"},{"floor":29.0,"key":"PowerPotion"},{"floor":31.0,"key":"DistilledChaos"},{"floor":33.0,"key":"Dexterity Potion"},{"floor":35.0,"key":"SkillPotion"},{"floor":37.0,"key":"PowerPotion"},{"floor":38.0,"key":"LiquidMemories"},{"floor":40.0,"key":"Regen Potion"},{"floor":41.0,"key":"SmokeBomb"},{"floor":42.0,"key":"Energy Potion"},{"floor":45.0,"key":"PowerPotion"},{"floor":47.0,"key":"EssenceOfSteel"},{"floor":54.0,"key":"Energy Potion"}],"is_trial":false,"path_per_floor":["M","M","M","$","M","R","?","R","T","R","E","M","R","M","R","B",null,"M","$","?","M","?","R","M","M","T","R","M","E","R","M","R","B",null,"M","$","M","M","?","E","M","E","T","R","M","$","M","$","R","B",null,"R","$","E","B",null],"character_chosen":"TD1MADAO_CLASS","items_purchased":["Here Defend Chip","MerchantsRug","Medical Kit","Nunchaku"],"campfire_rested":0,"item_purchase_floors":[4,36,46,48],"current_hp_per_floor":[65,64,59,59,59,64,64,73,73,75,75,68,75,75,75,75,75,75,75,75,73,73,75,75,74,74,75,72,72,75,75,75,75,75,75,75,72,72,72,75,65,70,70,75,75,75,69,75,75,75,75,75,75,75,52],"gold":129,"neow_bonus":"ONE_RARE_RELIC","is_daily":false,"chose_seed":false,"campfire_upgraded":11,"win_rate":0.0,"timestamp":1607874430,"path_taken":["M","M","M","$","M","R","?","R","T","R","E","M","R","?","R","BOSS","M","$","?","M","?","R","M","M","T","R","M","E","R","M","R","BOSS","M","$","M","M","?","E","M","E","T","R","M","?","M","$","R","BOSS","R","$","E","BOSS"],"items_purchased_type":["Card","Relic","Relic","Relic"],"build_version":"2020-11-30","purchased_purges":4,"victory":true,"max_hp_per_floor":[70,70,70,70,70,75,75,75,75,75,75,75,75,75,75,75,75,75,75,75,75,75,75,75,75,75,75,75,75,75,75,75,75,75,75,75,75,75,75,75,75,75,75,75,75,75,75,75,75,75,75,75,75,75,75],"card_choices":[{"not_picked":["Twin Teeth","Sudden Beat"],"picked":"Resistance","floor":1.0},{"not_picked":["Black Shadow","Sudden Beat"],"picked":"Defend System","floor":2.0},{"not_picked":["Revenge","Fire Up"],"picked":"Black Spear","floor":3.0},{"not_picked":["Fire Blade","Rupture"],"picked":"Weapon Shift","floor":5.0},{"not_picked":["Winding Magic","Here Defend Chip"],"picked":"Shockwave Tdmadao","floor":11.0},{"not_picked":["Black Execution","Black Dance","Cursed Blade"],"picked":"SKIP","floor":12.0},{"not_picked":["Cooling Song","Resistance"],"picked":"Perfect Defend","floor":14.0},{"not_picked":["Moon Tear","Overclocking"],"picked":"Memory Alloy","floor":16.0},{"not_picked":["Afterwards","Fire Blade","Revenge+1"],"picked":"SKIP","floor":18.0},{"not_picked":["Cursed Blade","Machining"],"picked":"Fixing+1","floor":21.0},{"not_picked":["Twin Teeth","Fire Blade","Preloading"],"picked":"SKIP","floor":24.0},{"not_picked":["Twin Teeth","Black Spear","Light Attack"],"picked":"SKIP","floor":25.0},{"not_picked":["Cursed Blade","White Contract"],"picked":"Oblique Hack","floor":28.0},{"not_picked":["Optimization","Rupture"],"picked":"Moon Tear","floor":29.0},{"not_picked":["Break Into","Winding Magic","Transfer Energy+1"],"picked":"SKIP","floor":31.0},{"not_picked":["Black Warm Hole","Pod Laser"],"picked":"Format All Data","floor":33.0},{"not_picked":["Cursed Blade+1","Light Attack+1"],"picked":"Machining+1","floor":35.0},{"not_picked":["Winding Magic","Defend System"],"picked":"Trader","floor":37.0},{"not_picked":["Rupture+1","Afterwards+1"],"picked":"Awareness","floor":38.0},{"not_picked":["Lore+1","Black Shadow","Retrieval Recycling"],"picked":"SKIP","floor":40.0},{"not_picked":["Twin Teeth+1","Revenge+1","Three Hit"],"picked":"SKIP","floor":41.0},{"not_picked":["Floating Swing Kick+1","Sudden Beat","Rupture+1"],"picked":"SKIP","floor":42.0},{"not_picked":["Judgment","Rupture+1","Black Hand+1"],"picked":"SKIP","floor":45.0},{"not_picked":["Oblique Hack","Floating Swing Kick","White Contract"],"picked":"SKIP","floor":47.0},{"not_picked":["Money Cant Rescue+1","Light Attack"],"picked":"Bursts","floor":54.0}],"player_experience":330641,"relics_obtained":[{"floor":9.0,"key":"Mb Ring"},{"floor":11.0,"key":"Orichalcum"},{"floor":26.0,"key":"White Beast Statue"},{"floor":29.0,"key":"PreservedInsect"},{"floor":40.0,"key":"Blue Mushroom"},{"floor":42.0,"key":"MealTicket"},{"floor":54.0,"key":"InkBottle"}],"event_choices":[{"damage_healed":0.0,"max_hp_gain":0.0,"max_hp_loss":0.0,"gold_gain":0.0,"event_name":"WeMeetAgain","player_choice":"Paid Gold","floor":7.0,"gold_loss":56.0,"damage_taken":0.0,"relics_obtained":["Eternal Feather"]},{"damage_healed":0.0,"max_hp_gain":0.0,"max_hp_loss":0.0,"gold_gain":0.0,"event_name":"The Library","player_choice":"Read","floor":20.0,"gold_loss":0.0,"damage_taken":0.0,"cards_obtained":["Oblique Hack"]},{"damage_healed":0.0,"max_hp_gain":0.0,"max_hp_loss":0.0,"gold_gain":0.0,"event_name":"Vampires","player_choice":"Ignored","floor":22.0,"gold_loss":0.0,"damage_taken":0.0},{"damage_healed":0.0,"max_hp_gain":0.0,"max_hp_loss":0.0,"gold_gain":0.0,"event_name":"betterThird:BetterPortal","player_choice":"Ignored","floor":39.0,"gold_loss":0.0,"damage_taken":0.0}],"is_beta":false,"boss_relics":[{"not_picked":["Philosopher\u0027s Stone","Ectoplasm"],"picked":"Astrolabe"},{"not_picked":["Runic Pyramid","Snecko Eye"],"picked":"Pandora\u0027s Box"}],"items_purged_floors":[4,19,36,46],"is_endless":false,"potions_floor_spawned":[5,11,12,16,18,21,28,29,31,33,35,37,38,40,41,42,45,47,54],"ascension_level":0}}