{"host":"95780gohsonvnbsu","time":1607823466,"event":{"mods":["Aspiration","BaseMod","Better Match","Better Note","Better Sensory Stone","Colored Map","Conspire","Downfall","Hubris","Infinite Spire","Minty Spire (QoL Compilation)","StSLib","slay the spire mod where everything is the same but ironclad has a cowboy hat"],"gold_per_floor":[115,115,128,128,128,153,153,170,241,166,166,177,100,100,100,196,196,215,215,215,215,229,229,243,256,280,290,301,77,77,77,77,77,77],"floor_reached":33,"playtime":1264,"items_purged":["hubris:Sloth"],"score":295,"play_id":"cfd3a475-7734-4b1b-9b06-0b23784bbcf4","local_time":"20201212203746","is_ascension_mode":false,"campfire_choices":[{"data":"Infinite Blades","floor":7,"key":"SMITH"},{"data":"Calculated Gamble","floor":11,"key":"SMITH"},{"data":"Cloak And Dagger","floor":15,"key":"SMITH"},{"data":"Malaise","floor":23,"key":"SMITH"},{"data":"Dagger Throw","floor":32,"key":"SMITH"}],"circlet_count":0,"master_deck":["Strike_G","Strike_G","Strike_G","Strike_G","Defend_G","Defend_G","Defend_G","Defend_G","Defend_G","Survivor","Neutralize+1","Cloak And Dagger+1","Infinite Blades+1","Calculated Gamble+1","Injury","Footwork+1","Underhanded Strike","Cloak And Dagger+1","Storm of Steel+1","Tools of the Trade+1","Heel Hook","Malaise+1","Dagger Throw+1","Footwork+1"],"relics":["Ring of the Snake","NeowsBlessing","Frozen Egg 2","hubris:MysteriousPyramids","aspiration:FrozenJewel","Mummified Hand","Cursed Key","hubris:Towel","conspire:TopHat","Sling","Strange Spoon","conspire:SpecialSausage"],"acts_visited":["Exordium","TheCity"],"potions_floor_usage":[],"damage_taken":[{"damage":0,"enemies":"Jaw Worm","floor":1,"turns":1},{"damage":0,"enemies":"Cultist","floor":3,"turns":1},{"damage":0,"enemies":"Gremlin Nob","floor":6,"turns":1},{"damage":0,"enemies":"2 Louse","floor":8,"turns":3},{"damage":0,"enemies":"Red Slaver","floor":12,"turns":2},{"damage":8,"enemies":"Slime Boss","floor":16,"turns":11},{"damage":0,"enemies":"Chosen","floor":18,"turns":6},{"damage":6,"enemies":"Shell Parasite","floor":22,"turns":5},{"damage":0,"enemies":"Snecko","floor":24,"turns":5},{"damage":0,"enemies":"Shelled Parasite and Fungi","floor":25,"turns":7},{"damage":4,"enemies":"Centurion and Healer","floor":27,"turns":8},{"damage":2,"enemies":"Snake Plant","floor":28,"turns":8},{"damage":5,"enemies":"hubris:MusketHawk","floor":33,"turns":2}],"seed_played":"8283463890320762880","potions_obtained":[{"floor":8,"key":"Weak Potion"},{"floor":12,"key":"Dexterity Potion"},{"floor":22,"key":"Energy Potion"}],"is_trial":false,"path_per_floor":["M","?","M","?","T","E","R","M","T","?","R","M","$","?","R","B",null,"M","?","?","?","M","R","M","M","T","M","M","$","?","AVR","R","B"],"character_chosen":"THE_SILENT","items_purchased":["Heel Hook","Sling"],"campfire_rested":0,"item_purchase_floors":[13,29],"current_hp_per_floor":[70,70,70,70,70,70,70,70,70,70,70,70,70,70,70,62,70,70,70,70,70,64,64,64,64,64,60,58,58,58,58,58,53,53],"gold":77,"neow_bonus":"THREE_ENEMY_KILL","is_daily":false,"chose_seed":false,"campfire_upgraded":5,"win_rate":0.0,"timestamp":1607823466,"path_taken":["M","?","?","?","?","E","R","?","T","?","R","M","?","?","R","BOSS","M","?","?","?","M","R","M","?","T","?","M","?","?","AVR","R","BOSS"],"items_purchased_type":["Card","Relic"],"build_version":"2020-11-30","purchased_purges":1,"victory":false,"max_hp_per_floor":[70,70,70,70,70,70,70,70,70,70,70,70,70,70,70,70,70,70,70,70,70,70,70,70,70,70,70,70,70,70,70,70,70,70],"card_choices":[{"not_picked":["Bane","Bouncing Flask"],"picked":"Cloak And Dagger","floor":1},{"not_picked":["hubris:TrickCloak","conspire:DoublingDagger"],"picked":"Calculated Gamble","floor":3},{"not_picked":["Noxious Fumes+1","Outmaneuver"],"picked":"Footwork+1","floor":6},{"not_picked":["Sucker Punch","hubris:Counter"],"picked":"Underhanded Strike","floor":8},{"not_picked":["Prepared+1","PiercingWail+1"],"picked":"Cloak And Dagger+1","floor":10},{"not_picked":["Die Die Die+1","Tools of the Trade+1"],"picked":"Storm of Steel+1","floor":10},{"not_picked":["conspire:PoisonWeapons","Outmaneuver"],"picked":"Tools of the Trade+1","floor":12},{"not_picked":["Tools of the Trade+1","infinitespire:Neurotoxin"],"picked":"Malaise","floor":16},{"not_picked":["Blade Dance","Blur"],"picked":"Dagger Throw","floor":18},{"not_picked":["Blade Dance","Acrobatics+1","Quick Slash+1"],"picked":"SKIP","floor":22},{"not_picked":["Escape Plan","Blade Dance","Quick Slash+1"],"picked":"SKIP","floor":24},{"not_picked":["Dagger Spray","Poisoned Stab","Dash"],"picked":"SKIP","floor":25},{"not_picked":["Tactician+1","Distraction+1","Backstab"],"picked":"SKIP","floor":27},{"not_picked":["Skewer","Poisoned Stab","Concentrate"],"picked":"SKIP","floor":28}],"player_experience":314165,"relics_obtained":[{"floor":5,"key":"hubris:MysteriousPyramids"},{"floor":6,"key":"aspiration:FrozenJewel"},{"floor":9,"key":"Mummified Hand"},{"floor":26,"key":"conspire:TopHat"}],"event_choices":[{"damage_healed":0,"gold_gain":0,"cards_transformed":["Strike_G"],"player_choice":"Transformed","damage_taken":0,"max_hp_gain":0,"max_hp_loss":0,"event_name":"Transmorgrifier","floor":2,"gold_loss":0,"cards_obtained":["Infinite Blades"]},{"damage_healed":0,"gold_gain":0,"player_choice":"2","damage_taken":0,"max_hp_gain":0,"max_hp_loss":0,"event_name":"betterMatch:BetterMatch","floor":10,"gold_loss":0,"cards_obtained":["betterMatch:CommonCard","betterMatch:RareCard"]},{"damage_healed":0,"gold_gain":0,"player_choice":"Upgraded","damage_taken":0,"max_hp_gain":0,"max_hp_loss":0,"event_name":"Upgrade Shrine","floor":14,"gold_loss":0,"cards_upgraded":["Neutralize"]},{"damage_healed":0,"gold_gain":0,"player_choice":"Ignored","damage_taken":0,"max_hp_gain":0,"max_hp_loss":0,"event_name":"betterNote:BetterNote","floor":19,"gold_loss":0,"cards_obtained":["Envenom"]},{"damage_healed":0,"gold_gain":0,"player_choice":"Ignored","damage_taken":0,"max_hp_gain":0,"max_hp_loss":0,"event_name":"N\u0027loth","floor":21,"gold_loss":0},{"damage_healed":0,"gold_gain":0,"player_choice":"Read","damage_taken":0,"max_hp_gain":0,"max_hp_loss":0,"event_name":"The Library","floor":30,"gold_loss":0,"cards_obtained":["Footwork"]}],"is_beta":false,"boss_relics":[{"not_picked":["hubris:ScarierMask","hubris:CrackedHourglass"],"picked":"Cursed Key"}],"items_purged_floors":[29],"is_endless":false,"potions_floor_spawned":[8,12,22,28],"killed_by":"hubris:MusketHawk","ascension_level":0}}