{"host":"y76clbnovzmw9ubx","time":1607877687,"event":{"mods":["AchievementEnabler","BaseMod","Minty Spire (QoL Compilation)","Permanent Neow","Relic Stats"],"gold_per_floor":[113,113,129,141,154,182,182,216,271,271,10,10,25,50,62,74,74],"floor_reached":16,"playtime":737,"items_purged":[],"score":240,"play_id":"e722a689-f5a4-4322-906a-75b8d2aa047b","local_time":"20201213114127","is_ascension_mode":true,"campfire_choices":[{"data":"Skewer","floor":7,"key":"SMITH"},{"data":"Catalyst","floor":12,"key":"SMITH"},{"data":"Catalyst","floor":15,"key":"SMITH"}],"circlet_count":0,"master_deck":["AscendersBane","Strike_G","Strike_G","Strike_G","Strike_G","Strike_G","Defend_G","Defend_G","Defend_G","Defend_G","Defend_G","Survivor","Neutralize","Poisoned Stab","Dash","Sucker Punch","Noxious Fumes","Skewer+1","Catalyst+1","Injury","Catalyst+1","All Out Attack","Dodge and Roll","Die Die Die"],"relics":["Cursed Key","Question Card","Bottled Flame","Ancient Tea Set","DollysMirror","MawBank"],"acts_visited":["Exordium"],"potions_floor_usage":[8,16],"damage_taken":[{"damage":7,"enemies":"Jaw Worm","floor":1,"turns":5},{"damage":2,"enemies":"2 Louse","floor":3,"turns":3},{"damage":3,"enemies":"Small Slimes","floor":4,"turns":3},{"damage":0,"enemies":"2 Fungi Beasts","floor":5,"turns":3},{"damage":11,"enemies":"Lagavulin","floor":6,"turns":7},{"damage":17,"enemies":"Gremlin Nob","floor":8,"turns":4},{"damage":8,"enemies":"3 Louse","floor":13,"turns":4},{"damage":12,"enemies":"Lagavulin","floor":14,"turns":7},{"damage":32,"enemies":"The Guardian","floor":16,"turns":2}],"seed_played":"-4418649247219542587","potions_obtained":[{"floor":1,"key":"GamblersBrew"},{"floor":13,"key":"ColorlessPotion"},{"floor":14,"key":"Dexterity Potion"}],"is_trial":false,"path_per_floor":["M","?","M","M","M","E","R","E","T","?","$","R","M","E","R","B"],"character_chosen":"THE_SILENT","items_purchased":["DollysMirror","All Out Attack","Dodge and Roll"],"campfire_rested":0,"item_purchase_floors":[11,11,11],"current_hp_per_floor":[52,52,50,47,47,36,36,19,19,41,41,41,33,21,21,0,0],"gold":74,"neow_bonus":"BOSS_RELIC","is_daily":false,"chose_seed":false,"campfire_upgraded":3,"win_rate":0.0,"timestamp":1607877687,"path_taken":["M","?","M","M","M","E","R","E","T","?","$","R","M","E","R","BOSS"],"items_purchased_type":["Relic","Card","Card"],"build_version":"2020-11-30","purchased_purges":0,"victory":false,"max_hp_per_floor":[66,66,66,66,66,66,66,66,66,66,66,66,66,66,66,66,66],"relic_stats":{"counters":[9,38],"Cursed Key":1,"Question Card":3,"MawBank":24,"obtain_stats":[{"Bottled Flame":8,"DollysMirror":11,"Cursed Key":0,"Question Card":6,"Ancient Tea Set":9,"MawBank":14,"Ring of the Snake":0},{"Bottled Flame":6,"DollysMirror":6,"Cursed Key":0,"Question Card":5,"Ancient Tea Set":6,"MawBank":8,"Ring of the Snake":0},{"Bottled Flame":25,"DollysMirror":25,"Cursed Key":0,"Question Card":21,"Ancient Tea Set":25,"MawBank":36,"Ring of the Snake":0}]},"card_choices":[{"not_picked":["Accuracy","Tactician"],"picked":"Poisoned Stab","floor":1},{"not_picked":["Dodge and Roll","Slice"],"picked":"Dash","floor":3},{"not_picked":["PiercingWail","Flying Knee"],"picked":"Sucker Punch","floor":4},{"not_picked":["Dagger Throw","Outmaneuver"],"picked":"Noxious Fumes","floor":5},{"not_picked":["Adrenaline","Endless Agony"],"picked":"Skewer","floor":6},{"not_picked":["Underhanded Strike","Dagger Spray","Prepared"],"picked":"Catalyst","floor":8},{"not_picked":["Flechettes","Noxious Fumes","Dagger Throw","Terror"],"picked":"SKIP","floor":13},{"not_picked":["Backflip","Noxious Fumes","Sucker Punch"],"picked":"Die Die Die","floor":14}],"player_experience":2844418,"relics_obtained":[{"floor":6,"key":"Question Card"},{"floor":8,"key":"Bottled Flame"},{"floor":9,"key":"Ancient Tea Set"},{"floor":14,"key":"MawBank"}],"event_choices":[{"damage_healed":0,"gold_gain":0,"player_choice":"Ignored","damage_taken":0,"max_hp_gain":0,"max_hp_loss":0,"event_name":"Liars Game","floor":2,"gold_loss":0},{"damage_healed":22,"gold_gain":0,"player_choice":"Banana","damage_taken":0,"max_hp_gain":0,"max_hp_loss":0,"event_name":"Big Fish","floor":10,"gold_loss":0}],"is_beta":false,"boss_relics":[],"items_purged_floors":[],"is_endless":false,"potions_floor_spawned":[1,13,14],"killed_by":"The Guardian","ascension_level":20}}