{"host":"9v3x998ddbx8o276","time":1607821134,"event":{"mods":["AchievementEnabler","BaseMod","Colored Map","Highlight Path","Minty Spire (QoL Compilation)","Quick Restart","Rare Cards Sparkle"],"gold_per_floor":[114,125,200,18,38,38,68,84,107,107,107,139,152,170,170,170,170],"floor_reached":16,"playtime":1007,"items_purged":[],"score":224,"play_id":"0f621b5d-e1ec-4ea0-809c-1b6a1a70967c","local_time":"20201213112854","is_ascension_mode":true,"campfire_choices":[{"floor":6,"key":"REST"},{"floor":11,"key":"REST"},{"floor":15,"key":"REST"}],"circlet_count":0,"master_deck":["AscendersBane","Strike_G","Strike_G","Strike_G","Strike_G","Strike_G","Defend_G","Defend_G","Defend_G","Defend_G","Defend_G","Survivor","Neutralize","Leg Sweep","Sucker Punch","Masterful Stab+1","Endless Agony+1","Poisoned Stab","Dash+1","Injury","Blur","Die Die Die","Crippling Poison"],"relics":["Cursed Key","Bag of Preparation","Snake Skull","Whetstone"],"acts_visited":["Exordium"],"potions_floor_usage":[],"damage_taken":[{"damage":11,"enemies":"2 Louse","floor":1,"turns":3},{"damage":1,"enemies":"Small Slimes","floor":2,"turns":4},{"damage":0,"enemies":"Cultist","floor":5,"turns":3},{"damage":40,"enemies":"Gremlin Nob","floor":7,"turns":5},{"damage":13,"enemies":"Exordium Wildlife","floor":8,"turns":4},{"damage":11,"enemies":"3 Sentries","floor":12,"turns":10},{"damage":1,"enemies":"Large Slime","floor":13,"turns":6},{"damage":3,"enemies":"Gremlin Gang","floor":14,"turns":4},{"damage":18,"enemies":"Slime Boss","floor":16,"turns":7}],"seed_played":"-6278494779575482790","potions_obtained":[{"floor":1,"key":"Weak Potion"},{"floor":5,"key":"Poison Potion"}],"is_trial":false,"path_per_floor":["M","M","?","$","M","R","E","M","T","?","R","E","M","M","R","B"],"character_chosen":"THE_SILENT","items_purchased":["Masterful Stab","Endless Agony","Dexterity Potion"],"campfire_rested":3,"item_purchase_floors":[4,4,4],"current_hp_per_floor":[48,47,36,36,36,55,15,2,2,2,21,10,9,6,25,7,7],"gold":170,"neow_bonus":"BOSS_RELIC","is_daily":false,"chose_seed":false,"campfire_upgraded":0,"win_rate":0.0,"timestamp":1607821134,"path_taken":["M","M","?","$","M","R","E","M","T","?","R","E","M","M","R","BOSS"],"items_purchased_type":["Card","Card","Potion"],"build_version":"2020-11-30","purchased_purges":0,"victory":false,"max_hp_per_floor":[66,66,66,66,66,66,66,66,66,66,66,66,66,66,66,66,66],"card_choices":[{"not_picked":["Choke","Dodge and Roll"],"picked":"Leg Sweep","floor":1},{"not_picked":["Backflip","Flying Knee"],"picked":"Sucker Punch","floor":2},{"not_picked":["Sucker Punch","Flying Knee"],"picked":"Poisoned Stab","floor":5},{"not_picked":["Sucker Punch","Blade Dance","All Out Attack"],"picked":"SKIP","floor":7},{"not_picked":["Dagger Throw","Dagger Spray"],"picked":"Dash","floor":8},{"not_picked":["Dagger Throw","Dodge and Roll"],"picked":"Blur","floor":12},{"not_picked":["Dagger Spray","Expertise"],"picked":"Die Die Die","floor":13},{"not_picked":["Catalyst","Dagger Throw"],"picked":"Crippling Poison","floor":14}],"player_experience":2025848,"relics_obtained":[{"floor":7,"key":"Bag of Preparation"},{"floor":9,"key":"Snake Skull"},{"floor":12,"key":"Whetstone"}],"event_choices":[{"damage_healed":0,"gold_gain":75,"player_choice":"Gather Gold","damage_taken":11,"max_hp_gain":0,"max_hp_loss":0,"event_name":"World of Goop","floor":3,"gold_loss":0},{"damage_healed":0,"gold_gain":0,"player_choice":"Grow","damage_taken":0,"max_hp_gain":0,"max_hp_loss":0,"event_name":"Living Wall","floor":10,"gold_loss":0,"cards_upgraded":["Dash"]}],"is_beta":false,"boss_relics":[],"items_purged_floors":[],"is_endless":false,"potions_floor_spawned":[1,5,8],"killed_by":"Slime Boss","ascension_level":20}}