{"host":"p7j7o00jacnw7qzt","time":1607876739,"event":{"mods":["BaseMod","Colored Map","Colored Powertips","DeckTracker","Highlight Path","Minty Spire (QoL Compilation)","Relic Stats"],"gold_per_floor":[366,366,138,7,23,58,68,79,149,159,159,194,32,62,62,137,137,147,72,72,83,4,4,35,35,109,137,148,158,171,197,197,274,274,292,308,185,185,198,223,237,247,247,3,0,0,0,28,28,28,28,28,28,28,59,59],"floor_reached":57,"playtime":3684,"items_purged":["Strike_R","Strike_R","Bash","Spot Weakness"],"score":3055,"play_id":"6a45fe43-1417-4665-867e-3f9a12b5e25b","local_time":"20201213112539","is_ascension_mode":true,"campfire_choices":[{"data":"Limit Break","floor":11.0,"key":"SMITH"},{"floor":15.0,"key":"REST"},{"data":"Sword Boomerang","floor":23.0,"key":"SMITH"},{"data":"Pommel Strike","floor":25.0,"key":"SMITH"},{"data":"Offering","floor":32.0,"key":"SMITH"},{"floor":46.0,"key":"RECALL"},{"data":"Inflame","floor":49.0,"key":"SMITH"},{"data":"Feel No Pain","floor":53.0,"key":"SMITH"}],"circlet_count":0,"master_deck":["AscendersBane","Pommel Strike+1","Second Wind","Limit Break+1","Inflame+1","Sword Boomerang+1","Evolve","Offering+1","Brutality","Ghostly Armor","Seeing Red","Metallicize","Ghostly","Ghostly","Ghostly","Second Wind+1","Shrug It Off","Feel No Pain+1","Offering","Sentinel","Warcry","Purity","Ghostly Armor","Shrug It Off+1","Trip","Shrug It Off"],"relics":["Burning Blood","Membership Card","Orrery","Calipers","Gremlin Horn","Pen Nib","Mummified Hand","Ancient Tea Set","Pandora\u0027s Box","OrangePellets","Paper Frog","Unceasing Top","Oddly Smooth Stone","Runic Dome","MealTicket","Omamori","Ice Cream","Red Mask","Happy Flower","Akabeko"],"acts_visited":["Exordium","TheCity","TheBeyond","TheEnding"],"potions_floor_usage":[56,56],"damage_taken":[{"damage":7.0,"enemies":"2 Louse","floor":1.0,"turns":3.0},{"damage":2.0,"enemies":"Jaw Worm","floor":5.0,"turns":5.0},{"damage":20.0,"enemies":"Lagavulin","floor":6.0,"turns":6.0},{"damage":1.0,"enemies":"Cultist","floor":7.0,"turns":3.0},{"damage":9.0,"enemies":"2 Fungi Beasts","floor":8.0,"turns":4.0},{"damage":3.0,"enemies":"Blue Slaver","floor":10.0,"turns":3.0},{"damage":18.0,"enemies":"3 Sentries","floor":12.0,"turns":10.0},{"damage":32.0,"enemies":"Gremlin Nob","floor":14.0,"turns":4.0},{"damage":18.0,"enemies":"Slime Boss","floor":16.0,"turns":6.0},{"damage":16.0,"enemies":"Chosen","floor":18.0,"turns":3.0},{"damage":8.0,"enemies":"Shell Parasite","floor":21.0,"turns":3.0},{"damage":9.0,"enemies":"Book of Stabbing","floor":24.0,"turns":5.0},{"damage":4.0,"enemies":"Gremlin Leader","floor":27.0,"turns":4.0},{"damage":3.0,"enemies":"Centurion and Healer","floor":28.0,"turns":4.0},{"damage":8.0,"enemies":"Snecko","floor":29.0,"turns":4.0},{"damage":7.0,"enemies":"Snake Plant","floor":30.0,"turns":3.0},{"damage":7.0,"enemies":"Slavers","floor":31.0,"turns":4.0},{"damage":18.0,"enemies":"Champ","floor":33.0,"turns":6.0},{"damage":13.0,"enemies":"3 Darklings","floor":35.0,"turns":3.0},{"damage":4.0,"enemies":"Orb Walker","floor":36.0,"turns":3.0},{"damage":14.0,"enemies":"4 Shapes","floor":39.0,"turns":3.0},{"damage":2.0,"enemies":"Nemesis","floor":40.0,"turns":3.0},{"damage":5.0,"enemies":"Spire Growth","floor":41.0,"turns":4.0},{"damage":4.0,"enemies":"Transient","floor":42.0,"turns":6.0},{"damage":4.0,"enemies":"Giant Head","floor":48.0,"turns":3.0},{"damage":10.0,"enemies":"Awakened One","floor":50.0,"turns":5.0},{"damage":26.0,"enemies":"Time Eater","floor":51.0,"turns":6.0},{"damage":3.0,"enemies":"Shield and Spear","floor":55.0,"turns":4.0},{"damage":24,"enemies":"The Heart","floor":56,"turns":7}],"seed_played":"-4112563450862186016","potions_obtained":[{"floor":6.0,"key":"DistilledChaos"},{"floor":7.0,"key":"Block Potion"},{"floor":16.0,"key":"SpeedPotion"},{"floor":18.0,"key":"BlessingOfTheForge"},{"floor":27.0,"key":"BlessingOfTheForge"},{"floor":28.0,"key":"GamblersBrew"},{"floor":35.0,"key":"Block Potion"},{"floor":40.0,"key":"LiquidBronze"}],"is_trial":false,"path_per_floor":["M","?","$","$","M","E","M","M","T","M","R","E","$","E","R","B",null,"M","?","?","M","$","R","E","R","T","E","M","M","M","E","R","B",null,"M","M","$","?","M","E","M","M","T","$","?","R","?","E","R","B","B",null,"R","$","E","B",null],"character_chosen":"IRONCLAD","items_purchased":["Membership Card","Second Wind","Orrery","Mummified Hand","AttackPotion","OrangePellets","Warcry","Purity","Ice Cream"],"campfire_rested":1,"item_purchase_floors":[3,3,4,13,13,22,37,37,44],"current_hp_per_floor":[49,54,54,54,58,44,49,46,46,49,49,37,37,11,35,23,66,56,56,40,38,38,38,35,35,35,37,40,38,37,36,36,24,36,29,31,31,31,23,27,28,30,30,40,40,40,30,32,32,28,8,32,32,40,40,22],"gold":59,"neow_bonus":"TWO_FIFTY_GOLD","is_daily":false,"chose_seed":false,"campfire_upgraded":6,"win_rate":0.0,"timestamp":1607876739,"path_taken":["M","?","$","?","M","E","?","M","T","M","R","E","$","E","R","BOSS","M","?","?","M","$","R","E","R","T","E","M","M","M","E","R","BOSS","M","M","$","?","M","E","M","?","T","?","?","R","?","E","R","BOSS","BOSS","R","$","E","BOSS"],"items_purchased_type":["Relic","Card","Relic","Relic","Potion","Relic","Card","Card","Relic"],"build_version":"2020-11-30","purchased_purges":4,"victory":true,"max_hp_per_floor":[75,80,80,80,80,80,80,80,80,80,80,80,80,80,80,80,80,80,80,40,40,40,40,40,40,40,40,40,40,40,40,40,40,40,40,40,40,40,40,40,40,40,40,40,40,40,40,40,40,40,40,40,40,40,40,40],"relic_stats":{"OrangePellets":[14],"Gremlin Horn":[15,15],"Happy Flower":[7],"counters":[29,127],"Mummified Hand":[70],"Pandora\u0027s Box":["Brutality","Ghostly Armor","Spot Weakness","Seeing Red","Flex","Metallicize","Twin Strike"],"MealTicket":18,"Pen Nib":[13],"obtain_stats":[{"Ice Cream":44,"Calipers":6,"Gremlin Horn":9,"Happy Flower":48,"Oddly Smooth Stone":31,"Pen Nib":12,"Omamori":43,"Ancient Tea Set":14,"Burning Blood":0,"Akabeko":55,"OrangePellets":22,"Runic Dome":34,"Mummified Hand":13,"Orrery":4,"Pandora\u0027s Box":17,"MealTicket":40,"Red Mask":45,"Membership Card":3,"Unceasing Top":27,"Paper Frog":24},{"Ice Cream":24,"Calipers":3,"Gremlin Horn":5,"Happy Flower":25,"Oddly Smooth Stone":17,"Pen Nib":7,"Omamori":24,"Ancient Tea Set":8,"Burning Blood":0,"Akabeko":28,"OrangePellets":11,"Runic Dome":18,"Mummified Hand":7,"Orrery":1,"Pandora\u0027s Box":9,"MealTicket":22,"Red Mask":24,"Membership Card":1,"Unceasing Top":13,"Paper Frog":12},{"Ice Cream":102,"Calipers":14,"Gremlin Horn":21,"Happy Flower":105,"Oddly Smooth Stone":74,"Pen Nib":34,"Omamori":102,"Ancient Tea Set":38,"Burning Blood":0,"Akabeko":120,"OrangePellets":50,"Runic Dome":80,"Mummified Hand":34,"Orrery":3,"Pandora\u0027s Box":44,"MealTicket":92,"Red Mask":102,"Membership Card":3,"Unceasing Top":59,"Paper Frog":55}],"Burning Blood":171,"Unceasing Top":[96]},"card_choices":[{"not_picked":["Perfected Strike","Rage"],"picked":"Pommel Strike","floor":1.0},{"not_picked":["Headbutt","Flex"],"picked":"Limit Break","floor":4.0},{"not_picked":["Rampage","Twin Strike"],"picked":"Inflame","floor":4.0},{"not_picked":["Havoc","Carnage"],"picked":"Sword Boomerang","floor":5.0},{"not_picked":["True Grit","Body Slam","Twin Strike"],"picked":"SKIP","floor":6.0},{"not_picked":["Thunderclap","Iron Wave","Heavy Blade"],"picked":"SKIP","floor":7.0},{"not_picked":["Dropkick","Flame Barrier","Thunderclap"],"picked":"SKIP","floor":8.0},{"not_picked":["Twin Strike","Cleave","Body Slam"],"picked":"SKIP","floor":10.0},{"not_picked":["Thunderclap","Flex","Dropkick"],"picked":"SKIP","floor":12.0},{"not_picked":["Thunderclap","Flex","Dropkick"],"picked":"SKIP","floor":12.0},{"not_picked":["Infernal Blade","Entrench"],"picked":"Evolve","floor":14.0},{"not_picked":["Bludgeon","Exhume"],"picked":"Offering","floor":16.0},{"not_picked":["Pummel","Heavy Blade","Headbutt"],"picked":"SKIP","floor":18.0},{"not_picked":["Whirlwind","Pommel Strike"],"picked":"Second Wind+1","floor":21.0},{"not_picked":["Headbutt","Sentinel","Heavy Blade"],"picked":"SKIP","floor":24.0},{"not_picked":["Metallicize","Feel No Pain"],"picked":"Shrug It Off","floor":27.0},{"not_picked":["Seeing Red","Warcry","Iron Wave"],"picked":"SKIP","floor":28.0},{"not_picked":["Clash","Thunderclap","Flame Barrier"],"picked":"SKIP","floor":29.0},{"not_picked":["Reckless Charge","Sword Boomerang"],"picked":"Feel No Pain","floor":30.0},{"not_picked":["Flame Barrier","True Grit","Metallicize"],"picked":"SKIP","floor":31.0},{"not_picked":["Reaper","Double Tap"],"picked":"Offering","floor":33.0},{"not_picked":["Headbutt+1","Thunderclap","Armaments+1"],"picked":"SKIP","floor":35.0},{"not_picked":["Clothesline","Rupture"],"picked":"Sentinel","floor":36.0},{"not_picked":["Clothesline","Cleave"],"picked":"Shrug It Off+1","floor":39.0},{"not_picked":["Dual Wield+1","Immolate","Fiend Fire"],"picked":"SKIP","floor":40.0},{"not_picked":["Clash","Armaments","Anger"],"picked":"SKIP","floor":41.0},{"not_picked":["Spot Weakness+1","Armaments","Cleave"],"picked":"SKIP","floor":42.0},{"not_picked":["Apotheosis","Bandage Up"],"picked":"Trip","floor":47.0},{"not_picked":["Iron Wave","Twin Strike+1","Reckless Charge"],"picked":"SKIP","floor":48.0},{"not_picked":["Flex+1","Power Through"],"picked":"Shrug It Off","floor":55.0}],"player_experience":825877,"relics_obtained":[{"floor":6.0,"key":"Calipers"},{"floor":9.0,"key":"Gremlin Horn"},{"floor":12.0,"key":"Pen Nib"},{"floor":14.0,"key":"Ancient Tea Set"},{"floor":24.0,"key":"Paper Frog"},{"floor":27.0,"key":"Unceasing Top"},{"floor":31.0,"key":"Oddly Smooth Stone"},{"floor":40.0,"key":"MealTicket"},{"floor":43.0,"key":"Omamori"},{"floor":48.0,"key":"Happy Flower"},{"floor":55.0,"key":"Akabeko"}],"event_choices":[{"damage_healed":0.0,"max_hp_gain":5.0,"max_hp_loss":0.0,"gold_gain":0.0,"event_name":"Big Fish","player_choice":"Donut","floor":2.0,"gold_loss":0.0,"damage_taken":0.0},{"cards_removed":["Twin Strike"],"damage_healed":0.0,"max_hp_gain":0.0,"max_hp_loss":0.0,"gold_gain":0.0,"event_name":"Beggar","player_choice":"Gave Gold","floor":19.0,"gold_loss":75.0,"damage_taken":0.0},{"damage_healed":0.0,"max_hp_gain":0.0,"max_hp_loss":40.0,"gold_gain":0.0,"event_name":"Ghosts","player_choice":"Became a Ghost","floor":20.0,"gold_loss":0.0,"damage_taken":0.0,"cards_obtained":["Ghostly","Ghostly","Ghostly"]},{"damage_healed":0.0,"max_hp_gain":0.0,"max_hp_loss":0.0,"gold_gain":0.0,"cards_transformed":["Flex"],"event_name":"Transmorgrifier","player_choice":"Transformed","floor":38.0,"gold_loss":0.0,"damage_taken":0.0,"cards_obtained":["Ghostly Armor"]},{"damage_healed":0.0,"max_hp_gain":0.0,"max_hp_loss":0.0,"gold_gain":0.0,"event_name":"Tomb of Lord Red Mask","player_choice":"Paid","floor":45.0,"gold_loss":3.0,"damage_taken":0.0,"relics_obtained":["Red Mask"]},{"damage_healed":0.0,"max_hp_gain":0.0,"max_hp_loss":0.0,"gold_gain":0.0,"event_name":"SensoryStone","player_choice":"Memory 3","floor":47.0,"gold_loss":0.0,"damage_taken":10.0}],"is_beta":false,"boss_relics":[{"not_picked":["Velvet Choker","Runic Pyramid"],"picked":"Pandora\u0027s Box"},{"not_picked":["Cursed Key","Astrolabe"],"picked":"Runic Dome"}],"items_purged_floors":[3,4,37,44],"is_endless":false,"potions_floor_spawned":[6,7,10,16,18,27,28,30,35,40,41],"ascension_level":20}}