{"host":"uv231blk40vjdojr","time":1607875764,"event":{"mods":["BaseMod","Minty Spire (QoL Compilation)","Relic Stats"],"gold_per_floor":[114,131,0,18,18,18,29,55,79,114,114,114,147,165,165,242,242,232,246,260,260,260],"floor_reached":21,"playtime":931,"items_purged":[],"score":344,"play_id":"174c919b-5276-4b2a-8cd0-825854b82a42","local_time":"20201213170924","is_ascension_mode":true,"campfire_choices":[{"data":"Ball Lightning","floor":6,"key":"SMITH"},{"data":"Sunder","floor":11,"key":"SMITH"},{"data":"Loop","floor":15,"key":"SMITH"}],"circlet_count":0,"master_deck":["AscendersBane","Strike_B","Strike_B","Strike_B","Strike_B","Defend_B","Defend_B","Defend_B","Defend_B","Zap","Dualcast","Ball Lightning+1","Loop+1","Lockon","Coolheaded","Melter","Self Repair","Undo","Sunder+1","Force Field","Creative AI","Glacier+1","Self Repair"],"relics":["Sozu","Odd Mushroom","Orichalcum","PreservedInsect","CultistMask","TungstenRod","Velvet Choker"],"acts_visited":["Exordium","TheCity"],"potions_floor_usage":[],"damage_taken":[{"damage":0,"enemies":"Cultist","floor":1,"turns":4},{"damage":2,"enemies":"Jaw Worm","floor":2,"turns":3},{"damage":1,"enemies":"2 Louse","floor":4,"turns":3},{"damage":7,"enemies":"Exordium Thugs","floor":7,"turns":3},{"damage":17,"enemies":"The Mushroom Lair","floor":8,"turns":4},{"damage":22,"enemies":"Gremlin Nob","floor":10,"turns":5},{"damage":5,"enemies":"Lagavulin","floor":13,"turns":5},{"damage":5,"enemies":"2 Fungi Beasts","floor":14,"turns":2},{"damage":27,"enemies":"Slime Boss","floor":16,"turns":11},{"damage":14,"enemies":"2 Thieves","floor":18,"turns":4},{"damage":19,"enemies":"3 Byrds","floor":19,"turns":6},{"damage":20,"enemies":"Snake Plant","floor":20,"turns":5},{"damage":27,"enemies":"Masked Bandits","floor":21,"turns":3}],"seed_played":"-6049719712267558296","potions_obtained":[],"is_trial":false,"path_per_floor":["M","M","$","M","$","R","M","?","T","E","R","?","E","M","R","B",null,"M","M","M","?"],"character_chosen":"DEFECT","items_purchased":["Lockon","Coolheaded"],"campfire_rested":0,"item_purchase_floors":[3,3],"current_hp_per_floor":[64,62,62,61,61,61,54,44,44,29,29,29,31,33,33,13,57,50,38,25,0,0],"gold":260,"neow_bonus":"BOSS_RELIC","is_daily":false,"chose_seed":false,"campfire_upgraded":3,"win_rate":0.0,"timestamp":1607875764,"path_taken":["M","M","$","M","?","R","M","?","T","E","R","?","E","M","R","BOSS","M","M","M","?"],"items_purchased_type":["Card","Card"],"build_version":"2020-11-30","purchased_purges":0,"victory":false,"max_hp_per_floor":[71,71,71,71,71,71,71,71,71,71,71,71,71,71,71,71,71,71,71,71,71,71],"relic_stats":{"Sozu":7,"counters":[13,57],"PreservedInsect":29,"Orichalcum":[120],"obtain_stats":[{"Sozu":0,"Velvet Choker":17,"PreservedInsect":10,"CultistMask":12,"Odd Mushroom":8,"Orichalcum":9,"Cracked Core":0,"TungstenRod":13},{"Sozu":0,"Velvet Choker":9,"PreservedInsect":6,"CultistMask":6,"Odd Mushroom":5,"Orichalcum":5,"Cracked Core":0,"TungstenRod":7},{"Sozu":0,"Velvet Choker":40,"PreservedInsect":22,"CultistMask":22,"Odd Mushroom":17,"Orichalcum":17,"Cracked Core":0,"TungstenRod":27}],"TungstenRod":29},"card_choices":[{"not_picked":["Sweeping Beam","Fusion"],"picked":"Ball Lightning","floor":1},{"not_picked":["Beam Cell","Streamline"],"picked":"Loop","floor":2},{"not_picked":["Streamline","Barrage"],"picked":"Melter","floor":4},{"not_picked":["Turbo","Force Field"],"picked":"Self Repair","floor":7},{"not_picked":["Beam Cell","Double Energy"],"picked":"Undo","floor":8},{"not_picked":["Auto Shields","Barrage"],"picked":"Sunder","floor":10},{"not_picked":["Storm","Go for the Eyes","Hello World"],"picked":"SKIP","floor":13},{"not_picked":["Hyperbeam","Sweeping Beam"],"picked":"Force Field","floor":14},{"not_picked":["Buffer","Hyperbeam"],"picked":"Creative AI","floor":16},{"not_picked":["Fusion","Go for the Eyes"],"picked":"Glacier+1","floor":18},{"not_picked":["Rip and Tear","Rebound","Consume"],"picked":"SKIP","floor":19},{"not_picked":["Cold Snap","Go for the Eyes","Self Repair"],"picked":"SKIP","floor":20},{"not_picked":["Cold Snap","Go for the Eyes"],"picked":"Self Repair","floor":20}],"player_experience":478487,"relics_obtained":[{"floor":8,"key":"Odd Mushroom"},{"floor":9,"key":"Orichalcum"},{"floor":10,"key":"PreservedInsect"},{"floor":13,"key":"TungstenRod"}],"event_choices":[{"damage_healed":0,"gold_gain":0,"player_choice":"Fought Mushrooms","damage_taken":0,"max_hp_gain":0,"max_hp_loss":0,"event_name":"Mushrooms","floor":8,"gold_loss":0},{"damage_healed":0,"gold_gain":0,"player_choice":"Trade","damage_taken":0,"relics_obtained":["CultistMask"],"max_hp_gain":0,"max_hp_loss":0,"event_name":"FaceTrader","floor":12,"gold_loss":0},{"damage_healed":0,"gold_gain":0,"player_choice":"Fought Bandits","damage_taken":0,"max_hp_gain":0,"max_hp_loss":0,"event_name":"Masked Bandits","floor":21,"gold_loss":0}],"is_beta":false,"boss_relics":[{"not_picked":["Empty Cage","Fusion Hammer"],"picked":"Velvet Choker"}],"items_purged_floors":[],"is_endless":false,"potions_floor_spawned":[4,8,13,14,18,19,20],"killed_by":"Masked Bandits","ascension_level":16}}