{"host":"z5ogtnuuoxgup8y1","time":1607884898,"event":{"mods":["BaseMod","Better Third Choice","BetterRewards","Hermit","Hubris","Jorbs\u0027s Wanderer Trilogy","Minty Spire (QoL Compilation)","Replay The Spire","Spicy Shops","StSLib","The Cursed","The Disciple","The Hierophant","The Jungle","The Runesmith"],"gold_per_floor":[109,109,121,25,36,68,79,105,183,161,178,178,12,12,12,88,88,73,83,83,97,97,128,128,141,141,166,166,166],"floor_reached":28,"playtime":1251,"items_purged":["Defend_G","hubris:Greed"],"score":657,"play_id":"0aee9dc4-7cf7-4c31-8aa8-adc3353b37ff","local_time":"20201213184138","is_ascension_mode":true,"campfire_choices":[{"floor":12,"key":"REST"},{"data":"Blade Dance","floor":15,"key":"SMITH"},{"data":"Envenom","floor":24,"key":"SMITH"}],"circlet_count":0,"master_deck":["AscendersBane","Strike_G+1","Strike_G","Strike_G+1","Strike_G","Strike_G","Defend_G","Defend_G","Defend_G","Defend_G","Survivor","Neutralize","Finisher","Hidden Blade","Infinite Blades","Wraith Form v2","Quick Slash","Slice","Backflip","Blade Dance+1","Noxious Fumes","Deadly Poison","Dagger Spray","Sneak Up","Envenom+1","Cloak And Dagger","Footwork"],"relics":["Ring of the Snake","Vajra","Torii","Lee\u0027s Waffle","Anchor","Byrd Skull","Replay:Ringing Soul","ReplayTheSpireMod:CursedCoin","Membership Card","Snake Skull","hubris:VirtuousBlindfold","Gremlin Food","hubris:AncientText","Oddly Smooth Stone","Simple Rune"],"acts_visited":["Exordium","TheCity"],"potions_floor_usage":[16,28],"damage_taken":[{"damage":1,"enemies":"Jaw Worm","floor":1,"turns":3},{"damage":0,"enemies":"Cultist","floor":3,"turns":4},{"damage":1,"enemies":"2 Louse","floor":5,"turns":3},{"damage":12,"enemies":"3 Sentries","floor":6,"turns":6},{"damage":8,"enemies":"Exordium Wildlife","floor":7,"turns":3},{"damage":27,"enemies":"Gremlin Nob","floor":8,"turns":4},{"damage":1,"enemies":"3 Louse","floor":11,"turns":4},{"damage":6,"enemies":"Hexaghost","floor":16,"turns":9},{"damage":0,"enemies":"2 Thieves","floor":18,"turns":4},{"damage":0,"enemies":"Chosen","floor":19,"turns":3},{"damage":2,"enemies":"Centurion and Healer","floor":21,"turns":5},{"damage":25,"enemies":"Slavers","floor":23,"turns":6},{"damage":2,"enemies":"Cultist and Chosen","floor":25,"turns":5},{"damage":23,"enemies":"Book of Stabbing","floor":27,"turns":5},{"damage":14,"enemies":"Shelled Parasite and Fungi","floor":28,"turns":4}],"seed_played":"3337699707642444511","potions_obtained":[{"floor":8,"key":"Languid Potion"},{"floor":11,"key":"BlessingOfTheForge"},{"floor":16,"key":"BlessingOfTheForge"},{"floor":23,"key":"Ancient Potion"}],"is_trial":false,"path_per_floor":["M","?","M","$","M","E","M","E","T","?","M","R","$","?","R","B",null,"M","M","?","M","?","E","R","M","T","E","M"],"character_chosen":"THE_SILENT","items_purchased":["Vajra","Finisher","Hidden Blade","Lee\u0027s Waffle","Quick Slash","Slice","ReplayTheSpireMod:CursedCoin","Membership Card","Snake Skull","Noxious Fumes"],"campfire_rested":1,"item_purchase_floors":[0,0,0,0,4,4,13,13,13,13],"current_hp_per_floor":[76,76,76,76,75,63,55,28,28,28,27,50,53,53,53,47,72,75,78,61,62,62,40,40,41,41,21,7,7],"gold":166,"neow_bonus":"","is_daily":false,"chose_seed":false,"campfire_upgraded":2,"win_rate":0.0,"timestamp":1607884898,"path_taken":["M","?","M","$","?","E","?","E","T","?","M","R","?","?","R","BOSS","M","M","?","M","?","E","R","M","T","E","?"],"items_purchased_type":["Relic","Card","Card","Relic","Card","Card","Relic","Relic","Relic","Card"],"build_version":"2020-11-30","purchased_purges":2,"victory":false,"max_hp_per_floor":[77,77,77,77,77,77,77,77,77,77,77,77,80,80,80,80,80,83,86,91,94,94,97,97,100,100,103,103,103],"card_choices":[{"not_picked":["Poisoned Stab","PiercingWail"],"picked":"Infinite Blades","floor":1},{"not_picked":["Eviscerate","Dagger Throw","Dagger Spray"],"picked":"SKIP","floor":3},{"not_picked":["Skewer","Dagger Throw","Quick Slash"],"picked":"SKIP","floor":5},{"not_picked":["Distraction","Caltrops"],"picked":"Backflip","floor":6},{"not_picked":["ReplayTheSpireMod:Tripwire","Underhanded Strike","Sucker Punch"],"picked":"SKIP","floor":7},{"not_picked":["ReplayTheSpireMod:Scrap Shanks","All Out Attack"],"picked":"Blade Dance","floor":8},{"not_picked":["PiercingWail","Terror","Hidden Blade"],"picked":"SKIP","floor":11},{"not_picked":["Prepared","Backflip+1"],"picked":"Deadly Poison","floor":18},{"not_picked":["Sucker Punch","ReplayTheSpireMod:Scrap Shanks"],"picked":"Dagger Spray","floor":19},{"not_picked":["Dash","Poisoned Stab"],"picked":"Sneak Up","floor":21},{"not_picked":["Deflect","Expertise"],"picked":"Envenom","floor":23},{"not_picked":["Dagger Throw","PiercingWail"],"picked":"Cloak And Dagger","floor":25},{"not_picked":["Sneak Up","Deadly Poison"],"picked":"Footwork","floor":27}],"player_experience":651889,"relics_obtained":[{"floor":6,"key":"Anchor"},{"floor":8,"key":"Byrd Skull"},{"floor":9,"key":"Replay:Ringing Soul"},{"floor":23,"key":"hubris:AncientText"},{"floor":26,"key":"Oddly Smooth Stone"},{"floor":27,"key":"Simple Rune"}],"event_choices":[{"damage_healed":0,"gold_gain":0,"player_choice":"1 cards matched","damage_taken":0,"max_hp_gain":0,"max_hp_loss":0,"event_name":"Match and Keep!","floor":2,"gold_loss":0,"cards_obtained":["Wraith Form v2"]},{"damage_healed":0,"gold_gain":0,"player_choice":"Left","damage_taken":0,"max_hp_gain":0,"max_hp_loss":0,"event_name":"betterThird:BetterGoop","floor":10,"gold_loss":22},{"damage_healed":0,"gold_gain":0,"player_choice":"Ignored","damage_taken":12,"max_hp_gain":0,"max_hp_loss":0,"event_name":"betterThird:BetterSerpent","floor":14,"gold_loss":0},{"damage_healed":0,"gold_gain":0,"player_choice":"Shed Blood","damage_taken":22,"max_hp_gain":5,"max_hp_loss":0,"event_name":"Forgotten Altar","floor":20,"gold_loss":0},{"damage_healed":0,"gold_gain":0,"player_choice":"Gave Potion","damage_taken":0,"relics_obtained":["Gremlin Food"],"max_hp_gain":0,"max_hp_loss":0,"event_name":"WeMeetAgain","floor":22,"gold_loss":0}],"is_beta":false,"boss_relics":[{"not_picked":["Snecko Eye","hubris:CrackedHourglass"],"picked":"hubris:VirtuousBlindfold"}],"items_purged_floors":[0,13],"is_endless":false,"potions_floor_spawned":[8,11,16,19,23,27],"killed_by":"Shelled Parasite and Fungi","ascension_level":13}}