{"host":"y89x8uui45kcjy42","time":1607821749,"event":{"mods":["2.2 Compatiblity","BaseMod","Colored Map","Colored Powertips","Friendly Minions","Highlight Path","Keyboard Shortcuts","Minty Spire (QoL Compilation)","StSLib","SuperFastMode","The Bug Knight","Waifu the Spire"],"gold_per_floor":[114,74,91,91,103,103,103,103,103,134,159,159,159,231,231,332,332,351,362,119,171,171,171,203,203,203,203,203,203,22,51,51,156,156,168,218,218,236,236,236,236,23,23,23,23,23,50,65,65,65,65,65,46,74,74],"floor_reached":56,"playtime":1670,"items_purged":["HollowMod:QuickDashStart","HollowMod:NailStrikeStart","HollowMod:InfectedCysts+1","HollowMod:InfectedAttack+1","HollowMod:NailStrikeStart","HollowMod:CornifersMapStart+1","HollowMod:FocusHealStart+1"],"score":1959,"play_id":"2ccff639-08a2-4d72-9a27-98b02d9c1727","local_time":"20201213100909","is_ascension_mode":true,"campfire_choices":[{"data":"HollowMod:Weaversong","floor":6,"key":"SMITH"},{"data":"HollowMod:MantisMark","floor":7,"key":"SMITH"},{"data":"HollowMod:QuirrelsAssistance","floor":8,"key":"SMITH"},{"data":"HollowMod:SlysStrikes","floor":12,"key":"SMITH"},{"data":"HollowMod:SharpenedNail","floor":13,"key":"SMITH"},{"data":"HollowMod:BaldurShell","floor":15,"key":"SMITH"},{"data":"HollowMod:SlysStrikes","floor":23,"key":"SMITH"},{"data":"HollowMod:PogoStrike","floor":27,"key":"SMITH"},{"data":"1","floor":32,"key":"LIFT"},{"data":"2","floor":40,"key":"LIFT"},{"data":"3","floor":41,"key":"LIFT"},{"floor":44,"key":"RECALL"}],"circlet_count":0,"master_deck":["AscendersBane","HollowMod:PogoStrike+1","HollowMod:BaldurShell+1","HollowMod:SharpenedNail+1","HollowMod:QuirrelsAssistance+1","HollowMod:MantisMark+1","HollowMod:Weaversong+1","HollowMod:SlysStrikes+1","HollowMod:NewJinnsSoul+1","HollowMod:SlysStrikes+1","HollowMod:DungDefenderAura+1","HollowMod:DreamGate+1","HollowMod:ZotesMagnificence+1","HollowMod:MidwifesHunger+1","HollowMod:MylasSalvation+1","HollowMod:MantisMark+1","HollowMod:SoulEater","HollowMod:LifebloodCocoon+1"],"relics":["HollowMod:VesselMask","Coffee Dripper","Coffee Dripper","Coffee Dripper","Ring of the Serpent","Black Blood","Membership Card","The Courier","Omamori","WarpedTongs","Bag of Marbles","Toxic Egg 2","TheAbacus","Ornamental Fan","Juzu Bracelet","Question Card","Orichalcum","Anchor","Singing Bowl","Happy Flower","Astrolabe","Sling","Kunai","Vajra","Ginger","MutagenicStrength","Eternal Feather","Potion Belt","War Paint","ClockworkSouvenir","Turnip","Mercury Hourglass","Girya","Pen Nib","Cursed Key","StoneCalendar","HollowMod:MillibellesNoteRelic","Medical Kit","Whetstone","Blood Vial","Boot","Darkstone Periapt","WingedGreaves","Bottled Tornado","Torii","Oddly Smooth Stone","Thread and Needle"],"acts_visited":["Exordium","TheCity","TheBeyond","TheEnding"],"potions_floor_usage":[11,55,55,55],"damage_taken":[{"damage":2,"enemies":"Jaw Worm","floor":1,"turns":3},{"damage":0,"enemies":"Cultist","floor":3,"turns":3},{"damage":1,"enemies":"HollowMod:MossKnight","floor":10,"turns":2},{"damage":0,"enemies":"3 Sentries","floor":11,"turns":4},{"damage":13,"enemies":"Hexaghost","floor":16,"turns":5},{"damage":15,"enemies":"Shell Parasite","floor":18,"turns":3},{"damage":11,"enemies":"2 Thieves","floor":19,"turns":3},{"damage":42,"enemies":"Slavers","floor":24,"turns":7},{"damage":0,"enemies":"HollowMod:Nosk","floor":31,"turns":4},{"damage":3,"enemies":"Automaton","floor":33,"turns":6},{"damage":0,"enemies":"3 Darklings","floor":35,"turns":3},{"damage":3,"enemies":"Mind Bloom Boss Battle","floor":36,"turns":5},{"damage":0,"enemies":"3 Shapes","floor":38,"turns":3},{"damage":23,"enemies":"Nemesis","floor":47,"turns":3},{"damage":0,"enemies":"Transient","floor":48,"turns":5},{"damage":25,"enemies":"Donu and Deca","floor":50,"turns":4},{"damage":45,"enemies":"Shield and Spear","floor":54,"turns":4},{"damage":55,"enemies":"The Heart","floor":55,"turns":5}],"seed_played":"-8809742210846493954","potions_obtained":[{"floor":2,"key":"Swift Potion"},{"floor":2,"key":"Fire Potion"},{"floor":16,"key":"Strength Potion"},{"floor":24,"key":"FairyPotion"},{"floor":33,"key":"Strength Potion"},{"floor":35,"key":"LiquidBronze"},{"floor":47,"key":"SpeedPotion"}],"is_trial":false,"path_per_floor":["M","?","M","?","$","R","R","R","T","E","E","R","R","$","R","B",null,"M","M","$","$","?","R","E","?","T","R","?","?","$","E","R","B",null,"M","?","?","M","?","R","R","$","T","R","?","R","E","M","R","B",null,"R","$","E","B",null],"character_chosen":"THE_BUGKNIGHT","items_purchased":["Bag of Marbles","Toxic Egg 2","TheAbacus","Ornamental Fan","Juzu Bracelet","Question Card","HollowMod:Weaversong","Singing Bowl","HollowMod:NewJinnsSoul+1","Happy Flower","Sling","Kunai","HollowMod:CornifersMapStart+1","Vajra","Ginger","ClockworkSouvenir","Turnip","Mercury Hourglass","Girya","HollowMod:MillibellesNoteRelic","Medical Kit","HollowMod:ZotesMagnificence","HollowMod:MidwifesHunger","Whetstone","Blood Vial","Boot","Torii","Oddly Smooth Stone","HollowMod:SoulEater"],"campfire_rested":0,"item_purchase_floors":[5,5,5,5,5,5,5,14,14,14,20,20,20,21,21,30,30,30,30,42,42,42,42,42,42,42,53,53,53],"current_hp_per_floor":[70,70,75,75,75,75,75,75,75,75,75,75,75,75,75,74,75,74,75,75,75,75,75,57,79,79,79,79,64,64,82,84,86,86,88,90,90,92,92,92,92,92,92,92,92,92,83,94,94,87,92,94,94,94,94],"gold":74,"neow_bonus":"TRANSFORM_TWO_CARDS","is_daily":false,"chose_seed":false,"campfire_upgraded":8,"win_rate":0.0,"timestamp":1607821749,"path_taken":["M","?","?","?","$","R","R","R","T","E","E","R","R","?","R","BOSS","M","M","$","$","?","R","E","?","T","R","?","?","$","E","R","BOSS","M","?","?","M","?","R","R","$","T","R","?","R","E","M","R","BOSS","R","$","E","BOSS"],"items_purchased_type":["Relic","Relic","Relic","Relic","Relic","Relic","Card","Relic","Card","Relic","Relic","Relic","Card","Relic","Relic","Relic","Relic","Relic","Relic","Relic","Relic","Card","Card","Relic","Relic","Relic","Relic","Relic","Card"],"build_version":"2020-11-30","purchased_purges":7,"victory":true,"max_hp_per_floor":[75,75,75,75,75,75,75,75,75,75,75,75,75,75,75,75,75,77,77,77,77,77,77,79,79,79,79,79,84,84,84,84,86,86,88,90,90,92,92,92,92,92,92,92,92,92,94,94,94,94,94,94,94,94,94],"card_choices":[{"not_picked":["HollowMod:DoubleDash","HollowMod:NewLittleFool"],"picked":"HollowMod:QuirrelsAssistance","floor":1},{"not_picked":["HollowMod:InfectedAttack","HollowMod:DashSlash"],"picked":"HollowMod:MantisMark","floor":3},{"not_picked":["HollowMod:SiblingsShadow+1","HollowMod:SharpenedNail","HollowMod:CornifersMapStart+1"],"picked":"HollowMod:DungDefenderAura+1","floor":10},{"not_picked":["HollowMod:FallenFury","HollowMod:CrystalDash+1","HollowMod:SiblingsSouls+1"],"picked":"HollowMod:SlysStrikes","floor":11},{"not_picked":["HollowMod:RadiancesLament+1","HollowMod:WhiteLadysBlessing","HollowMod:SoulMaster"],"picked":"HollowMod:SlysStrikes","floor":16},{"not_picked":["HollowMod:DescendingDark+1","HollowMod:CycloneSlash","HollowMod:SiblingsSouls+1","HollowMod:InfectionAssault"],"picked":"Singing Bowl","floor":18},{"not_picked":["HollowMod:SharpenedShadows","HollowMod:MothsMistake","HollowMod:SoulShaman+1"],"picked":"HollowMod:DungDefenderAura+1","floor":19},{"not_picked":["HollowMod:FastStrike","HollowMod:NewJinnsSoul+1","HollowMod:VengefulVoid","HollowMod:VengefulSpirit"],"picked":"Singing Bowl","floor":24},{"not_picked":["HollowMod:DescendingDark","HollowMod:CycloneSlash","HollowMod:GreatSlash+1"],"picked":"HollowMod:DreamGate+1","floor":31},{"not_picked":["HollowMod:NewInfectedGuardian+1","HollowMod:SoulMaster","HollowMod:ElderbugsWisdom","HollowMod:HornetsHelp"],"picked":"Singing Bowl","floor":33},{"not_picked":["HollowMod:NewLittleFool","HollowMod:TaintedHusks+1","HollowMod:InfectedCysts","HollowMod:CornifersMapStart+1"],"picked":"Singing Bowl","floor":35},{"not_picked":["HollowMod:CornifersMapStart+1","HollowMod:MonomonsArchive+1","HollowMod:InfectedAttack","HollowMod:SoulStrike"],"picked":"Singing Bowl","floor":36},{"not_picked":["HollowMod:SharpenedShadows+1","HollowMod:SoulSplash+1","HollowMod:NewJinnsSoul+1","HollowMod:HowlingWraiths"],"picked":"Singing Bowl","floor":38},{"not_picked":["HollowMod:PaleKingsBlessing+1","HollowMod:InfectedAttack+1","HollowMod:DescendingDark","HollowMod:BlackTendrils"],"picked":"Singing Bowl","floor":47},{"not_picked":["HollowMod:CycloneSlash","HollowMod:VengefulVoid","HollowMod:ShapeofUnn"],"picked":"HollowMod:MantisMark+1","floor":48},{"not_picked":["HollowMod:CloakDash+1","HollowMod:LuriensSpire+1","HollowMod:SoulStrike"],"picked":"HollowMod:LifebloodCocoon+1","floor":54}],"player_experience":519030,"relics_obtained":[{"floor":10,"key":"Orichalcum"},{"floor":11,"key":"Anchor"},{"floor":24,"key":"Eternal Feather"},{"floor":26,"key":"Potion Belt"},{"floor":31,"key":"Pen Nib"},{"floor":36,"key":"StoneCalendar"},{"floor":43,"key":"Darkstone Periapt"},{"floor":47,"key":"Bottled Tornado"},{"floor":54,"key":"Thread and Needle"}],"event_choices":[{"damage_healed":0,"gold_gain":0,"player_choice":"Bought 3 Potions","damage_taken":0,"max_hp_gain":0,"max_hp_loss":0,"event_name":"The Woman in Blue","floor":2,"gold_loss":0},{"damage_healed":0,"gold_gain":0,"player_choice":"Rummage","damage_taken":0,"relics_obtained":["WarpedTongs"],"max_hp_gain":0,"max_hp_loss":0,"event_name":"Accursed Blacksmith","floor":4,"gold_loss":0,"cards_obtained":["Pain"]},{"damage_healed":0,"gold_gain":0,"player_choice":"Inject Mutagens","damage_taken":0,"relics_obtained":["MutagenicStrength"],"max_hp_gain":0,"max_hp_loss":0,"event_name":"Drug Dealer","floor":22,"gold_loss":0},{"cards_removed":["HollowMod:InfectionAssault"],"damage_healed":22,"gold_gain":0,"player_choice":"Offered Uncommon","damage_taken":0,"max_hp_gain":0,"max_hp_loss":0,"event_name":"Bonfire Elementals","floor":25,"gold_loss":0},{"damage_healed":0,"gold_gain":0,"player_choice":"Opened","damage_taken":0,"relics_obtained":["War Paint"],"max_hp_gain":0,"max_hp_loss":0,"event_name":"The Mausoleum","floor":28,"gold_loss":0},{"damage_healed":0,"gold_gain":0,"player_choice":"Shed Blood","damage_taken":20,"max_hp_gain":5,"max_hp_loss":0,"event_name":"Forgotten Altar","floor":29,"gold_loss":0},{"damage_healed":0,"gold_gain":0,"player_choice":"Fight","damage_taken":0,"max_hp_gain":0,"max_hp_loss":0,"event_name":"MindBloom","floor":36,"gold_loss":0},{"cards_removed":["HollowMod:DungDefenderAura"],"damage_healed":0,"gold_gain":0,"player_choice":"Removed Skill","damage_taken":0,"max_hp_gain":0,"max_hp_loss":0,"event_name":"Falling","floor":39,"gold_loss":0}],"is_beta":false,"boss_relics":[{"not_picked":["Coffee Dripper","Runic Dome"],"picked":"Astrolabe"},{"not_picked":["Tiny House","Calling Bell"],"picked":"Cursed Key"}],"items_purged_floors":[5,14,20,21,30,42,53],"is_endless":false,"potions_floor_spawned":[10,16,24,33,35,36,47],"ascension_level":12}}