{"host":"8go86nc4uvfs5029","time":1607874730,"event":{"mods":["BaseMod","KOR Keyword Fix","Minty Spire (QoL Compilation)","StSLib"],"gold_per_floor":[99999,99999,98770,98770,98785,98819,98819,97793,97820,97846,97846,97858,97858,97885,97885,97989,97989,97944,97859,97859,97859,97859,97859,97859,97859,97859,97859,97859,97859,97112,97037,97037,97037,97037,97037,97037,96428,96428,96408,96408,96408,96408,96408,96408,96408,96408,96408,96408,96408,96408,96408,96408,95368,95368,95368],"floor_reached":56,"playtime":3004,"items_purged":["Strike_R","Strike_R","Strike_R","Defend_R","Defend_R"],"score":1522,"play_id":"24098e26-f4f5-4f22-b152-5c31f721b029","local_time":"20201214005210","is_ascension_mode":true,"campfire_choices":[{"data":"Armaments","floor":13,"key":"SMITH"},{"data":"Warcry","floor":15,"key":"SMITH"},{"data":"Deep Breath","floor":23,"key":"SMITH"},{"data":"Warcry","floor":32,"key":"SMITH"},{"data":"Secret Technique","floor":44,"key":"SMITH"},{"data":"Pommel Strike","floor":46,"key":"SMITH"},{"floor":49,"key":"RECALL"},{"data":"True Grit","floor":52,"key":"SMITH"}],"circlet_count":0,"master_deck":["Strike_R+1","Defend_R","Defend_R","Bash+1","Deep Breath+1","True Grit+1","Secret Weapon","Shrug It Off","Warcry+1","Fire Breathing","Thunderclap","Feel No Pain","Warcry+1","Armaments+1","Seeing Red","Body Slam","Pommel Strike+1","Berserk","Headbutt+1","Inflame+1","Impervious","Writhe","Secret Technique+1","Seeing Red","Juggernaut+1","Burning Pact+1","Limit Break+1","Dual Wield+1","Thinking Ahead+1","Forethought+1","Shockwave+1","Seeing Red+1"],"relics":["Burning Blood","ClockworkSouvenir","Letter Opener","White Beast Statue","Matryoshka","PreservedInsect","Sling","Paper Frog","Incense Burner","Pen Nib","Gremlin Horn","Bronze Scales","Ectoplasm","Frozen Egg 2","Enchiridion","Red Mask","MawBank","Strawberry","Bottled Tornado","Lantern","Bird Faced Urn","Regal Pillow","HornCleat","Orichalcum","Busted Crown","Unceasing Top","Brimstone","Ancient Tea Set","Blood Vial","Bag of Marbles","Toxic Egg 2","Self Forming Clay","Juzu Bracelet","Magic Flower","Boot","Bottled Flame","DollysMirror","Pocketwatch"],"acts_visited":["Exordium","TheCity","TheBeyond","TheEnding"],"potions_floor_usage":[6,6,38,40,55,55,55],"damage_taken":[{"damage":0,"enemies":"2 Louse","floor":1,"turns":3},{"damage":11,"enemies":"Jaw Worm","floor":5,"turns":3},{"damage":7,"enemies":"Gremlin Nob","floor":6,"turns":3},{"damage":10,"enemies":"3 Sentries","floor":10,"turns":5},{"damage":0,"enemies":"Small Slimes","floor":12,"turns":3},{"damage":0,"enemies":"Lagavulin","floor":14,"turns":5},{"damage":59,"enemies":"The Guardian","floor":16,"turns":11},{"damage":25,"enemies":"2 Thieves","floor":18,"turns":3},{"damage":8,"enemies":"Masked Bandits","floor":21,"turns":3},{"damage":3,"enemies":"Book of Stabbing","floor":24,"turns":3},{"damage":0,"enemies":"Shell Parasite","floor":25,"turns":3},{"damage":0,"enemies":"Sentry and Sphere","floor":27,"turns":3},{"damage":8,"enemies":"Gremlin Leader","floor":29,"turns":5},{"damage":28,"enemies":"Collector","floor":33,"turns":7},{"damage":0,"enemies":"Orb Walker","floor":35,"turns":3},{"damage":16,"enemies":"2 Orb Walkers","floor":36,"turns":4},{"damage":0,"enemies":"3 Darklings","floor":38,"turns":3},{"damage":0,"enemies":"Reptomancer","floor":40,"turns":2},{"damage":1,"enemies":"Jaw Worm Horde","floor":41,"turns":2},{"damage":0,"enemies":"Giant Head","floor":42,"turns":4},{"damage":0,"enemies":"Nemesis","floor":45,"turns":5},{"damage":1,"enemies":"Sphere and 2 Shapes","floor":47,"turns":3},{"damage":1,"enemies":"Reptomancer","floor":48,"turns":2},{"damage":13,"enemies":"Donu and Deca","floor":50,"turns":3},{"damage":7,"enemies":"Shield and Spear","floor":54,"turns":3},{"damage":8,"enemies":"The Heart","floor":55,"turns":7}],"seed_played":"-3272923979499482198","potions_obtained":[{"floor":1,"key":"FearPotion"},{"floor":6,"key":"ColorlessPotion"},{"floor":38,"key":"HeartOfIron"},{"floor":45,"key":"Regen Potion"}],"is_trial":false,"path_per_floor":["M","?","$","?","M","E","?","$","T","E","?","M","R","E","R","B",null,"M","?","?","?","T","R","E","M","T","M","?","E","$","?","R","B",null,"M","?","$","M","?","E","M","E","T","R","E","R","M","E","R","B",null,"R","$","E","B",null],"character_chosen":"IRONCLAD","items_purchased":["ClockworkSouvenir","Letter Opener","White Beast Statue","Secret Weapon","Shrug It Off","Warcry","Fire Breathing","AttackPotion","DuplicationPotion","Fire Potion","Sling","Paper Frog","Incense Burner","Feel No Pain","Warcry","Armaments","PowerPotion","HornCleat","Orichalcum","Secret Technique","Seeing Red","Brimstone","Ancient Tea Set","Blood Vial","Boot","Thinking Ahead+1","Forethought+1","Shockwave+1","Bottled Flame","DollysMirror"],"campfire_rested":0,"item_purchase_floors":[3,3,3,3,3,3,3,3,3,3,8,8,8,8,8,8,8,30,30,30,30,37,37,37,53,53,53,53,53,53],"current_hp_per_floor":[80,64,64,61,56,55,55,55,55,51,56,62,62,68,68,15,85,66,66,50,48,55,55,58,64,64,70,70,76,76,76,76,64,92,92,86,86,92,92,92,92,92,92,92,92,92,92,92,92,91,92,92,92,92,92],"gold":95368,"neow_bonus":"RANDOM_COLORLESS","is_daily":false,"chose_seed":false,"campfire_upgraded":7,"win_rate":0.0,"timestamp":1607874730,"path_taken":["M","?","$","?","M","E","?","$","T","E","?","M","R","E","R","BOSS","M","?","?","?","?","R","E","M","T","?","?","E","$","?","R","BOSS","M","?","$","M","?","E","M","E","T","R","E","R","M","E","R","BOSS","R","$","E","BOSS"],"items_purchased_type":["Relic","Relic","Relic","Card","Card","Card","Card","Potion","Potion","Potion","Relic","Relic","Relic","Card","Card","Card","Potion","Relic","Relic","Card","Card","Relic","Relic","Relic","Relic","Card","Card","Card","Relic","Relic"],"build_version":"2020-11-30","purchased_purges":5,"victory":true,"max_hp_per_floor":[80,80,80,80,80,80,80,80,80,80,85,85,85,85,85,85,85,85,85,85,85,92,92,92,92,92,92,92,92,92,92,92,92,92,92,92,92,92,92,92,92,92,92,92,92,92,92,92,92,92,92,92,92,92,92],"card_choices":[{"not_picked":["Forethought","Good Instincts"],"picked":"Deep Breath","floor":0},{"not_picked":["Anger","Body Slam"],"picked":"True Grit","floor":1},{"not_picked":["Twin Strike","Shrug It Off"],"picked":"Thunderclap","floor":5},{"not_picked":["Flex","Heavy Blade","Rupture"],"picked":"SKIP","floor":6},{"not_picked":["Iron Wave","Sever Soul"],"picked":"Seeing Red","floor":10},{"not_picked":["Armaments","Twin Strike"],"picked":"Body Slam","floor":12},{"not_picked":["Seeing Red","Perfected Strike"],"picked":"Pommel Strike","floor":14},{"not_picked":["Offering","Barricade"],"picked":"Berserk","floor":16},{"not_picked":["Cleave","Sword Boomerang"],"picked":"Headbutt+1","floor":18},{"not_picked":["Heavy Blade+1","Perfected Strike"],"picked":"Inflame+1","floor":21},{"not_picked":["Spot Weakness+1","Clash+1"],"picked":"Impervious","floor":24},{"not_picked":["Heavy Blade","Clash","Rupture+1"],"picked":"SKIP","floor":25},{"not_picked":["Shrug It Off+1","Infernal Blade+1","Heavy Blade"],"picked":"SKIP","floor":27},{"not_picked":["Rage","Twin Strike","Body Slam"],"picked":"SKIP","floor":29},{"not_picked":["Brutality+1","Reaper"],"picked":"Juggernaut+1","floor":33},{"not_picked":["Infernal Blade+1"],"picked":"SKIP","floor":35},{"not_picked":["Perfected Strike+1"],"picked":"SKIP","floor":38},{"not_picked":["Twin Strike+1"],"picked":"SKIP","floor":40},{"not_picked":["Pummel+1"],"picked":"SKIP","floor":41},{"not_picked":[],"picked":"Burning Pact+1","floor":42},{"not_picked":[],"picked":"Limit Break+1","floor":45},{"not_picked":[],"picked":"Dual Wield+1","floor":47},{"not_picked":["Ghostly Armor+1"],"picked":"SKIP","floor":48},{"not_picked":["Pummel+1"],"picked":"SKIP","floor":54}],"player_experience":6407,"relics_obtained":[{"floor":6,"key":"PreservedInsect"},{"floor":9,"key":"Pen Nib"},{"floor":10,"key":"Gremlin Horn"},{"floor":14,"key":"Bronze Scales"},{"floor":20,"key":"Enchiridion"},{"floor":21,"key":"Red Mask"},{"floor":22,"key":"MawBank"},{"floor":22,"key":"Strawberry"},{"floor":24,"key":"Bottled Tornado"},{"floor":26,"key":"Lantern"},{"floor":29,"key":"Regal Pillow"},{"floor":36,"key":"Unceasing Top"},{"floor":40,"key":"Bag of Marbles"},{"floor":42,"key":"Toxic Egg 2"},{"floor":43,"key":"Self Forming Clay"},{"floor":45,"key":"Juzu Bracelet"},{"floor":48,"key":"Magic Flower"},{"floor":54,"key":"Pocketwatch"}],"event_choices":[{"damage_healed":0,"gold_gain":0,"player_choice":"Entered Light","damage_taken":16,"max_hp_gain":0,"max_hp_loss":0,"event_name":"Shining Light","floor":2,"gold_loss":0,"cards_upgraded":["Bash","Strike_R"]},{"damage_healed":0,"gold_gain":0,"player_choice":"Success","damage_taken":3,"relics_obtained":["Matryoshka"],"max_hp_gain":0,"max_hp_loss":0,"event_name":"Scrap Ooze","floor":4,"gold_loss":0},{"damage_healed":0,"gold_gain":0,"player_choice":"Ignored","damage_taken":0,"max_hp_gain":0,"max_hp_loss":0,"event_name":"Liars Game","floor":7,"gold_loss":0},{"damage_healed":0,"gold_gain":0,"player_choice":"Donut","damage_taken":0,"max_hp_gain":5,"max_hp_loss":0,"event_name":"Big Fish","floor":11,"gold_loss":0},{"damage_healed":0,"gold_gain":0,"player_choice":"Obtained Relic","damage_taken":0,"relics_obtained":["Frozen Egg 2"],"max_hp_gain":0,"max_hp_loss":0,"event_name":"Addict","floor":19,"gold_loss":85},{"damage_healed":0,"gold_gain":0,"player_choice":"Obtained Book","damage_taken":16,"max_hp_gain":0,"max_hp_loss":0,"event_name":"Cursed Tome","floor":20,"gold_loss":0},{"damage_healed":0,"gold_gain":0,"player_choice":"Fought Bandits","damage_taken":0,"max_hp_gain":0,"max_hp_loss":0,"event_name":"Masked Bandits","floor":21,"gold_loss":0},{"damage_healed":0,"gold_gain":0,"player_choice":"Opened","damage_taken":0,"relics_obtained":["Bird Faced Urn"],"max_hp_gain":0,"max_hp_loss":0,"event_name":"The Mausoleum","floor":28,"gold_loss":0,"cards_obtained":["Writhe"]},{"cards_removed":["Strike_R"],"damage_healed":0,"gold_gain":0,"player_choice":"Gave Gold","damage_taken":0,"max_hp_gain":0,"max_hp_loss":0,"event_name":"Beggar","floor":31,"gold_loss":75},{"damage_healed":0,"gold_gain":0,"player_choice":"Fight","damage_taken":0,"max_hp_gain":0,"max_hp_loss":0,"event_name":"Mysterious Sphere","floor":36,"gold_loss":0},{"damage_healed":0,"gold_gain":0,"player_choice":"Bought 1 Potion","damage_taken":0,"max_hp_gain":0,"max_hp_loss":0,"event_name":"The Woman in Blue","floor":39,"gold_loss":0}],"is_beta":false,"boss_relics":[{"not_picked":["Cursed Key","Sozu"],"picked":"Ectoplasm"},{"not_picked":["Velvet Choker","Runic Pyramid"],"picked":"Busted Crown"}],"items_purged_floors":[3,8,30,37,53],"is_endless":false,"potions_floor_spawned":[1,5,6,10,12,14,16,18,21,24,25,27,29,33,35,36,38,40,41,42,45,47,48,54],"ascension_level":1}}