{"host":"uv231blk40vjdojr","time":1607876721,"event":{"mods":["BaseMod","Minty Spire (QoL Compilation)","Relic Stats"],"gold_per_floor":[109,109,119,16,26,26,61,61,114,114,147,297,297,316,316,389,389,409,424,23,23,23,23,57,57,112,112,112,112,112],"floor_reached":29,"playtime":945,"items_purged":["Strike_B","Doubt"],"score":445,"play_id":"3bd1ed36-b832-4588-91a1-cd9b095d5045","local_time":"20201213172521","is_ascension_mode":true,"campfire_choices":[{"data":"Hologram","floor":6,"key":"SMITH"},{"data":"Conserve Battery","floor":8,"key":"SMITH"},{"floor":10,"key":"REST"},{"data":"Cold Snap","floor":13,"key":"SMITH"},{"data":"Coolheaded","floor":15,"key":"SMITH"},{"data":"Coolheaded","floor":23,"key":"SMITH"},{"data":"Glacier","floor":25,"key":"SMITH"},{"data":"Recycle","floor":28,"key":"SMITH"}],"circlet_count":0,"master_deck":["AscendersBane","Strike_B+1","Strike_B+1","Strike_B+1","Defend_B+1","Defend_B+1","Defend_B+1","Defend_B+1","Zap","Dualcast","The Bomb+1","Hologram+1","Cold Snap+1","Turbo","Conserve Battery+1","Coolheaded+1","Machine Learning","Coolheaded+1","Blizzard","Ghostly","Ghostly","Ghostly","Glacier+1","Recycle+1"],"relics":["FrozenCore","Toy Ornithopter","Lantern","Mercury Hourglass","Singing Bowl","Prayer Wheel","Bag of Marbles"],"acts_visited":["Exordium","TheCity"],"potions_floor_usage":[16,16],"damage_taken":[{"damage":3,"enemies":"Jaw Worm","floor":1,"turns":4},{"damage":6,"enemies":"Cultist","floor":3,"turns":4},{"damage":3,"enemies":"2 Louse","floor":5,"turns":3},{"damage":21,"enemies":"Lagavulin","floor":7,"turns":6},{"damage":18,"enemies":"Gremlin Nob","floor":11,"turns":4},{"damage":5,"enemies":"Looter","floor":14,"turns":3},{"damage":10,"enemies":"Slime Boss","floor":16,"turns":7},{"damage":12,"enemies":"Shell Parasite","floor":18,"turns":9},{"damage":2,"enemies":"Spheric Guardian","floor":19,"turns":4},{"damage":1,"enemies":"Slavers","floor":24,"turns":4},{"damage":32,"enemies":"Book of Stabbing","floor":29,"turns":7}],"seed_played":"-486756007411230675","potions_obtained":[{"floor":1,"key":"GamblersBrew"},{"floor":11,"key":"Weak Potion"}],"is_trial":false,"path_per_floor":["M","?","M","$","M","R","E","R","T","R","E","?","R","M","R","B",null,"M","M","$","?","?","R","E","R","T","?","R","E"],"character_chosen":"DEFECT","items_purchased":["Turbo","Singing Bowl","Blizzard"],"campfire_rested":1,"item_purchase_floors":[4,20,20],"current_hp_per_floor":[61,61,55,55,52,52,31,31,31,50,32,32,32,27,27,27,55,43,41,41,41,32,32,31,31,31,31,31,0,0],"gold":112,"neow_bonus":"RANDOM_COLORLESS_2","is_daily":false,"chose_seed":false,"campfire_upgraded":7,"win_rate":0.0,"timestamp":1607876721,"path_taken":["M","?","?","$","M","R","E","R","T","R","E","?","R","M","R","BOSS","M","M","$","?","?","R","E","R","T","?","R","E"],"items_purchased_type":["Card","Relic","Card"],"build_version":"2020-11-30","purchased_purges":2,"victory":false,"max_hp_per_floor":[64,64,64,64,64,64,64,64,64,64,64,64,64,64,64,64,64,64,64,64,64,32,32,32,32,32,32,32,32,32],"relic_stats":{"Singing Bowl":0,"counters":[11,55],"Prayer Wheel":0,"obtain_stats":[{"Lantern":9,"Singing Bowl":20,"Prayer Wheel":24,"Bag of Marbles":26,"Cracked Core":0,"Toy Ornithopter":7,"Mercury Hourglass":11,"FrozenCore":17},{"Lantern":4,"Singing Bowl":9,"Prayer Wheel":10,"Bag of Marbles":10,"Cracked Core":0,"Toy Ornithopter":4,"Mercury Hourglass":5,"FrozenCore":7},{"Lantern":17,"Singing Bowl":44,"Prayer Wheel":48,"Bag of Marbles":48,"Cracked Core":0,"Toy Ornithopter":17,"Mercury Hourglass":21,"FrozenCore":31}],"Toy Ornithopter":10,"FrozenCore":[6],"Mercury Hourglass":[102]},"card_choices":[{"not_picked":["Magnetism","Chrysalis"],"picked":"The Bomb","floor":0},{"not_picked":["Steam Power","Gash"],"picked":"Hologram","floor":1},{"not_picked":["Reprogram","Hologram"],"picked":"Cold Snap","floor":3},{"not_picked":["Barrage","Beam Cell","Tempest"],"picked":"SKIP","floor":5},{"not_picked":["Hologram","Static Discharge"],"picked":"Conserve Battery","floor":7},{"not_picked":["Beam Cell","Electrodynamics","Turbo"],"picked":"SKIP","floor":11},{"not_picked":["Beam Cell","Barrage"],"picked":"Coolheaded","floor":14},{"not_picked":["Rainbow","Amplify"],"picked":"Machine Learning","floor":16},{"not_picked":["Redo","Compile Driver"],"picked":"Coolheaded","floor":18},{"not_picked":["Redo","Compile Driver+1","Auto Shields"],"picked":"SKIP","floor":19},{"not_picked":["Go for the Eyes","Barrage"],"picked":"Glacier","floor":24}],"player_experience":479418,"relics_obtained":[{"floor":7,"key":"Toy Ornithopter"},{"floor":9,"key":"Lantern"},{"floor":11,"key":"Mercury Hourglass"},{"floor":24,"key":"Prayer Wheel"},{"floor":26,"key":"Bag of Marbles"}],"event_choices":[{"damage_healed":0,"gold_gain":0,"player_choice":"Upgraded","damage_taken":0,"max_hp_gain":0,"max_hp_loss":0,"event_name":"Upgrade Shrine","floor":2,"gold_loss":0,"cards_upgraded":["The Bomb"]},{"damage_healed":0,"gold_gain":150,"player_choice":"AGREE","damage_taken":0,"max_hp_gain":0,"max_hp_loss":0,"event_name":"Liars Game","floor":12,"gold_loss":0,"cards_obtained":["Doubt"]},{"damage_healed":0,"gold_gain":0,"player_choice":"Simplicity","damage_taken":0,"max_hp_gain":0,"max_hp_loss":0,"event_name":"Back to Basics","floor":21,"gold_loss":0,"cards_upgraded":["Strike_B","Strike_B","Strike_B","Defend_B","Defend_B","Defend_B","Defend_B"]},{"damage_healed":0,"gold_gain":0,"player_choice":"Became a Ghost","damage_taken":0,"max_hp_gain":0,"max_hp_loss":32,"event_name":"Ghosts","floor":22,"gold_loss":0,"cards_obtained":["Ghostly","Ghostly","Ghostly"]},{"damage_healed":0,"gold_gain":0,"player_choice":"Read","damage_taken":0,"max_hp_gain":0,"max_hp_loss":0,"event_name":"The Library","floor":27,"gold_loss":0,"cards_obtained":["Recycle"]}],"is_beta":false,"boss_relics":[{"not_picked":["Runic Dome","Cursed Key"],"picked":"FrozenCore"}],"items_purged_floors":[4,20],"is_endless":false,"potions_floor_spawned":[1,11,14],"killed_by":"Book of Stabbing","ascension_level":16}}