{"host":"0jile2yd1dg679g0","time":1607890989,"event":{"mods":["AchievementEnabler","BaseMod","Better Third Choice","Colored Map","Colored Powertips","Minty Spire (QoL Compilation)","Prisma Mod","Random Character Button","Spicy Shops","StSLib","Transform Curses","Treasure Hunter","Waifu the Spire"],"gold_per_floor":[115,115,85,105,125,125,142,158,158,188,288,304,320,331,331,428,428,440,440,515,530,530,530],"floor_reached":22,"playtime":1652,"items_purged":[],"score":228,"play_id":"d4573370-4efa-4d7b-a249-5aee08cdc322","local_time":"20201213152309","is_ascension_mode":true,"campfire_choices":[{"data":"Anger","floor":6,"key":"SMITH"},{"data":"Flame Barrier","floor":15,"key":"SMITH"}],"circlet_count":0,"master_deck":["Strike_R","Strike_R","Strike_R","Strike_R","Strike_R","Defend_R","Defend_R","Defend_R","Defend_R","Bash","Trip","Wild Strike","Inflame","Anger+1","Flame Barrier+1","Feed","Anger","Reckless Charge","Juggernaut","Limit Break","Metallicize","Anger","Power Through"],"relics":["Burning Blood","Eternal Feather","PreservedInsect","Philosopher\u0027s Stone"],"acts_visited":["Exordium","TheCity"],"potions_floor_usage":[13,22,22],"damage_taken":[{"damage":0,"enemies":"Small Slimes","floor":1,"turns":3},{"damage":1,"enemies":"Cultist","floor":4,"turns":3},{"damage":9,"enemies":"2 Louse","floor":5,"turns":2},{"damage":13,"enemies":"Red Slaver","floor":7,"turns":4},{"damage":0,"enemies":"Large Slime","floor":8,"turns":4},{"damage":10,"enemies":"Gremlin Nob","floor":10,"turns":3},{"damage":10,"enemies":"2 Fungi Beasts","floor":12,"turns":3},{"damage":2,"enemies":"Lots of Slimes","floor":13,"turns":2},{"damage":1,"enemies":"Exordium Thugs","floor":14,"turns":3},{"damage":72,"enemies":"Hexaghost","floor":16,"turns":9},{"damage":30,"enemies":"Spheric Guardian","floor":18,"turns":5},{"damage":28,"enemies":"2 Thieves","floor":21,"turns":4},{"damage":54,"enemies":"3 Cultists","floor":22,"turns":5}],"seed_played":"3870396000327588069","potions_obtained":[{"floor":1,"key":"ElixirPotion"},{"floor":3,"key":"BlessingOfTheForge"},{"floor":3,"key":"CultistPotion"},{"floor":7,"key":"Energy Potion"},{"floor":14,"key":"BloodPotion"},{"floor":16,"key":"PowerPotion"}],"is_trial":false,"path_per_floor":["M","?","?","M","M","R","M","M","T","E","?","M","M","M","R","B",null,"M","?","?","M","M"],"character_chosen":"IRONCLAD","items_purchased":[],"campfire_rested":0,"item_purchase_floors":[],"current_hp_per_floor":[80,80,80,80,77,77,70,76,76,72,72,68,72,80,83,17,83,59,59,51,29,0,0],"gold":530,"neow_bonus":"RANDOM_COLORLESS","is_daily":false,"chose_seed":false,"campfire_upgraded":2,"win_rate":0.0,"timestamp":1607890989,"path_taken":["M","?","?","M","?","R","M","M","T","E","?","M","?","M","R","BOSS","M","?","?","?","M"],"items_purchased_type":[],"build_version":"2020-11-30","purchased_purges":0,"victory":false,"max_hp_per_floor":[80,80,80,80,80,80,80,80,80,80,80,80,80,83,83,83,83,83,83,83,83,86,86],"card_choices":[{"not_picked":["Panacea","Impatience"],"picked":"Trip","floor":0},{"not_picked":["Rupture","True Grit"],"picked":"Wild Strike","floor":1},{"not_picked":["Cleave","Anger"],"picked":"Inflame","floor":4},{"not_picked":["Sword Boomerang","Twin Strike"],"picked":"Anger","floor":5},{"not_picked":["Armaments","Second Wind"],"picked":"Flame Barrier","floor":7},{"not_picked":["Shrug It Off","Whirlwind"],"picked":"Feed","floor":8},{"not_picked":["TH:PixieDust","TH:BikiniMail"],"picked":"SKIP","floor":9},{"not_picked":["Iron Wave","Cleave"],"picked":"Anger","floor":10},{"not_picked":["TH:DeckOfManyThings","TH:ArmorSpikes"],"picked":"SKIP","floor":10},{"not_picked":["Iron Wave","Infernal Blade"],"picked":"Reckless Charge","floor":12},{"not_picked":["Shrug It Off","Warcry","Pommel Strike"],"picked":"SKIP","floor":13},{"not_picked":["Whirlwind","Sentinel"],"picked":"Juggernaut","floor":14},{"not_picked":["Impervious","Exhume"],"picked":"Limit Break","floor":16},{"not_picked":["Evolve+1","Havoc"],"picked":"Metallicize","floor":18},{"not_picked":["Twin Strike+1","Entrench"],"picked":"Power Through","floor":21}],"player_experience":161112,"relics_obtained":[{"floor":9,"key":"Eternal Feather"},{"floor":10,"key":"PreservedInsect"}],"event_choices":[{"damage_healed":0,"gold_gain":0,"player_choice":"Ignored","damage_taken":0,"max_hp_gain":0,"max_hp_loss":0,"event_name":"Golden Idol","floor":2,"gold_loss":0},{"damage_healed":0,"gold_gain":0,"player_choice":"Bought 2 Potions","damage_taken":0,"max_hp_gain":0,"max_hp_loss":0,"event_name":"The Woman in Blue","floor":3,"gold_loss":0},{"damage_healed":0,"gold_gain":100,"player_choice":"Pray","damage_taken":0,"max_hp_gain":0,"max_hp_loss":0,"event_name":"Golden Shrine","floor":11,"gold_loss":0},{"damage_healed":0,"gold_gain":0,"player_choice":"Read","damage_taken":0,"max_hp_gain":0,"max_hp_loss":0,"event_name":"The Library","floor":19,"gold_loss":0,"cards_obtained":["Anger"]},{"damage_healed":0,"gold_gain":75,"player_choice":"Touch","damage_taken":8,"max_hp_gain":0,"max_hp_loss":0,"event_name":"FaceTrader","floor":20,"gold_loss":0}],"is_beta":false,"boss_relics":[{"not_picked":["Velvet Choker","Astrolabe"],"picked":"Philosopher\u0027s Stone"}],"items_purged_floors":[],"is_endless":false,"potions_floor_spawned":[1,7,8,14,16],"killed_by":"3 Cultists","ascension_level":4}}