{"host":"2se5dq1do2gp0x9k","time":1607821523,"event":{"mods":["AchievementEnabler","BaseMod","Block Reminder","Colored Map","Colored Powertips","Minty Spire (QoL Compilation)","Relic Stats","StSLib","SuperFastMode"],"gold_per_floor":[115,125,125,25,25,52,71,100,124,124,149,109,109,126,126,205,205,217,191,191,205,205,205,205,205],"floor_reached":24,"playtime":860,"items_purged":["Strike_B"],"score":478,"play_id":"60f142b7-3f09-4914-8a72-b563dfe2495a","local_time":"20201212170523","is_ascension_mode":true,"campfire_choices":[{"floor":10,"key":"REST"},{"data":"Coolheaded","floor":13,"key":"SMITH"},{"floor":15,"key":"REST"},{"data":"Beam Cell","floor":23,"key":"SMITH"}],"circlet_count":0,"master_deck":["AscendersBane","Strike_B","Strike_B","Defend_B","Defend_B","Defend_B","Defend_B","Zap","Dualcast","Ball Lightning","Gash","FTL+1","Steam+1","Coolheaded","Loop","Coolheaded+1","Compile Driver","Core Surge","Gash","Gash","Beam Cell+1","Ghostly","Ghostly","Ghostly"],"relics":["Cracked Core","NeowsBlessing","Potion Belt","Regal Pillow","Bag of Preparation","Art of War","Nuclear Battery"],"acts_visited":["Exordium","TheCity"],"potions_floor_usage":[14,16,16,16,19,24],"damage_taken":[{"damage":0,"enemies":"2 Louse","floor":1,"turns":1},{"damage":0,"enemies":"Small Slimes","floor":2,"turns":1},{"damage":0,"enemies":"3 Sentries","floor":6,"turns":1},{"damage":0,"enemies":"Cultist","floor":7,"turns":3},{"damage":37,"enemies":"Gremlin Nob","floor":8,"turns":4},{"damage":19,"enemies":"Lagavulin","floor":11,"turns":7},{"damage":5,"enemies":"Gremlin Gang","floor":14,"turns":2},{"damage":38,"enemies":"Slime Boss","floor":16,"turns":11},{"damage":11,"enemies":"3 Byrds","floor":18,"turns":5},{"damage":15,"enemies":"2 Thieves","floor":19,"turns":4},{"damage":7,"enemies":"Centurion and Healer","floor":21,"turns":7},{"damage":27,"enemies":"Slavers","floor":24,"turns":7}],"seed_played":"376325119009222971","potions_obtained":[{"floor":2,"key":"SmokeBomb"},{"floor":11,"key":"Explosive Potion"},{"floor":12,"key":"SkillPotion"},{"floor":12,"key":"Strength Potion"},{"floor":12,"key":"ColorlessPotion"},{"floor":14,"key":"SpeedPotion"},{"floor":18,"key":"Explosive Potion"}],"is_trial":false,"path_per_floor":["M","M","?","$","?","E","M","E","T","R","E","?","R","M","R","B",null,"M","M","?","M","?","R","E"],"character_chosen":"DEFECT","items_purchased":["Steam"],"campfire_rested":2,"item_purchase_floors":[4],"current_hp_per_floor":[64,64,64,64,43,43,43,6,6,42,23,23,23,18,54,16,57,46,31,31,24,24,24,0,0],"gold":205,"neow_bonus":"THREE_ENEMY_KILL","is_daily":false,"chose_seed":false,"campfire_upgraded":2,"win_rate":0.0,"timestamp":1607821523,"path_taken":["M","M","?","$","?","E","M","E","T","R","E","?","R","M","R","BOSS","M","M","?","?","?","R","E"],"items_purchased_type":["Card"],"build_version":"2020-11-30","purchased_purges":1,"victory":false,"max_hp_per_floor":[71,71,71,71,71,71,71,71,71,71,71,71,71,71,71,71,71,71,71,71,71,35,35,35,35],"relic_stats":{"Regal Pillow":30,"counters":[12,53],"Bag of Preparation":[14],"Art of War":[4],"obtain_stats":[{"Potion Belt":6,"Regal Pillow":8,"NeowsBlessing":0,"Bag of Preparation":9,"Art of War":11,"Cracked Core":0,"Nuclear Battery":17},{"Potion Belt":3,"Regal Pillow":5,"NeowsBlessing":0,"Bag of Preparation":5,"Art of War":6,"Cracked Core":0,"Nuclear Battery":8},{"Potion Belt":3,"Regal Pillow":10,"NeowsBlessing":0,"Bag of Preparation":10,"Art of War":17,"Cracked Core":0,"Nuclear Battery":30}]},"card_choices":[{"not_picked":["Gash","Redo"],"picked":"Ball Lightning","floor":1},{"not_picked":["FTL","Scrape"],"picked":"Gash","floor":2},{"not_picked":["Fusion","Machine Learning"],"picked":"Coolheaded","floor":6},{"not_picked":["Barrage","Ball Lightning"],"picked":"Loop","floor":7},{"not_picked":["Redo","Echo Form"],"picked":"Coolheaded","floor":8},{"not_picked":["Fusion","Streamline"],"picked":"Compile Driver","floor":11},{"not_picked":["Rebound","Fusion","Force Field"],"picked":"SKIP","floor":14},{"not_picked":["Hyperbeam","Buffer"],"picked":"Core Surge","floor":16},{"not_picked":["Steam Power","Hello World+1"],"picked":"Gash","floor":18},{"not_picked":["White Noise","Barrage"],"picked":"Gash","floor":19},{"not_picked":["Sweeping Beam","Auto Shields"],"picked":"Beam Cell","floor":21}],"player_experience":3605984,"relics_obtained":[{"floor":6,"key":"Potion Belt"},{"floor":8,"key":"Regal Pillow"},{"floor":9,"key":"Bag of Preparation"},{"floor":11,"key":"Art of War"}],"event_choices":[{"damage_healed":0,"gold_gain":0,"cards_transformed":["Strike_B"],"player_choice":"Change","damage_taken":0,"max_hp_gain":0,"max_hp_loss":0,"event_name":"Living Wall","floor":3,"gold_loss":0,"cards_obtained":["FTL"]},{"damage_healed":0,"gold_gain":0,"player_choice":"Entered Light","damage_taken":21,"max_hp_gain":0,"max_hp_loss":0,"event_name":"Shining Light","floor":5,"gold_loss":0,"cards_upgraded":["Steam","FTL"]},{"damage_healed":0,"gold_gain":0,"player_choice":"Bought 3 Potions","damage_taken":0,"max_hp_gain":0,"max_hp_loss":0,"event_name":"The Woman in Blue","floor":12,"gold_loss":0},{"damage_healed":0,"gold_gain":0,"player_choice":"Ignored","damage_taken":0,"max_hp_gain":0,"max_hp_loss":0,"event_name":"N\u0027loth","floor":20,"gold_loss":0},{"damage_healed":0,"gold_gain":0,"player_choice":"Became a Ghost","damage_taken":0,"max_hp_gain":0,"max_hp_loss":36,"event_name":"Ghosts","floor":22,"gold_loss":0,"cards_obtained":["Ghostly","Ghostly","Ghostly"]}],"is_beta":false,"boss_relics":[{"not_picked":["Velvet Choker","Runic Dome"],"picked":"Nuclear Battery"}],"items_purged_floors":[4],"is_endless":false,"potions_floor_spawned":[2,11,14,18],"killed_by":"Slavers","ascension_level":20}}