{"host":"mmvmlqmvbrlj5jge","time":1607833700,"event":{"mods":["Act Like it!","BaseMod","Dota2Spire","Gensokyo","Hallownest","Koishi","Lobotomy","Mari Mod (Legacy)","Mari\u0027s V1 Patch","Minty Spire (QoL Compilation)","MostiFishMod","Pale of the Ancients","Quick Restart","RumiaBox-露米娅的神秘盒子","Spicy Shops","StSLib","TestMod","The Bug Knight","【功能Mod】混沌之环修复补丁","【遗物卡牌】REMEMod","篝火指南"],"gold_per_floor":[117,42,42,56,71,101,101,101,179,179,211,226,257,277,277,377,377,390,390,390,390,409,409,409,429,429,455,455,455,200,70,70,173,173,183,105,105,123,134,166,181,181,181,194,354,354,354,384,384,485,485,485,138,170,170],"floor_reached":56,"playtime":2228,"items_purged":["HollowMod:FocusHealStart","HollowMod:FocusHealStart","Hallownest:skillSlugHide"],"score":1666,"play_id":"65466ac1-eddd-48d9-aa46-af1a6e149312","local_time":"20201213122820","is_ascension_mode":false,"campfire_choices":[{"data":"HollowMod:SiblingsSouls","floor":7,"key":"SMITH"},{"floor":15,"key":"RECALL"},{"data":"HollowMod:SlysStrikes","floor":23,"key":"SMITH"},{"data":"HollowMod:MantisMark","floor":29,"key":"SMITH"},{"data":"HollowMod:CloakDash","floor":32,"key":"SMITH"},{"data":"HollowMod:MantisMark","floor":42,"key":"SMITH"},{"data":"HollowMod:MantisMark","floor":49,"key":"SMITH"},{"data":"HollowMod:MantisMark","floor":52,"key":"SMITH"}],"circlet_count":0,"master_deck":["HollowMod:NailStrikeStart","HollowMod:NailStrikeStart+1","HollowMod:NailStrikeStart+1","HollowMod:NailStrikeStart","HollowMod:PogoStrike","HollowMod:SiblingsSouls","Hallownest:skillGreenpathMap","HollowMod:SiblingsSouls+1","Hallownest:skillSlugHide","Hallownest:skillSlugHide","Hallownest:skillSlugHide","Hallownest:skillSlugHide","HollowMod:SlysStrikes+1","HollowMod:CloakDash+1","HollowMod:CloakDash+1","HollowMod:MantisMark","HollowMod:MantisMark+1","HollowMod:MantisMark+1","HollowMod:HuntersJournal+1"],"relics":["HollowMod:VesselMask","DaveBox","testmod-TestBox","REME_ComplimentaryCards","Civilization","testmod-CardMagician","Whetstone","Question Card","AddBug","SecretRecord","SecretRecord","SecretRecord","SecretRecord","SecretRecord","SecretRecord"],"acts_visited":["Hallownest:Greenpath","Hallownest:CityofTears","Hallownest:KingdomsEdge","TheEnding"],"potions_floor_usage":[],"damage_taken":[{"damage":0,"enemies":"Hallownest:2_Baldur","floor":1,"turns":3},{"damage":0,"enemies":"Hallownest:monsterHuskGuard","floor":4,"turns":2},{"damage":0,"enemies":"Hallownest:2_MossCreeps","floor":5,"turns":2},{"damage":1,"enemies":"Hallownest:eliteCrystalGuardian","floor":6,"turns":4},{"damage":0,"enemies":"Hallownest:monsterMarmu","floor":10,"turns":5},{"damage":0,"enemies":"Hallownest:eliteVengeflyKing","floor":11,"turns":6},{"damage":0,"enemies":"Hallownest:Wandering_and_Horned","floor":12,"turns":2},{"damage":0,"enemies":"Hallownest:eliteCrystalGuardian","floor":13,"turns":3},{"damage":0,"enemies":"Hallownest:monsterMossCharger","floor":14,"turns":1},{"damage":0,"enemies":"Hallownest:BossBrokenVessel","floor":16,"turns":4},{"damage":0,"enemies":"Hallownest:Flukemon_and_Top","floor":18,"turns":3},{"damage":0,"enemies":"Hallownest:2_Mistakes","floor":22,"turns":2},{"damage":0,"enemies":"Hallownest:monsterShrumalOgre","floor":25,"turns":2},{"damage":14,"enemies":"Hallownest:eliteWatcherKnight","floor":27,"turns":6},{"damage":0,"enemies":"Hallownest:BossGrimm","floor":33,"turns":3},{"damage":0,"enemies":"Hallownest:3_Siblings","floor":35,"turns":2},{"damage":0,"enemies":"Hallownest:2_Littles","floor":38,"turns":2},{"damage":0,"enemies":"Hallownest:monsterPrimalAspid","floor":39,"turns":1},{"damage":0,"enemies":"Hallownest:eliteHiveKnight","floor":40,"turns":1},{"damage":0,"enemies":"Hallownest:Shield_Sturdy","floor":41,"turns":2},{"damage":0,"enemies":"Hallownest:2_Wing_and_1_Kings","floor":44,"turns":3},{"damage":0,"enemies":"Hallownest:2_Wing_and_1_Kings","floor":45,"turns":2},{"damage":0,"enemies":"Hallownest:2_Wing_and_1_Kings","floor":45,"turns":2},{"damage":0,"enemies":"Hallownest:2_Wing_and_1_Kings","floor":45,"turns":2},{"damage":0,"enemies":"Hallownest:2_Wing_and_1_Kings","floor":45,"turns":2},{"damage":0,"enemies":"Hallownest:StalkingDevout","floor":48,"turns":2},{"damage":0,"enemies":"Hallownest:Radiance","floor":50,"turns":3},{"damage":0,"enemies":"Shield and Spear","floor":54,"turns":2},{"damage":4,"enemies":"The Heart","floor":55,"turns":4}],"seed_played":"252612396181005861","potions_obtained":[{"floor":4,"key":"testmod-TestPotion"},{"floor":5,"key":"Explosive Potion"},{"floor":13,"key":"Dota2Spire:Clarity"}],"is_trial":false,"path_per_floor":["M","?","?","M","M","E","R","?","T","?","E","M","E","M","R","B",null,"M","?","?","?","M","R","?","M","T","E","T","R","$","$","R","B",null,"M","$","$","M","M","E","M","R","T","M","?","T","?","E","R","B",null,"R","$","E","B",null],"character_chosen":"THE_BUGKNIGHT","items_purchased":["Dota2Spire:Satanic","testmod-Justice","HollowMod:CloakDash","testmod-ObsoleteBoomerang","Akabeko","SynthV:C4"],"campfire_rested":0,"item_purchase_floors":[30,31,31,36,53,53],"current_hp_per_floor":[77,77,77,80,85,90,90,90,90,97,109,122,136,151,151,167,167,184,184,184,184,203,203,203,223,223,245,245,245,245,245,245,268,268,294,294,294,320,347,375,405,405,405,438,591,591,591,635,635,680,680,680,680,727,771],"gold":170,"neow_bonus":"RANDOM_COMMON_RELIC","is_daily":false,"chose_seed":false,"campfire_upgraded":7,"win_rate":0.0,"timestamp":1607833700,"path_taken":["M","?","?","?","M","E","R","?","T","?","E","?","E","M","R","BOSS","M","?","?","?","M","R","?","M","T","E","?","R","?","$","R","BOSS","M","?","$","?","M","E","M","R","T","M","?","?","?","E","R","BOSS","R","$","E","BOSS"],"items_purchased_type":["Relic","Relic","Card","Relic","Relic","Relic"],"build_version":"2020-11-30","purchased_purges":3,"victory":true,"max_hp_per_floor":[77,77,77,80,85,91,91,91,91,98,109,122,136,151,151,167,167,184,184,184,184,203,203,203,223,223,245,245,245,245,245,245,268,268,294,294,294,320,347,375,405,405,405,438,591,591,591,635,635,680,680,680,680,727,775],"card_choices":[{"not_picked":["HollowMod:NewLittleFool","HollowMod:MantisMark"],"picked":"HollowMod:SiblingsSouls","floor":1},{"not_picked":["HollowMod:QuirrelsAssistance","HollowMod:HeavyBlow","HollowMod:CornifersMapStart"],"picked":"HollowMod:MantisMark","floor":4},{"not_picked":["HollowMod:VengefulVoid","HollowMod:HowlingWraiths","HollowMod:NewLittleFool","HollowMod:SoulVessel"],"picked":"SKIP","floor":5},{"not_picked":["HollowMod:AbyssShriek","HollowMod:GoodIntentions","HollowMod:Hiveblood"],"picked":"HollowMod:SiblingsSouls","floor":6},{"not_picked":["HollowMod:CornifersMapStart","HollowMod:FastStrike","HollowMod:ShadowDash","HollowMod:GrimmsGift"],"picked":"SKIP","floor":11},{"not_picked":["HollowMod:SiblingsSouls","HollowMod:DashSlash","HollowMod:Weaversong","HollowMod:LifebloodCocoon"],"picked":"SKIP","floor":12},{"not_picked":["HollowMod:SharpenedShadows","HollowMod:ChannelNail","HollowMod:QuirrelsAssistance","HollowMod:FallenFury"],"picked":"SKIP","floor":13},{"not_picked":["HollowMod:HeavyBlow","HollowMod:PureNailStrike","HollowMod:WraithStrike","HollowMod:SoulShaman"],"picked":"SKIP","floor":14},{"not_picked":["HollowMod:SoulMaster","HollowMod:HornetsHelp","HollowMod:MidwifesHunger"],"picked":"HollowMod:SlysStrikes","floor":16},{"not_picked":["HollowMod:MawleksShell+1","HollowMod:SharpenedNail","HollowMod:TaintedHusks+1"],"picked":"HollowMod:CloakDash+1","floor":18},{"not_picked":["HollowMod:TaintedHusks","HollowMod:NewLittleFool","HollowMod:MothsMistake+1","HollowMod:SoulVessel"],"picked":"SKIP","floor":22},{"not_picked":["HollowMod:NewJinnsSoul","HollowMod:SharpenedNail","HollowMod:SoulVessel","HollowMod:FastStrike"],"picked":"SKIP","floor":25},{"not_picked":["HollowMod:MawleksShell","HollowMod:InfectionAssault","HollowMod:ChannelNail","HollowMod:CloakDash"],"picked":"SKIP","floor":27},{"not_picked":["HollowMod:TaintedHusks","HollowMod:ShadowDash","HollowMod:DesolateDive","HollowMod:FastStrike+1"],"picked":"SKIP","floor":35},{"not_picked":["HollowMod:WraithStrike","HollowMod:HeavyBlow","HollowMod:InfectedCysts+1"],"picked":"HollowMod:MantisMark","floor":38},{"not_picked":["HollowMod:VengefulSpirit","HollowMod:InfectedAttack+1","HollowMod:TaintedHusks","HollowMod:PureNailStrike+1"],"picked":"SKIP","floor":39},{"not_picked":["HollowMod:InfectedCysts","HollowMod:MidwifesHunger","HollowMod:VengefulSpirit","HollowMod:NewLittleFool"],"picked":"SKIP","floor":40},{"not_picked":["HollowMod:MonarchWings+1","HollowMod:VengefulVoid","HollowMod:Grubsong+1","HollowMod:InfectedCysts+1"],"picked":"SKIP","floor":41},{"not_picked":["HollowMod:HeavyBlow+1","HollowMod:VengefulVoid+1","HollowMod:HowlingWraiths"],"picked":"HollowMod:MantisMark","floor":44},{"not_picked":["HollowMod:CornifersMapStart","HollowMod:PerfectDash","HollowMod:VengefulSpirit+1"],"picked":"HollowMod:HuntersJournal+1","floor":48},{"not_picked":["HollowMod:WraithStrike","HollowMod:PureNailStrike","HollowMod:CrystalDash+1","HollowMod:SoulShaman"],"picked":"SKIP","floor":54}],"player_experience":88352,"relics_obtained":[{"floor":1,"key":"Question Card"},{"floor":1,"key":"AddBug"},{"floor":1,"key":"PrismaticShard"},{"floor":6,"key":"Dota2Spire:Vanguard"},{"floor":11,"key":"SecretRecord"},{"floor":11,"key":"Vajra"},{"floor":13,"key":"GodSword5"},{"floor":16,"key":"ImportantClient"},{"floor":22,"key":"SecretRecord"},{"floor":26,"key":"testmod-AssaultLearning"},{"floor":27,"key":"Pantograph"},{"floor":28,"key":"Juzu Bracelet"},{"floor":33,"key":"SecretRecord"},{"floor":40,"key":"testmod-Laevatain"},{"floor":41,"key":"SecretRecord"},{"floor":43,"key":"Ice Cream"},{"floor":46,"key":"Darkstone Periapt"},{"floor":48,"key":"Blue Candle"},{"floor":50,"key":"SecretRecord"},{"floor":54,"key":"Ccalipers"}],"event_choices":[],"is_beta":false,"boss_relics":[{"not_picked":["MariMod:MariFestivalBadge","testmod-Temperance"],"picked":"testmod-Nine"},{"not_picked":["Transparent","SacredBark"],"picked":"testmod-StringDisintegrator"}],"items_purged_floors":[30,30,53],"is_endless":false,"potions_floor_spawned":[4,5,10,13,14,22,33,38,41,45,45,50],"ascension_level":0}}