{"host":"ow9msrs9p2ctkx99","time":1607892004,"event":{"mods":["AchievementEnabler","BaseMod","Colored Map","Colored Powertips","Minty Spire (QoL Compilation)","Permanent Neow","Quick Restart","SuperFastMode"],"gold_per_floor":[211,161,161,236,248,248,279,279,303,318,318,318],"floor_reached":11,"playtime":140,"items_purged":[],"score":110,"play_id":"99364b1f-1aa4-489b-8eef-c682d94c310d","local_time":"20201213214004","is_ascension_mode":true,"campfire_choices":[{"data":"Dualcast","floor":6.0,"key":"SMITH"},{"floor":8.0,"key":"REST"}],"circlet_count":0,"master_deck":["AscendersBane","Strike_B","Strike_B","Strike_B","Defend_B","Defend_B","Defend_B","Defend_B","Zap","Dualcast+1","Sweeping Beam","BootSequence","Aggregate"],"relics":["Cracked Core","Bronze Scales"],"acts_visited":["Exordium"],"potions_floor_usage":[],"damage_taken":[{"damage":7.0,"enemies":"2 Louse","floor":1.0,"turns":2.0},{"damage":2.0,"enemies":"Jaw Worm","floor":5.0,"turns":3.0},{"damage":42.0,"enemies":"Lagavulin","floor":7.0,"turns":9.0},{"damage":10.0,"enemies":"Small Slimes","floor":10.0,"turns":3.0},{"damage":36,"enemies":"Gremlin Nob","floor":11,"turns":3}],"seed_played":"6522424932527111567","potions_obtained":[{"floor":5.0,"key":"Regen Potion"}],"is_trial":false,"path_per_floor":["M","?","$","?","M","R","E","R","T","M","E"],"character_chosen":"DEFECT","items_purchased":[],"campfire_rested":1,"item_purchase_floors":[],"current_hp_per_floor":[61,61,61,50,48,48,21,43,43,33,0,0],"gold":318,"neow_bonus":"HUNDRED_GOLD","is_daily":false,"chose_seed":false,"campfire_upgraded":1,"win_rate":0.0,"timestamp":1607892004,"path_taken":["M","?","$","?","M","R","E","R","T","M","E"],"items_purchased_type":[],"build_version":"2020-11-30","purchased_purges":0,"victory":false,"max_hp_per_floor":[75,75,75,75,75,75,75,75,75,75,75,75],"card_choices":[{"not_picked":["Hologram","Hello World"],"picked":"Sweeping Beam","floor":1.0},{"not_picked":["Blizzard","Stack"],"picked":"BootSequence","floor":5.0},{"not_picked":["Turbo","Redo"],"picked":"Aggregate","floor":7.0},{"not_picked":["Stack","Sweeping Beam","Streamline"],"picked":"SKIP","floor":10}],"player_experience":1042059,"relics_obtained":[{"floor":7.0,"key":"Bronze Scales"}],"event_choices":[{"cards_removed":["Strike_B"],"damage_healed":0.0,"max_hp_gain":0.0,"max_hp_loss":0.0,"gold_gain":0.0,"event_name":"The Cleric","player_choice":"Card Removal","floor":2.0,"gold_loss":50.0,"damage_taken":0.0},{"damage_healed":0.0,"max_hp_gain":0.0,"max_hp_loss":0.0,"gold_gain":75.0,"event_name":"World of Goop","player_choice":"Gather Gold","floor":4.0,"gold_loss":0.0,"damage_taken":11.0}],"is_beta":false,"boss_relics":[],"items_purged_floors":[],"is_endless":false,"potions_floor_spawned":[5],"killed_by":"Gremlin Nob","ascension_level":11}}