{"host":"y76x98twjnyyxs83","time":1607891723,"event":{"mods":["BaseMod","Colored Powertips","Minty Spire (QoL Compilation)","Permanent Neow","Quick Restart","Rare Cards Sparkle","Relic Stats","StSLib"],"gold_per_floor":[117,132,132,132,157,197,197,232,257,182,210,210,45,83,83,179,179,195,110,29,29,44,44,60,103,103,103,103,103,8,27,27,27,27],"floor_reached":33,"playtime":1228,"items_purged":[],"score":758,"play_id":"a869722e-dba4-4240-8c6e-7b498e8dfa03","local_time":"20201214043522","is_ascension_mode":true,"campfire_choices":[{"floor":7.0,"key":"REST"},{"data":"EmptyFist","floor":15.0,"key":"SMITH"},{"data":"Blasphemy","floor":23.0,"key":"SMITH"},{"data":"1","floor":27,"key":"LIFT"},{"data":"2","floor":29,"key":"LIFT"},{"floor":32,"key":"REST"}],"circlet_count":0,"master_deck":["AscendersBane","Strike_P+1","Strike_P","Defend_P","Defend_P+1","Defend_P","Eruption","Vigilance","EmptyFist+1","FlurryOfBlows","CutThroughFate","Conclude","Protect","Adaptation","Halt","Blasphemy+1","WheelKick+1","Wireheading+1","InnerPeace","TalkToTheHand","LessonLearned","TalkToTheHand","Halt","FlurryOfBlows"],"relics":["Empty Cage","Golden Idol","Bronze Scales","Orichalcum","PreservedInsect","FossilizedHelix","Anchor","Sozu","Prayer Wheel","Nloth\u0027s Gift","Girya","Torii"],"acts_visited":["Exordium","TheCity"],"potions_floor_usage":[25],"damage_taken":[{"damage":0.0,"enemies":"2 Louse","floor":1.0,"turns":4.0},{"damage":7.0,"enemies":"Jaw Worm","floor":2.0,"turns":4.0},{"damage":4.0,"enemies":"Small Slimes","floor":5.0,"turns":2.0},{"damage":2.0,"enemies":"3 Sentries","floor":6.0,"turns":5.0},{"damage":24.0,"enemies":"Lagavulin","floor":8.0,"turns":4.0},{"damage":12.0,"enemies":"The Mushroom Lair","floor":11.0,"turns":3.0},{"damage":0.0,"enemies":"3 Sentries","floor":14.0,"turns":3.0},{"damage":0.0,"enemies":"Slime Boss","floor":16.0,"turns":8.0},{"damage":0.0,"enemies":"3 Byrds","floor":18.0,"turns":2.0},{"damage":4.0,"enemies":"Chosen","floor":22.0,"turns":4.0},{"damage":9,"enemies":"Centurion and Healer","floor":24,"turns":5},{"damage":0,"enemies":"Book of Stabbing","floor":25,"turns":2},{"damage":23,"enemies":"3 Cultists","floor":31,"turns":5},{"damage":31,"enemies":"Collector","floor":33,"turns":7}],"seed_played":"-570561595054656158","potions_obtained":[{"floor":2.0,"key":"DistilledChaos"},{"floor":5.0,"key":"AttackPotion"},{"floor":14.0,"key":"LiquidBronze"},{"floor":16.0,"key":"Dexterity Potion"}],"is_trial":false,"path_per_floor":["M","M","?","?","M","E","R","E","T","?","?","T","$","E","R","B",null,"M","?","$","?","M","R","M","E","T","R","T","R","$","M","R","B"],"character_chosen":"WATCHER","items_purchased":["Adaptation","DistilledChaos","Wireheading","TalkToTheHand","Halt"],"campfire_rested":2,"item_purchase_floors":[13,13,20,30,30],"current_hp_per_floor":[61,54,54,35,31,29,47,23,23,23,11,11,11,11,11,11,49,49,49,49,49,45,45,36,36,36,36,36,36,36,13,31,0,0],"gold":27,"neow_bonus":"BOSS_RELIC","is_daily":false,"chose_seed":false,"campfire_upgraded":2,"win_rate":0.0,"timestamp":1607891722,"path_taken":["M","M","?","?","M","E","R","E","T","?","?","?","?","E","R","BOSS","M","?","$","?","?","R","M","E","T","R","?","R","$","M","R","BOSS"],"items_purchased_type":["Card","Potion","Card","Card","Card"],"build_version":"2020-11-30","purchased_purges":0,"victory":false,"max_hp_per_floor":[68,68,62,62,62,62,62,62,62,62,62,62,62,62,62,62,62,62,62,62,62,62,62,62,62,62,62,62,62,62,62,62,62,62],"relic_stats":{"Sozu":1,"Torii":5,"counters":[14,58],"Golden Idol":75,"Bronze Scales":[138],"Prayer Wheel":3,"PreservedInsect":77,"Nloth\u0027s Gift":1,"Orichalcum":[48],"obtain_stats":[{"Girya":25,"Torii":28,"Golden Idol":3,"PreservedInsect":9,"Orichalcum":8,"Odd Mushroom":11,"Empty Cage":0,"Sozu":17,"Anchor":14,"Bronze Scales":6,"Prayer Wheel":19,"Nloth\u0027s Gift":21,"PureWater":0,"FossilizedHelix":12},{"Girya":12,"Torii":12,"Golden Idol":2,"PreservedInsect":5,"Orichalcum":5,"Odd Mushroom":6,"Empty Cage":0,"Sozu":8,"Anchor":7,"Bronze Scales":4,"Prayer Wheel":9,"Nloth\u0027s Gift":9,"PureWater":0,"FossilizedHelix":6},{"Girya":46,"Torii":46,"Golden Idol":8,"PreservedInsect":19,"Orichalcum":19,"Odd Mushroom":22,"Empty Cage":0,"Sozu":33,"Anchor":25,"Bronze Scales":15,"Prayer Wheel":35,"Nloth\u0027s Gift":35,"PureWater":0,"FossilizedHelix":22}]},"card_choices":[{"not_picked":["Protect","PathToVictory"],"picked":"EmptyFist","floor":1.0},{"not_picked":["FlyingSleeves","BattleHymn"],"picked":"FlurryOfBlows","floor":2.0},{"not_picked":["PathToVictory","BattleHymn"],"picked":"CutThroughFate","floor":5.0},{"not_picked":["MasterReality","Protect"],"picked":"Conclude","floor":6.0},{"not_picked":["Ragnarok","SashWhip","PathToVictory"],"picked":"SKIP","floor":8.0},{"not_picked":["Fasting2","Collect"],"picked":"Protect","floor":11.0},{"not_picked":["Consecrate","ClearTheMind"],"picked":"Halt","floor":14.0},{"not_picked":["Omniscience","Brilliance"],"picked":"Blasphemy","floor":16.0},{"not_picked":["FlurryOfBlows+1","PathToVictory"],"picked":"WheelKick+1","floor":18.0},{"not_picked":["BowlingBash","SashWhip"],"picked":"InnerPeace","floor":22.0},{"not_picked":["Adaptation+1","JustLucky","Consecrate+1"],"picked":"SKIP","floor":22.0},{"not_picked":["JustLucky","Evaluate+1"],"picked":"TalkToTheHand","floor":24},{"not_picked":["CutThroughFate","Sanctity","Weave"],"picked":"SKIP","floor":24},{"not_picked":["DeceiveReality","EmptyMind"],"picked":"LessonLearned","floor":25},{"not_picked":["Evaluate","EmptyBody"],"picked":"FlurryOfBlows","floor":31},{"not_picked":["Collect","Swivel","InnerPeace"],"picked":"SKIP","floor":31}],"player_experience":1080645,"relics_obtained":[{"floor":6.0,"key":"Bronze Scales"},{"floor":8.0,"key":"Orichalcum"},{"floor":9.0,"key":"PreservedInsect"},{"floor":11.0,"key":"Odd Mushroom"},{"floor":12.0,"key":"FossilizedHelix"},{"floor":14.0,"key":"Anchor"},{"floor":25,"key":"Girya"},{"floor":28,"key":"Torii"}],"event_choices":[{"damage_healed":0.0,"max_hp_gain":0.0,"max_hp_loss":6.0,"gold_gain":0.0,"event_name":"Golden Idol","player_choice":"Lose Max HP","floor":3.0,"gold_loss":0.0,"damage_taken":0.0,"relics_obtained":["Golden Idol"]},{"damage_healed":0.0,"max_hp_gain":0.0,"max_hp_loss":0.0,"gold_gain":0.0,"event_name":"Shining Light","player_choice":"Entered Light","floor":4.0,"gold_loss":0.0,"damage_taken":19.0,"cards_upgraded":["Strike_P","Defend_P"]},{"cards_removed":["Strike_P"],"damage_healed":0.0,"max_hp_gain":0.0,"max_hp_loss":0.0,"gold_gain":0.0,"event_name":"The Cleric","player_choice":"Card Removal","floor":10.0,"gold_loss":75.0,"damage_taken":0.0},{"damage_healed":0.0,"max_hp_gain":0.0,"max_hp_loss":0.0,"gold_gain":0.0,"event_name":"Mushrooms","player_choice":"Fought Mushrooms","floor":11.0,"gold_loss":0.0,"damage_taken":0.0},{"damage_healed":0.0,"max_hp_gain":0.0,"max_hp_loss":0.0,"gold_gain":0.0,"event_name":"Addict","player_choice":"Obtained Relic","floor":19.0,"gold_loss":85.0,"damage_taken":0.0,"relics_obtained":["Prayer Wheel"]},{"damage_healed":0.0,"max_hp_gain":0.0,"max_hp_loss":0.0,"gold_gain":0.0,"event_name":"N\u0027loth","player_choice":"Traded Relic","floor":21.0,"relics_lost":["Odd Mushroom"],"gold_loss":0.0,"damage_taken":0.0,"relics_obtained":["Nloth\u0027s Gift"]}],"is_beta":false,"boss_relics":[{"not_picked":["Tiny House","Ectoplasm"],"picked":"Sozu"}],"items_purged_floors":[],"is_endless":false,"potions_floor_spawned":[2,5,14,16,25],"killed_by":"Collector","ascension_level":20}}