{"host":"8t5dkgm85abdp22d","time":1607844914,"event":{"mods":["Act Like it!","BaseMod","Colored Powertips","Dota2Spire","Downfall","Gensokyo","GungeonMod","Hallownest","Luminous","Marisa£®ÏF”Í°°ƒß¿Ì…≥£©","Minty Spire (QoL Compilation)","StSLib","TheWitcher","UnlockEverythingMod","Waifu the Spire","vexMod","°æ“≈ŒÔø®≈∆°øREMEMod"],"gold_per_floor":[112,112,140,161,190,190,190,115,415,415,449,349,324,348,348,467,467,481,189,189,189,187,238,238,281,357,388,399,430,453,492,492,613,613,632,710,745,1744,1331,1341,1341],"floor_reached":40,"playtime":2643,"items_purged":["Pain","SnafuTest:DefaultCommonAttack","Normality"],"score":496,"play_id":"0d610743-5b80-4fcb-b9a1-45836e210260","local_time":"20201213153514","is_ascension_mode":false,"campfire_choices":[{"floor":6.0,"key":"REST"},{"data":"SnafuTest:SignYrden","floor":15.0,"key":"SMITH"},{"floor":24.0,"key":"REST"},{"floor":32.0,"key":"REST"}],"circlet_count":0,"master_deck":["SnafuTest:DefaultCommonAttack+1","SnafuTest:DefaultCommonAttack+1","SnafuTest:BountyHunt","SnafuTest:DefaultCommonSkill+1","SnafuTest:DefaultCommonSkill+1","SnafuTest:DefaultCommonSkill+1","SnafuTest:SignYrden+1","SnafuTest:WorldMap+1","Adrenaline","SnafuTest:AssassinOfKings+1","SnafuTest:MCSuccubusSeduction+1","SnafuTest:PowerContactIsContract","SnafuTest:PowerAlwaysOnRoads","SnafuTest:BombNorthernWind+1","SnafuTest:SignAxii","SnafuTest:OtherWorld","SnafuTest:SpellIncendiaryShower+1","SnafuTest:SpellCalcinedMetamorphism+1","Normality"],"relics":["SnafuTest:PlaceholderRelic","REME_ComplimentaryCards","NeowsBlessing","WarpedTongs","Old Coin","Golden Idol","Bottled Lightning","Dota2Spire:Butterfly","Black Star","Molten Egg 2","Centennial Puzzle","Bottled Flame","Dota2Spire:Vanguard","vexMod:BarristanHead","SnafuTest:CatRelic","Art of War","Dota2Spire:EyeOfSkadi","Sozu","vexMod:HeadHunter","Membership Card","PreservedInsect","Dota2Spire:OrchidMalevolence"],"acts_visited":[],"potions_floor_usage":[],"damage_taken":[{"damage":0.0,"enemies":"2 Louse","floor":1.0,"turns":1.0},{"damage":0.0,"enemies":"Cultist","floor":3.0,"turns":2.0},{"damage":1.0,"enemies":"Jaw Worm","floor":4.0,"turns":1.0},{"damage":43.0,"enemies":"Large Slime","floor":5.0,"turns":8.0},{"damage":16.0,"enemies":"Lagavulin","floor":11.0,"turns":10.0},{"damage":0.0,"enemies":"Exordium Wildlife","floor":14.0,"turns":5.0},{"damage":11.0,"enemies":"The Guardian","floor":16.0,"turns":15.0},{"damage":8.0,"enemies":"Chosen","floor":18.0,"turns":5.0},{"damage":12.0,"enemies":"Shell Parasite","floor":22.0,"turns":8.0},{"damage":22.0,"enemies":"Gremlin Leader","floor":23.0,"turns":12.0},{"damage":34.0,"enemies":"Book of Stabbing","floor":25.0,"turns":7.0},{"damage":0.0,"enemies":"Centurion and Healer","floor":27.0,"turns":11.0},{"damage":20.0,"enemies":"Snake Plant","floor":28.0,"turns":5.0},{"damage":12.0,"enemies":"REME_1_Revenger","floor":29.0,"turns":8.0},{"damage":14.0,"enemies":"Chosen and Byrds","floor":30.0,"turns":7.0},{"damage":0.0,"enemies":"Cultist and Chosen","floor":31.0,"turns":5.0},{"damage":18.0,"enemies":"Collector","floor":33.0,"turns":4.0},{"damage":13.0,"enemies":"Orb Walker","floor":35.0,"turns":3.0},{"damage":14.0,"enemies":"2 Orb Walkers","floor":36.0,"turns":3.0},{"damage":19.0,"enemies":"3 Darklings","floor":37.0,"turns":3.0},{"damage":33,"enemies":"Nemesis","floor":40,"turns":3}],"seed_played":"2087665323915577545","potions_obtained":[{"floor":1.0,"key":"Swift Potion"},{"floor":4.0,"key":"Block Potion"},{"floor":16.0,"key":"FairyPotion"},{"floor":18.0,"key":"DuplicationPotion"},{"floor":25.0,"key":"Dota2Spire:HealingSalve"},{"floor":27.0,"key":"FearPotion"},{"floor":28.0,"key":"Strength Potion"},{"floor":30.0,"key":"Explosive Potion"},{"floor":33.0,"key":"BlessingOfTheForge"}],"is_trial":false,"path_per_floor":["M","?","M","M","M","R","?","$","T","?","E","$","?","M","R","B",null,"M","$","?","?","M","E","R","E","T","M","M","E","M","M","R","B",null,"M","?","M","?","$","E"],"character_chosen":"THE_WITCHER","items_purchased":["Molten Egg 2","SnafuTest:PaySmithWorkshop","Membership Card","PreservedInsect","Dota2Spire:OrchidMalevolence"],"campfire_rested":3,"item_purchase_floors":[19,19,39,39,39],"current_hp_per_floor":[75,75,75,74,31,53,53,53,53,53,37,37,37,37,37,26,69,61,61,61,61,49,27,47,13,13,13,5,25,11,11,33,15,74,61,47,28,28,28,0,0],"gold":1341,"neow_bonus":"THREE_ENEMY_KILL","is_daily":false,"chose_seed":false,"campfire_upgraded":1,"win_rate":0.0,"timestamp":1607844914,"path_taken":["M","?","M","?","M","R","?","$","T","?","E","$","?","M","R","BOSS","M","$","?","?","M","E","R","E","T","M","M","E","M","M","R","BOSS","M","?","M","?","$","E"],"items_purchased_type":["Relic","Card","Relic","Relic","Relic"],"build_version":"2020-11-30","purchased_purges":3,"victory":false,"max_hp_per_floor":[75,75,75,75,75,75,75,75,75,69,69,69,69,69,69,69,69,69,69,69,69,69,69,69,69,69,69,69,74,74,74,74,74,74,74,74,74,74,74,74,74],"card_choices":[{"not_picked":["SnafuTest:SpellBlindFury","SnafuTest:SignAxii","SnafuTest:SmashingSlash"],"picked":"SKIP","floor":1.0},{"not_picked":["SnafuTest:CalculatingAmbition","SnafuTest:BombSamum","SnafuTest:SpellLifeDrain"],"picked":"SKIP","floor":3.0},{"not_picked":["SnafuTest:Portal","SnafuTest:PayArmorSmith","SnafuTest:SpellButterflyIllusion"],"picked":"SKIP","floor":4.0},{"not_picked":["SnafuTest:BlueWhale","SnafuTest:NoPass","SnafuTest:BombDimeritium"],"picked":"SKIP","floor":5.0},{"not_picked":["SnafuTest:PowerMartialMagical","SnafuTest:PowerAlwaysAWay","SnafuTest:CalculatingAmbition"],"picked":"SKIP","floor":11.0},{"not_picked":["SnafuTest:MilitaryReview","SnafuTest:BombDragonsDream"],"picked":"SnafuTest:WorldMap","floor":14.0},{"not_picked":["SnafuTest:ConciliatoryPresence","SnafuTest:LastWish"],"picked":"SnafuTest:AssassinOfKings","floor":16.0},{"not_picked":["SnafuTest:SmashingSlash","SnafuTest:Siege"],"picked":"SnafuTest:PaySmithWorkshop","floor":18.0},{"not_picked":["SnafuTest:PowerMartialMagical","SnafuTest:ExcessiveLevies"],"picked":"SnafuTest:MCSuccubusSeduction+1","floor":22.0},{"not_picked":["SnafuTest:SpellDispellingPush","SnafuTest:PaySmithWorkshop","SnafuTest:SpellLivingArmor+1"],"picked":"SKIP","floor":23.0},{"not_picked":["SnafuTest:MCPlayGwent","SnafuTest:ShoulderSlam+1"],"picked":"SnafuTest:PowerContactIsContract","floor":25.0},{"not_picked":["SnafuTest:ShoulderSlam+1","SnafuTest:WorldMap+1"],"picked":"SnafuTest:PowerAlwaysOnRoads","floor":27.0},{"not_picked":["SnafuTest:PowerCounterAttack","SnafuTest:MCPlayGwent"],"picked":"SnafuTest:BombNorthernWind+1","floor":28.0},{"not_picked":["SnafuTest:CareTaker+1","SnafuTest:SpellLifeDrain+1"],"picked":"SnafuTest:SignAxii","floor":29.0},{"not_picked":["SnafuTest:AncestralRitual","SnafuTest:SpellArcaneDomain+1"],"picked":"SnafuTest:OtherWorld","floor":30.0},{"not_picked":["SnafuTest:BombDragonsDream+1","SnafuTest:SpellTortoise+1"],"picked":"SnafuTest:SpellIncendiaryShower+1","floor":31.0},{"not_picked":["SnafuTest:PowerContactIsContract","SnafuTest:PowerEquilibrium"],"picked":"SnafuTest:SpellCalcinedMetamorphism+1","floor":33.0},{"not_picked":["SnafuTest:MCMockAndRun+1","SnafuTest:UnpredictablePuncture+1"],"picked":"SnafuTest:GetPaid","floor":35.0},{"not_picked":["SnafuTest:ShoulderSlam+1","SnafuTest:BlueWhale+1","SnafuTest:SignIgni+1"],"picked":"SKIP","floor":37.0}],"player_experience":98949,"relics_obtained":[{"floor":9.0,"key":"Old Coin"},{"floor":11.0,"key":"Bottled Lightning"},{"floor":23.0,"key":"Centennial Puzzle"},{"floor":23.0,"key":"Bottled Flame"},{"floor":25.0,"key":"Dota2Spire:Vanguard"},{"floor":25.0,"key":"vexMod:BarristanHead"},{"floor":26.0,"key":"SnafuTest:CatRelic"},{"floor":29.0,"key":"Art of War"},{"floor":29.0,"key":"Dota2Spire:EyeOfSkadi"},{"floor":36.0,"key":"vexMod:HeadHunter"}],"event_choices":[{"damage_healed":0.0,"max_hp_gain":0.0,"max_hp_loss":0.0,"gold_gain":0.0,"event_name":"Accursed Blacksmith","player_choice":"Rummage","floor":2.0,"gold_loss":0.0,"damage_taken":0.0,"relics_obtained":["WarpedTongs"],"cards_obtained":["Pain"]},{"damage_healed":0.0,"max_hp_gain":0.0,"max_hp_loss":0.0,"gold_gain":0.0,"event_name":"Liars Game","player_choice":"Ignored","floor":7.0,"gold_loss":0.0,"damage_taken":0.0},{"damage_healed":0.0,"max_hp_gain":0.0,"max_hp_loss":6.0,"gold_gain":0.0,"event_name":"Golden Idol","player_choice":"Lose Max HP","floor":10.0,"gold_loss":0.0,"damage_taken":0.0,"relics_obtained":["Golden Idol"]},{"damage_healed":0.0,"max_hp_gain":0.0,"max_hp_loss":0.0,"gold_gain":0.0,"event_name":"Cursed Tome","player_choice":"Ignored","floor":20.0,"gold_loss":0.0,"damage_taken":0.0},{"damage_healed":0.0,"max_hp_gain":0.0,"max_hp_loss":0.0,"gold_gain":0.0,"event_name":"Back to Basics","player_choice":"Simplicity","floor":21.0,"gold_loss":0.0,"damage_taken":0.0,"cards_upgraded":["SnafuTest:DefaultCommonAttack","SnafuTest:DefaultCommonAttack","SnafuTest:DefaultCommonSkill","SnafuTest:DefaultCommonSkill","SnafuTest:DefaultCommonSkill"]},{"damage_healed":0.0,"max_hp_gain":0.0,"max_hp_loss":0.0,"gold_gain":0.0,"event_name":"Mysterious Sphere","player_choice":"Fight","floor":36.0,"gold_loss":0.0,"damage_taken":0.0},{"damage_healed":0,"gold_gain":999,"player_choice":"Gold","damage_taken":0,"max_hp_gain":0,"max_hp_loss":0,"event_name":"MindBloom","floor":38,"gold_loss":0,"cards_obtained":["Normality","Normality"]}],"is_beta":false,"boss_relics":[{"not_picked":["REME_DemonsWealth","vexMod:TanglingVine"],"picked":"Black Star"},{"not_picked":["Runic Pyramid","vexMod:BigBerry"],"picked":"Sozu"}],"items_purged_floors":[8,12,39],"is_endless":false,"potions_floor_spawned":[1,4,16,18,25,27,28,30,33,36,37],"killed_by":"Nemesis","ascension_level":0}}