{"host":"9jbduwjxg0e72hbg","time":1607849713,"event":{"mods":["AchievementEnabler","Act Like it!","Aspiration","BaseMod","Better Match","Better Skull","Better Third Choice","BetterRewards","Conspire","Downfall","Elementarium","Energized Spire","Gensokyo","GifTheSpireLib","Gold Saver","GungeonMod","Hallownest","Hubris","Infinite Spire","Jedi Mod","Marisa????????","Menagerie","Minty Spire (QoL Compilation)","Pale of the Ancients","Replay The Spire","SCP261 Mod","Shop Mod","Spicy Shops","StSLib","Stuff the Spire","The Animator","The Blue Laboratory","The Gatherer","Wandering Minibosses","vexMod"],"gold_per_floor":[8028,8061,7571,7571,7587,7250,7276,7276,7306,7306,7324,7344,7344,7344,7359,7459,7459,7459,7521,7555,7568,7595,7657,7729,7829,7754,7770,7827,7841,7841,7901,7961,8108,8108,8033,8107,8120,8120,8183,8183,8183,6154,6154,6189,6206,6223,6281,6281,6291,6291],"floor_reached":51,"playtime":4104,"items_purged":["champ:Strike","champ:Strike","champ:Defend","Spreading Infection","Pain"],"score":961,"play_id":"b61d6b56-6430-4389-85e1-11d09db920e9","local_time":"20201213005513","is_ascension_mode":false,"campfire_choices":[{"floor":1,"key":"DIG"},{"data":"champ:BladeFlurry","floor":8,"key":"SMITH"},{"data":"champ:CrownThrow","floor":10,"key":"SMITH"},{"data":"champ:PreciseThrust","floor":18,"key":"SMITH"},{"floor":26,"key":"RECALL"},{"data":"wanderingMiniBosses:FinaleOfPromise","floor":35,"key":"SMITH"},{"data":"champ:VampiricStrike","floor":38,"key":"SMITH"},{"data":"champ:Improvising","floor":43,"key":"SMITH"}],"circlet_count":0,"master_deck":["champ:Strike","champ:Strike","champ:Defend","champ:Defend","champ:Defend","champ:Execute+1","champ:Taunt","champ:GladiatorStyle","champ:BladeFlurry+1","champ:Improvising+1","champ:FlashCut+1","champ:GladiatorStyle","champ:ShieldWall","champ:CrownThrow+1","champ:FocusedGladiator+1","champ:Haymaker","champ:AdrenalArmor+1","champ:PreciseThrust+1","wanderingMiniBosses:FinaleOfPromise+1","champ:VampiricStrike+1","champ:EndlessRage","champ:FanOfKnives","champ:PreciseThrust","champ:BladeFlurry","champ:StanceDance+1","Parasite","champ:CrookedStrike","champ:Encircle+1"],"relics":["champ:ChampionCrown","downfall:HeartsMalice","animator:PurgingStone","Akabeko","ReplayTheSpireMod:TigerMarble","Chemical X","Vajra","Kunai","WarpedTongs","ReplayTheSpireMod:Ring of Challenge","ReplayTheSpireMod:Ring of Collecting","ReplayTheSpireMod:Ring of Exchange","Ring of Fury","wanderingMiniBosses:Blackblade","vexMod:MysteryBossChallenge","conspire:BottledYoYo","Busted Crown","infinitespire:Bottled Soul","Ring of Hypnosis","downfall:HeartBlessingBlue","War Paint","SlaversCollar","downfall:HeartBlessingRed","vexMod:FocusSash","jedi:cryingmask","Ring of Searing","Whetstone","StuffTheSpire:Wildfire","Potion Belt","Ring of Chaos","infinitespire:BottledMercury","Iron Hammer","MealTicket","DemoMod:GlassGuonStoneRelic"],"acts_visited":["Exordium","TheCity","TheBeyond"],"potions_floor_usage":[12,12,20,22,22,29,39,47,47],"damage_taken":[{"damage":0,"enemies":"Menagerie:VoidReaper","floor":2,"turns":1},{"damage":0,"enemies":"downfall:FleeingMerchant","floor":3,"turns":1},{"damage":0,"enemies":"Menagerie:WhisperingWraith","floor":4,"turns":1},{"damage":5,"enemies":"Menagerie:MonstrousExperiment","floor":5,"turns":1},{"damage":5,"enemies":"downfall:FleeingMerchant","floor":6,"turns":4},{"damage":1,"enemies":"Menagerie:Hydra","floor":9,"turns":2},{"damage":0,"enemies":"Menagerie:StygianBoar","floor":11,"turns":1},{"damage":21,"enemies":"Menagerie:3_RABBITS","floor":12,"turns":8},{"damage":21,"enemies":"Menagerie:BEAST_MAGE_AND_PROWLING_AMALGAM","floor":15,"turns":7},{"damage":28,"enemies":"downfall:Defect","floor":16,"turns":4},{"damage":12,"enemies":"Shell Parasite","floor":19,"turns":1},{"damage":8,"enemies":"Book of Stabbing","floor":20,"turns":2},{"damage":10,"enemies":"Snake Plant","floor":21,"turns":3},{"damage":13,"enemies":"Slavers","floor":22,"turns":3},{"damage":24,"enemies":"Cultist and Chosen","floor":23,"turns":4},{"damage":0,"enemies":"Centurion and Healer","floor":27,"turns":1},{"damage":45,"enemies":"Sentry and Sphere","floor":28,"turns":5},{"damage":15,"enemies":"Snecko","floor":29,"turns":3},{"damage":22,"enemies":"3 Cultists","floor":31,"turns":3},{"damage":37,"enemies":"Chosen and Byrds","floor":32,"turns":3},{"damage":102,"enemies":"downfall:Watcher","floor":33,"turns":6},{"damage":75,"enemies":"Nightmare","floor":36,"turns":6},{"damage":12,"enemies":"Orb Walker","floor":37,"turns":2},{"damage":22,"enemies":"3 Darklings","floor":39,"turns":5},{"damage":32,"enemies":"downfall:FleeingMerchant","floor":42,"turns":3},{"damage":0,"enemies":"Reptomancer","floor":44,"turns":1},{"damage":15,"enemies":"Maw","floor":45,"turns":4},{"damage":11,"enemies":"Writhing Mass","floor":46,"turns":3},{"damage":28,"enemies":"Jaw Worm Horde","floor":47,"turns":2},{"damage":16,"enemies":"Spire Growth","floor":49,"turns":2},{"damage":33,"enemies":"downfall:Silent","floor":50,"turns":3}],"seed_played":"8153082436617600320","potions_obtained":[{"floor":2,"key":"Block Potion"},{"floor":5,"key":"BlessingOfTheForge"},{"floor":16,"key":"blueLaboratory:LouseDecoction"},{"floor":19,"key":"Elixir"},{"floor":20,"key":"DemoMod:LeadSkinPotion"},{"floor":27,"key":"champ:OpenerPotion"},{"floor":28,"key":"SpeedPotion"},{"floor":31,"key":"Swift Potion"},{"floor":37,"key":"Block Potion"},{"floor":39,"key":"blueLaboratory:NullPotion"},{"floor":47,"key":"blueLaboratory:SavagePotion"},{"floor":49,"key":"Languid Potion"}],"is_trial":false,"path_per_floor":["R","E","$","M","M","$","T","R","E","R","M","M","?","?","M","B",null,"R","M","E","M","E","M","T","?","R","M","M","M","?","M","M","B",null,"R","NM","M","R","M","?","T","$","R","E","M","M","M","?","M","B",null],"character_chosen":"THE_CHAMP","items_purchased":["Chemical X","champ:Improvising","champ:FlashCut","champ:FocusedGladiator","champ:Haymaker","StuffTheSpire:Wildfire","Potion Belt","Ring of Chaos","infinitespire:BottledMercury","Iron Hammer","jedi:StrikingPotion","champ:TechniquePotion"],"campfire_rested":0,"item_purchase_floors":[3,3,3,6,6,42,42,42,42,42,42,42],"current_hp_per_floor":[90,90,90,90,85,85,85,85,89,89,89,72,72,72,53,49,90,90,90,90,90,90,90,90,90,100,100,84,76,76,98,79,33,100,100,84,82,82,100,100,100,98,98,98,86,89,88,88,72,85],"gold":6291,"neow_bonus":"THREE_ENEMY_KILL","is_daily":false,"chose_seed":false,"campfire_upgraded":6,"win_rate":0.0,"timestamp":1607849713,"path_taken":["R","E","$","M","M","$","T","R","E","R","?","M","?","?","M","BOSS","R","M","E","?","E","M","T","?","R","M","M","?","?","M","M","BOSS","R","NM","M","R","M","?","T","$","R","E","M","M","M","?","M","BOSS"],"items_purchased_type":["Relic","Card","Card","Card","Card","Relic","Relic","Relic","Relic","Relic","Potion","Potion"],"build_version":"2020-11-30","purchased_purges":5,"victory":true,"max_hp_per_floor":[90,90,90,90,90,90,90,90,90,90,90,90,90,90,90,90,90,90,90,90,90,90,90,90,90,100,100,100,100,100,100,100,100,100,100,100,100,100,100,100,100,100,100,100,100,100,100,100,100,100],"card_choices":[{"not_picked":["champ:Duel","champ:TornadoPunch"],"picked":"champ:GladiatorStyle","floor":2},{"not_picked":["champ:HoldFirm","champ:GutPunch"],"picked":"champ:BladeFlurry","floor":3},{"not_picked":["champ:FocusedBerserking","champ:FightOn"],"picked":"champ:GladiatorStyle","floor":4},{"not_picked":["champ:Lariat","champ:FlashCut"],"picked":"champ:ShieldWall","floor":5},{"not_picked":["champ:RisingSlash","champ:Encircle"],"picked":"champ:CrownThrow","floor":6},{"not_picked":["champ:DefensiveShout","champ:FanOfKnives"],"picked":"champ:AdrenalArmor","floor":9},{"not_picked":["champ:Duel","champ:FlashCut","champ:Haymaker"],"picked":"SKIP","floor":11},{"not_picked":["champ:BerserkersShout","champ:StanceDance"],"picked":"champ:PreciseThrust","floor":12},{"not_picked":[],"picked":"wanderingMiniBosses:FinaleOfPromise","floor":15},{"not_picked":["champ:Lariat","champ:AdrenalArmor","champ:Encircle"],"picked":"SKIP","floor":15},{"not_picked":["champ:LastStand","champ:SteelEdge"],"picked":"champ:VampiricStrike","floor":16},{"not_picked":["champ:Backstep","champ:Circumvent"],"picked":"champ:ArenaPreparation","floor":19},{"not_picked":["champ:DefensiveStyle","champ:RisingSlash"],"picked":"champ:EndlessRage","floor":20},{"not_picked":[],"picked":"champ:FanOfKnives","floor":21},{"not_picked":[],"picked":"champ:PreciseThrust","floor":22},{"not_picked":["champ:GladiatorsShout"],"picked":"SKIP","floor":23},{"not_picked":["champ:CrookedStrike"],"picked":"SKIP","floor":27},{"not_picked":["champ:RapidStrikes"],"picked":"SKIP","floor":28},{"not_picked":["champ:BringItOn"],"picked":"SKIP","floor":29},{"not_picked":["champ:TornadoPunch"],"picked":"SKIP","floor":31},{"not_picked":["champ:Backstep"],"picked":"SKIP","floor":32},{"not_picked":[],"picked":"champ:BladeFlurry","floor":36},{"not_picked":["champ:Haymaker"],"picked":"SKIP","floor":37},{"not_picked":["champ:Duel+1"],"picked":"SKIP","floor":39},{"not_picked":[],"picked":"champ:StanceDance+1","floor":42},{"not_picked":["champ:FocusedDefense"],"picked":"SKIP","floor":44},{"not_picked":["champ:BerserkersShout+1"],"picked":"SKIP","floor":45},{"not_picked":[],"picked":"champ:CrookedStrike","floor":46},{"not_picked":["champ:Haymaker"],"picked":"SKIP","floor":47},{"not_picked":[],"picked":"champ:Encircle+1","floor":49}],"player_experience":849803,"relics_obtained":[{"floor":1,"key":"Akabeko"},{"floor":2,"key":"ReplayTheSpireMod:TigerMarble"},{"floor":7,"key":"Vajra"},{"floor":9,"key":"Kunai"},{"floor":14,"key":"ReplayTheSpireMod:Ring of Exchange"},{"floor":14,"key":"Ring of Fury"},{"floor":15,"key":"wanderingMiniBosses:Blackblade"},{"floor":20,"key":"conspire:BottledYoYo"},{"floor":22,"key":"infinitespire:Bottled Soul"},{"floor":24,"key":"Ring of Hypnosis"},{"floor":31,"key":"War Paint"},{"floor":36,"key":"vexMod:FocusSash"},{"floor":36,"key":"jedi:cryingmask"},{"floor":41,"key":"Ring of Searing"},{"floor":41,"key":"Whetstone"},{"floor":44,"key":"MealTicket"}],"event_choices":[{"damage_healed":0,"gold_gain":0,"player_choice":"Rummage","damage_taken":0,"relics_obtained":["WarpedTongs"],"max_hp_gain":0,"max_hp_loss":0,"event_name":"Accursed Blacksmith","floor":13,"gold_loss":0,"cards_obtained":["Pain"]},{"damage_healed":0,"gold_gain":0,"player_choice":"Leave","damage_taken":0,"max_hp_gain":0,"max_hp_loss":0,"event_name":"conspire:Investor","floor":30,"gold_loss":0},{"cards_removed":["champ:ArenaPreparation"],"damage_healed":0,"gold_gain":0,"player_choice":"Removed Skill","damage_taken":0,"max_hp_gain":0,"max_hp_loss":0,"event_name":"Falling","floor":40,"gold_loss":0}],"is_beta":false,"boss_relics":[{"not_picked":["hubris:RunicObelisk","Replay:Drink Me"],"picked":"vexMod:MysteryBossChallenge"},{"not_picked":["ReplayTheSpireMod:DimensionalGlitch","hubris:HerbalPaste"],"picked":"SlaversCollar"}],"items_purged_floors":[3,6,6,42,42],"is_endless":false,"potions_floor_spawned":[2,5,16,19,20,27,28,31,37,39,44,47,49],"ascension_level":0}}