{"host":"t7mx8yfj1no5p62f","time":1607829400,"event":{"mods":["BaseMod","Colored Map","Colored Powertips","Minty Spire (QoL Compilation)","Relic Stats","StSLib"],"gold_per_floor":[113,125,137,149,149,149,149,149],"floor_reached":7,"playtime":227,"items_purged":[],"score":86,"play_id":"7d03292f-cdd5-4bba-876b-041b74c4ac0a","local_time":"20201212221640","is_ascension_mode":true,"campfire_choices":[{"data":"Dagger Spray","floor":6,"key":"SMITH"}],"circlet_count":0,"master_deck":["AscendersBane","Strike_G","Strike_G","Strike_G","Strike_G","Strike_G","Defend_G","Defend_G","Defend_G","Defend_G","Defend_G","Survivor","Neutralize","CurseOfTheBell","Noxious Fumes","Deadly Poison","Quick Slash","Dagger Spray+1"],"relics":["Calling Bell","Art of War","The Courier","Bird Faced Urn","Letter Opener"],"acts_visited":["Exordium"],"potions_floor_usage":[7],"damage_taken":[{"damage":3,"enemies":"Cultist","floor":1,"turns":4},{"damage":7,"enemies":"Small Slimes","floor":2,"turns":5},{"damage":2,"enemies":"Jaw Worm","floor":3,"turns":5},{"damage":7,"enemies":"3 Louse","floor":4,"turns":5},{"damage":56,"enemies":"Gremlin Nob","floor":7,"turns":4}],"seed_played":"-5521659214497745413","potions_obtained":[{"floor":2,"key":"DuplicationPotion"}],"is_trial":false,"path_per_floor":["M","M","M","M","T","R","E"],"character_chosen":"THE_SILENT","items_purchased":[],"campfire_rested":0,"item_purchase_floors":[],"current_hp_per_floor":[56,51,51,46,46,46,0,0],"gold":149,"neow_bonus":"BOSS_RELIC","is_daily":false,"chose_seed":false,"campfire_upgraded":1,"win_rate":0.0,"timestamp":1607829400,"path_taken":["M","M","?","M","?","R","E"],"items_purchased_type":[],"build_version":"2020-11-30","purchased_purges":0,"victory":false,"max_hp_per_floor":[66,66,66,66,66,66,66,66],"relic_stats":{"counters":[5,23],"Bird Faced Urn":[8],"Art of War":[2],"Letter Opener":[0],"obtain_stats":[{"Calling Bell":0,"Bird Faced Urn":0,"The Courier":0,"Art of War":0,"Letter Opener":5,"Ring of the Snake":0},{"Calling Bell":0,"Bird Faced Urn":0,"The Courier":0,"Art of War":0,"Letter Opener":4,"Ring of the Snake":0},{"Calling Bell":0,"Bird Faced Urn":0,"The Courier":0,"Art of War":0,"Letter Opener":19,"Ring of the Snake":0}]},"card_choices":[{"not_picked":["Infinite Blades","Blade Dance"],"picked":"Noxious Fumes","floor":1},{"not_picked":["Deflect","Storm of Steel"],"picked":"Deadly Poison","floor":2},{"not_picked":["Outmaneuver","Prepared"],"picked":"Quick Slash","floor":3},{"not_picked":["Caltrops","Sucker Punch"],"picked":"Dagger Spray","floor":4}],"player_experience":1538002,"relics_obtained":[{"floor":0,"key":"Art of War"},{"floor":0,"key":"The Courier"},{"floor":0,"key":"Bird Faced Urn"},{"floor":5,"key":"Letter Opener"}],"event_choices":[],"is_beta":false,"boss_relics":[],"items_purged_floors":[],"is_endless":false,"potions_floor_spawned":[2],"killed_by":"Gremlin Nob","ascension_level":20}}