{"host":"ow9msrs9p2ctkx99","time":1607826945,"event":{"mods":["AchievementEnabler","BaseMod","Colored Map","Colored Powertips","Minty Spire (QoL Compilation)","Permanent Neow","Quick Restart","SuperFastMode"],"gold_per_floor":[15,27,27,27,43,78,78,94,144,155,430,47,64,239,239,342,342,361,460,460,473,491,491,521,539,611,627,659,92,107,32,32,136,136,153,200,1199,1219,1237,1237,1257,1283,1283,1309,878,889,889,908,908,908,908,908,11,41,41],"floor_reached":56,"playtime":1732,"items_purged":["Regret","Normality","Normality"],"score":1718,"play_id":"7e04dfcd-5dad-4954-bf8e-6f998fae9585","local_time":"20201213033545","is_ascension_mode":true,"campfire_choices":[{"data":"Electrodynamics","floor":7.0,"key":"SMITH"},{"data":"Tempest","floor":15.0,"key":"SMITH"},{"data":"Coolheaded","floor":23.0,"key":"SMITH"},{"data":"Rainbow","floor":32.0,"key":"SMITH"},{"data":"Seek","floor":40.0,"key":"SMITH"},{"floor":47.0,"key":"RECALL"},{"data":"Consume","floor":49.0,"key":"SMITH"},{"data":"Multi-Cast","floor":52.0,"key":"SMITH"}],"circlet_count":0,"master_deck":["Defend_B","Defend_B","Defend_B","Defend_B","Dualcast","Electrodynamics+1","Tempest+1","Coolheaded+1","Capacitor+1","Amplify","Self Repair+1","Skim","Loop+1","Biased Cognition+1","Leap+1","Chaos+1","Fission+1","Barrage","Defragment+1","Undo+1","Melter","Glacier","Coolheaded+1","Compile Driver","Steam","Rainbow+1","Seek+1","Coolheaded+1","Creative AI+1","Consume+1","Steam Power","Steam+1","Redo+1","Sunder+1","Loop+1","Multi-Cast+1","Turbo+1","Hologram+1","Static Discharge+1","Discovery","Conserve Battery","Glacier+1"],"relics":["FrozenCore","Frozen Egg 2","Anchor","Pantograph","Astrolabe","Kunai","Blue Candle","Gremlin Horn","Ice Cream","Toolbox","Bird Faced Urn","Sundial","Bottled Lightning","Akabeko","Lee\u0027s Waffle","Bag of Preparation","Bottled Tornado","Medical Kit","Cables"],"acts_visited":["Exordium","TheCity","TheBeyond","TheEnding"],"potions_floor_usage":[55,55,55],"damage_taken":[{"damage":7.0,"enemies":"Jaw Worm","floor":1.0,"turns":3.0},{"damage":0.0,"enemies":"2 Louse","floor":2.0,"turns":2.0},{"damage":6.0,"enemies":"Cultist","floor":5.0,"turns":3.0},{"damage":20.0,"enemies":"Gremlin Nob","floor":6.0,"turns":4.0},{"damage":1.0,"enemies":"Exordium Wildlife","floor":8.0,"turns":4.0},{"damage":6.0,"enemies":"Exordium Thugs","floor":10.0,"turns":3.0},{"damage":25.0,"enemies":"Gremlin Gang","floor":13.0,"turns":4.0},{"damage":36.0,"enemies":"Slime Boss","floor":16.0,"turns":7.0},{"damage":0.0,"enemies":"Chosen","floor":18.0,"turns":3.0},{"damage":22.0,"enemies":"2 Thieves","floor":21.0,"turns":3.0},{"damage":12.0,"enemies":"Chosen and Byrds","floor":22.0,"turns":3.0},{"damage":8.0,"enemies":"Gremlin Leader","floor":24.0,"turns":5.0},{"damage":15.0,"enemies":"Centurion and Healer","floor":25.0,"turns":3.0},{"damage":0.0,"enemies":"Snake Plant","floor":27.0,"turns":2.0},{"damage":6.0,"enemies":"Book of Stabbing","floor":28.0,"turns":8.0},{"damage":0.0,"enemies":"Snecko","floor":30.0,"turns":5.0},{"damage":3.0,"enemies":"Automaton","floor":33.0,"turns":7.0},{"damage":0.0,"enemies":"Orb Walker","floor":35.0,"turns":6.0},{"damage":10.0,"enemies":"2 Orb Walkers","floor":36.0,"turns":3.0},{"damage":9.0,"enemies":"3 Darklings","floor":38.0,"turns":5.0},{"damage":17.0,"enemies":"Sphere and 2 Shapes","floor":39.0,"turns":4.0},{"damage":3.0,"enemies":"Jaw Worm Horde","floor":41.0,"turns":4.0},{"damage":18.0,"enemies":"Nemesis","floor":42.0,"turns":7.0},{"damage":50.0,"enemies":"Reptomancer","floor":44.0,"turns":5.0},{"damage":25.0,"enemies":"Transient","floor":46.0,"turns":5.0},{"damage":30.0,"enemies":"Writhing Mass","floor":48.0,"turns":6.0},{"damage":56.0,"enemies":"Awakened One","floor":50.0,"turns":19.0},{"damage":45.0,"enemies":"Shield and Spear","floor":54.0,"turns":5.0},{"damage":83,"enemies":"The Heart","floor":55,"turns":10}],"seed_played":"-1150237460375087024","potions_obtained":[{"floor":1.0,"key":"Explosive Potion"},{"floor":2.0,"key":"AttackPotion"},{"floor":5.0,"key":"Swift Potion"},{"floor":16.0,"key":"AttackPotion"},{"floor":24.0,"key":"FearPotion"},{"floor":27.0,"key":"PowerPotion"},{"floor":28.0,"key":"DistilledChaos"},{"floor":36.0,"key":"DuplicationPotion"},{"floor":38.0,"key":"DuplicationPotion"}],"is_trial":false,"path_per_floor":["M","M","?","?","M","E","R","M","T","M","?","$","M","?","R","B",null,"M","?","?","M","M","R","E","M","T","M","E","$","M","?","R","B",null,"M","?","?","M","M","R","M","E","T","E","$","M","R","M","R","B",null,"R","$","E","B",null],"character_chosen":"DEFECT","items_purchased":["Loop+1","Pantograph","Ice Cream","Steam","Rainbow","Toolbox","Lee\u0027s Waffle","Loop+1","Multi-Cast","Bag of Preparation","Bottled Tornado","Static Discharge+1","Medical Kit","Discovery","Conserve Battery"],"campfire_rested":0,"item_purchase_floors":[12,12,29,29,29,29,45,45,45,53,53,53,53,53,53],"current_hp_per_floor":[61,61,61,61,55,35,35,34,34,28,28,28,13,13,13,12,59,59,59,59,47,45,45,47,32,32,42,46,46,56,56,56,75,75,75,65,65,72,75,75,75,75,75,44,82,79,79,68,68,46,73,73,73,54,27],"gold":41,"neow_bonus":"THREE_RARE_CARDS","is_daily":false,"chose_seed":false,"campfire_upgraded":7,"win_rate":0.0,"timestamp":1607826945,"path_taken":["M","M","?","?","M","E","R","M","T","?","?","?","?","?","R","BOSS","M","?","?","M","M","R","E","?","T","M","E","$","M","?","R","BOSS","M","?","?","M","M","R","M","E","T","E","$","M","R","M","R","BOSS","R","$","E","BOSS"],"items_purchased_type":["Card","Relic","Relic","Card","Card","Relic","Relic","Card","Card","Relic","Relic","Card","Relic","Card","Card"],"build_version":"2020-11-30","purchased_purges":3,"victory":true,"max_hp_per_floor":[75,75,75,75,75,75,75,75,75,75,75,75,75,75,75,75,75,75,75,75,75,75,75,75,75,75,75,75,75,75,75,75,75,75,75,75,75,75,75,75,75,75,75,75,82,82,82,82,82,82,82,82,82,82,82],"card_choices":[{"not_picked":["Rainbow","Reboot"],"picked":"Electrodynamics","floor":0.0},{"not_picked":["Coolheaded","Self Repair"],"picked":"Tempest","floor":1.0},{"not_picked":["Redo","Beam Cell"],"picked":"Coolheaded","floor":2.0},{"not_picked":["Rebound","Streamline"],"picked":"Capacitor+1","floor":5.0},{"not_picked":["Redo","Conserve Battery"],"picked":"Amplify","floor":6.0},{"not_picked":["Sweeping Beam","Cold Snap"],"picked":"Self Repair+1","floor":8.0},{"not_picked":["Cold Snap","Chill"],"picked":"Skim","floor":10.0},{"not_picked":["Beam Cell","Gash","Loop+1"],"picked":"SKIP","floor":13.0},{"not_picked":["Amplify","Meteor Strike"],"picked":"Biased Cognition+1","floor":16.0},{"not_picked":["Skim+1","BootSequence"],"picked":"Barrage","floor":18.0},{"not_picked":["FTL","Steam"],"picked":"Defragment+1","floor":21.0},{"not_picked":["Auto Shields+1","Blizzard"],"picked":"Undo+1","floor":22.0},{"not_picked":["Rebound","Compile Driver"],"picked":"Melter","floor":24.0},{"not_picked":["Go for the Eyes","Rebound"],"picked":"Glacier","floor":25.0},{"not_picked":["Chaos","Redo"],"picked":"Coolheaded+1","floor":27.0},{"not_picked":["Redo","BootSequence"],"picked":"Compile Driver","floor":28.0},{"not_picked":["Static Discharge+1","Redo","Loop+1"],"picked":"SKIP","floor":30.0},{"not_picked":["Thunder Strike","Multi-Cast"],"picked":"Seek","floor":33.0},{"not_picked":["Go for the Eyes","Cold Snap"],"picked":"Coolheaded+1","floor":35.0},{"not_picked":["Leap+1","Redo+1"],"picked":"Creative AI+1","floor":36.0},{"not_picked":["Turbo","Conserve Battery"],"picked":"Consume","floor":38.0},{"not_picked":["Turbo","Gash+1"],"picked":"Steam Power","floor":39.0},{"not_picked":["Redo","Go for the Eyes+1"],"picked":"Steam+1","floor":41.0},{"not_picked":["Rip and Tear","Conserve Battery+1"],"picked":"Redo+1","floor":42.0},{"not_picked":["Rebound+1","Barrage+1"],"picked":"Sunder+1","floor":44.0},{"not_picked":["Conserve Battery+1","Cold Snap+1"],"picked":"Turbo+1","floor":46.0},{"not_picked":["Skim","Redo+1"],"picked":"Hologram+1","floor":48.0},{"not_picked":["Chaos","Consume"],"picked":"Glacier+1","floor":54.0}],"player_experience":978952,"relics_obtained":[{"floor":6.0,"key":"Anchor"},{"floor":24.0,"key":"Kunai"},{"floor":26.0,"key":"Blue Candle"},{"floor":28.0,"key":"Gremlin Horn"},{"floor":36.0,"key":"Bird Faced Urn"},{"floor":42.0,"key":"Sundial"},{"floor":43.0,"key":"Bottled Lightning"},{"floor":44.0,"key":"Akabeko"},{"floor":54.0,"key":"Cables"}],"event_choices":[{"cards_removed":["Strike_B"],"damage_healed":0.0,"max_hp_gain":0.0,"max_hp_loss":0.0,"gold_gain":0.0,"event_name":"Living Wall","player_choice":"Forget","floor":3.0,"gold_loss":0.0,"damage_taken":0.0},{"damage_healed":0.0,"max_hp_gain":0.0,"max_hp_loss":0.0,"gold_gain":0.0,"event_name":"WeMeetAgain","player_choice":"Gave Potion","floor":4.0,"gold_loss":0.0,"damage_taken":0.0,"relics_obtained":["Frozen Egg 2"]},{"damage_healed":0.0,"max_hp_gain":0.0,"max_hp_loss":0.0,"gold_gain":275.0,"event_name":"Golden Shrine","player_choice":"Desecrate","floor":11.0,"gold_loss":0.0,"damage_taken":0.0,"cards_obtained":["Regret"]},{"damage_healed":0.0,"max_hp_gain":0.0,"max_hp_loss":0.0,"gold_gain":175.0,"event_name":"Liars Game","player_choice":"AGREE","floor":14.0,"gold_loss":0.0,"damage_taken":0.0,"cards_obtained":["Doubt"]},{"damage_healed":0.0,"max_hp_gain":0.0,"max_hp_loss":0.0,"gold_gain":99.0,"event_name":"Nest","player_choice":"Stole From Cult","floor":19.0,"gold_loss":0.0,"damage_taken":0.0},{"cards_removed":["Doubt"],"damage_healed":0.0,"max_hp_gain":0.0,"max_hp_loss":0.0,"gold_gain":0.0,"event_name":"Fountain of Cleansing","player_choice":"Removed Curses","floor":20.0,"gold_loss":0.0,"damage_taken":0.0},{"cards_removed":["Zap"],"damage_healed":0.0,"max_hp_gain":0.0,"max_hp_loss":0.0,"gold_gain":0.0,"event_name":"Beggar","player_choice":"Gave Gold","floor":31.0,"gold_loss":75.0,"damage_taken":0.0},{"damage_healed":0.0,"max_hp_gain":0.0,"max_hp_loss":0.0,"gold_gain":0.0,"event_name":"Mysterious Sphere","player_choice":"Fight","floor":36.0,"gold_loss":0.0,"damage_taken":0.0},{"damage_healed":0.0,"max_hp_gain":0.0,"max_hp_loss":0.0,"gold_gain":999.0,"event_name":"MindBloom","player_choice":"Gold","floor":37.0,"gold_loss":0.0,"damage_taken":0.0,"cards_obtained":["Normality","Normality"]}],"is_beta":false,"boss_relics":[{"not_picked":["SacredBark","Cursed Key"],"picked":"Astrolabe"},{"not_picked":["Calling Bell","Empty Cage"],"picked":"FrozenCore"}],"items_purged_floors":[12,45,53],"is_endless":false,"potions_floor_spawned":[1,2,5,16,24,27,28,36,38,48],"ascension_level":9}}