{"host":"5pvsezzv96u4cz40","time":1607867187,"event":{"mods":["Act Like it!","BaseMod","BetterRewards","CapriCore","Colored Map","Colored Powertips","GifTheSpireLib","Hubris","Menagerie","Minty Spire (QoL Compilation)","Remilia??????","Replay The Spire","Shop Mod","StSLib","Steal the Spire","The Blue Laboratory","The Wild Card","??????REMEMod"],"gold_per_floor":[115,130,130,147,45,45,57,57,82,100,100,100,132,148,148,249,249,259,259,7,7,7,7,34,0,24,24,44,58,58,58,58,153,153,171,171,183,200,2,2,18,18,67,67,102,114,114,114,114,114],"floor_reached":51,"playtime":5719,"items_purged":[],"score":518,"play_id":"c74d5828-a760-4b02-9cd3-ec4d7d581a77","local_time":"20201213144627","is_ascension_mode":false,"campfire_choices":[{"data":"Menagerie:LightningHelix","floor":6,"key":"SMITH"},{"data":"theWildCard:BasicDefend","floor":8,"key":"SMITH"},{"data":"theWildCard:IdentityTheft","floor":12,"key":"SMITH"},{"floor":15,"key":"REST"},{"floor":23,"key":"REST"},{"floor":27,"key":"REST"},{"data":"theWildCard:Impatience","floor":30,"key":"SMITH"},{"floor":32,"key":"REST"},{"floor":40,"key":"REST"},{"floor":42,"key":"REST"},{"floor":44,"key":"REST"},{"data":"theWildCard:TheUniverse","floor":47,"key":"SMITH"},{"data":"theWildCard:TheUniverse","floor":49,"key":"SMITH"}],"circlet_count":0,"master_deck":["theWildCard:BasicStrike","theWildCard:BasicStrike","theWildCard:BasicStrike","theWildCard:BasicDefend","theWildCard:BasicDefend","theWildCard:BasicDefend","theWildCard:BasicDefend+1","theWildCard:Arsene","theWildCard:IdentityTheft+1","Seek","theWildCard:StingingStrike","Menagerie:LightningHelix+1","theWildCard:CryOfAgony","theWildCard:Loki","theWildCard:Loki","theWildCard:Metatron","theWildCard:Salvation","Menagerie:MirarisWake","theWildCard:BladeOfGenerations","theWildCard:Deicide","theWildCard:IdentityTheft","RitualDagger","theWildCard:Polydeuces","theWildCard:Impatience+1","theWildCard:Impatience+1","theWildCard:Patience","theWildCard:ArchaicAssault","theWildCard:PaleRider","theWildCard:MaskChange+1","theWildCard:TheUniverse+1","theWildCard:TheUniverse+1","theWildCard:Michael+1"],"relics":["theWildCard:VelvetContract","REME_ComplimentaryCards","NeowsBlessing","Happy Flower","hubris:SlimyHat","Runic Pyramid","Blue Doll","Ornamental Fan","Blood Vial","Ancient Tea Set","hubris:Towel"],"acts_visited":["Menagerie:Menagerie","TheCity","TheBeyond"],"potions_floor_usage":[16,20,24,24,35,37,45,45,50],"damage_taken":[{"damage":0,"enemies":"Menagerie:2_RABBITS","floor":1,"turns":2},{"damage":0,"enemies":"Menagerie:WhisperingWraith","floor":2,"turns":1},{"damage":0,"enemies":"Menagerie:StygianBoar","floor":4,"turns":1},{"damage":4,"enemies":"Menagerie:MENAGERIE_WILDLIFE","floor":7,"turns":3},{"damage":6,"enemies":"Menagerie:EntropyWarlock","floor":10,"turns":4},{"damage":12,"enemies":"Menagerie:VoidReaper","floor":13,"turns":6},{"damage":3,"enemies":"Menagerie:DREAD_MOTH_AND_GRAFTED_WORMS","floor":14,"turns":1},{"damage":45,"enemies":"Menagerie:Suneater","floor":16,"turns":6},{"damage":7,"enemies":"2 Thieves","floor":18,"turns":2},{"damage":12,"enemies":"Replay:Snechameleon","floor":24,"turns":9},{"damage":2,"enemies":"Shell Parasite","floor":28,"turns":7},{"damage":17,"enemies":"Snake Plant","floor":29,"turns":5},{"damage":15,"enemies":"Champ","floor":33,"turns":6},{"damage":12,"enemies":"Orb Walker","floor":35,"turns":5},{"damage":26,"enemies":"3 Darklings","floor":37,"turns":4},{"damage":10,"enemies":"Spire Growth","floor":38,"turns":5},{"damage":55,"enemies":"Jaw Worm Horde","floor":41,"turns":5},{"damage":6,"enemies":"Reptomancer","floor":45,"turns":5},{"damage":0,"enemies":"Maw","floor":46,"turns":4},{"damage":14,"enemies":"Replay:Hell Engine","floor":50,"turns":5}],"seed_played":"6929216519171903586","potions_obtained":[{"floor":7,"key":"Dexterity Potion"},{"floor":14,"key":"blueLaboratory:AbyssPotion"},{"floor":18,"key":"Explosive Potion"},{"floor":24,"key":"blueLaboratory:BottleOfRum"},{"floor":35,"key":"blueLaboratory:FrostheartPotion"},{"floor":45,"key":"blueLaboratory:PhilterOfMotion"}],"is_trial":false,"path_per_floor":["M","M","?","M","$","R","M","R","T","M","?","R","E","M","R","B",null,"M","?","$","?","?","R","E","?","T","R","M","M","R","$","R","B",null,"M","?","M","M","$","R","M","R","T","R","E","M","R","?","R","B",null],"character_chosen":"THE_WILD_CARD","items_purchased":["theWildCard:Loki","SteroidPotion","Blue Doll","Fruit Juice","theWildCard:TheUniverse","SteroidPotion","Strength Potion"],"campfire_rested":7,"item_purchase_floors":[5,5,20,20,39,39,39],"current_hp_per_floor":[60,60,60,60,60,60,58,58,58,52,52,52,45,42,60,18,60,53,47,52,52,41,62,55,55,55,70,70,58,58,58,70,58,70,63,63,44,41,41,62,14,35,35,56,57,64,64,64,64,56],"gold":114,"neow_bonus":"THREE_ENEMY_KILL","is_daily":false,"chose_seed":false,"campfire_upgraded":6,"win_rate":0.0,"timestamp":1607867187,"path_taken":["M","M","?","M","$","R","M","R","T","M","?","R","E","M","R","BOSS","M","?","$","?","?","R","E","?","T","R","M","M","R","$","R","BOSS","M","?","M","?","$","R","?","R","T","R","E","M","R","?","R","BOSS"],"items_purchased_type":["Card","Potion","Relic","Potion","Card","Potion","Potion"],"build_version":"2020-11-30","purchased_purges":0,"victory":true,"max_hp_per_floor":[60,60,60,60,60,60,60,60,60,60,60,60,60,60,60,60,60,60,60,65,65,70,70,70,70,70,70,70,70,70,70,70,70,70,70,70,70,70,70,70,70,70,70,70,70,70,70,70,70,70],"card_choices":[{"not_picked":["theWildCard:StingingStrike","theWildCard:Patience"],"picked":"theWildCard:IdentityTheft","floor":1},{"not_picked":["theWildCard:ArcaneArts","theWildCard:SacrificialStroke"],"picked":"theWildCard:StingingStrike","floor":2},{"not_picked":["Menagerie:Foresee","Menagerie:CrumblingSanctuary"],"picked":"Menagerie:LightningHelix","floor":3},{"not_picked":["theWildCard:ArcaneArts","theWildCard:Patience"],"picked":"theWildCard:CryOfAgony","floor":4},{"not_picked":["theWildCard:Loki","theWildCard:PaleRider"],"picked":"theWildCard:Metatron","floor":7},{"not_picked":["theWildCard:Sakuya","theWildCard:UnderLockAndKey"],"picked":"theWildCard:Salvation","floor":10},{"not_picked":["theWildCard:Attunement","theWildCard:Patience"],"picked":"theWildCard:BladeOfGenerations","floor":13},{"not_picked":["theWildCard:MagicalMight","theWildCard:SeveringSlash","theWildCard:Amaterasu"],"picked":"SKIP","floor":14},{"not_picked":["theWildCard:Thanatos","theWildCard:Desolation"],"picked":"theWildCard:Deicide","floor":16},{"not_picked":["theWildCard:ArcaneArts+1","theWildCard:StingingStrike"],"picked":"theWildCard:IdentityTheft","floor":18},{"not_picked":["theWildCard:Scathach+1","theWildCard:ArcaneArts+1"],"picked":"theWildCard:Polydeuces","floor":24},{"not_picked":["theWildCard:Proficiency","theWildCard:LadyLuck+1"],"picked":"theWildCard:Impatience+1","floor":28},{"not_picked":["theWildCard:CryOfAgony","theWildCard:IdentityTheft"],"picked":"theWildCard:Impatience","floor":29},{"not_picked":["theWildCard:StingingStrike","theWildCard:SacrificialStroke"],"picked":"theWildCard:Patience","floor":35},{"not_picked":["theWildCard:ArcanaArtistry","theWildCard:IdentityTheft"],"picked":"theWildCard:PaleRider","floor":37},{"not_picked":["theWildCard:SeveringSlash","theWildCard:MagicMettle"],"picked":"theWildCard:MaskChange+1","floor":38},{"not_picked":["theWildCard:EnergizedStroke+1","theWildCard:MagicalMight","theWildCard:ArcaneArts+1"],"picked":"SKIP","floor":41},{"not_picked":["theWildCard:TheGreatSeal","theWildCard:ChangingDestiny"],"picked":"theWildCard:Michael+1","floor":45},{"not_picked":["theWildCard:ArcanaArtistry+1","theWildCard:SeveringSlash","theWildCard:Proficiency"],"picked":"SKIP","floor":46}],"player_experience":68439,"relics_obtained":[{"floor":9,"key":"Happy Flower"},{"floor":13,"key":"hubris:SlimyHat"},{"floor":24,"key":"Ornamental Fan"},{"floor":26,"key":"Blood Vial"},{"floor":45,"key":"Ancient Tea Set"}],"event_choices":[{"damage_healed":0,"gold_gain":0,"player_choice":"Peek","damage_taken":0,"max_hp_gain":0,"max_hp_loss":0,"event_name":"Menagerie:OvergrownLibrary","floor":3,"gold_loss":0},{"damage_healed":0,"gold_gain":0,"cards_transformed":["theWildCard:CallToAdventure"],"player_choice":"Grasp","damage_taken":0,"max_hp_gain":0,"max_hp_loss":0,"event_name":"Menagerie:MagesHand","floor":11,"gold_loss":0,"cards_obtained":["Menagerie:MirarisWake"]},{"damage_healed":0,"gold_gain":0,"player_choice":"Joined the Cult","damage_taken":6,"max_hp_gain":0,"max_hp_loss":0,"event_name":"Nest","floor":19,"gold_loss":0,"cards_obtained":["RitualDagger"]},{"damage_healed":0,"gold_gain":0,"player_choice":"Ignored","damage_taken":0,"max_hp_gain":0,"max_hp_loss":0,"event_name":"Ghosts","floor":21,"gold_loss":0},{"damage_healed":0,"gold_gain":0,"player_choice":"Shed Blood","damage_taken":16,"max_hp_gain":5,"max_hp_loss":0,"event_name":"Forgotten Altar","floor":22,"gold_loss":0},{"damage_healed":0,"gold_gain":0,"player_choice":"Paid Fearfully","damage_taken":0,"max_hp_gain":0,"max_hp_loss":0,"event_name":"Masked Bandits","floor":25,"gold_loss":34},{"damage_healed":0,"gold_gain":0,"cards_transformed":["theWildCard:BasicStrike"],"player_choice":"Transformed","damage_taken":0,"max_hp_gain":0,"max_hp_loss":0,"event_name":"Transmorgrifier","floor":36,"gold_loss":0,"cards_obtained":["theWildCard:ArchaicAssault"]}],"is_beta":false,"boss_relics":[{"not_picked":["hubris:BlackHole","Replay:Grab Bag"],"picked":"Runic Pyramid"},{"not_picked":["ChewingGum","Velvet Choker","Replay:Drink Me"]}],"items_purged_floors":[],"is_endless":false,"potions_floor_spawned":[7,14,18,24,35,45],"ascension_level":0}}