{"host":"s41rn2jhghpwfrvz","time":1607886280,"event":{"mods":["BaseMod","Minty Spire (QoL Compilation)","Quick Restart","Relic Stats","SuperFastMode"],"gold_per_floor":[118,43,93,104,120,153,153,179,179,179,209,235,250,270,270,347,347,362,374,117,149,160,160,190,240,240,255,161,195,195,195,195,271,271,285,127,127,146,36,36,69,69,69,94,94,125,60,90,90,90,90,90,90,15,44,44],"floor_reached":57,"playtime":2604,"items_purged":["Metallicize","Well Laid Plans","Skewer+1","LessonLearned+1"],"score":3729,"play_id":"61dad741-db66-4849-b28f-dc9e17d825c0","local_time":"20201213210440","daily_mods":["SealedDeck","Diverse","DeadlyEvents"],"is_ascension_mode":true,"campfire_choices":[{"data":"Tactician","floor":7,"key":"SMITH"},{"data":"Skewer","floor":10,"key":"SMITH"},{"floor":15,"key":"RECALL"},{"floor":23,"key":"DIG"},{"floor":30,"key":"DIG"},{"floor":32,"key":"DIG"},{"floor":40,"key":"DIG"},{"floor":42,"key":"DIG"},{"floor":45,"key":"DIG"},{"floor":49,"key":"DIG"},{"floor":53,"key":"DIG"}],"circlet_count":0,"master_deck":["AscendersBane","Conserve Battery+1","Quick Slash+1","Well Laid Plans+1","Acrobatics+1","Deflect+1","Beam Cell+1","Genetic Algorithm+1","Tactician+1","Expertise+1","Evolve+1","Madness+1","Madness+1"],"relics":["Burning Blood","Bird Faced Urn","Shovel","Mango","StrikeDummy","PreservedInsect","Coffee Dripper","TheAbacus","Blue Candle","CaptainsWheel","Champion Belt","Toxic Egg 2","Bronze Scales","Anchor","FossilizedHelix","Calling Bell","Art of War","White Beast Statue","WingedGreaves","Membership Card","Molten Egg 2","Singing Bowl","Dream Catcher","Letter Opener","Ancient Tea Set","The Courier","Vajra","ClockworkSouvenir","Bag of Preparation","HornCleat","Bottled Tornado","InkBottle"],"acts_visited":["Exordium","TheCity","TheBeyond","TheEnding"],"potions_floor_usage":[12,56,56],"damage_taken":[{"damage":0,"enemies":"Cultist","floor":1,"turns":4},{"damage":2,"enemies":"Jaw Worm","floor":4,"turns":2},{"damage":1,"enemies":"2 Louse","floor":5,"turns":3},{"damage":2,"enemies":"Lagavulin","floor":6,"turns":6},{"damage":18,"enemies":"3 Sentries","floor":8,"turns":8},{"damage":7,"enemies":"Gremlin Nob","floor":11,"turns":3},{"damage":10,"enemies":"3 Sentries","floor":12,"turns":6},{"damage":3,"enemies":"Large Slime","floor":13,"turns":4},{"damage":0,"enemies":"Blue Slaver","floor":14,"turns":4},{"damage":8,"enemies":"Hexaghost","floor":16,"turns":6},{"damage":0,"enemies":"Chosen","floor":18,"turns":3},{"damage":15,"enemies":"2 Thieves","floor":19,"turns":3},{"damage":6,"enemies":"Gremlin Leader","floor":21,"turns":4},{"damage":2,"enemies":"Centurion and Healer","floor":22,"turns":4},{"damage":15,"enemies":"Slavers","floor":24,"turns":4},{"damage":0,"enemies":"Snake Plant","floor":27,"turns":3},{"damage":0,"enemies":"Gremlin Leader","floor":29,"turns":2},{"damage":0,"enemies":"Collector","floor":33,"turns":5},{"damage":0,"enemies":"Orb Walker","floor":35,"turns":2},{"damage":0,"enemies":"3 Shapes","floor":38,"turns":2},{"damage":0,"enemies":"Reptomancer","floor":41,"turns":2},{"damage":0,"enemies":"Giant Head","floor":44,"turns":2},{"damage":0,"enemies":"Reptomancer","floor":46,"turns":2},{"damage":0,"enemies":"Nemesis","floor":48,"turns":5},{"damage":0,"enemies":"Awakened One","floor":50,"turns":2},{"damage":0,"enemies":"Donu and Deca","floor":51,"turns":2},{"damage":0,"enemies":"Shield and Spear","floor":55,"turns":1},{"damage":0,"enemies":"The Heart","floor":56,"turns":4}],"seed_played":"-5268986654536422504","potions_obtained":[{"floor":8,"key":"AttackPotion"},{"floor":12,"key":"SteroidPotion"},{"floor":14,"key":"Dexterity Potion"}],"is_trial":true,"path_per_floor":["M","$","?","M","M","E","R","E","T","R","E","E","M","M","R","B",null,"M","M","$","E","M","R","E","T","T","M","$","E","R","$","R","B",null,"M","$","?","M","$","R","E","R","T","E","R","E","$","E","R","B","B",null,"R","$","E","B",null],"character_chosen":"IRONCLAD","items_purchased":["TheAbacus","Madness+1","Membership Card","Madness+1","ClockworkSouvenir"],"campfire_rested":0,"item_purchase_floors":[20,28,36,39,47],"current_hp_per_floor":[74,74,67,71,75,75,75,65,79,79,84,85,89,89,89,87,89,89,84,84,88,89,89,82,82,82,89,89,89,89,89,89,89,89,89,89,89,89,89,89,91,91,91,93,93,95,95,97,97,97,97,97,97,97,99,99],"gold":44,"neow_bonus":"","is_daily":false,"chose_seed":false,"campfire_upgraded":2,"win_rate":0.0,"timestamp":1607886280,"path_taken":["M","?","?","M","M","E","R","E","T","R","?","E","M","M","R","BOSS","M","?","$","?","?","R","E","?","T","M","$","E","R","$","R","BOSS","M","$","?","M","?","R","E","R","T","E","R","?","$","E","R","BOSS","BOSS","R","$","E","BOSS"],"items_purchased_type":["Relic","Card","Relic","Card","Relic"],"build_version":"2020-11-30","purchased_purges":4,"victory":true,"max_hp_per_floor":[75,75,75,75,75,75,75,75,89,89,89,89,89,89,89,89,89,89,89,89,89,89,89,89,89,89,89,89,89,89,89,89,89,89,89,89,89,89,89,89,91,91,91,93,93,95,95,97,97,97,97,97,97,97,99,99],"relic_stats":{"Singing Bowl":10,"counters":[28,98],"Blue Candle":[0],"PreservedInsect":516,"Bag of Preparation":[8],"Letter Opener":[424],"Burning Blood":67,"Dream Catcher":0,"Shovel":8,"TheAbacus":[2352],"Bird Faced Urn":[34],"Bronze Scales":[94],"Art of War":[1],"Champion Belt":[158],"obtain_stats":[{"Singing Bowl":41,"Vajra":46,"Mango":9,"Bag of Preparation":48,"Bottled Tornado":53,"Ancient Tea Set":44,"Burning Blood":0,"ClockworkSouvenir":47,"Dream Catcher":42,"Shovel":8,"TheAbacus":20,"HornCleat":49,"WingedGreaves":34,"Toxic Egg 2":26,"InkBottle":55,"Blue Candle":21,"PreservedInsect":12,"The Courier":45,"Letter Opener":43,"White Beast Statue":34,"Calling Bell":34,"CaptainsWheel":23,"Anchor":30,"Bird Faced Urn":6,"Bronze Scales":29,"Molten Egg 2":40,"Coffee Dripper":17,"Art of War":34,"Champion Belt":24,"Membership Card":36,"StrikeDummy":11,"FossilizedHelix":32},{"Singing Bowl":21,"Vajra":23,"Mango":5,"Bag of Preparation":24,"Bottled Tornado":26,"Ancient Tea Set":22,"Burning Blood":0,"ClockworkSouvenir":23,"Dream Catcher":21,"Shovel":5,"TheAbacus":12,"HornCleat":24,"WingedGreaves":18,"Toxic Egg 2":15,"InkBottle":27,"Blue Candle":13,"PreservedInsect":7,"The Courier":22,"Letter Opener":21,"White Beast Statue":18,"Calling Bell":18,"CaptainsWheel":14,"Anchor":17,"Bird Faced Urn":4,"Bronze Scales":17,"Molten Egg 2":20,"Coffee Dripper":10,"Art of War":18,"Champion Belt":15,"Membership Card":19,"StrikeDummy":6,"FossilizedHelix":17},{"Singing Bowl":80,"Vajra":84,"Mango":23,"Bag of Preparation":89,"Bottled Tornado":93,"Ancient Tea Set":82,"Burning Blood":0,"ClockworkSouvenir":84,"Dream Catcher":80,"Shovel":23,"TheAbacus":52,"HornCleat":89,"WingedGreaves":74,"Toxic Egg 2":64,"InkBottle":94,"Blue Candle":56,"PreservedInsect":32,"The Courier":82,"Letter Opener":80,"White Beast Statue":74,"Calling Bell":74,"CaptainsWheel":60,"Anchor":69,"Bird Faced Urn":15,"Bronze Scales":69,"Molten Egg 2":78,"Coffee Dripper":46,"Art of War":74,"Champion Belt":64,"Membership Card":76,"StrikeDummy":26,"FossilizedHelix":69}],"InkBottle":[14]},"card_choices":[{"not_picked":["Accuracy","Steam","Leap"],"picked":"SKIP","floor":1},{"not_picked":["Expertise","Havoc"],"picked":"Tactician","floor":4},{"not_picked":["Cleave","Meditate"],"picked":"Expertise","floor":5},{"not_picked":["EmptyFist","Capacitor"],"picked":"Evolve","floor":6},{"not_picked":["FTL","Outmaneuver","WaveOfTheHand"],"picked":"SKIP","floor":8},{"not_picked":["Bouncing Flask","Accuracy"],"picked":"LessonLearned","floor":11},{"not_picked":["FTL","DeusExMachina","ThirdEye"],"picked":"SKIP","floor":12},{"not_picked":["Rip and Tear","Flex","Ghostly Armor"],"picked":"SKIP","floor":13},{"not_picked":["Tantrum","Streamline","Cold Snap"],"picked":"SKIP","floor":14},{"not_picked":["Consecrate+1","Acrobatics","Dropkick+1"],"picked":"SKIP","floor":18},{"not_picked":["Headbutt","CrushJoints","LikeWater"],"picked":"SKIP","floor":19},{"not_picked":["True Grit","Reflex","Sweeping Beam"],"picked":"SKIP","floor":21},{"not_picked":["SignatureMove","Core Surge","Caltrops"],"picked":"SKIP","floor":22},{"not_picked":["Rampage","Barrage","Outmaneuver"],"picked":"SKIP","floor":24},{"not_picked":["Endless Agony+1","Barrage","Pommel Strike+1"],"picked":"SKIP","floor":27},{"not_picked":["Fiend Fire","Gash","Feel No Pain"],"picked":"SKIP","floor":29},{"not_picked":["Evaluate+1","Flex+1","Pommel Strike"],"picked":"SKIP","floor":35},{"not_picked":["SashWhip","Barrage","Blood for Blood"],"picked":"SKIP","floor":38},{"not_picked":["Glass Knife+1","Blasphemy+1","Gash+1"],"picked":"Singing Bowl","floor":41},{"not_picked":["FollowUp+1","Rupture+1","Compile Driver+1"],"picked":"Singing Bowl","floor":44},{"not_picked":["Corpse Explosion+1","CutThroughFate+1","Stack+1"],"picked":"Singing Bowl","floor":46},{"not_picked":["Calculated Gamble+1","Reaper+1","Worship+1"],"picked":"Singing Bowl","floor":48},{"not_picked":["Predator+1","EmptyBody+1","Wild Strike+1"],"picked":"Singing Bowl","floor":55}],"player_experience":1580182,"relics_obtained":[{"floor":6,"key":"Bird Faced Urn"},{"floor":8,"key":"Shovel"},{"floor":9,"key":"Mango"},{"floor":11,"key":"StrikeDummy"},{"floor":12,"key":"PreservedInsect"},{"floor":21,"key":"Blue Candle"},{"floor":23,"key":"CaptainsWheel"},{"floor":24,"key":"Champion Belt"},{"floor":26,"key":"Toxic Egg 2"},{"floor":29,"key":"Bronze Scales"},{"floor":30,"key":"Anchor"},{"floor":32,"key":"FossilizedHelix"},{"floor":34,"key":"Art of War"},{"floor":34,"key":"White Beast Statue"},{"floor":34,"key":"WingedGreaves"},{"floor":40,"key":"Molten Egg 2"},{"floor":41,"key":"Singing Bowl"},{"floor":42,"key":"Dream Catcher"},{"floor":43,"key":"Letter Opener"},{"floor":44,"key":"Ancient Tea Set"},{"floor":45,"key":"The Courier"},{"floor":46,"key":"Vajra"},{"floor":48,"key":"Bag of Preparation"},{"floor":49,"key":"HornCleat"},{"floor":53,"key":"Bottled Tornado"},{"floor":55,"key":"InkBottle"}],"event_choices":[{"damage_healed":0,"gold_gain":50,"player_choice":"Touch","damage_taken":7,"max_hp_gain":0,"max_hp_loss":0,"event_name":"FaceTrader","floor":3,"gold_loss":0},{"damage_healed":0,"gold_gain":0,"player_choice":"Ignored","damage_taken":0,"max_hp_gain":0,"max_hp_loss":0,"event_name":"Tomb of Lord Red Mask","floor":37,"gold_loss":0}],"is_beta":false,"boss_relics":[{"not_picked":["Runic Dome","Mark of Pain"],"picked":"Coffee Dripper"},{"not_picked":["Philosopher\u0027s Stone","Snecko Eye"],"picked":"Calling Bell"}],"items_purged_floors":[2,20,39,54],"is_endless":false,"potions_floor_spawned":[8,12,14,16,19,21,33,35,38,41,44,46,48,55],"ascension_level":20}}