{"host":"34l0xwm4k3e7q5n2","time":1607879058,"event":{"mods":["2.2 Compatiblity","BaseMod","Colored Powertips","Conspire","Downfall","Hubris","Infinite Spire","Koishi","Marisa????????","Minty Spire (QoL Compilation)","Prisma Mod","Reimu??????","Replay The Spire","StSLib","SuperFastMode","Td1madao Mod","The Servant 0.9.4","The Wild Card"],"gold_per_floor":[216,62,81,81,99,126,126,154,203,219,245,258,258,270,270,372,372,388,388,400,400,400,430,441,472,472,503,503,503,53,53,53,83,83,183,183,215,215,240,266,299,351,351,407,482,541,541,611,9,22,22,22],"floor_reached":53,"playtime":7296,"items_purged":[],"score":1385,"play_id":"f619830f-b199-42fa-b46f-a1b841bb7062","local_time":"20201213180418","is_ascension_mode":true,"campfire_choices":[{"data":"OpenUniverse","floor":7,"key":"SMITH"},{"data":"OneTimeOff","floor":13,"key":"SMITH"},{"data":"GalacticHalo","floor":15,"key":"SMITH"},{"data":"SatelliteIllusion","floor":31,"key":"SMITH"},{"data":"IllusionStar","floor":34,"key":"SMITH"},{"data":"OpenUniverse","floor":43,"key":"SMITH"},{"data":"MaximisePower","floor":47,"key":"SMITH"}],"circlet_count":0,"master_deck":["Defend_MRS","MasterSpark","UpSweep","GravityBeat","OneTimeOff+1","Deep Breath+1","GalacticHalo+1","IllusionStar","OpenUniverse+1","UnstableBomb","IllusionStar","IllusionStar+1","GasGiant","OneTimeOff","SatelliteIllusion+1","GravityBeat","MysteriousBeam","OrrerysSun","MysteriousBeam","DarkMatter","Occultation","WitchLeyline","PropBag","ManaRampage","MagicChant+1","OpenUniverse+1","MysteriousBeam+1","MysteriousBeam+1","OrrerysSun","OpenUniverse","EnergyFlow","MaximisePower+1","DoubleSpark","ShootTheMoon","Transmutation","WitchOfGreed","MagicAbsorber","MilkyWay+1","BlazingStar"],"relics":["MiniHakkero","Mummified Hand","infinitespire:WardingShard","Centennial Puzzle","Ornamental Fan","hubris:Backtick","conspire:Boomerang","conspire:Flyswatter","Replay:Bottled Snecko","Singing Bowl","Pantograph","infinitespire:Bottled Soul","Strange Spoon","Replay:PocketPolymizer","hubris:GlazedTorus","infinitespire:EvilPickle","conspire:RunicOctahedron","TungstenRod","InkBottle","Kunai","Chameleon Ring","SimpleLauncher"],"acts_visited":["Exordium","TheCity","TheBeyond"],"potions_floor_usage":[11,16,16,37],"damage_taken":[{"damage":0,"enemies":"Cultist","floor":1,"turns":3},{"damage":0,"enemies":"Small Slimes","floor":3,"turns":4},{"damage":0,"enemies":"Jaw Worm","floor":5,"turns":3},{"damage":0,"enemies":"Lagavulin","floor":6,"turns":4},{"damage":1,"enemies":"3 Sentries","floor":8,"turns":8},{"damage":7,"enemies":"Exordium Wildlife","floor":10,"turns":5},{"damage":14,"enemies":"Gremlin Nob","floor":11,"turns":4},{"damage":0,"enemies":"Blue Slaver","floor":12,"turns":2},{"damage":0,"enemies":"3 Louse","floor":14,"turns":3},{"damage":15,"enemies":"Fading Forest","floor":16,"turns":11},{"damage":0,"enemies":"Chosen","floor":18,"turns":2},{"damage":0,"enemies":"Spheric Guardian","floor":20,"turns":4},{"damage":25,"enemies":"Gremlin Leader","floor":23,"turns":5},{"damage":1,"enemies":"Shelled Parasite and Fungi","floor":24,"turns":2},{"damage":7,"enemies":"Book of Stabbing","floor":25,"turns":3},{"damage":0,"enemies":"Gremlin Leader","floor":27,"turns":4},{"damage":0,"enemies":"Replay:Snechameleon","floor":33,"turns":4},{"damage":1,"enemies":"Pondfish","floor":35,"turns":4},{"damage":0,"enemies":"3 Darklings","floor":37,"turns":2},{"damage":0,"enemies":"Orb Walker","floor":39,"turns":1},{"damage":0,"enemies":"3 Darklings","floor":40,"turns":3},{"damage":0,"enemies":"4 Shapes","floor":41,"turns":2},{"damage":0,"enemies":"Nemesis","floor":42,"turns":1},{"damage":0,"enemies":"Reptomancer","floor":44,"turns":2},{"damage":0,"enemies":"Giant Head","floor":46,"turns":2},{"damage":0,"enemies":"Nemesis","floor":48,"turns":4},{"damage":0,"enemies":"Sphere and 2 Shapes","floor":50,"turns":2},{"damage":21,"enemies":"conspire:OrnateMirror","floor":52,"turns":2}],"seed_played":"8571433122152210553","potions_obtained":[{"floor":5,"key":"Elixir"},{"floor":6,"key":"FearPotion"},{"floor":8,"key":"LifebloodPotion"},{"floor":10,"key":"BottledSpark"},{"floor":24,"key":"Toxic Potion"},{"floor":25,"key":"Death Potion"},{"floor":27,"key":"SpeedPotion"},{"floor":35,"key":"BottledSpark"},{"floor":37,"key":"hexamod:EctoCoolerPotion"},{"floor":39,"key":"SpeedPotion"},{"floor":41,"key":"BlessingOfTheForge"},{"floor":44,"key":"SkillPotion"},{"floor":50,"key":"BottledSpark"}],"is_trial":false,"path_per_floor":["M","$","M","?","M","E","R","E","T","M","E","M","R","M","R","B",null,"M","?","M","?","T","E","M","E","T","E","PTL","PTL","$","R","$","E","R","B",null,"M","?","M","M","M","E","R","E","T","E","R","E","$","M","R","B",null],"character_chosen":"MARISA","items_purchased":["OneTimeOff","Deep Breath","Strange Spoon","Replay:PocketPolymizer","SimpleLauncher","Transmutation","WitchOfGreed","MagicAbsorber"],"campfire_rested":0,"item_purchase_floors":[2,2,30,30,49,49,49,49],"current_hp_per_floor":[75,75,75,75,75,75,75,74,74,67,53,53,53,53,53,38,75,75,75,75,75,75,50,49,42,42,42,42,42,42,42,42,44,44,68,77,77,77,77,77,77,77,77,77,77,77,77,77,77,77,75,56],"gold":22,"neow_bonus":"HUNDRED_GOLD","is_daily":false,"chose_seed":false,"campfire_upgraded":7,"win_rate":0.0,"timestamp":1607879058,"path_taken":["M","$","M","?","M","E","R","E","T","M","E","?","R","?","R","BOSS","M","?","?","?","?","E","M","E","T","E","PTL","PTL","$","R","?","E","R","BOSS","M","?","?","M","M","E","R","E","T","E","R","E","$","M","R","BOSS"],"items_purchased_type":["Card","Card","Relic","Relic","Relic","Card","Card","Card"],"build_version":"2020-11-30","purchased_purges":0,"victory":true,"max_hp_per_floor":[75,75,75,75,75,75,75,75,75,75,75,75,75,75,75,75,75,75,75,75,75,75,75,75,75,75,75,75,75,75,75,75,77,77,77,77,77,77,77,77,77,77,77,77,77,77,77,77,77,77,77,77],"card_choices":[{"not_picked":["WitchLeyline","UnstableBomb"],"picked":"GravityBeat","floor":1},{"not_picked":["EventHorizon","Singularity"],"picked":"GalacticHalo","floor":3},{"not_picked":["GalacticHalo","MysteriousBeam"],"picked":"IllusionStar","floor":5},{"not_picked":["GasGiant","RefractionSpark"],"picked":"OpenUniverse","floor":6},{"not_picked":["SprinkleStarSeal","WitchLeyline"],"picked":"UnstableBomb","floor":8},{"not_picked":["GalacticHalo","ShootingEcho"],"picked":"IllusionStar","floor":10},{"not_picked":["WitchLeyline","LuminesStrike"],"picked":"IllusionStar","floor":11},{"not_picked":["GravityBeat","GrandCross"],"picked":"GasGiant","floor":12},{"not_picked":["AbsoluteMagnitude","DC"],"picked":"OneTimeOff","floor":14},{"not_picked":["BigCrunch","CasketOfStar"],"picked":"SatelliteIllusion","floor":16},{"not_picked":["NonDirectionalLaser+1","DragonMeteor"],"picked":"GravityBeat","floor":18},{"not_picked":["MachineGunSpark","DC"],"picked":"MysteriousBeam","floor":20},{"not_picked":["NonDirectionalLaser","LuminesStrike+1"],"picked":"OrrerysSun","floor":23},{"not_picked":["Acceleration","AsteroidBelt+1"],"picked":"MysteriousBeam","floor":24},{"not_picked":["CollectingQuirk","WitchOfGreed"],"picked":"DarkMatter","floor":25},{"not_picked":["Acceleration","ManaConvection"],"picked":"Occultation","floor":27},{"not_picked":["GalacticHalo","DragonMeteor","LuminesStrike"],"picked":"Singing Bowl","floor":33},{"not_picked":["EscapeVelocity","BigCrunch"],"picked":"ManaRampage","floor":35},{"not_picked":["Orbital","ShootingEcho"],"picked":"MagicChant+1","floor":37},{"not_picked":["DoubleSpark+1","SporeBomb"],"picked":"OpenUniverse","floor":39},{"not_picked":["StarlightTyphoon","FairyDestructionRay+1"],"picked":"MysteriousBeam+1","floor":40},{"not_picked":["GravityBeat+1","WitchOfGreed"],"picked":"MysteriousBeam+1","floor":41},{"not_picked":["SporeBomb+1","BigCrunch"],"picked":"OrrerysSun","floor":42},{"not_picked":["CasketOfStar","MagicChant"],"picked":"EnergyFlow","floor":44},{"not_picked":["AlicesGift+1","ShootingEcho"],"picked":"MaximisePower","floor":46},{"not_picked":["6A+1","DarkSpark"],"picked":"ShootTheMoon","floor":48},{"not_picked":["RefractionSpark+1","GalacticHalo"],"picked":"MilkyWay+1","floor":50}],"player_experience":546015,"relics_obtained":[{"floor":6,"key":"Mummified Hand"},{"floor":8,"key":"infinitespire:WardingShard"},{"floor":9,"key":"Centennial Puzzle"},{"floor":11,"key":"Ornamental Fan"},{"floor":22,"key":"conspire:Flyswatter"},{"floor":23,"key":"Replay:Bottled Snecko"},{"floor":25,"key":"Singing Bowl"},{"floor":26,"key":"Pantograph"},{"floor":27,"key":"infinitespire:Bottled Soul"},{"floor":33,"key":"hubris:GlazedTorus"},{"floor":42,"key":"TungstenRod"},{"floor":44,"key":"InkBottle"},{"floor":46,"key":"Kunai"},{"floor":48,"key":"Chameleon Ring"}],"event_choices":[{"damage_healed":0,"gold_gain":0,"player_choice":"Forge","damage_taken":0,"max_hp_gain":0,"max_hp_loss":0,"event_name":"Accursed Blacksmith","floor":4,"gold_loss":0,"cards_upgraded":["Deep Breath"]},{"cards_removed":["Defend_MRS"],"damage_healed":0,"gold_gain":0,"player_choice":"Offered Basic","damage_taken":0,"max_hp_gain":0,"max_hp_loss":0,"event_name":"Bonfire Elementals","floor":19,"gold_loss":0},{"cards_removed":["Strike_MRS"],"damage_healed":0,"gold_gain":0,"player_choice":"Elegance","damage_taken":0,"max_hp_gain":0,"max_hp_loss":0,"event_name":"Back to Basics","floor":21,"gold_loss":0},{"damage_healed":0,"gold_gain":0,"player_choice":"Ignored","damage_taken":0,"max_hp_gain":0,"max_hp_loss":0,"event_name":"NoteForYourself","floor":38,"gold_loss":0},{"damage_healed":0,"gold_gain":0,"player_choice":"Punched","damage_taken":3,"max_hp_gain":0,"max_hp_loss":0,"event_name":"Designer","floor":51,"gold_loss":0}],"is_beta":false,"boss_relics":[{"not_picked":["Honey Jar","SlaversCollar"],"picked":"hubris:Backtick"},{"not_picked":["RedLine:ReiMu","Ring of Chaos"],"picked":"conspire:RunicOctahedron"}],"items_purged_floors":[],"is_endless":false,"potions_floor_spawned":[5,6,8,10,24,25,27,35,37,39,41,44,50],"ascension_level":1}}