{"host":"3z9xbwjeimmg738z","time":1607825525,"event":{"mods":["Act Like it!","BaseMod","Colored Powertips","Defuse TimeMaze Blight","Downfall","GifTheSpireLib","Minty Spire (QoL Compilation)","Pale of the Ancients","Rare Cards Sparkle","StSLib"],"gold_per_floor":[99,133,233,252,287,212,237,271,196,224,237,337,357,369,383,489,489,489,502,502,516,68,96,144,159,84,84,84,69,89,89,109,209,209,209,209,263,263,24,24,24,53,64,64,142,192,216,216,226,226,226,257,87,87,87],"floor_reached":56,"playtime":5100,"items_purged":["sneckomod:Strike"],"score":2151,"play_id":"00d9ee17-fc30-443c-91e8-54915b9db24f","local_time":"20201212181205","daily_mods":["ControlledChaos","Red Cards","Green Cards","Blue Cards","Purple Cards","Colorless Cards","downfall:Improvised"],"is_ascension_mode":true,"campfire_choices":[{"floor":1,"key":"RECALL"},{"floor":6,"key":"REST"},{"floor":9,"key":"REST"},{"data":"sneckomod:Unknown","floor":18,"key":"SMITH"},{"floor":26,"key":"DIG"},{"floor":35,"key":"DIG"},{"floor":38,"key":"DIG"},{"floor":44,"key":"DIG"},{"floor":54,"key":"DIG"}],"circlet_count":0,"master_deck":["sneckomod:Strike+1","sneckomod:Defend+1","sneckomod:Defend","sneckomod:Defend+1","sneckomod:TailWhip+1","sneckomod:SnekBite","sneckomod:Unknown+1","sneckomod:Unknown+2","sneckomod:UnknownCommonAttack","sneckomod:UnknownCommonAttack","sneckomod:UnknownCommonAttack","sneckomod:UnknownCommonSkill","sneckomod:UnknownCommonSkill","sneckomod:UnknownCommonSkill","sneckomod:UnknownUncommonAttack","sneckomod:UnknownUncommonSkill+2","sneckomod:UnknownUncommonPower+2","sneckomod:Unknown","Thinking Ahead","hexamod:WildfireWeapon","hexamod:GhostOfSpirePresent","sneckomod:UnknownColorless","expansioncontent:QuickStudy+1","expansioncontent:DefensiveStance+1","After Image","White Noise+1","Noxious Fumes+1"],"relics":["sneckomod:SuperSneckoSoul","Frozen Eye","Letter Opener","downfall:HeartBlessingRed","Bag of Marbles","downfall:HeartBlessingBlue","Omamori","hexamod:TheBrokenSeal","SacredBark","Shovel","Happy Flower","Tiny Chest","downfall:HeartBlessingGreen","Art of War","downfall:RedIOU","sneckomod:BabySnecko","Toxic Egg 2","CeramicFish","Thread and Needle","Membership Card","Blood Vial","Eternal Feather","Singing Bowl","Question Card","Guardian:PocketSentry","Bag of Preparation","Lizard Tail","Bottled Flame","Strange Spoon","Blue Candle","Shuriken","Orrery","InkBottle"],"acts_visited":["Exordium","TheCity","TheBeyond","TheEnding"],"potions_floor_usage":[5,10,15,21,23,27,39,46,50,50,55],"damage_taken":[{"damage":24,"enemies":"3 Sentries","floor":2,"turns":7},{"damage":0,"enemies":"Jaw Worm","floor":4,"turns":2},{"damage":26,"enemies":"Gremlin Nob","floor":5,"turns":5},{"damage":3,"enemies":"3 Sentries","floor":8,"turns":5},{"damage":28,"enemies":"Lagavulin","floor":10,"turns":10},{"damage":2,"enemies":"2 Louse","floor":11,"turns":3},{"damage":2,"enemies":"Cultist","floor":13,"turns":4},{"damage":16,"enemies":"Large Slime","floor":14,"turns":6},{"damage":13,"enemies":"Red Slaver","floor":15,"turns":6},{"damage":80,"enemies":"downfall:Ironclad","floor":16,"turns":12},{"damage":0,"enemies":"Chosen","floor":19,"turns":4},{"damage":0,"enemies":"Shell Parasite","floor":21,"turns":2},{"damage":2,"enemies":"downfall:FleeingMerchant","floor":22,"turns":4},{"damage":27,"enemies":"Slavers","floor":23,"turns":5},{"damage":17,"enemies":"Shelled Parasite and Fungi","floor":25,"turns":6},{"damage":0,"enemies":"Gremlin Leader","floor":27,"turns":5},{"damage":0,"enemies":"downfall:FleeingMerchant","floor":29,"turns":4},{"damage":45,"enemies":"Sentry and Sphere","floor":30,"turns":6},{"damage":0,"enemies":"Snake Plant","floor":32,"turns":3},{"damage":47,"enemies":"downfall:Defect","floor":33,"turns":9},{"damage":19,"enemies":"downfall:FleeingMerchant","floor":39,"turns":4},{"damage":79,"enemies":"Nemesis","floor":42,"turns":7},{"damage":0,"enemies":"Orb Walker","floor":43,"turns":2},{"damage":1,"enemies":"downfall:FleeingMerchant","floor":45,"turns":4},{"damage":10,"enemies":"Mind Bloom Boss Battle","floor":46,"turns":6},{"damage":0,"enemies":"3 Shapes","floor":47,"turns":3},{"damage":17,"enemies":"Writhing Mass","floor":49,"turns":3},{"damage":0,"enemies":"downfall:Watcher","floor":50,"turns":6},{"damage":39,"enemies":"downfall:CharBossMerchant","floor":52,"turns":11},{"damage":38,"enemies":"downfall:NeowBoss","floor":55,"turns":21}],"seed_played":"634093075455958119","potions_obtained":[{"floor":4,"key":"Explosive Potion"},{"floor":8,"key":"EssenceOfSteel"},{"floor":11,"key":"SpeedPotion"},{"floor":14,"key":"DuplicationPotion"},{"floor":16,"key":"EssenceOfSteel"},{"floor":20,"key":"CultistPotion"},{"floor":21,"key":"SmokeBomb"},{"floor":25,"key":"BlessingOfTheForge"},{"floor":30,"key":"AttackPotion"},{"floor":42,"key":"SteroidPotion"},{"floor":46,"key":"AttackPotion"},{"floor":52,"key":"ColorlessPotion"}],"is_trial":true,"path_per_floor":["R","E","?","M","E","R","T","E","R","E","M","?","M","M","M","B",null,"R","M","?","M","$","E","T","M","R","E","?","$","M","?","M","B",null,"R","?","T","R","$","?","T","E","M","R","$","?","M","T","M","B",null,"E","$","R","B",null],"character_chosen":"THE_SNECKO","items_purchased":["hexamod:WildfireWeapon","Shovel","Membership Card","Blood Vial","Guardian:PocketSentry","Bag of Preparation","expansioncontent:QuickStudy+1","Shuriken","Orrery"],"campfire_rested":2,"item_purchase_floors":[22,22,39,39,45,45,45,53,53],"current_hp_per_floor":[90,66,66,66,40,67,67,66,100,79,77,77,84,75,69,66,110,110,110,110,113,111,88,88,71,71,81,81,81,56,56,56,10,140,140,140,140,140,121,121,121,54,58,70,73,67,69,69,60,62,150,113,117,132,103],"gold":87,"neow_bonus":"","is_daily":false,"chose_seed":false,"campfire_upgraded":1,"win_rate":0.0,"timestamp":1607825525,"path_taken":["R","E","?","M","E","R","T","E","R","E","M","?","M","?","M","BOSS","R","M","?","M","$","E","T","M","R","E","?","$","M","?","M","BOSS","R","?","?","R","$","?","T","E","?","R","$","?","M","?","M","BOSS","E","$","R","BOSS"],"items_purchased_type":["Card","Relic","Relic","Relic","Relic","Relic","Card","Relic","Relic"],"build_version":"2020-11-30","purchased_purges":1,"victory":true,"max_hp_per_floor":[90,90,90,90,90,90,90,90,100,100,100,100,100,100,100,110,110,110,110,110,113,113,113,113,113,113,113,113,113,113,113,113,114,140,140,140,140,140,140,140,140,142,144,144,146,148,148,148,150,150,150,152,156,156,156],"card_choices":[{"not_picked":["Clothesline","Barrage"],"picked":"hexamod:FifthSeal","floor":2},{"not_picked":["SashWhip","sneckomod:TrashToTreasure","Guardian:Gem_Red"],"picked":"SKIP","floor":4},{"not_picked":["hexamod:FourthSeal","hexamod:SecondSeal"],"picked":"hexamod:SixthSeal","floor":5},{"not_picked":["hexamod:RainOfEmbers","Twin Strike","Blasphemy"],"picked":"SKIP","floor":5},{"not_picked":["hexamod:SixthSeal","hexamod:SecondSeal"],"picked":"hexamod:FirstSeal","floor":8},{"not_picked":["Compile Driver","Skim","Cold Snap"],"picked":"SKIP","floor":8},{"not_picked":["Slimebound:DivideAndConquer","Skim","Slimebound:LeadByExample"],"picked":"SKIP","floor":10},{"not_picked":["hexamod:SecondSeal","hexamod:FirstSeal"],"picked":"hexamod:ThirdSeal","floor":11},{"not_picked":["Fission","hexamod:Firestarter","Gash"],"picked":"SKIP","floor":11},{"not_picked":["Heel Hook","champ:FanOfKnives","PiercingWail"],"picked":"SKIP","floor":13},{"not_picked":["hexamod:ThirdSeal","hexamod:SixthSeal","hexamod:FirstSeal"],"picked":"SKIP","floor":14},{"not_picked":["Well Laid Plans","Hologram","Sweeping Beam"],"picked":"SKIP","floor":14},{"not_picked":["WreathOfFlame","Barrage","Aggregate"],"picked":"SKIP","floor":14},{"not_picked":["hexamod:ThirdSeal","hexamod:FifthSeal"],"picked":"hexamod:FourthSeal","floor":15},{"not_picked":["hexamod:FifthSeal","hexamod:FourthSeal"],"picked":"hexamod:SecondSeal","floor":15},{"not_picked":["Slimebound:GoopSpray","Bouncing Flask","Genetic Algorithm"],"picked":"SKIP","floor":15},{"not_picked":["hexamod:Haunt","Slimebound:PressTheAttack","Body Slam"],"picked":"SKIP","floor":15},{"not_picked":["Meteor Strike","hexamod:ParanormalForm"],"picked":"Thinking Ahead","floor":16},{"not_picked":["Bane","InnerPeace+1","Slimebound:GoopSpray"],"picked":"SKIP","floor":19},{"not_picked":["Dagger Throw","Slimebound:Grow","champ:FightOn"],"picked":"SKIP","floor":21},{"not_picked":["Pray","Guardian:PolyBeam","Concentrate"],"picked":"SKIP","floor":22},{"not_picked":["Well Laid Plans","Rage","Thunderclap"],"picked":"SKIP","floor":23},{"not_picked":["Terror","Guardian:Gem_Blue","sneckomod:UnknownClassPALE_SHOWMAN_PURPLE_COLOR"],"picked":"SKIP","floor":25},{"not_picked":["expansioncontent:CaCaw","hexamod:BurningTouch","Slimebound:FinishingTackle"],"picked":"SKIP","floor":29},{"not_picked":["Gash","Dash","champ:Haymaker"],"picked":"SKIP","floor":30},{"not_picked":["Deflect+1","Slimebound:SamplingLick"],"picked":"hexamod:GhostOfSpirePresent","floor":32},{"not_picked":["Reaper","hexamod:UnlimitedPower"],"picked":"sneckomod:UnknownColorless","floor":33},{"not_picked":["Guardian:ChargeCore+1","sneckomod:Nope+1","Dodge and Roll+1"],"picked":"SKIP","floor":39},{"not_picked":["Shrug It Off+1","hexamod:SpectralSpark+1","champ:Circumvent+1"],"picked":"Singing Bowl","floor":42},{"not_picked":["Guardian:PiercingHide+1","Consecrate","hexamod:NightmareGuise+1"],"picked":"Singing Bowl","floor":43},{"not_picked":["Guardian:RevengeProtocol","JustLucky+1","hexamod:FourthSeal","champ:BladeFlurry"],"picked":"Singing Bowl","floor":45},{"not_picked":["Intimidate+1","Concentrate+1","champ:GutPunch+1","CrushJoints+1"],"picked":"Singing Bowl","floor":46},{"not_picked":["LikeWater","sneckomod:SoulDraw+1","Guardian:Gem_Green"],"picked":"expansioncontent:DefensiveStance+1","floor":47},{"not_picked":["Sucker Punch+1","Intimidate+1","Body Slam","Slimebound:Nibble"],"picked":"Singing Bowl","floor":49},{"not_picked":["Multi-Cast+1","champ:PerfectedStrike+1","Slimebound:RejuvenatingLick+1","Fire Breathing"],"picked":"Singing Bowl","floor":52},{"not_picked":["Blur+1","Hologram+1","InnerPeace+1"],"picked":"After Image","floor":53},{"not_picked":["sneckomod:UnknownStrength+1","Sweeping Beam","sneckomod:UnknownBlock+1"],"picked":"White Noise+1","floor":53},{"not_picked":["hexamod:FifthSeal","Clothesline+1","Dagger Throw+1"],"picked":"Noxious Fumes+1","floor":53},{"not_picked":["Guardian:ChargeCore+1","Slimebound:Overexert","sneckomod:DiceBoulder+1","Coolheaded+1"],"picked":"Singing Bowl","floor":53},{"not_picked":["Slice","sneckomod:IronFang+1","hexamod:NightmareGuise+1","champ:RageSigil+1"],"picked":"Singing Bowl","floor":53}],"player_experience":133373,"relics_obtained":[{"floor":2,"key":"Anchor"},{"floor":5,"key":"Letter Opener"},{"floor":8,"key":"Bag of Marbles"},{"floor":10,"key":"Omamori"},{"floor":23,"key":"Happy Flower"},{"floor":24,"key":"Tiny Chest"},{"floor":26,"key":"Art of War"},{"floor":35,"key":"Toxic Egg 2"},{"floor":37,"key":"CeramicFish"},{"floor":38,"key":"Thread and Needle"},{"floor":41,"key":"Eternal Feather"},{"floor":42,"key":"Singing Bowl"},{"floor":44,"key":"Question Card"},{"floor":46,"key":"Lizard Tail"},{"floor":48,"key":"Bottled Flame"},{"floor":52,"key":"Strange Spoon"},{"floor":52,"key":"Blue Candle"},{"floor":54,"key":"InkBottle"}],"event_choices":[{"cards_removed":["sneckomod:Strike"],"damage_healed":0,"gold_gain":0,"player_choice":"Purged","damage_taken":0,"max_hp_gain":0,"max_hp_loss":0,"event_name":"Purifier","floor":40,"gold_loss":0}],"is_beta":false,"boss_relics":[{"not_picked":["Pandora\u0027s Box","Philosopher\u0027s Stone"],"picked":"SacredBark"},{"not_picked":["Velvet Choker","Cursed Key"],"picked":"sneckomod:SuperSneckoSoul"}],"items_purged_floors":[45],"is_endless":false,"potions_floor_spawned":[4,8,11,14,16,21,25,27,30,33,42,46,49,52],"ascension_level":1}}