{"host":"nmyw38vkdf8owddb","time":1607848270,"event":{"mods":["BaseMod","Bestiary","Colored Map","Colored Powertips","DeckTracker","Minty Spire (QoL Compilation)","StSLib","Waifu the Spire"],"gold_per_floor":[119,69,1,76,92,92,117,193,193,193,226,226,239,256,256,354,354,365,275,288,63,81,81,96,96,96,61,77,90,90,90,90,185,185,204,23,41,41,52,78,78,78,78,93,124,136,150,130,130,130,130,130,30,30,30],"floor_reached":54,"playtime":3131,"items_purged":["Defend_P","Defend_P"],"score":909,"play_id":"0a24ad17-170b-4126-9d64-7e8cd81aac35","local_time":"20201213173110","is_ascension_mode":true,"campfire_choices":[{"data":"WheelKick","floor":6,"key":"SMITH"},{"data":"EmptyMind","floor":10,"key":"SMITH"},{"data":"CutThroughFate","floor":12,"key":"SMITH"},{"data":"Meditate","floor":15,"key":"SMITH"},{"floor":23,"key":"REST"},{"floor":25,"key":"REST"},{"floor":32,"key":"REST"},{"floor":41,"key":"REST"},{"floor":49,"key":"RECALL"},{"data":"Scrawl","floor":52,"key":"SMITH"}],"circlet_count":0,"master_deck":["Defend_P","Defend_P","Eruption","Vigilance","WheelKick+1","DevaForm","InnerPeace+1","EmptyMind+1","CutThroughFate+1","TalkToTheHand","Meditate+1","Scrawl","ClearTheMind+1","FollowUp","Tantrum","Fasting2","FlyingSleeves","TalkToTheHand","Wallop","FlurryOfBlows","Halt","Ghostly","Ghostly","Ghostly","Ghostly","Ghostly","Scrawl+1","Protect+1","ThirdEye","InnerPeace+1","TalkToTheHand"],"relics":["HolyWater","NeowsBlessing","Letter Opener","Question Card","Centennial Puzzle","Boot","Empty Cage","Vajra","Gremlin Horn","Bottled Lightning","Dead Branch"],"acts_visited":["Exordium","TheCity","TheBeyond","TheEnding"],"potions_floor_usage":[11],"damage_taken":[{"damage":0,"enemies":"Small Slimes","floor":1,"turns":1},{"damage":0,"enemies":"Jaw Worm","floor":5,"turns":1},{"damage":0,"enemies":"Gremlin Nob","floor":7,"turns":1},{"damage":15,"enemies":"3 Sentries","floor":11,"turns":7},{"damage":0,"enemies":"Cultist","floor":13,"turns":2},{"damage":6,"enemies":"Looter","floor":14,"turns":2},{"damage":18,"enemies":"Slime Boss","floor":16,"turns":6},{"damage":4,"enemies":"Chosen","floor":18,"turns":4},{"damage":24,"enemies":"Shell Parasite","floor":20,"turns":6},{"damage":24,"enemies":"Snake Plant","floor":22,"turns":4},{"damage":20,"enemies":"3 Cultists","floor":24,"turns":5},{"damage":1,"enemies":"Shelled Parasite and Fungi","floor":28,"turns":5},{"damage":0,"enemies":"Snecko","floor":29,"turns":2},{"damage":2,"enemies":"Champ","floor":33,"turns":8},{"damage":3,"enemies":"3 Darklings","floor":35,"turns":5},{"damage":1,"enemies":"3 Shapes","floor":37,"turns":6},{"damage":4,"enemies":"Writhing Mass","floor":39,"turns":6},{"damage":5,"enemies":"Giant Head","floor":40,"turns":6},{"damage":0,"enemies":"Transient","floor":44,"turns":5},{"damage":3,"enemies":"Reptomancer","floor":45,"turns":4},{"damage":0,"enemies":"Spire Growth","floor":46,"turns":5},{"damage":0,"enemies":"Jaw Worm Horde","floor":47,"turns":4},{"damage":10,"enemies":"Time Eater","floor":50,"turns":9},{"damage":38,"enemies":"Shield and Spear","floor":54,"turns":9}],"seed_played":"-4396344402462955419","potions_obtained":[{"floor":1,"key":"Block Potion"},{"floor":5,"key":"SneckoOil"},{"floor":14,"key":"BlessingOfTheForge"},{"floor":20,"key":"CultistPotion"},{"floor":35,"key":"EntropicBrew"}],"is_trial":false,"path_per_floor":["M","?","$","?","M","R","E","T","T","R","E","R","M","M","R","B",null,"M","?","M","$","M","R","M","R","T","$","M","M","?","$","R","B",null,"M","$","M","?","M","E","R","$","T","M","E","M","M","?","R","B",null,"R","$","E"],"character_chosen":"WATCHER","items_purchased":["DevaForm","Tantrum","Fasting2","Wallop","Vajra","ThirdEye"],"campfire_rested":4,"item_purchase_floors":[3,21,21,27,36,36],"current_hp_per_floor":[72,72,72,61,61,61,61,61,61,61,46,46,46,40,40,22,60,56,56,32,32,8,29,9,30,30,30,29,29,29,29,36,34,36,33,33,32,32,28,23,33,33,33,33,30,30,30,30,30,20,32,32,32,0,0],"gold":30,"neow_bonus":"THREE_ENEMY_KILL","is_daily":false,"chose_seed":false,"campfire_upgraded":5,"win_rate":0.0,"timestamp":1607848270,"path_taken":["M","?","$","?","M","R","E","?","T","R","E","R","M","M","R","BOSS","M","?","M","$","M","R","M","R","T","$","?","M","?","$","R","BOSS","M","$","M","?","M","E","R","?","T","M","E","M","M","?","R","BOSS","R","$","E"],"items_purchased_type":["Card","Card","Card","Card","Relic","Card"],"build_version":"2020-11-30","purchased_purges":2,"victory":false,"max_hp_per_floor":[72,72,72,72,72,72,72,72,72,72,72,72,72,72,72,72,72,72,72,72,72,72,72,72,72,72,72,72,72,36,36,36,36,36,36,36,36,36,36,36,36,36,36,36,36,36,36,36,36,36,36,36,36,36,36],"card_choices":[{"not_picked":["Sanctity","CutThroughFate"],"picked":"WheelKick","floor":1},{"not_picked":["FlyingSleeves","Vengeance"],"picked":"InnerPeace","floor":5},{"not_picked":["Swivel","CrushJoints"],"picked":"EmptyMind","floor":7},{"not_picked":["ClearTheMind","Prostrate","MasterReality"],"picked":"CutThroughFate","floor":11},{"not_picked":["LikeWater","Tantrum","Sanctity"],"picked":"TalkToTheHand","floor":13},{"not_picked":["InnerPeace","Prostrate","Halt"],"picked":"Meditate","floor":14},{"not_picked":["ConjureBlade","Brilliance","Alpha"],"picked":"Scrawl","floor":16},{"not_picked":["Protect","FollowUp+1","SignatureMove"],"picked":"ClearTheMind+1","floor":18},{"not_picked":["Nirvana","ThirdEye","EmptyBody+1"],"picked":"FollowUp","floor":20},{"not_picked":["EmptyBody+1","CrushJoints","PathToVictory"],"picked":"FlyingSleeves","floor":22},{"not_picked":["JustLucky+1","FollowUp","EmptyFist"],"picked":"TalkToTheHand","floor":24},{"not_picked":["Omniscience","Fasting2+1","Wireheading+1"],"picked":"FlurryOfBlows","floor":28},{"not_picked":["Crescendo+1","FlyingSleeves","CarveReality"],"picked":"Halt","floor":29},{"not_picked":["Omniscience","Alpha","SpiritShield"],"picked":"Scrawl","floor":33},{"not_picked":["Sanctity","FlyingSleeves+1","Vengeance+1"],"picked":"Protect+1","floor":35},{"not_picked":["ThirdEye+1","EmptyMind+1","Perseverance+1"],"picked":"InnerPeace+1","floor":37},{"not_picked":["FearNoEvil","PathToVictory","WreathOfFlame","Protect+1"],"picked":"SKIP","floor":39},{"not_picked":["Meditate","ForeignInfluence+1","SashWhip+1","Perseverance+1"],"picked":"SKIP","floor":40},{"not_picked":["Prostrate","WheelKick","Halt","JustLucky+1"],"picked":"SKIP","floor":44},{"not_picked":["WindmillStrike","Nirvana+1","Pray+1","Brilliance"],"picked":"SKIP","floor":45},{"not_picked":["EmptyFist+1","JustLucky+1","Crescendo+1","ReachHeaven"],"picked":"SKIP","floor":46},{"not_picked":["ThirdEye","BowlingBash+1","Swivel+1"],"picked":"TalkToTheHand","floor":47}],"player_experience":311588,"relics_obtained":[{"floor":7,"key":"Letter Opener"},{"floor":8,"key":"Question Card"},{"floor":9,"key":"Centennial Puzzle"},{"floor":11,"key":"Boot"},{"floor":40,"key":"Gremlin Horn"},{"floor":43,"key":"Bottled Lightning"},{"floor":45,"key":"Dead Branch"}],"event_choices":[{"cards_removed":["Strike_P"],"damage_healed":0,"gold_gain":0,"player_choice":"Card Removal","damage_taken":0,"max_hp_gain":0,"max_hp_loss":0,"event_name":"The Cleric","floor":2,"gold_loss":50},{"damage_healed":0,"gold_gain":75,"player_choice":"Gather Gold","damage_taken":11,"max_hp_gain":0,"max_hp_loss":0,"event_name":"World of Goop","floor":4,"gold_loss":0},{"cards_removed":["Strike_P"],"damage_healed":0,"gold_gain":0,"player_choice":"Upgrade and Remove","damage_taken":0,"max_hp_gain":0,"max_hp_loss":0,"event_name":"Designer","floor":19,"gold_loss":90,"cards_upgraded":["InnerPeace"]},{"damage_healed":0,"gold_gain":0,"player_choice":"Became a Ghost","damage_taken":0,"max_hp_gain":0,"max_hp_loss":36,"event_name":"Ghosts","floor":30,"gold_loss":0,"cards_obtained":["Ghostly","Ghostly","Ghostly","Ghostly","Ghostly"]},{"damage_healed":0,"gold_gain":0,"player_choice":"Got Potions","damage_taken":0,"max_hp_gain":0,"max_hp_loss":0,"event_name":"Lab","floor":38,"gold_loss":0},{"damage_healed":0,"gold_gain":0,"player_choice":"Bought 1 Potion","damage_taken":0,"max_hp_gain":0,"max_hp_loss":0,"event_name":"The Woman in Blue","floor":48,"gold_loss":0}],"is_beta":false,"boss_relics":[{"not_picked":["Tiny House","Runic Dome"],"picked":"Empty Cage"},{"not_picked":["SacredBark","Calling Bell"],"picked":"HolyWater"}],"items_purged_floors":[21,53],"is_endless":false,"potions_floor_spawned":[1,5,14,20,22,29,33,35,40,47],"killed_by":"Shield and Spear","ascension_level":5}}