{"host":"7gewg82ormp6yt4e","time":1607838020,"event":{"mods":["BaseMod","Block Reminder","Colored Map","Colored Powertips","DeckTracker","Highlight Path","Minty Spire (QoL Compilation)","Relic Stats","StSLib"],"gold_per_floor":[118,134,134,154,154,154,174,174,174,174,174],"floor_reached":10,"playtime":429,"items_purged":[],"score":116,"play_id":"02d0bac8-c679-4832-aff0-119f011fbd2f","local_time":"20201213144020","is_ascension_mode":true,"campfire_choices":[{"data":"A Thousand Cuts","floor":6,"key":"SMITH"}],"circlet_count":0,"master_deck":["AscendersBane","Strike_G","Strike_G","Strike_G","Strike_G","Strike_G","Defend_G","Defend_G","Defend_G","Defend_G","Defend_G","Survivor","Neutralize","Sadistic Nature","PiercingWail","A Thousand Cuts+1","Regret","Dash","Cloak And Dagger"],"relics":["Ring of the Snake","Pantograph","CeramicFish","Molten Egg 2"],"acts_visited":["Exordium"],"potions_floor_usage":[8,10,10],"damage_taken":[{"damage":6,"enemies":"Small Slimes","floor":1,"turns":4},{"damage":1,"enemies":"Jaw Worm","floor":2,"turns":6},{"damage":7,"enemies":"Cultist","floor":4,"turns":5},{"damage":12,"enemies":"Large Slime","floor":7,"turns":7},{"damage":28,"enemies":"Lagavulin","floor":10,"turns":5}],"seed_played":"3682872868131285623","potions_obtained":[{"floor":4,"key":"Fruit Juice"},{"floor":8,"key":"Poison Potion"},{"floor":8,"key":"Swift Potion"}],"is_trial":false,"path_per_floor":["M","M","?","M","?","R","M","?","T","E"],"character_chosen":"THE_SILENT","items_purchased":[],"campfire_rested":0,"item_purchase_floors":[],"current_hp_per_floor":[53,52,52,45,27,27,15,20,20,0,0],"gold":174,"neow_bonus":"RANDOM_COLORLESS_2","is_daily":false,"chose_seed":false,"campfire_upgraded":1,"win_rate":0.0,"timestamp":1607838020,"path_taken":["M","M","?","M","?","R","M","?","T","E"],"items_purchased_type":[],"build_version":"2020-11-30","purchased_purges":0,"victory":false,"max_hp_per_floor":[60,60,60,60,60,60,60,65,65,65,65],"relic_stats":{"counters":[5,27],"Pantograph":0,"CeramicFish":9,"obtain_stats":[{"Pantograph":3,"CeramicFish":5,"Molten Egg 2":9,"Ring of the Snake":0},{"Pantograph":2,"CeramicFish":3,"Molten Egg 2":4,"Ring of the Snake":0},{"Pantograph":10,"CeramicFish":15,"Molten Egg 2":22,"Ring of the Snake":0}],"Ring of the Snake":[10]},"card_choices":[{"not_picked":["Magnetism","Secret Technique"],"picked":"Sadistic Nature","floor":0},{"not_picked":["Underhanded Strike","Backflip"],"picked":"PiercingWail","floor":1},{"not_picked":["Prepared","Outmaneuver"],"picked":"A Thousand Cuts","floor":2},{"not_picked":["Catalyst","PiercingWail"],"picked":"Dash","floor":4},{"not_picked":["Dagger Spray","Bane"],"picked":"Cloak And Dagger","floor":7}],"player_experience":2334642,"relics_obtained":[{"floor":9,"key":"Molten Egg 2"}],"event_choices":[{"damage_healed":0,"gold_gain":0,"player_choice":"Box","damage_taken":0,"relics_obtained":["Pantograph"],"max_hp_gain":0,"max_hp_loss":0,"event_name":"Big Fish","floor":3,"gold_loss":0,"cards_obtained":["Regret"]},{"damage_healed":0,"gold_gain":0,"player_choice":"Success","damage_taken":18,"relics_obtained":["CeramicFish"],"max_hp_gain":0,"max_hp_loss":0,"event_name":"Scrap Ooze","floor":5,"gold_loss":0},{"damage_healed":0,"gold_gain":0,"player_choice":"Got Potions","damage_taken":0,"max_hp_gain":0,"max_hp_loss":0,"event_name":"Lab","floor":8,"gold_loss":0}],"is_beta":false,"boss_relics":[],"items_purged_floors":[],"is_endless":false,"potions_floor_spawned":[4],"killed_by":"Lagavulin","ascension_level":20}}