{"host":"lhth1efayex2023z","time":1607899438,"event":{"mods":["BaseMod","Colored Map","Googly Eyes","Minty Spire (QoL Compilation)","StSLib"],"gold_per_floor":[110,110,35,35,51,51,92,145,172,188,232,232,256,280,280,280,280],"floor_reached":16,"playtime":542,"items_purged":["Injury"],"score":179,"play_id":"369aeb74-55ab-4e1b-9c9d-366e1ff58f98","local_time":"20201213154358","is_ascension_mode":true,"campfire_choices":[{"data":"Feed","floor":6.0,"key":"SMITH"},{"floor":12,"key":"REST"},{"data":"Dual Wield","floor":15,"key":"SMITH"}],"circlet_count":0,"master_deck":["Strike_R","Strike_R","Strike_R","Strike_R","Defend_R","Defend_R","Defend_R","Defend_R","Bash","Feed+1","Carnage","Dual Wield+1","Ghostly Armor","Inflame","Cleave","Twin Strike","Shrug It Off"],"relics":["Burning Blood","Golden Idol","Lantern","Nunchaku","Charon\u0027s Ashes"],"acts_visited":["Exordium"],"potions_floor_usage":[],"damage_taken":[{"damage":7.0,"enemies":"Jaw Worm","floor":1.0,"turns":3.0},{"damage":3.0,"enemies":"2 Louse","floor":5.0,"turns":2.0},{"damage":50.0,"enemies":"3 Sentries","floor":7.0,"turns":10.0},{"damage":1.0,"enemies":"Cultist","floor":10.0,"turns":3.0},{"damage":30,"enemies":"Lagavulin","floor":11,"turns":7},{"damage":2,"enemies":"Looter","floor":13,"turns":4},{"damage":0,"enemies":"2 Fungi Beasts","floor":14,"turns":3},{"damage":58,"enemies":"The Guardian","floor":16,"turns":9}],"seed_played":"-1997653489188741198","potions_obtained":[{"floor":1.0,"key":"Strength Potion"},{"floor":13,"key":"SteroidPotion"}],"is_trial":false,"path_per_floor":["M","?","$","?","M","R","E","?","T","M","E","R","M","M","R","B"],"character_chosen":"IRONCLAD","items_purchased":[],"campfire_rested":1,"item_purchase_floors":[],"current_hp_per_floor":[74,54,54,54,60,60,24,24,24,33,13,43,51,57,57,0,0],"gold":280,"neow_bonus":"THREE_RARE_CARDS","is_daily":false,"chose_seed":false,"campfire_upgraded":2,"win_rate":0.0,"timestamp":1607899438,"path_taken":["M","?","$","?","?","R","E","?","T","M","E","R","M","M","R","BOSS"],"items_purchased_type":[],"build_version":"2020-11-30","purchased_purges":1,"victory":false,"max_hp_per_floor":[83,83,83,83,86,86,94,94,94,98,102,102,106,106,106,106,106],"card_choices":[{"not_picked":["Fiend Fire","Barricade"],"picked":"Feed","floor":0.0},{"not_picked":["Power Through","Sentinel"],"picked":"Carnage","floor":1.0},{"not_picked":["Sentinel","Shrug It Off"],"picked":"Dual Wield","floor":5.0},{"not_picked":["Feel No Pain","Armaments"],"picked":"Ghostly Armor","floor":7.0},{"not_picked":["Havoc","Infernal Blade"],"picked":"Inflame","floor":10.0},{"not_picked":["Anger","Spot Weakness"],"picked":"Cleave","floor":11},{"not_picked":["Perfected Strike","Barricade"],"picked":"Twin Strike","floor":13},{"not_picked":["Rage","Rampage"],"picked":"Shrug It Off","floor":14}],"player_experience":352844,"relics_obtained":[{"floor":7.0,"key":"Lantern"},{"floor":9.0,"key":"Nunchaku"},{"floor":11,"key":"Charon\u0027s Ashes"}],"event_choices":[{"damage_healed":0.0,"max_hp_gain":0.0,"max_hp_loss":0.0,"gold_gain":0.0,"event_name":"Golden Idol","player_choice":"Take Damage","floor":2.0,"gold_loss":0.0,"damage_taken":20.0,"relics_obtained":["Golden Idol"]},{"cards_removed":["Strike_R"],"damage_healed":0.0,"max_hp_gain":0.0,"max_hp_loss":0.0,"gold_gain":0.0,"event_name":"Bonfire Elementals","player_choice":"Offered Basic","floor":4.0,"gold_loss":0.0,"damage_taken":0.0},{"damage_healed":0.0,"max_hp_gain":0.0,"max_hp_loss":0.0,"gold_gain":53.0,"event_name":"Golden Wing","player_choice":"Gained Gold","floor":8.0,"gold_loss":0.0,"damage_taken":0.0}],"is_beta":false,"boss_relics":[],"items_purged_floors":[3],"is_endless":false,"potions_floor_spawned":[1,13],"killed_by":"The Guardian","ascension_level":8}}