{"host":"2461dio7vetlq1z3","time":1607871961,"event":{"mods":["AchievementEnabler","Aspiration","BaseMod","Hermit","Lobotomy","Minty Spire (QoL Compilation)","Relic Stats","Spicy Shops","StSLib","Waifu the Spire"],"gold_per_floor":[116,116,130,130,45,45,78,78,78,78,103,117,145,163,163,266,266,266],"floor_reached":17,"playtime":1094,"items_purged":[],"score":347,"play_id":"116ef2db-08bd-488f-b881-43b9027e41df","local_time":"20201213160601","is_ascension_mode":true,"campfire_choices":[{"data":"FlurryOfBlows","floor":6,"key":"SMITH"},{"data":"Scrawl","floor":8,"key":"SMITH"},{"data":"Collect","floor":10,"key":"SMITH"},{"data":"LikeWater","floor":15,"key":"SMITH"}],"circlet_count":0,"master_deck":["Strike_P","Strike_P+1","Strike_P","Defend_P+1","Defend_P","Defend_P","Defend_P","Eruption","Vigilance","FlurryOfBlows+1","EmptyBody","Scrawl+1","LikeWater+1","Collect+1","Swivel","Wireheading","MasterReality"],"relics":["aspiration:RunicSpoon","Thread and Needle","Darkstone Periapt","InkBottle","Question Card","VioletLotus"],"acts_visited":["Exordium","TheCity"],"potions_floor_usage":[],"damage_taken":[{"damage":9,"enemies":"Cultist","floor":1,"turns":6},{"damage":0,"enemies":"2 Louse","floor":3,"turns":2},{"damage":7,"enemies":"3 Sentries","floor":7,"turns":7},{"damage":8,"enemies":"Gremlin Nob","floor":11,"turns":3},{"damage":0,"enemies":"Small Slimes","floor":12,"turns":2},{"damage":0,"enemies":"Lagavulin","floor":13,"turns":8},{"damage":3,"enemies":"3 Louse","floor":14,"turns":4},{"damage":2,"enemies":"The Guardian","floor":16,"turns":13}],"seed_played":"-1193197259754770686","potions_obtained":[{"floor":3,"key":"SteroidPotion"},{"floor":11,"key":"FearPotion"},{"floor":14,"key":"DistilledChaos"}],"is_trial":false,"path_per_floor":["M","?","M","?","$","R","E","R","T","R","E","M","E","M","R","B",null],"character_chosen":"WATCHER","items_purchased":["LikeWater"],"campfire_rested":0,"item_purchase_floors":[5],"current_hp_per_floor":[56,42,42,42,42,42,35,35,35,35,27,27,27,24,24,22,60,60],"gold":266,"neow_bonus":"BOSS_RELIC","is_daily":false,"chose_seed":false,"campfire_upgraded":4,"win_rate":0.0,"timestamp":1607871961,"path_taken":["M","?","M","?","$","R","E","R","T","R","E","M","E","M","R","BOSS"],"items_purchased_type":["Card"],"build_version":"2020-11-30","purchased_purges":0,"victory":false,"max_hp_per_floor":[72,72,72,72,72,72,72,72,72,72,72,72,72,72,72,72,72,72],"relic_stats":{"Darkstone Periapt":0,"counters":[8,45],"aspiration:RunicSpoon":[64],"VioletLotus":[0],"Question Card":2,"obtain_stats":[{"Darkstone Periapt":9,"aspiration:RunicSpoon":0,"Thread and Needle":7,"VioletLotus":17,"PureWater":0,"Question Card":13,"InkBottle":11},{"Darkstone Periapt":3,"aspiration:RunicSpoon":0,"Thread and Needle":3,"VioletLotus":8,"PureWater":0,"Question Card":6,"InkBottle":4},{"Darkstone Periapt":15,"aspiration:RunicSpoon":0,"Thread and Needle":15,"VioletLotus":45,"PureWater":0,"Question Card":28,"InkBottle":18}],"InkBottle":[11]},"card_choices":[{"not_picked":["Vengeance","SashWhip"],"picked":"FlurryOfBlows","floor":1},{"not_picked":["ThirdEye","ClearTheMind"],"picked":"EmptyBody","floor":3},{"not_picked":["BowlingBash","EmptyFist"],"picked":"Collect","floor":7},{"not_picked":["Protect","WreathOfFlame"],"picked":"Swivel","floor":11},{"not_picked":["Adaptation","Protect"],"picked":"Wireheading","floor":12},{"not_picked":["DeceiveReality","CutThroughFate","ClearTheMind"],"picked":"SKIP","floor":13},{"not_picked":["EmptyFist","Protect","FlurryOfBlows","EmptyBody"],"picked":"SKIP","floor":14},{"not_picked":["Judgement","LessonLearned","DeusExMachina"],"picked":"MasterReality","floor":16}],"player_experience":680199,"relics_obtained":[{"floor":7,"key":"Thread and Needle"},{"floor":9,"key":"Darkstone Periapt"},{"floor":11,"key":"InkBottle"},{"floor":13,"key":"Question Card"}],"event_choices":[{"damage_healed":0,"gold_gain":0,"player_choice":"Entered Light","damage_taken":14,"max_hp_gain":0,"max_hp_loss":0,"event_name":"Shining Light","floor":2,"gold_loss":0,"cards_upgraded":["Defend_P","Strike_P"]},{"damage_healed":0,"gold_gain":0,"cards_transformed":["Strike_P"],"player_choice":"Change","damage_taken":0,"max_hp_gain":0,"max_hp_loss":0,"event_name":"Living Wall","floor":4,"gold_loss":0,"cards_obtained":["Scrawl"]}],"is_beta":false,"boss_relics":[{"not_picked":["Cursed Key","SacredBark"],"picked":"VioletLotus"}],"items_purged_floors":[],"is_endless":false,"potions_floor_spawned":[3,11,14],"ascension_level":8}}