{"host":"ekstrfwlhr7rhfvs","time":1607866170,"event":{"mods":["BaseMod","Minty Spire (QoL Compilation)","Quick Restart","Replay The Spire","StSLib"],"gold_per_floor":[111,10,25,25,25,25,60,60,133,158,58,58,72,92,92,195,195,212,223,66,85,85,85,120,120,194,194,194,109,140,15,15,116,116,135,135,135,146,146,180,180,193,220,238,258,108,157,167,167,167],"floor_reached":51,"playtime":1892,"items_purged":["Strike_R","Strike_R","Doubt","Defend_R"],"score":1458,"play_id":"1af2fc5f-49de-44f9-8c4f-73c03d84ef96","local_time":"20201213212930","is_ascension_mode":true,"campfire_choices":[{"data":"Body Slam","floor":6.0,"key":"SMITH"},{"data":"Shrug It Off","floor":8.0,"key":"SMITH"},{"data":"Sentinel","floor":15.0,"key":"SMITH"},{"data":"Demonic Infusion","floor":23.0,"key":"SMITH"},{"data":"Defend_R","floor":25.0,"key":"SMITH"},{"data":"Defend_R","floor":27.0,"key":"SMITH"},{"floor":32.0,"key":"RECALL"},{"data":"Defend_R","floor":41.0,"key":"SMITH"},{"data":"Defend_R+1","floor":49,"key":"PURGE"}],"circlet_count":0,"master_deck":["Defend_R+1","Defend_R+1","Shrug It Off+1","Body Slam+1","Barricade+1","Sentinel+1","Demonic Infusion+1","Body Slam+1","Shrug It Off+1"],"relics":["Burning Blood","NeowsBlessing","ReplayTheSpireMod:Ninjato","Garlic","Counterbalance","Replay:Drink Me","Anchor","Happy Flower","Darkstone Periapt","ReplayTheSpireMod:Ring of Exchange","Durian","Replay:WaspNest","Busted Crown","Golden Egg","King of Hearts","Turnip"],"acts_visited":["Exordium","TheCity","TheBeyond"],"potions_floor_usage":[],"damage_taken":[{"damage":0.0,"enemies":"Cultist","floor":1.0,"turns":1.0},{"damage":0.0,"enemies":"Small Slimes","floor":3.0,"turns":1.0},{"damage":0.0,"enemies":"3 Sentries","floor":7.0,"turns":2.0},{"damage":35.0,"enemies":"Lagavulin","floor":10.0,"turns":10.0},{"damage":0.0,"enemies":"2 Louse","floor":13.0,"turns":3.0},{"damage":4.0,"enemies":"Looter","floor":14.0,"turns":4.0},{"damage":0.0,"enemies":"Fading Forest","floor":16.0,"turns":11.0},{"damage":9.0,"enemies":"Shell Parasite","floor":18.0,"turns":4.0},{"damage":18.0,"enemies":"2 Thieves","floor":19.0,"turns":5.0},{"damage":0.0,"enemies":"Centurion and Healer","floor":21.0,"turns":5.0},{"damage":0.0,"enemies":"Replay:Snechameleon","floor":24.0,"turns":7.0},{"damage":8.0,"enemies":"Slavers","floor":30.0,"turns":11.0},{"damage":0.0,"enemies":"Automaton","floor":33.0,"turns":5.0},{"damage":0.0,"enemies":"Orb Walker","floor":35.0,"turns":2.0},{"damage":0.0,"enemies":"3 Darklings","floor":38.0,"turns":3.0},{"damage":0.0,"enemies":"Nemesis","floor":40.0,"turns":5.0},{"damage":0.0,"enemies":"Writhing Mass","floor":42.0,"turns":3.0},{"damage":0.0,"enemies":"Maw","floor":44.0,"turns":5.0},{"damage":0.0,"enemies":"4 Shapes","floor":45.0,"turns":4.0},{"damage":0.0,"enemies":"2 Orb Walkers","floor":47.0,"turns":4.0},{"damage":0.0,"enemies":"3 Darklings","floor":48.0,"turns":3.0},{"damage":0,"enemies":"Donu and Deca","floor":50,"turns":6}],"seed_played":"1962858644324726702","potions_obtained":[{"floor":3.0,"key":"Ancient Potion"},{"floor":7.0,"key":"BloodPotion"},{"floor":13.0,"key":"Strength Potion"},{"floor":18.0,"key":"Swift Potion"},{"floor":21.0,"key":"Swift Potion"},{"floor":24.0,"key":"EssenceOfSteel"},{"floor":42.0,"key":"FearPotion"},{"floor":47.0,"key":"EssenceOfSteel"}],"is_trial":false,"path_per_floor":["M","$","M","?","$","R","E","R","T","E","$","?","M","M","R","B",null,"M","M","$","M","$","R","E","R","T","R","?","?","E","$","R","B",null,"M","?","?","M","$","E","R","M","T","M","M","$","?","M","R","B",null],"character_chosen":"IRONCLAD","items_purchased":["Shrug It Off","Anchor"],"campfire_rested":0,"item_purchase_floors":[2,20],"current_hp_per_floor":[78,78,80,80,80,80,80,80,80,67,67,67,73,75,75,80,60,57,45,45,51,51,51,57,57,57,57,63,68,66,66,66,71,71,71,71,71,71,71,71,71,71,71,71,71,71,71,71,71,71],"gold":167,"neow_bonus":"THREE_ENEMY_KILL","is_daily":false,"chose_seed":false,"campfire_upgraded":7,"win_rate":0.0,"timestamp":1607866170,"path_taken":["M","?","M","?","$","R","E","R","T","E","$","?","M","M","R","BOSS","M","M","$","M","$","R","E","R","T","R","?","?","E","$","R","BOSS","M","?","?","?","$","E","R","M","T","M","M","?","?","M","R","BOSS"],"items_purchased_type":["Card","Relic"],"build_version":"2020-11-30","purchased_purges":4,"victory":true,"max_hp_per_floor":[80,80,80,80,80,80,80,80,80,80,80,80,80,80,80,80,60,60,60,60,60,60,60,60,60,60,60,66,71,71,71,71,71,71,71,71,71,71,71,71,71,71,71,71,71,71,71,71,71,71],"card_choices":[{"not_picked":["Armaments","Warcry","Power Through"],"picked":"SKIP","floor":1.0},{"not_picked":["True Grit","Twin Strike"],"picked":"Body Slam","floor":3.0},{"not_picked":["ReplayTheSpireMod:Limb From Limb","Havoc","Thunderclap"],"picked":"SKIP","floor":7.0},{"not_picked":["Twin Strike","Wild Strike"],"picked":"Barricade","floor":10.0},{"not_picked":["Cleave","Blood for Blood"],"picked":"Sentinel","floor":13.0},{"not_picked":["Heavy Blade","Run Through","Body Slam"],"picked":"SKIP","floor":14.0},{"not_picked":["Juggernaut","Exhume"],"picked":"Demonic Infusion","floor":16.0},{"not_picked":["Intimidate","Clothesline","Clash"],"picked":"SKIP","floor":18.0},{"not_picked":["Run Through","Twin Strike","Rampage+1"],"picked":"SKIP","floor":19.0},{"not_picked":["Flex","Iron Wave"],"picked":"Body Slam+1","floor":21.0},{"not_picked":["Power Through","Pommel Strike+1","Cleave"],"picked":"SKIP","floor":24.0},{"not_picked":["Abandon","Rage","Replay:Undeath\u0027s Touch"],"picked":"SKIP","floor":30.0},{"not_picked":["Heavy Blade"],"picked":"SKIP","floor":35.0},{"not_picked":["Replay:Undeath\u0027s Touch"],"picked":"SKIP","floor":38.0},{"not_picked":["Fire Breathing+1"],"picked":"SKIP","floor":40.0},{"not_picked":["Disarm"],"picked":"SKIP","floor":42.0},{"not_picked":["Disarm"],"picked":"SKIP","floor":42.0},{"not_picked":["Wild Strike"],"picked":"SKIP","floor":44.0},{"not_picked":["True Grit"],"picked":"SKIP","floor":45.0},{"not_picked":["Second Wind"],"picked":"SKIP","floor":48.0}],"player_experience":417775,"relics_obtained":[{"floor":7.0,"key":"ReplayTheSpireMod:Ninjato"},{"floor":9.0,"key":"Garlic"},{"floor":10.0,"key":"Counterbalance"},{"floor":24.0,"key":"Happy Flower"},{"floor":26.0,"key":"Darkstone Periapt"},{"floor":28.0,"key":"ReplayTheSpireMod:Ring of Exchange"},{"floor":30.0,"key":"Replay:WaspNest"},{"floor":40.0,"key":"Golden Egg"},{"floor":43.0,"key":"King of Hearts"},{"floor":47.0,"key":"Turnip"}],"event_choices":[{"damage_healed":0.0,"max_hp_gain":0.0,"max_hp_loss":0.0,"gold_gain":0.0,"event_name":"Living Wall","player_choice":"Grow","floor":12.0,"gold_loss":0.0,"damage_taken":0.0,"cards_upgraded":["Barricade"]},{"damage_healed":0.0,"max_hp_gain":0.0,"max_hp_loss":0.0,"gold_gain":0.0,"event_name":"Addict","player_choice":"Obtained Relic","floor":29.0,"gold_loss":85.0,"damage_taken":0.0,"relics_obtained":["Durian"]},{"damage_healed":0.0,"max_hp_gain":0.0,"max_hp_loss":0.0,"gold_gain":0.0,"event_name":"Tomb of Lord Red Mask","player_choice":"Ignored","floor":36.0,"gold_loss":0.0,"damage_taken":0.0},{"damage_healed":0.0,"max_hp_gain":0.0,"max_hp_loss":0.0,"gold_gain":0.0,"event_name":"Duplicator","player_choice":"Copied","floor":37.0,"gold_loss":0.0,"damage_taken":0.0,"cards_obtained":["Shrug It Off"]},{"damage_healed":0.0,"max_hp_gain":0.0,"max_hp_loss":0.0,"gold_gain":0.0,"event_name":"Mysterious Sphere","player_choice":"Fight","floor":47.0,"gold_loss":0.0,"damage_taken":0.0}],"is_beta":false,"boss_relics":[{"not_picked":["Kintsugi","Tiny House"],"picked":"Replay:Drink Me"},{"not_picked":["TheAbacus","Replay:Ancient Bell"],"picked":"Busted Crown"}],"items_purged_floors":[2,11,31,46],"is_endless":false,"potions_floor_spawned":[3,7,13,18,21,24,42,47],"ascension_level":9}}