{"host":"apvnte8t1esriuig","time":1607872965,"event":{"mods":["2.2 Compatiblity","AchievementEnabler","BaseMod","Infinite Spire","Minty Spire (QoL Compilation)","Rare Cards Sparkle","StSLib"],"gold_per_floor":[147,112,151,190,265,265,349,385,385,460,460,544,19,19,19,250,250,298,331,367,31,73,73,73,151,175,205,205,205,307,364,364,586,586,643,688,688,223,85,178,274,361,361,418,493,38,137,182,182,182,182],"floor_reached":52,"playtime":3206,"items_purged":["Streamline"],"score":2131,"play_id":"30f2c90f-9ce6-45f2-aea8-5c59fa35bfca","local_time":"20201213162245","daily_mods":["Draft","Vintage","Colorless Cards","Heirloom","Time Dilation","Flight","DeadlyEvents","Elite Swarm","Midas"],"is_ascension_mode":true,"campfire_choices":[{"floor":6,"key":"REST"},{"floor":11,"key":"REST"},{"floor":15,"key":"REST"},{"floor":23,"key":"REST"},{"floor":28,"key":"REST"},{"floor":32,"key":"REST"},{"floor":49,"key":"DIG"}],"circlet_count":0,"master_deck":["Demon Form","Wraith Form v2","Echo Form","DevaForm","AscendersBane","Leap","Heatsinks","Conserve Battery","Doom and Gloom","FTL","Hologram","Barrage+1","Genetic Algorithm+1","Self Repair","Finesse","Cold Snap+1","Redo","Storm","Genetic Algorithm+1","Electrodynamics","Storm","Echo Form","Panache","Mayhem","Devotion","Electrodynamics","Feed"],"relics":["Cracked Core","Incense Burner","Meat on the Bone","Gremlin Horn","The Courier","Orichalcum","Bottled Lightning","Blue Candle","infinitespire:CursedDice","PreservedInsect","Peace Pipe","Strange Spoon","Pen Nib","Sundial","Ancient Tea Set","Toxic Egg 2","War Paint","infinitespire:Satchel","Toy Ornithopter","Boot","Bag of Preparation","Whetstone","infinitespire:PuzzleCube","Regal Pillow","TungstenRod","Dream Catcher","SacredBark","Lantern","Shuriken","Art of War","Symbiotic Virus","CeramicFish","Cauldron","PrismaticShard","Bird Faced Urn","Cables","Omamori","Nunchaku","White Beast Statue","Shovel","Membership Card","Akabeko","Centennial Puzzle","Darkstone Periapt","Letter Opener","Pantograph","Blood Vial","Mummified Hand"],"acts_visited":["Exordium","TheCity","TheBeyond"],"potions_floor_usage":[19,20,25,44,44,44,44],"damage_taken":[{"damage":25,"enemies":"Jaw Worm","floor":1,"turns":4},{"damage":9,"enemies":"2 Louse","floor":3,"turns":3},{"damage":5,"enemies":"Cultist","floor":4,"turns":4},{"damage":11,"enemies":"Lagavulin","floor":7,"turns":6},{"damage":16,"enemies":"Exordium Wildlife","floor":8,"turns":5},{"damage":42,"enemies":"Gremlin Nob","floor":10,"turns":5},{"damage":2,"enemies":"Lagavulin","floor":12,"turns":6},{"damage":27,"enemies":"The Guardian","floor":16,"turns":11},{"damage":29,"enemies":"Chosen","floor":18,"turns":4},{"damage":27,"enemies":"2 Thieves","floor":19,"turns":4},{"damage":19,"enemies":"Shelled Parasite and Fungi","floor":20,"turns":5},{"damage":0,"enemies":"Sentry and Sphere","floor":22,"turns":4},{"damage":33,"enemies":"Book of Stabbing","floor":25,"turns":5},{"damage":18,"enemies":"Snake Plant","floor":27,"turns":5},{"damage":1,"enemies":"Gremlin Leader","floor":30,"turns":5},{"damage":10,"enemies":"Chosen and Byrds","floor":31,"turns":4},{"damage":9,"enemies":"Automaton","floor":33,"turns":6},{"damage":21,"enemies":"Orb Walker","floor":35,"turns":4},{"damage":0,"enemies":"3 Darklings","floor":36,"turns":3},{"damage":88,"enemies":"Reptomancer","floor":40,"turns":4},{"damage":27,"enemies":"Giant Head","floor":41,"turns":6},{"damage":29,"enemies":"Reptomancer","floor":42,"turns":3},{"damage":19,"enemies":"Transient","floor":44,"turns":6},{"damage":0,"enemies":"Mind Bloom Boss Battle","floor":45,"turns":4},{"damage":47,"enemies":"Nemesis","floor":47,"turns":5},{"damage":0,"enemies":"Spire Growth","floor":48,"turns":4},{"damage":17,"enemies":"Time Eater","floor":50,"turns":9},{"damage":14,"enemies":"Donu and Deca","floor":51,"turns":5}],"seed_played":"6448608610574384308","potions_obtained":[{"floor":1,"key":"Energy Potion"},{"floor":3,"key":"Weak Potion"},{"floor":20,"key":"Swift Potion"},{"floor":22,"key":"EssenceOfSteel"},{"floor":27,"key":"SteroidPotion"},{"floor":35,"key":"PotionOfCapacity"},{"floor":38,"key":"EntropicBrew"},{"floor":47,"key":"GamblersBrew"},{"floor":48,"key":"Fire Potion"}],"is_trial":true,"path_per_floor":["M","?","M","M","?","R","E","M","T","E","R","E","$","T","R","B",null,"M","M","M","$","M","R","$","E","T","M","R","T","E","M","R","B",null,"M","M","AVR","$","$","E","E","E","T","M","?","$","E","M","R","B","B",null],"character_chosen":"DEFECT","items_purchased":["Peace Pipe","Strange Spoon","Pen Nib","Storm","infinitespire:Satchel","Toy Ornithopter","Symbiotic Virus","CeramicFish","Cauldron","PrismaticShard","Membership Card","Akabeko","Centennial Puzzle","Darkstone Periapt","Letter Opener"],"campfire_rested":6,"item_purchase_floors":[13,13,13,21,21,21,38,38,38,39,46,46,46,46,46],"current_hp_per_floor":[46,63,61,63,52,71,71,55,55,32,53,65,65,65,71,51,66,44,36,36,36,43,64,64,43,43,44,65,65,71,61,71,69,71,57,71,71,71,71,68,61,52,52,71,71,71,47,71,71,65,74],"gold":182,"neow_bonus":"","is_daily":false,"chose_seed":false,"campfire_upgraded":0,"win_rate":0.0,"timestamp":1607872965,"path_taken":["M","?","M","M","?","R","E","?","T","E","R","E","$","?","R","BOSS","M","M","?","$","M","R","?","E","T","?","R","?","E","M","R","BOSS","M","M","AVR","?","$","E","?","E","T","?","?","$","E","M","R","BOSS","BOSS"],"items_purchased_type":["Relic","Relic","Relic","Card","Relic","Relic","Relic","Relic","Relic","Relic","Relic","Relic","Relic","Relic","Relic"],"build_version":"2020-11-30","purchased_purges":1,"victory":true,"max_hp_per_floor":[71,71,71,71,71,71,71,71,71,71,71,71,71,71,71,71,71,71,71,71,71,71,71,71,71,71,71,71,71,71,71,71,71,71,71,71,71,71,71,71,71,71,71,71,71,71,71,71,71,74,74],"card_choices":[{"not_picked":["Reinforced Body","Turbo"],"picked":"Leap","floor":0},{"not_picked":["Steam","Rip and Tear"],"picked":"Heatsinks","floor":0},{"not_picked":["Hologram","Turbo"],"picked":"Streamline","floor":0},{"not_picked":["Glacier","Gash"],"picked":"Conserve Battery","floor":0},{"not_picked":["Steam","Consume"],"picked":"Doom and Gloom","floor":0},{"not_picked":["Turbo","Coolheaded"],"picked":"FTL","floor":0},{"not_picked":["Stack","Steam Power"],"picked":"Hologram","floor":0},{"not_picked":["Redo","Coolheaded"],"picked":"Barrage","floor":0},{"not_picked":["BootSequence","Compile Driver"],"picked":"Genetic Algorithm","floor":0},{"not_picked":["Cold Snap","Streamline"],"picked":"Self Repair","floor":0},{"not_picked":["Stack","Rebound"],"picked":"Finesse","floor":0},{"not_picked":["Barrage","Hologram"],"picked":"Cold Snap","floor":0},{"not_picked":["Trip","Turbo"],"picked":"Redo","floor":0},{"not_picked":["Rebound","Deep Breath"],"picked":"Storm","floor":0},{"not_picked":["Turbo","Steam Power"],"picked":"Genetic Algorithm","floor":0},{"not_picked":["Master of Strategy","Thunder Strike","Core Surge"],"picked":"SKIP","floor":7},{"not_picked":["Chrysalis","Multi-Cast","Seek"],"picked":"SKIP","floor":10},{"not_picked":["HandOfGreed","Thunder Strike","Biased Cognition"],"picked":"SKIP","floor":12},{"not_picked":["Thinking Ahead","Seek"],"picked":"Electrodynamics","floor":16},{"not_picked":["Sadistic Nature","Hyperbeam"],"picked":"Echo Form","floor":25},{"not_picked":["The Bomb+1","All For One","Amplify+1"],"picked":"SKIP","floor":30},{"not_picked":["All For One","Apotheosis+1"],"picked":"Panache","floor":33},{"not_picked":["infinitespire:Neurotoxin+1","Limit Break+1"],"picked":"Mayhem","floor":40},{"not_picked":["Immolate","Alpha+1"],"picked":"Devotion","floor":41},{"not_picked":["Adrenaline+1","Blasphemy+1"],"picked":"Electrodynamics","floor":42},{"not_picked":["Bullet Time+1","Wish+1"],"picked":"Feed","floor":47}],"player_experience":309192,"relics_obtained":[{"floor":1,"key":"Meat on the Bone"},{"floor":3,"key":"Gremlin Horn"},{"floor":4,"key":"The Courier"},{"floor":7,"key":"Orichalcum"},{"floor":8,"key":"Bottled Lightning"},{"floor":9,"key":"Blue Candle"},{"floor":10,"key":"infinitespire:CursedDice"},{"floor":12,"key":"PreservedInsect"},{"floor":14,"key":"Sundial"},{"floor":18,"key":"Ancient Tea Set"},{"floor":19,"key":"Toxic Egg 2"},{"floor":20,"key":"War Paint"},{"floor":22,"key":"Boot"},{"floor":25,"key":"Bag of Preparation"},{"floor":26,"key":"Whetstone"},{"floor":27,"key":"infinitespire:PuzzleCube"},{"floor":29,"key":"Regal Pillow"},{"floor":30,"key":"TungstenRod"},{"floor":31,"key":"Dream Catcher"},{"floor":35,"key":"Lantern"},{"floor":36,"key":"Shuriken"},{"floor":40,"key":"Bird Faced Urn"},{"floor":41,"key":"Cables"},{"floor":42,"key":"Omamori"},{"floor":43,"key":"Nunchaku"},{"floor":44,"key":"White Beast Statue"},{"floor":45,"key":"Shovel"},{"floor":47,"key":"Pantograph"},{"floor":48,"key":"Blood Vial"},{"floor":49,"key":"Mummified Hand"}],"event_choices":[{"damage_healed":17,"gold_gain":0,"player_choice":"Healed","damage_taken":0,"max_hp_gain":0,"max_hp_loss":0,"event_name":"The Cleric","floor":2,"gold_loss":35},{"damage_healed":0,"gold_gain":75,"player_choice":"Gather Gold","damage_taken":11,"max_hp_gain":0,"max_hp_loss":0,"event_name":"World of Goop","floor":5,"gold_loss":0},{"damage_healed":0,"gold_gain":0,"player_choice":"Fight","damage_taken":0,"max_hp_gain":0,"max_hp_loss":0,"event_name":"MindBloom","floor":45,"gold_loss":0}],"is_beta":false,"boss_relics":[{"not_picked":["FrozenCore","Runic Dome","infinitespire:Cupcake"]},{"not_picked":["Velvet Choker","Empty Cage"],"picked":"SacredBark"}],"items_purged_floors":[21],"is_endless":false,"potions_floor_spawned":[1,3,12,18,20,22,27,35,40,42,45,47,48],"ascension_level":20}}