{"host":"cz3p2o9n3b1gdmkz","time":1607864910,"event":{"mods":["AchievementEnabler","BaseMod","CapriCore","GungeonMod","Hermit","Lobotomy","Minty Spire (QoL Compilation)","Replay The Spire","Shop Mod","StSLib","SuperFastMode","The Cursed","The Dragon Tamer","The Gatherer","The Jungle","The Poker Player"],"gold_per_floor":[113,123,143,143,68,98,98,129,154,154,154,187,87,103,103,177,177,196,196,208,44,60,88,88,106,186,217,217,227,227,245,245,318,318,333,333,50,67,92,119,119,153,178,178,178,195,195,213,213,213,213,213],"floor_reached":50,"playtime":2163,"items_purged":["PokerPlayerMod:Diamond1","PokerPlayerMod:Diamond3","PokerPlayerMod:Spade2"],"score":1217,"play_id":"b9ed22ea-d578-4cc0-9fa8-31b783eda8f3","local_time":"20201213220830","is_ascension_mode":true,"metric_token":1054,"campfire_choices":[{"floor":7.0,"key":"REST"},{"data":"PokerPlayerMod:TrumpStrike","floor":11.0,"key":"SMITH"},{"floor":15.0,"key":"DIG"},{"floor":24.0,"key":"REST"},{"floor":30.0,"key":"REST"},{"floor":32.0,"key":"REST"},{"floor":41.0,"key":"REST"},{"floor":45.0,"key":"REST"},{"floor":49,"key":"REST"}],"circlet_count":0,"master_deck":["AscendersBane","PokerPlayerMod:Diamond4","PokerPlayerMod:Diamond5","PokerPlayerMod:Spade3","PokerPlayerMod:Spade4","PokerPlayerMod:Club1","PokerPlayerMod:Club2","PokerPlayerMod:Heart2","PokerPlayerMod:TrumpStrike+1","PokerPlayerMod:BadJoker+1","PokerPlayerMod:Mulligan+1","PokerPlayerMod:Club7","PokerPlayerMod:Club2","PokerPlayerMod:Club3","PokerPlayerMod:Club4","PokerPlayerMod:Club5","PokerPlayerMod:Club6","PokerPlayerMod:Promotion","PokerPlayerMod:Club7","PokerPlayerMod:Club8","PokerPlayerMod:Heart9"],"relics":["PokerPlayerMod:DeckCase","NeowsBlessing","PokerPlayerMod:Splitter","DemoMod:Metronome","War Paint","Toy Ornithopter","DemoMod:ResourcefulSack","Frozen Eye","DemoMod:Relodestone","Iron Hammer","MealTicket","Replay:Wax Seal","DemoMod:WeirdEgg","Incense Burner","Pen Nib","DemoMod:NanoMachines","ReplayFunnel"],"acts_visited":["Exordium","TheCity","TheBeyond"],"potions_floor_usage":[50],"damage_taken":[{"damage":0.0,"enemies":"Cultist","floor":1.0,"turns":1.0},{"damage":0.0,"enemies":"Small Slimes","floor":2.0,"turns":1.0},{"damage":0.0,"enemies":"2 Louse","floor":3.0,"turns":1.0},{"damage":36.0,"enemies":"Lagavulin","floor":6.0,"turns":4.0},{"damage":0.0,"enemies":"3 Sentries","floor":8.0,"turns":2.0},{"damage":0.0,"enemies":"Replay:BlueRogue","floor":12.0,"turns":4.0},{"damage":0.0,"enemies":"Exordium Wildlife","floor":14.0,"turns":1.0},{"damage":11.0,"enemies":"Fading Forest","floor":16.0,"turns":11.0},{"damage":7.0,"enemies":"Chosen","floor":18.0,"turns":4.0},{"damage":23.0,"enemies":"2 Thieves","floor":20.0,"turns":3.0},{"damage":13.0,"enemies":"Shelled Parasite and Fungi","floor":22.0,"turns":3.0},{"damage":0.0,"enemies":"Slavers","floor":23.0,"turns":1.0},{"damage":33.0,"enemies":"Snake Plant","floor":25.0,"turns":3.0},{"damage":3.0,"enemies":"Book of Stabbing","floor":27.0,"turns":3.0},{"damage":0.0,"enemies":"3 Cultists","floor":29.0,"turns":1.0},{"damage":0.0,"enemies":"Shelled Parasite and Fungi","floor":31.0,"turns":1.0},{"damage":24.0,"enemies":"Automaton","floor":33.0,"turns":6.0},{"damage":0.0,"enemies":"3 Shapes","floor":35.0,"turns":1.0},{"damage":0.0,"enemies":"3 Darklings","floor":38.0,"turns":1.0},{"damage":40.0,"enemies":"Mind Bloom Boss Battle","floor":39.0,"turns":5.0},{"damage":0.0,"enemies":"Reptomancer","floor":40.0,"turns":3.0},{"damage":40.0,"enemies":"Giant Head","floor":42.0,"turns":7.0},{"damage":0.0,"enemies":"Jaw Worm Horde","floor":46.0,"turns":2.0},{"damage":0,"enemies":"Sphere and 2 Shapes","floor":48,"turns":1},{"damage":50,"enemies":"Awakened One","floor":50,"turns":3}],"seed_played":"-1168309560515366702","potions_obtained":[{"floor":2.0,"key":"Elixir"},{"floor":3.0,"key":"Dexterity Potion"},{"floor":14.0,"key":"LiquidBronze"},{"floor":20.0,"key":"Weak Potion"},{"floor":23.0,"key":"SpeedPotion"},{"floor":25.0,"key":"AttackPotion"},{"floor":31.0,"key":"Elixir"},{"floor":35.0,"key":"Dexterity Potion"},{"floor":39.0,"key":"SkillPotion"},{"floor":48,"key":"Adrenaline Potion"}],"is_trial":false,"path_per_floor":["M","M","M","?","$","E","R","E","T","?","R","E","$","M","R","B",null,"M","?","M","$","M","E","R","M","T","E","?","M","R","M","R","B",null,"M","T","$","M","?","E","R","E","T","?","R","M","?","M","R","B"],"character_chosen":"THE_POKER_PLAYER","items_purchased":["Frozen Eye","DemoMod:WeirdEgg"],"campfire_rested":7,"item_purchase_floors":[21,37],"current_hp_per_floor":[43,43,43,43,43,7,21,21,21,14,14,18,18,20,20,11,39,35,35,20,20,21,21,35,10,10,17,11,11,25,25,39,21,41,41,41,48,48,18,23,37,2,2,2,15,27,27,27,40,0,0,0],"gold":213,"neow_bonus":"THREE_ENEMY_KILL","is_daily":false,"chose_seed":false,"campfire_upgraded":1,"win_rate":0.0,"timestamp":1607864910,"path_taken":["M","?","?","?","$","E","R","E","T","?","R","E","$","?","R","BOSS","M","?","?","$","M","E","R","M","T","E","?","M","R","M","R","BOSS","M","?","$","M","?","E","R","E","T","?","R","M","?","?","R","BOSS"],"items_purchased_type":["Relic","Relic"],"build_version":"2020-11-30","purchased_purges":3,"victory":false,"max_hp_per_floor":[48,48,48,48,48,48,48,48,48,48,48,48,48,48,48,48,48,48,48,48,48,48,48,48,48,48,48,48,48,48,48,48,48,48,48,48,48,48,48,48,48,48,48,46,46,46,46,46,46,46,46,46],"card_choices":[{"not_picked":["PokerPlayerMod:Diamond4","PokerPlayerMod:DiamondStrike","PokerPlayerMod:CardBurn"],"picked":"SKIP","floor":1.0},{"not_picked":["PokerPlayerMod:Configure","PokerPlayerMod:Diamond3"],"picked":"PokerPlayerMod:Club7","floor":2.0},{"not_picked":["PokerPlayerMod:Club3","PokerPlayerMod:MagicTrick","PokerPlayerMod:Spade1"],"picked":"SKIP","floor":3.0},{"not_picked":["PokerPlayerMod:VarietyAttack","PokerPlayerMod:Diamond7","PokerPlayerMod:Spade4"],"picked":"SKIP","floor":6.0},{"not_picked":["PokerPlayerMod:Spade1","PokerPlayerMod:Diamond6","PokerPlayerMod:Spade4"],"picked":"SKIP","floor":8.0},{"not_picked":["PokerPlayerMod:Spade1","PokerPlayerMod:Diamond10+","PokerPlayerMod:FlyingCard"],"picked":"SKIP","floor":12.0},{"not_picked":["PokerPlayerMod:CloakAndDiamond","PokerPlayerMod:ClubsClub","PokerPlayerMod:Club1"],"picked":"SKIP","floor":14.0},{"not_picked":["PokerPlayerMod:VarietyAttack","PokerPlayerMod:ChangeRules"],"picked":"PokerPlayerMod:Promotion","floor":16.0},{"not_picked":["PokerPlayerMod:Spade3","PokerPlayerMod:CloakAndDiamond+1"],"picked":"PokerPlayerMod:Club7","floor":18.0},{"not_picked":["PokerPlayerMod:Harden","PokerPlayerMod:FlyingCard+1","PokerPlayerMod:Diamond5"],"picked":"SKIP","floor":20.0},{"not_picked":["PokerPlayerMod:DartThrow+1","PokerPlayerMod:Trickery","PokerPlayerMod:Spade8"],"picked":"SKIP","floor":22.0},{"not_picked":["PokerPlayerMod:Club3","PokerPlayerMod:Diamond2","PokerPlayerMod:Spade10+"],"picked":"SKIP","floor":23.0},{"not_picked":["PokerPlayerMod:CardBurn","PokerPlayerMod:Sharpen","PokerPlayerMod:SecondChance"],"picked":"SKIP","floor":25.0},{"not_picked":["PokerPlayerMod:Club2","PokerPlayerMod:Configure","PokerPlayerMod:Club1"],"picked":"SKIP","floor":27.0},{"not_picked":["PokerPlayerMod:Heart2","PokerPlayerMod:Trickery+1","PokerPlayerMod:Club1"],"picked":"SKIP","floor":29.0},{"not_picked":["PokerPlayerMod:Heart1","PokerPlayerMod:FlyingCard","PokerPlayerMod:Spade3"],"picked":"SKIP","floor":31.0},{"not_picked":["PokerPlayerMod:Spade7","PokerPlayerMod:Club7"],"picked":"PokerPlayerMod:Club8","floor":33.0},{"not_picked":["PokerPlayerMod:Trickery","PokerPlayerMod:Configure","PokerPlayerMod:CloakAndDiamond"],"picked":"SKIP","floor":35.0},{"not_picked":["PokerPlayerMod:SpadeStrike","PokerPlayerMod:CardBurn","PokerPlayerMod:Spade1"],"picked":"SKIP","floor":38.0},{"not_picked":["PokerPlayerMod:ClubsClub","PokerPlayerMod:Diamond2","PokerPlayerMod:Configure"],"picked":"SKIP","floor":40.0},{"not_picked":["PokerPlayerMod:SecondChance","PokerPlayerMod:Heart1"],"picked":"PokerPlayerMod:Heart9","floor":42.0},{"not_picked":["PokerPlayerMod:Club4","PokerPlayerMod:Diamond1","PokerPlayerMod:Diamond3"],"picked":"SKIP","floor":46.0},{"not_picked":["PokerPlayerMod:Fold","PokerPlayerMod:Club2","PokerPlayerMod:Club1"],"picked":"SKIP","floor":48}],"player_experience":880950,"relics_obtained":[{"floor":6.0,"key":"PokerPlayerMod:Splitter"},{"floor":8.0,"key":"DemoMod:Metronome"},{"floor":9.0,"key":"War Paint"},{"floor":12.0,"key":"Toy Ornithopter"},{"floor":15.0,"key":"DemoMod:ResourcefulSack"},{"floor":23.0,"key":"DemoMod:Relodestone"},{"floor":26.0,"key":"Iron Hammer"},{"floor":27.0,"key":"MealTicket"},{"floor":36.0,"key":"Replay:Wax Seal"},{"floor":39.0,"key":"Incense Burner"},{"floor":40.0,"key":"Pen Nib"},{"floor":42.0,"key":"DemoMod:NanoMachines"},{"floor":43.0,"key":"ReplayFunnel"}],"event_choices":[{"damage_healed":0.0,"max_hp_gain":0.0,"max_hp_loss":0.0,"gold_gain":0.0,"event_name":"PokerPlayerMod:ExordiumClub","player_choice":"Jackpot","floor":4.0,"gold_loss":0.0,"damage_taken":0.0,"cards_obtained":["PokerPlayerMod:Club2","PokerPlayerMod:Club3","PokerPlayerMod:Club4","PokerPlayerMod:Club5","PokerPlayerMod:Club6"]},{"damage_healed":0.0,"max_hp_gain":0.0,"max_hp_loss":0.0,"gold_gain":0.0,"event_name":"PokerPlayerMod:ExordiumClub","player_choice":"Jackpot","floor":4.0,"gold_loss":0.0,"damage_taken":0.0,"cards_obtained":["PokerPlayerMod:Club2","PokerPlayerMod:Club3","PokerPlayerMod:Club4","PokerPlayerMod:Club5","PokerPlayerMod:Club6"]},{"damage_healed":0.0,"max_hp_gain":0.0,"max_hp_loss":0.0,"gold_gain":0.0,"event_name":"PokerPlayerMod:ExordiumClub","player_choice":"Jackpot","floor":4.0,"gold_loss":0.0,"damage_taken":0.0,"cards_obtained":["PokerPlayerMod:Club2","PokerPlayerMod:Club3","PokerPlayerMod:Club4","PokerPlayerMod:Club5","PokerPlayerMod:Club6"]},{"damage_healed":0.0,"max_hp_gain":0.0,"max_hp_loss":0.0,"gold_gain":0.0,"event_name":"PokerPlayerMod:ExordiumClub","player_choice":"Jackpot","floor":4.0,"gold_loss":0.0,"damage_taken":0.0,"cards_obtained":["PokerPlayerMod:Club2","PokerPlayerMod:Club3","PokerPlayerMod:Club4","PokerPlayerMod:Club5","PokerPlayerMod:Club6"]},{"damage_healed":0.0,"max_hp_gain":0.0,"max_hp_loss":0.0,"gold_gain":0.0,"event_name":"PokerPlayerMod:ExordiumClub","player_choice":"Jackpot","floor":4.0,"gold_loss":0.0,"damage_taken":0.0,"cards_obtained":["PokerPlayerMod:Club2","PokerPlayerMod:Club3","PokerPlayerMod:Club4","PokerPlayerMod:Club5","PokerPlayerMod:Club6"]},{"cards_removed":["PokerPlayerMod:Diamond2"],"damage_healed":0.0,"max_hp_gain":0.0,"max_hp_loss":0.0,"gold_gain":0.0,"event_name":"Golden Wing","player_choice":"Card Removal","floor":10.0,"gold_loss":0.0,"damage_taken":7.0},{"cards_removed":["PokerPlayerMod:Spade1"],"damage_healed":0.0,"max_hp_gain":0.0,"max_hp_loss":0.0,"gold_gain":0.0,"event_name":"Purifier","player_choice":"Purged","floor":19.0,"gold_loss":0.0,"damage_taken":0.0},{"damage_healed":0.0,"max_hp_gain":0.0,"max_hp_loss":0.0,"gold_gain":0.0,"event_name":"Knowing Skull","player_choice":"","floor":28.0,"potions_obtained":[],"gold_loss":0.0,"damage_taken":6.0,"cards_obtained":[]},{"damage_healed":0.0,"max_hp_gain":0.0,"max_hp_loss":0.0,"gold_gain":0.0,"event_name":"MindBloom","player_choice":"Fight","floor":39.0,"gold_loss":0.0,"damage_taken":0.0},{"damage_healed":0.0,"max_hp_gain":0.0,"max_hp_loss":2.0,"gold_gain":0.0,"event_name":"Winding Halls","player_choice":"Max HP","floor":44.0,"gold_loss":0.0,"damage_taken":0.0}],"is_beta":false,"boss_relics":[{"not_picked":["Ectoplasm","ChewingGum","Velvet Choker"]},{"not_picked":["Abe\u0027s Treasure","ReplayTheSpireMod:DimensionalGlitch","Replay:Ancient Bell"]}],"items_purged_floors":[5,13,37],"is_endless":false,"potions_floor_spawned":[2,3,14,20,23,25,31,35,39,48],"killed_by":"Awakened One","ascension_level":17}}