{"host":"vdpaduzlq0qlaikq","time":1607876346,"event":{"mods":["AchievementEnabler","BaseMod","Better Third Choice","BetterRewards","Colored Map","Downfall","Gold Saver","Hermit","Jorbs\u0027s Wanderer Trilogy","Minty Spire (QoL Compilation)","Relic Filter","Spicy Shops","StSLib","The Necromancer"],"gold_per_floor":[316,335,285,42,42,42,57,57,109,84,104,118,138,102,102,102,102],"floor_reached":16,"playtime":897,"items_purged":[],"score":202,"play_id":"7f8c7f41-fa52-4446-bd0e-4b83fab3f35c","local_time":"20201213141906","is_ascension_mode":true,"campfire_choices":[{"data":"Accuracy","floor":6,"key":"SMITH"},{"data":"Burst","floor":8,"key":"SMITH"},{"data":"Cloak And Dagger","floor":15,"key":"SMITH"}],"circlet_count":0,"master_deck":["Strike_G","Strike_G","Strike_G","Strike_G","Defend_G","Defend_G","Defend_G","Defend_G","Defend_G","Survivor","Neutralize","Accuracy+1","Prepared","Outmaneuver","Burst+1","PiercingWail","Backstab","Cloak And Dagger+1"],"relics":["Ring of the Snake","HandDrill","MealTicket","Pantograph"],"acts_visited":["Exordium"],"potions_floor_usage":[12,13,16],"damage_taken":[{"damage":2,"enemies":"Cultist","floor":1,"turns":5},{"damage":7,"enemies":"Jaw Worm","floor":2,"turns":4},{"damage":6,"enemies":"2 Louse","floor":7,"turns":4},{"damage":20,"enemies":"Exordium Thugs","floor":10,"turns":6},{"damage":1,"enemies":"Blue Slaver","floor":11,"turns":7},{"damage":10,"enemies":"Large Slime","floor":12,"turns":9},{"damage":18,"enemies":"Lots of Slimes","floor":13,"turns":11},{"damage":71,"enemies":"The Guardian","floor":16,"turns":13}],"seed_played":"5932374497357891356","potions_obtained":[{"floor":7,"key":"Explosive Potion"},{"floor":12,"key":"SkillPotion"},{"floor":13,"key":"ColorlessPotion"}],"is_trial":false,"path_per_floor":["M","M","?","$","?","R","M","R","T","M","M","M","M","$","R","B"],"character_chosen":"THE_SILENT","items_purchased":["Accuracy","HandDrill","MealTicket","Pantograph","Cloak And Dagger"],"campfire_rested":0,"item_purchase_floors":[0,0,0,4,14],"current_hp_per_floor":[61,54,54,69,69,69,63,63,63,43,42,32,14,29,29,0,0],"gold":102,"neow_bonus":"","is_daily":false,"chose_seed":false,"campfire_upgraded":3,"win_rate":0.0,"timestamp":1607876346,"path_taken":["M","?","?","$","?","R","M","R","T","?","M","M","M","$","R","BOSS"],"items_purchased_type":["Card","Relic","Relic","Relic","Card"],"build_version":"2020-11-30","purchased_purges":0,"victory":false,"max_hp_per_floor":[70,70,70,70,70,70,70,70,70,70,70,70,70,70,70,70,70],"card_choices":[{"not_picked":["Riddle With Holes","Well Laid Plans"],"picked":"Prepared","floor":1},{"not_picked":["Flying Knee","Expertise"],"picked":"Outmaneuver","floor":2},{"not_picked":["Setup","Choke","Backflip"],"picked":"SKIP","floor":7},{"not_picked":["Backflip","Flying Knee","Catalyst"],"picked":"SKIP","floor":10},{"not_picked":["Outmaneuver","Dodge and Roll"],"picked":"PiercingWail","floor":11},{"not_picked":["Backflip","Expertise","Dagger Spray"],"picked":"SKIP","floor":12},{"not_picked":["Quick Slash","All Out Attack"],"picked":"Backstab","floor":13}],"player_experience":489174,"relics_obtained":[],"event_choices":[{"cards_removed":["Strike_G"],"damage_healed":0,"gold_gain":0,"player_choice":"Card Removal","damage_taken":0,"max_hp_gain":0,"max_hp_loss":0,"event_name":"The Cleric","floor":3,"gold_loss":50},{"damage_healed":0,"gold_gain":0,"player_choice":"1 cards matched","damage_taken":0,"max_hp_gain":0,"max_hp_loss":0,"event_name":"Match and Keep!","floor":5,"gold_loss":0,"cards_obtained":["Burst"]}],"is_beta":false,"boss_relics":[],"items_purged_floors":[],"is_endless":false,"potions_floor_spawned":[7,12,13],"killed_by":"The Guardian","ascension_level":8}}