{"host":"reretk0dz0kj8f1n","time":1607866022,"event":{"mods":["BaseMod","Lobotomy","Minty Spire (QoL Compilation)","StSLib"],"gold_per_floor":[119,119,119,119,136,161,178,213,237,237,258,278,65,85,85,260,260,279,279,292,192,192,192,225,245,245,278,278,310,310,225,225,329,329,387,387,407,247,247,247,281,281,281,309,15,48,58,69,69,69,69],"floor_reached":50,"playtime":3501,"items_purged":["Defend_G","Strike_G","Strike_G","Strike_G"],"score":882,"play_id":"240e8b4d-b5ef-433b-b647-1398fca68028","local_time":"20201213222702","is_ascension_mode":true,"campfire_choices":[{"floor":10,"key":"REST"},{"floor":15,"key":"REST"},{"data":"Adrenaline","floor":23,"key":"SMITH"},{"data":"Adrenaline","floor":28,"key":"SMITH"},{"data":"Acrobatics","floor":30,"key":"SMITH"},{"data":"Deadly Poison","floor":32,"key":"SMITH"},{"data":"Catalyst","floor":40,"key":"SMITH"},{"data":"Well Laid Plans","floor":42,"key":"SMITH"},{"data":"Tactician","floor":49,"key":"SMITH"}],"circlet_count":0,"master_deck":["Strike_G","Strike_G","Defend_G","Defend_G","Defend_G","Defend_G","Survivor","Neutralize","Backflip","Masterful Stab","Adrenaline+1","Catalyst","Venomology","MHz","Backstab","Glass Knife","Catalyst","Tactician+1","Well Laid Plans+1","Escape Plan","OSAHOGD","Tools of the Trade","Blur+1","Adrenaline+1","Deadly Poison+1","Expertise","Acrobatics+1","Die Die Die","CurseOfTheBell","Catalyst+1","Footwork","Noxious Fumes+1","Concentrate","Reflex+1","Footwork+1","Escape Plan","Parasite","Footwork+1","Backflip+1"],"relics":["Ring of the Snake","CogitoBucket","RabbitCall","Boot","Pen Nib","Bag of Marbles","Orichalcum","Odd Mushroom","ChangeAnything","Coffee Dripper","The Specimen","TreeSap","CaptainsWheel","Art of War","Centennial Puzzle","Mercury Hourglass","Calling Bell","PreservedInsect","Shuriken","Du-Vu Doll","FleshIdol","AtMidnight","Frozen Egg 2","Pantograph","HornCleat","Orrery","Bottled Lightning"],"acts_visited":["Exordium","TheCity","TheBeyond"],"potions_floor_usage":[7,7,7,8,11,11,11,11,11,12,14,16,16,16,20,20,20,24,24,24,24,25,25,27,27,29,33,33,33,37,37,37,41,41,44,44,46,47,47,50,50,50],"damage_taken":[{"damage":0,"enemies":"Small Slimes","floor":1,"turns":3},{"damage":0,"enemies":"Cultist","floor":5,"turns":2},{"damage":46,"enemies":"Lagavulin","floor":6,"turns":7},{"damage":0,"enemies":"Jaw Worm","floor":7,"turns":3},{"damage":0,"enemies":"3 Sentries","floor":8,"turns":4},{"damage":0,"enemies":"The Mushroom Lair","floor":11,"turns":3},{"damage":20,"enemies":"Large Slime","floor":12,"turns":1},{"damage":0,"enemies":"Exordium Thugs","floor":14,"turns":3},{"damage":29,"enemies":"The Guardian","floor":16,"turns":7},{"damage":5,"enemies":"Chosen","floor":18,"turns":4},{"damage":0,"enemies":"Spheric Guardian","floor":20,"turns":1},{"damage":0,"enemies":"Book of Stabbing","floor":24,"turns":4},{"damage":39,"enemies":"Snake Plant","floor":25,"turns":9},{"damage":11,"enemies":"Slavers","floor":27,"turns":5},{"damage":8,"enemies":"Book of Stabbing","floor":29,"turns":5},{"damage":0,"enemies":"Automaton","floor":33,"turns":4},{"damage":17,"enemies":"3 Darklings","floor":35,"turns":4},{"damage":30,"enemies":"3 Shapes","floor":37,"turns":16},{"damage":5,"enemies":"Nemesis","floor":41,"turns":5},{"damage":0,"enemies":"Giant Head","floor":44,"turns":5},{"damage":0,"enemies":"Reptomancer","floor":46,"turns":4},{"damage":0,"enemies":"Writhing Mass","floor":47,"turns":4},{"damage":0,"enemies":"Jaw Worm Horde","floor":48,"turns":4},{"damage":112,"enemies":"Awakened One","floor":50,"turns":3}],"seed_played":"808031796930728980","potions_obtained":[{"floor":11,"key":"LiquidMemories"},{"floor":12,"key":"Poison Potion"},{"floor":20,"key":"PowerPotion"},{"floor":25,"key":"DistilledChaos"},{"floor":39,"key":"Swift Potion"},{"floor":39,"key":"Swift Potion"},{"floor":41,"key":"GhostInAJar"},{"floor":44,"key":"Dexterity Potion"},{"floor":46,"key":"SkillPotion"}],"is_trial":false,"path_per_floor":["M","?","?","?","M","E","M","E","T","R","?","M","$","M","R","B",null,"M","?","M","$","?","R","E","M","T","E","R","E","R","?","R","B",null,"M","?","M","$","?","R","E","R","T","E","$","E","M","M","R","B"],"character_chosen":"THE_SILENT","items_purchased":["Well Laid Plans","Escape Plan","Footwork","Orrery"],"campfire_rested":2,"item_purchase_floors":[13,13,38,45],"current_hp_per_floor":[70,70,63,63,63,17,17,17,17,38,50,30,30,30,51,36,70,65,65,65,65,52,52,52,58,58,62,62,54,54,54,54,54,75,58,58,43,43,43,43,40,40,40,54,54,54,54,54,54,0,0],"gold":69,"neow_bonus":"","is_daily":false,"chose_seed":false,"campfire_upgraded":7,"win_rate":0.0,"timestamp":1607866022,"path_taken":["M","?","?","?","?","E","?","E","T","R","?","M","?","M","R","BOSS","M","?","M","?","?","R","E","M","T","E","R","E","R","?","R","BOSS","M","?","M","?","?","R","E","R","T","E","$","E","M","M","R","BOSS"],"items_purchased_type":["Card","Card","Card","Relic"],"build_version":"2020-11-30","purchased_purges":4,"victory":false,"max_hp_per_floor":[70,70,70,70,70,70,70,70,70,70,70,70,70,70,70,70,70,70,70,70,70,75,75,75,75,75,75,75,75,75,75,75,75,75,75,75,75,75,75,75,75,75,75,75,75,75,75,75,75,75,75],"card_choices":[{"not_picked":["Scorched","ShyLook","HappyTeddy"],"picked":"Singing Bowl","floor":1},{"not_picked":["Endless Agony","Blade Dance","PiercingWail"],"picked":"SKIP","floor":1},{"not_picked":["MeatLantern","FairyFestival","SpiderBud"],"picked":"Singing Bowl","floor":5},{"not_picked":["Distraction","Underhanded Strike"],"picked":"Catalyst","floor":5},{"not_picked":["OSAHOGD","Scorched","HeroicMonk"],"picked":"Singing Bowl","floor":6},{"not_picked":["Blade Dance","Eviscerate"],"picked":"Venomology","floor":6},{"not_picked":["Variant","FairyFestival"],"picked":"MHz","floor":7},{"not_picked":["Dagger Throw","Concentrate"],"picked":"Backstab","floor":7},{"not_picked":["FairyFestival","CherryBlossoms","WallGazer"],"picked":"Singing Bowl","floor":8},{"not_picked":["MeatLantern","Scarecrow"],"picked":"CherryBlossoms","floor":8},{"not_picked":["Dodge and Roll","Outmaneuver"],"picked":"Glass Knife","floor":8},{"not_picked":["PunishingBird","VoidDream","Bloodbath"],"picked":"Singing Bowl","floor":11},{"not_picked":["Bane","Slice"],"picked":"Catalyst","floor":11},{"not_picked":["Alriune","BigBadWolf","SnowQueen"],"picked":"Singing Bowl","floor":12},{"not_picked":["Underhanded Strike","Flechettes"],"picked":"Tactician","floor":12},{"not_picked":["OldLady","MeatLantern","DespairKnight"],"picked":"Singing Bowl","floor":14},{"not_picked":["UniverseFragment","Scorched"],"picked":"OSAHOGD","floor":14},{"not_picked":["Bane","Dagger Spray","Underhanded Strike"],"picked":"SKIP","floor":14},{"not_picked":["MeatLantern","CrumblingArmor","ShyLook"],"picked":"Singing Bowl","floor":16},{"not_picked":["Wraith Form v2","Malaise"],"picked":"Tools of the Trade","floor":16},{"not_picked":["Murderer","HeroicMonk","DreamingCurrent"],"picked":"Singing Bowl","floor":18},{"not_picked":["Dodge and Roll+1","Outmaneuver"],"picked":"Blur+1","floor":18},{"not_picked":["UniverseFragment","GreedKing","GalaxyChild"],"picked":"Singing Bowl","floor":20},{"not_picked":["Footwork","Quick Slash"],"picked":"Deadly Poison","floor":20},{"not_picked":["HappyTeddy","Wellcheers","Variant"],"picked":"Singing Bowl","floor":24},{"not_picked":["Quick Slash","PiercingWail","Caltrops"],"picked":"SKIP","floor":24},{"not_picked":["BeautyBeast","Scorched","Woodsman"],"picked":"Singing Bowl","floor":25},{"not_picked":["Dagger Spray","Dash"],"picked":"Expertise","floor":25},{"not_picked":["DreamingCurrent","SilentOrchestra","Wellcheers"],"picked":"Singing Bowl","floor":27},{"not_picked":["Bullet Time","Quick Slash","Dodge and Roll"],"picked":"SKIP","floor":27},{"not_picked":["CrumblingArmor","WhitesApple","NothingThere"],"picked":"Singing Bowl","floor":29},{"not_picked":["Flying Knee","Doppelganger"],"picked":"Acrobatics","floor":29},{"not_picked":["FairyFestival","Funeral","MeltingLove"],"picked":"Singing Bowl","floor":33},{"not_picked":["Bullet Time","Wraith Form v2"],"picked":"Die Die Die","floor":33},{"not_picked":["WhitesApple","Laetitia","CENSORED"],"picked":"Singing Bowl","floor":35},{"not_picked":["Acrobatics+1","Sucker Punch"],"picked":"Catalyst","floor":35},{"not_picked":["LaLuna","DespairKnight","Funeral"],"picked":"Singing Bowl","floor":37},{"not_picked":["Bane+1","Dash+1","Predator+1"],"picked":"SKIP","floor":37},{"not_picked":["ShyLook","Freischutz","NothingThere"],"picked":"Singing Bowl","floor":41},{"not_picked":["Well Laid Plans+1","Caltrops+1"],"picked":"Noxious Fumes+1","floor":41},{"not_picked":["DreamingCurrent","LittleHelper","CENSORED"],"picked":"Singing Bowl","floor":44},{"not_picked":["Outmaneuver","Flechettes"],"picked":"Concentrate","floor":44},{"not_picked":["Outmaneuver+1","Backflip+1"],"picked":"Reflex+1","floor":45},{"not_picked":["Flechettes+1","Underhanded Strike+1"],"picked":"Footwork+1","floor":45},{"not_picked":["Cloak And Dagger+1","Acrobatics"],"picked":"Escape Plan","floor":45},{"not_picked":["Laetitia","LittleHelper","BodiesMountain"],"picked":"Singing Bowl","floor":46},{"not_picked":["Deflect+1","Underhanded Strike","Endless Agony+1"],"picked":"SKIP","floor":46},{"not_picked":["NothingThere","Freischutz","GreedKing"],"picked":"Singing Bowl","floor":47},{"not_picked":["Dagger Throw+1","Flying Knee+1"],"picked":"Footwork+1","floor":47},{"not_picked":["HappyTeddy","CENSORED","MeltingLove"],"picked":"Singing Bowl","floor":48},{"not_picked":["Deflect","Flechettes+1"],"picked":"Backflip+1","floor":48}],"player_experience":205348,"relics_obtained":[{"floor":6,"key":"Pen Nib"},{"floor":8,"key":"Bag of Marbles"},{"floor":9,"key":"Orichalcum"},{"floor":11,"key":"Odd Mushroom"},{"floor":24,"key":"The Specimen"},{"floor":26,"key":"CaptainsWheel"},{"floor":27,"key":"Art of War"},{"floor":29,"key":"Centennial Puzzle"},{"floor":34,"key":"PreservedInsect"},{"floor":34,"key":"Shuriken"},{"floor":34,"key":"Du-Vu Doll"},{"floor":37,"key":"AtMidnight"},{"floor":41,"key":"Frozen Egg 2"},{"floor":43,"key":"Pantograph"},{"floor":44,"key":"HornCleat"},{"floor":46,"key":"Bottled Lightning"}],"event_choices":[{"damage_healed":0,"gold_gain":0,"player_choice":"Ignored","damage_taken":0,"max_hp_gain":0,"max_hp_loss":0,"event_name":"Shining Light","floor":2,"gold_loss":0},{"damage_healed":0,"gold_gain":0,"player_choice":"Success","damage_taken":7,"relics_obtained":["Boot"],"max_hp_gain":0,"max_hp_loss":0,"event_name":"Scrap Ooze","floor":3,"gold_loss":0},{"damage_healed":0,"gold_gain":0,"player_choice":"3 cards matched","damage_taken":0,"max_hp_gain":0,"max_hp_loss":0,"event_name":"Match and Keep!","floor":4,"gold_loss":0,"cards_obtained":["Backflip","Masterful Stab","Adrenaline"]},{"damage_healed":0,"gold_gain":0,"player_choice":"Fought Mushrooms","damage_taken":0,"max_hp_gain":0,"max_hp_loss":0,"event_name":"Mushrooms","floor":11,"gold_loss":0},{"damage_healed":0,"gold_gain":0,"player_choice":"Copied","damage_taken":0,"max_hp_gain":0,"max_hp_loss":0,"event_name":"Duplicator","floor":19,"gold_loss":0,"cards_obtained":["Adrenaline"]},{"damage_healed":0,"gold_gain":0,"player_choice":"Shed Blood","damage_taken":18,"max_hp_gain":5,"max_hp_loss":0,"event_name":"Forgotten Altar","floor":22,"gold_loss":0},{"damage_healed":0,"gold_gain":0,"player_choice":"Obtained Relic","damage_taken":0,"relics_obtained":["Mercury Hourglass"],"max_hp_gain":0,"max_hp_loss":0,"event_name":"Addict","floor":31,"gold_loss":85},{"damage_healed":0,"gold_gain":0,"player_choice":"Ignored","damage_taken":0,"max_hp_gain":0,"max_hp_loss":0,"event_name":"Tomb of Lord Red Mask","floor":36,"gold_loss":0},{"damage_healed":0,"gold_gain":0,"player_choice":"Got Potions","damage_taken":0,"max_hp_gain":0,"max_hp_loss":0,"event_name":"Lab","floor":39,"gold_loss":0}],"is_beta":false,"boss_relics":[{"not_picked":["Philosopher\u0027s Stone","WristBlade"],"picked":"Coffee Dripper"},{"not_picked":["Snecko Eye","SacredBark"],"picked":"Calling Bell"}],"items_purged_floors":[13,21,38,45],"is_endless":false,"potions_floor_spawned":[11,12,14,20,25,41,44,46,48],"killed_by":"Awakened One","ascension_level":1}}