{"host":"ifd7sfhtlbe34qll","time":1607831625,"event":{"mods":["2.2 Compatiblity","BaseMod","Bestiary","Block Reminder","Colored Map","Filter the Spire","Highlight Path","Minty Spire (QoL Compilation)","Potion Indicator Mod","Quick Restart","Random Character Button","Relic Stats","StSLib"],"gold_per_floor":[119,44,44,57,68,93,93,106,179,199,226,252,177,206,206,283,283,295,308,40,40,55,55,88,363,363,69,69,101,101,119,119,190,190,201,211,211,236,236,236,0,0,0,50,69,0,16,48,48,48,48],"floor_reached":50,"playtime":2988,"items_purged":["Strike_R","Wild Strike","Regret","Pain"],"score":1127,"play_id":"28c7d40a-8c17-41e4-be41-5b735dc614d6","local_time":"20201212215345","is_ascension_mode":true,"campfire_choices":[{"data":"Immolate","floor":7,"key":"SMITH"},{"data":"Bash","floor":15,"key":"SMITH"},{"data":"Pommel Strike","floor":23,"key":"SMITH"},{"data":"Flame Barrier","floor":28,"key":"SMITH"},{"data":"Inflame","floor":30,"key":"SMITH"},{"data":"Feed","floor":32,"key":"SMITH"},{"data":"Fiend Fire","floor":40,"key":"SMITH"},{"floor":42,"key":"RECALL"},{"floor":49,"key":"REST"}],"circlet_count":0,"master_deck":["AscendersBane","Defend_R","Defend_R","Defend_R","Defend_R","Bash+1","Immolate+1","Inflame+1","Perfected Strike+1","Anger","Berserk+1","Pommel Strike+1","Impervious","Fiend Fire+1","Inflame+1","Thunderclap+1","Flame Barrier+1","Shockwave","Bite+1","Bite","Bite","Bite","Shockwave+1","Feed+1","Exhume","CurseOfTheBell","Second Wind+1","Metallicize+1","Disarm","Headbutt+1","Dual Wield+1"],"relics":["Burning Blood","Mango","Frozen Egg 2","Odd Mushroom","Boot","Cursed Key","Incense Burner","ClockworkSouvenir","Whetstone","Calling Bell","Nunchaku","Darkstone Periapt","Gambling Chip","Lizard Tail","Red Mask","Toxic Egg 2"],"acts_visited":["Exordium","TheCity","TheBeyond"],"potions_floor_usage":[11,16,18,31,38,47],"damage_taken":[{"damage":1,"enemies":"Cultist","floor":1,"turns":3},{"damage":4,"enemies":"Jaw Worm","floor":4,"turns":4},{"damage":2,"enemies":"2 Louse","floor":5,"turns":2},{"damage":25,"enemies":"3 Sentries","floor":6,"turns":7},{"damage":19,"enemies":"Blue Slaver","floor":8,"turns":6},{"damage":12,"enemies":"Looter","floor":10,"turns":3},{"damage":8,"enemies":"Gremlin Nob","floor":11,"turns":3},{"damage":0,"enemies":"The Mushroom Lair","floor":12,"turns":1},{"damage":10,"enemies":"3 Sentries","floor":14,"turns":2},{"damage":44,"enemies":"Hexaghost","floor":16,"turns":9},{"damage":22,"enemies":"Shell Parasite","floor":18,"turns":4},{"damage":0,"enemies":"Chosen","floor":19,"turns":3},{"damage":0,"enemies":"Centurion and Healer","floor":22,"turns":4},{"damage":22,"enemies":"Gremlin Leader","floor":24,"turns":8},{"damage":16,"enemies":"Slavers","floor":29,"turns":4},{"damage":0,"enemies":"3 Cultists","floor":31,"turns":2},{"damage":30,"enemies":"Automaton","floor":33,"turns":10},{"damage":13,"enemies":"Orb Walker","floor":35,"turns":4},{"damage":6,"enemies":"3 Shapes","floor":36,"turns":5},{"damage":1,"enemies":"Mind Bloom Boss Battle","floor":38,"turns":7},{"damage":49,"enemies":"Jaw Worm Horde","floor":45,"turns":5},{"damage":39,"enemies":"Transient","floor":47,"turns":6},{"damage":50,"enemies":"Nemesis","floor":48,"turns":11},{"damage":161,"enemies":"Time Eater","floor":50,"turns":17}],"seed_played":"6062142565317582034","potions_obtained":[{"floor":4,"key":"FearPotion"},{"floor":8,"key":"SkillPotion"},{"floor":12,"key":"Regen Potion"},{"floor":16,"key":"Regen Potion"},{"floor":19,"key":"Swift Potion"},{"floor":22,"key":"LiquidMemories"},{"floor":36,"key":"BlessingOfTheForge"}],"is_trial":false,"path_per_floor":["M","?","?","M","M","E","R","M","T","M","E","?","$","E","R","B",null,"M","M","$","?","M","R","E","?","T","$","R","E","R","M","R","B",null,"M","M","?","?","T","R","$","R","T","?","M","?","M","E","R","B"],"character_chosen":"IRONCLAD","items_purchased":["Flame Barrier","Shockwave","ClockworkSouvenir","Regen Potion"],"campfire_rested":1,"item_purchase_floors":[20,20,27,41],"current_hp_per_floor":[55,55,60,62,66,61,61,48,48,42,40,48,48,46,46,25,77,72,80,80,80,94,94,90,90,90,90,90,84,84,92,92,89,93,89,96,96,102,108,108,108,108,108,108,70,70,65,40,72,0,0],"gold":48,"neow_bonus":"THREE_RARE_CARDS","is_daily":false,"chose_seed":false,"campfire_upgraded":7,"win_rate":0.0,"timestamp":1607831625,"path_taken":["M","?","?","M","M","E","R","M","T","M","E","?","?","E","R","BOSS","M","M","$","?","M","R","E","?","T","$","R","E","R","M","R","BOSS","M","M","?","?","?","R","$","R","T","?","?","?","M","E","R","BOSS"],"items_purchased_type":["Card","Card","Relic","Potion"],"build_version":"2020-11-30","purchased_purges":4,"victory":false,"max_hp_per_floor":[75,75,80,80,80,94,94,94,94,94,94,94,94,94,94,94,94,94,94,94,94,94,94,94,94,94,94,94,94,94,94,94,94,94,94,98,98,102,108,108,108,108,108,108,108,108,108,108,108,108,108],"relic_stats":{"Darkstone Periapt":6,"Nunchaku":[8],"Lizard Tail":54,"counters":[24,130],"Gambling Chip":[20],"Whetstone":["Bite","Perfected Strike"],"Boot":[18],"Cursed Key":1,"obtain_stats":[{"Darkstone Periapt":34,"Mango":6,"Incense Burner":24,"Whetstone":29,"Frozen Egg 2":9,"Odd Mushroom":12,"Boot":14,"Cursed Key":17,"Burning Blood":0,"ClockworkSouvenir":27,"Blood Vial":11,"Calling Bell":34,"Nunchaku":34,"Lizard Tail":38,"Gambling Chip":34,"Red Mask":46,"Toxic Egg 2":48},{"Darkstone Periapt":17,"Mango":4,"Incense Burner":14,"Whetstone":15,"Frozen Egg 2":5,"Odd Mushroom":8,"Boot":9,"Cursed Key":10,"Burning Blood":0,"ClockworkSouvenir":14,"Blood Vial":7,"Calling Bell":17,"Nunchaku":17,"Lizard Tail":20,"Gambling Chip":17,"Red Mask":21,"Toxic Egg 2":23},{"Darkstone Periapt":75,"Mango":16,"Incense Burner":59,"Whetstone":63,"Frozen Egg 2":22,"Odd Mushroom":29,"Boot":31,"Cursed Key":40,"Burning Blood":0,"ClockworkSouvenir":59,"Blood Vial":28,"Calling Bell":75,"Nunchaku":75,"Lizard Tail":91,"Gambling Chip":75,"Red Mask":96,"Toxic Egg 2":113}],"Burning Blood":130},"card_choices":[{"not_picked":["Impervious","Offering"],"picked":"Immolate","floor":0.0},{"not_picked":["Flex","Iron Wave","Shrug It Off"],"picked":"SKIP","floor":1},{"not_picked":["Twin Strike","Iron Wave"],"picked":"Inflame","floor":4},{"not_picked":["Body Slam","Thunderclap"],"picked":"Wild Strike","floor":5},{"not_picked":["Pummel","Infernal Blade"],"picked":"Perfected Strike","floor":6},{"not_picked":["Clash","Dropkick","Blood for Blood"],"picked":"SKIP","floor":8},{"not_picked":["Evolve+1","Sword Boomerang"],"picked":"Anger","floor":10},{"not_picked":["Armaments","Wild Strike"],"picked":"Berserk+1","floor":11},{"not_picked":["Wild Strike","Shrug It Off"],"picked":"Pommel Strike","floor":12},{"not_picked":["Twin Strike","Shrug It Off"],"picked":"Impervious","floor":14},{"not_picked":["Exhume","Impervious"],"picked":"Fiend Fire","floor":16},{"not_picked":["Pommel Strike","Clash"],"picked":"Inflame+1","floor":18},{"not_picked":["Shrug It Off","Body Slam"],"picked":"Thunderclap+1","floor":19},{"not_picked":["Clash","Whirlwind"],"picked":"Shockwave+1","floor":22},{"not_picked":["Heavy Blade","Cleave","Dual Wield"],"picked":"SKIP","floor":24},{"not_picked":["Clash","Body Slam","Flex"],"picked":"SKIP","floor":29},{"not_picked":["Dropkick","Uppercut"],"picked":"Feed","floor":31},{"not_picked":["Double Tap","Immolate"],"picked":"Exhume","floor":33},{"not_picked":["Wild Strike","Dropkick","Rampage"],"picked":"SKIP","floor":35},{"not_picked":["Metallicize+1","Headbutt"],"picked":"Second Wind+1","floor":36},{"not_picked":["Uppercut","Clash"],"picked":"Metallicize+1","floor":38},{"not_picked":["Searing Blow","Anger"],"picked":"Disarm","floor":45},{"not_picked":["Armaments+1","Flex"],"picked":"Headbutt+1","floor":47},{"not_picked":["Rupture+1","Warcry+1"],"picked":"Dual Wield+1","floor":48}],"player_experience":1414835,"relics_obtained":[{"floor":6,"key":"Mango"},{"floor":9,"key":"Frozen Egg 2"},{"floor":11,"key":"Blood Vial"},{"floor":12,"key":"Odd Mushroom"},{"floor":14,"key":"Boot"},{"floor":24,"key":"Incense Burner"},{"floor":29,"key":"Whetstone"},{"floor":34,"key":"Nunchaku"},{"floor":34,"key":"Darkstone Periapt"},{"floor":34,"key":"Gambling Chip"},{"floor":38,"key":"Lizard Tail"},{"floor":48,"key":"Toxic Egg 2"}],"event_choices":[{"cards_removed":["Strike_R"],"damage_healed":0,"gold_gain":0,"player_choice":"Card Removal","damage_taken":0,"max_hp_gain":0,"max_hp_loss":0,"event_name":"The Cleric","floor":2,"gold_loss":75},{"damage_healed":0,"gold_gain":0,"player_choice":"Donut","damage_taken":0,"max_hp_gain":5,"max_hp_loss":0,"event_name":"Big Fish","floor":3,"gold_loss":0},{"damage_healed":0,"gold_gain":0,"player_choice":"Fought Mushrooms","damage_taken":0,"max_hp_gain":0,"max_hp_loss":0,"event_name":"Mushrooms","floor":12,"gold_loss":0},{"damage_healed":0,"gold_gain":0,"player_choice":"Became a vampire (Vial)","damage_taken":0,"max_hp_gain":0,"max_hp_loss":0,"event_name":"Vampires","floor":21,"relics_lost":["Blood Vial"],"gold_loss":0,"cards_obtained":["Bite","Bite","Bite","Bite","Bite"]},{"damage_healed":0,"gold_gain":275,"player_choice":"Desecrate","damage_taken":0,"max_hp_gain":0,"max_hp_loss":0,"event_name":"Golden Shrine","floor":25,"gold_loss":0,"cards_obtained":["Regret"]},{"cards_removed":["Bite"],"damage_healed":0,"gold_gain":0,"player_choice":"Removed Attack","damage_taken":0,"max_hp_gain":0,"max_hp_loss":0,"event_name":"Falling","floor":37,"gold_loss":0},{"damage_healed":0,"gold_gain":0,"player_choice":"Fight","damage_taken":0,"max_hp_gain":0,"max_hp_loss":0,"event_name":"MindBloom","floor":38,"gold_loss":0},{"damage_healed":0,"gold_gain":50,"player_choice":"Pray","damage_taken":0,"max_hp_gain":0,"max_hp_loss":0,"event_name":"Golden Shrine","floor":44,"gold_loss":0},{"damage_healed":0,"gold_gain":0,"player_choice":"Paid","damage_taken":0,"relics_obtained":["Red Mask"],"max_hp_gain":0,"max_hp_loss":0,"event_name":"Tomb of Lord Red Mask","floor":46,"gold_loss":69}],"is_beta":false,"boss_relics":[{"not_picked":["SlaversCollar","Coffee Dripper"],"picked":"Cursed Key"},{"not_picked":["Tiny House","Philosopher\u0027s Stone"],"picked":"Calling Bell"}],"items_purged_floors":[13,20,27,41],"is_endless":false,"potions_floor_spawned":[4,8,12,14,16,19,22,24,29,36,45],"killed_by":"Time Eater","ascension_level":20}}