{"host":"9d83omykrosjn1d3","time":1607862499,"event":{"mods":["AchievementEnabler","BaseMod","BetterRewards","Card Forge","Hubris","MarisaÅiñ∂âJÅ@ñÇóùçπÅj","Minty Spire (QoL Compilation)","Permanent Neow","Shop Mod","StSLib","SuperFastMode"],"gold_per_floor":[116,116,116,132,61,87,116,144,167,192,223,266,304,343,355,469,531,554,566,612,640,518,545,876,903,957,992,507,538,570,583,583,687,687,703,0,17,0,13,40,40,40,40,40,67,83,117,16,16,16,16,16,16,46,46],"floor_reached":56,"playtime":3202,"items_purged":["Blade Dance","Sucker Punch+1","Blade Dance","Deflect","Accuracy"],"score":2181,"play_id":"c7afe52f-ddc4-4107-9853-2b2d8c504ae2","local_time":"20201213212819","daily_mods":["SealedDeck","Heirloom","Flight","DeadlyEvents","Elite Swarm"],"is_ascension_mode":false,"campfire_choices":[{"data":"Tactician","floor":15,"key":"SMITH"},{"data":"Adrenaline","floor":32,"key":"SMITH"},{"floor":41,"key":"RECALL"},{"data":"hubris:DuctTapeCard","floor":42,"key":"SMITH"},{"data":"Burst","floor":44,"key":"SMITH"},{"data":"Acrobatics","floor":49,"key":"SMITH"},{"data":"Adrenaline","floor":52,"key":"SMITH"}],"circlet_count":0,"master_deck":["Prepared","Backflip+1","Acrobatics+1","Adrenaline+1","Adrenaline+1","Burst+1","After Image","A Thousand Cuts","Grand Finale+1","Madness","hubris:DuctTapeCard+2"],"relics":["Ring of the Snake","Hammer of Thor","Seething Fire","Anvil of the Gods","Ginger","Akabeko","Prayer Wheel","hubris:SlimyHat","MealTicket","hubris:PeanutButter","hubris:TinFlute","Paper Crane","hubris:CuriousFeather","MerchantsRug","TungstenRod","Mummified Hand","ClockworkSouvenir","hubris:ToyBattleship","Art of War","Red Mask","StoneCalendar","CaptainsWheel","hubris:MysteriousPyramids","Toy Ornithopter","hubris:FunFungus"],"acts_visited":["Exordium","TheCity","TheBeyond","TheEnding"],"potions_floor_usage":[],"damage_taken":[{"damage":0,"enemies":"Small Slimes","floor":1,"turns":2},{"damage":0,"enemies":"2 Louse","floor":4,"turns":1},{"damage":0,"enemies":"Lagavulin","floor":6,"turns":2},{"damage":0,"enemies":"Gremlin Nob","floor":7,"turns":2},{"damage":0,"enemies":"Lagavulin","floor":8,"turns":1},{"damage":0,"enemies":"3 Sentries","floor":10,"turns":2},{"damage":0,"enemies":"Lagavulin","floor":11,"turns":1},{"damage":0,"enemies":"Gremlin Nob","floor":12,"turns":1},{"damage":0,"enemies":"3 Sentries","floor":13,"turns":1},{"damage":0,"enemies":"Gremlin Nob","floor":14,"turns":2},{"damage":0,"enemies":"Hexaghost","floor":16,"turns":1},{"damage":0,"enemies":"3 Byrds","floor":18,"turns":1},{"damage":0,"enemies":"Gremlin Leader","floor":20,"turns":1},{"damage":0,"enemies":"Spheric Guardian","floor":21,"turns":1},{"damage":0,"enemies":"Slavers","floor":23,"turns":1},{"damage":0,"enemies":"Gremlin Leader","floor":24,"turns":1},{"damage":0,"enemies":"Book of Stabbing","floor":25,"turns":1},{"damage":0,"enemies":"Slavers","floor":27,"turns":1},{"damage":0,"enemies":"Gremlin Leader","floor":29,"turns":1},{"damage":0,"enemies":"Slavers","floor":30,"turns":1},{"damage":0,"enemies":"Centurion and Healer","floor":31,"turns":1},{"damage":0,"enemies":"Champ","floor":33,"turns":1},{"damage":0,"enemies":"3 Darklings","floor":35,"turns":1},{"damage":0,"enemies":"3 Shapes","floor":37,"turns":1},{"damage":0,"enemies":"Jaw Worm Horde","floor":39,"turns":1},{"damage":0,"enemies":"Nemesis","floor":40,"turns":1},{"damage":0,"enemies":"Reptomancer","floor":45,"turns":1},{"damage":0,"enemies":"Giant Head","floor":47,"turns":1},{"damage":0,"enemies":"Awakened One","floor":50,"turns":2},{"damage":0,"enemies":"Shield and Spear","floor":54,"turns":1},{"damage":34,"enemies":"The Heart","floor":55,"turns":4}],"seed_played":"-9063658279116091903","potions_obtained":[{"floor":1,"key":"SneckoOil"},{"floor":4,"key":"Explosive Potion"},{"floor":6,"key":"DuplicationPotion"},{"floor":16,"key":"CultistPotion"},{"floor":17,"key":"FairyPotion"},{"floor":23,"key":"Ancient Potion"},{"floor":24,"key":"SmokeBomb"},{"floor":27,"key":"Swift Potion"},{"floor":31,"key":"Fire Potion"},{"floor":35,"key":"SpeedPotion"},{"floor":40,"key":"Poison Potion"},{"floor":45,"key":"CunningPotion"},{"floor":54,"key":"SmokeBomb"}],"is_trial":true,"path_per_floor":["M","?","?","M","$","E","E","E","T","E","E","E","E","E","R","B",null,"M","?","E","M","$","E","E","E","T","E","$","E","E","M","R","B",null,"M","?","M","$","M","E","R","R","T","R","E","$","E","$","R","B",null,"R","$","E","B",null],"character_chosen":"THE_SILENT","items_purchased":["Accuracy","MerchantsRug","Mummified Hand","ClockworkSouvenir","Madness"],"campfire_rested":0,"item_purchase_floors":[5,22,28,28,28],"current_hp_per_floor":[70,70,70,70,70,70,70,70,70,70,70,70,70,70,70,70,75,75,75,75,75,75,75,75,75,75,75,75,75,75,75,75,75,75,75,75,75,75,75,75,75,75,75,75,75,75,75,75,75,75,75,75,75,75,54],"gold":46,"neow_bonus":"","is_daily":false,"chose_seed":false,"campfire_upgraded":6,"win_rate":0.0,"timestamp":1607862499,"path_taken":["M","?","?","?","?","E","E","E","T","E","E","E","?","E","R","BOSS","M","?","?","?","?","E","E","E","T","E","$","E","E","M","R","BOSS","M","?","?","?","?","E","R","R","T","R","E","$","?","$","R","BOSS","R","$","E","BOSS"],"items_purchased_type":["Card","Relic","Relic","Relic","Card"],"build_version":"2020-11-30","purchased_purges":5,"victory":true,"max_hp_per_floor":[70,70,70,70,70,70,70,70,70,70,70,70,70,70,70,70,75,75,75,75,75,75,75,75,75,75,75,75,75,75,75,75,75,75,75,75,75,75,75,75,75,75,75,75,75,75,75,75,75,75,75,75,75,75,75],"card_choices":[{"not_picked":["hubris:SlightOfHand","Flying Knee"],"picked":"Acrobatics","floor":1},{"not_picked":["Dash","Riddle With Holes","Acrobatics"],"picked":"SKIP","floor":4},{"not_picked":["Tools of the Trade","Phantasmal Killer","Bullet Time"],"picked":"SKIP","floor":6},{"not_picked":["Doppelganger","Envenom"],"picked":"Adrenaline","floor":7},{"not_picked":["Die Die Die","Storm of Steel"],"picked":"Adrenaline","floor":8},{"not_picked":["Malaise","Wraith Form v2"],"picked":"Burst","floor":10},{"not_picked":["Adrenaline","Unload"],"picked":"After Image","floor":11},{"not_picked":["Die Die Die","Corpse Explosion"],"picked":"A Thousand Cuts","floor":12},{"not_picked":["Doppelganger","Die Die Die"],"picked":"Grand Finale","floor":13},{"not_picked":["Grand Finale","Bullet Time","Venomology"],"picked":"SKIP","floor":14},{"not_picked":["Outmaneuver","Leg Sweep","Wraith Form v2"],"picked":"SKIP","floor":18},{"not_picked":["Bane","Underhanded Strike","Quick Slash+1"],"picked":"SKIP","floor":18},{"not_picked":["Burst","After Image","Storm of Steel"],"picked":"SKIP","floor":20},{"not_picked":["Deflect","Dagger Spray","Eviscerate"],"picked":"SKIP","floor":21},{"not_picked":["Well Laid Plans","Deflect+1","Backflip+1"],"picked":"SKIP","floor":21},{"not_picked":["Die Die Die","Storm of Steel","Envenom"],"picked":"SKIP","floor":23},{"not_picked":["Phantasmal Killer","Storm of Steel","Bullet Time"],"picked":"SKIP","floor":24},{"not_picked":["Adrenaline","Wraith Form v2","After Image"],"picked":"SKIP","floor":25},{"not_picked":["Unload","Venomology","Tools of the Trade"],"picked":"SKIP","floor":27},{"not_picked":["Wraith Form v2","After Image","Night Terror"],"picked":"SKIP","floor":29},{"not_picked":["Glass Knife","Corpse Explosion","Tools of the Trade"],"picked":"SKIP","floor":30},{"not_picked":["Deadly Poison+1","Endless Agony","Blade Dance+1"],"picked":"SKIP","floor":31},{"not_picked":["Cloak And Dagger","Caltrops","Dagger Spray"],"picked":"SKIP","floor":31},{"not_picked":["Sucker Punch","hubris:Sniper","Bane+1"],"picked":"SKIP","floor":35},{"not_picked":["Backflip+1","Dodge and Roll","Escape Plan"],"picked":"SKIP","floor":35},{"not_picked":["Poisoned Stab","Quick Slash+1","Catalyst"],"picked":"SKIP","floor":37},{"not_picked":["Heel Hook+1","Infinite Blades","Glass Knife"],"picked":"SKIP","floor":37},{"not_picked":["All Out Attack+1","Prepared","Setup"],"picked":"SKIP","floor":39},{"not_picked":["Blade Dance+1","Poisoned Stab+1","Flechettes"],"picked":"SKIP","floor":39},{"not_picked":["Bullet Time","Die Die Die","Corpse Explosion"],"picked":"SKIP","floor":40},{"not_picked":["Malaise","A Thousand Cuts","Doppelganger"],"picked":"SKIP","floor":45},{"not_picked":["Night Terror","Adrenaline","Glass Knife"],"picked":"SKIP","floor":47},{"not_picked":["Phantasmal Killer","Wraith Form v2","Bullet Time"],"picked":"SKIP","floor":54}],"player_experience":542621,"relics_obtained":[{"floor":6,"key":"Prayer Wheel"},{"floor":7,"key":"hubris:SlimyHat"},{"floor":8,"key":"MealTicket"},{"floor":10,"key":"hubris:PeanutButter"},{"floor":11,"key":"MawBank"},{"floor":12,"key":"hubris:TinFlute"},{"floor":14,"key":"Paper Crane"},{"floor":20,"key":"hubris:CuriousFeather"},{"floor":23,"key":"TungstenRod"},{"floor":24,"key":"Old Coin"},{"floor":26,"key":"Potion Belt"},{"floor":27,"key":"Whetstone"},{"floor":29,"key":"hubris:ToyBattleship"},{"floor":30,"key":"Art of War"},{"floor":40,"key":"StoneCalendar"},{"floor":43,"key":"CaptainsWheel"},{"floor":45,"key":"hubris:MysteriousPyramids"},{"floor":47,"key":"Toy Ornithopter"},{"floor":54,"key":"hubris:FunFungus"}],"event_choices":[{"cards_removed":["Blade Dance"],"damage_healed":0,"gold_gain":0,"player_choice":"Forget","damage_taken":0,"max_hp_gain":0,"max_hp_loss":0,"event_name":"Living Wall","floor":2,"gold_loss":0},{"cards_removed":["Prepared"],"damage_healed":0,"gold_gain":0,"player_choice":"Gave Card","damage_taken":0,"relics_obtained":["Akabeko"],"max_hp_gain":0,"max_hp_loss":0,"event_name":"WeMeetAgain","floor":3,"gold_loss":0},{"damage_healed":0,"gold_gain":0,"cards_transformed":["Blade Dance"],"player_choice":"Transformed","damage_taken":0,"max_hp_gain":0,"max_hp_loss":0,"event_name":"Transmorgrifier","floor":19,"gold_loss":0,"cards_obtained":["Sucker Punch"]},{"damage_healed":0,"gold_gain":0,"player_choice":"Paid","damage_taken":0,"relics_obtained":["Red Mask"],"max_hp_gain":0,"max_hp_loss":0,"event_name":"Tomb of Lord Red Mask","floor":36,"gold_loss":703}],"is_beta":false,"boss_relics":[{"not_picked":["hubris:CrackedHourglass","Ectoplasm"],"picked":"Tiny House"},{"not_picked":["Busted Crown","Empty Cage"],"picked":"hubris:Backtick"}],"items_purged_floors":[22,28,38,46,48],"is_endless":false,"potions_floor_spawned":[1,4,6,10,14,16,23,24,25,27,31,35,40,45,54],"ascension_level":0}}