{"host":"cwd5s03r1oaxs6mx","time":1607871075,"event":{"mods":["Act Like it!","BaseMod","Better Third Choice","BetterRewards","CapriCore","Card Filter","Colored Map","Custom Start","DeckTracker","Friendly Minions","Hubris","Infinite Spire","Minty Spire (QoL Compilation)","Quick Restart","Relic Stats","Shop Mod","Spicy Shops","StSLib","SuperFastMode"],"gold_per_floor":[113,133,208,66,85,85,113,113,138,172,186,197,197,210,210,309,309,323,333,22,38,38,38,67,67,67,100,113,130,130,146,146,251,251,265,265,265,265,41,75,87,87,87,121,131,150,150,183,183,183,183,183,6,33,33],"floor_reached":56,"playtime":5832,"items_purged":["Strike_P","Defend_P","Strike_P","Strike_P","Defend_P","Madness","Defend_P"],"score":1960,"play_id":"e4c6bd9f-2756-4a9b-9f95-95652eda5a24","local_time":"20201213235115","is_ascension_mode":true,"campfire_choices":[{"data":"Eruption","floor":6.0,"key":"SMITH"},{"floor":8.0,"key":"REST"},{"floor":15.0,"key":"REST"},{"data":"Scrawl","floor":23.0,"key":"SMITH"},{"data":"Omniscience","floor":30.0,"key":"SMITH"},{"data":"Omniscience","floor":32.0,"key":"SMITH"},{"floor":42.0,"key":"REST"},{"floor":47.0,"key":"RECALL"},{"floor":49.0,"key":"REST"},{"floor":52.0,"key":"REST"}],"circlet_count":0,"master_deck":["Defend_P","Eruption+1","Vigilance","Master of Strategy","CrushJoints","DeceiveReality","SandsOfTime","Evaluate","Omniscience+1","PathToVictory","PathToVictory+1","Scrawl+1","Madness","Evaluate+1","FearNoEvil","Omniscience+1","DeusExMachina","Madness","InnerPeace","LikeWater","EmptyBody","PathToVictory+1","InnerPeace"],"relics":["PureWater","Membership Card","HornCleat","infinitespire:Satchel","hubris:TerracottaHorce","Calipers","Mango","infinitespire:Joker Card","Fusion Hammer","Medical Kit","infinitespire:BottledMercury","Bag of Marbles","Happy Flower","MerchantsRug","hubris:Potato","DollysMirror","infinitespire:ShieldingShard"],"acts_visited":["Exordium","TheCity","TheBeyond","TheEnding"],"potions_floor_usage":[],"damage_taken":[{"damage":18.0,"enemies":"Small Slimes","floor":1.0,"turns":3.0},{"damage":0.0,"enemies":"2 Louse","floor":2.0,"turns":4.0},{"damage":0.0,"enemies":"Cultist","floor":5.0,"turns":2.0},{"damage":29.0,"enemies":"3 Sentries","floor":7.0,"turns":13.0},{"damage":10.0,"enemies":"Gremlin Nob","floor":10.0,"turns":3.0},{"damage":0.0,"enemies":"Blue Slaver","floor":11.0,"turns":3.0},{"damage":0.0,"enemies":"Large Slime","floor":12.0,"turns":2.0},{"damage":1.0,"enemies":"2 Fungi Beasts","floor":14.0,"turns":3.0},{"damage":36.0,"enemies":"Hexaghost","floor":16.0,"turns":8.0},{"damage":18.0,"enemies":"Shell Parasite","floor":18.0,"turns":4.0},{"damage":0.0,"enemies":"Chosen","floor":19.0,"turns":3.0},{"damage":2.0,"enemies":"Snake Plant","floor":21.0,"turns":2.0},{"damage":16.0,"enemies":"Gremlin Leader","floor":24.0,"turns":8.0},{"damage":2.0,"enemies":"Book of Stabbing","floor":27.0,"turns":4.0},{"damage":0.0,"enemies":"Cultist and Chosen","floor":28.0,"turns":4.0},{"damage":0.0,"enemies":"3 Cultists","floor":29.0,"turns":5.0},{"damage":13.0,"enemies":"Snake Plant","floor":31.0,"turns":2.0},{"damage":15.0,"enemies":"Champ","floor":33.0,"turns":7.0},{"damage":7.0,"enemies":"Orb Walker","floor":35.0,"turns":2.0},{"damage":38.0,"enemies":"Nightmare","floor":40.0,"turns":7.0},{"damage":6.0,"enemies":"3 Shapes","floor":41.0,"turns":3.0},{"damage":3.0,"enemies":"Nemesis","floor":44.0,"turns":5.0},{"damage":11.0,"enemies":"Jaw Worm Horde","floor":45.0,"turns":5.0},{"damage":0.0,"enemies":"Writhing Mass","floor":46.0,"turns":4.0},{"damage":0.0,"enemies":"Giant Head","floor":48.0,"turns":4.0},{"damage":0.0,"enemies":"Awakened One","floor":50.0,"turns":10.0},{"damage":31.0,"enemies":"Shield and Spear","floor":54.0,"turns":5.0},{"damage":25,"enemies":"The Heart","floor":55,"turns":6}],"seed_played":"7758946508040213433","potions_obtained":[{"floor":2.0,"key":"Block Potion"},{"floor":10.0,"key":"FairyPotion"},{"floor":14.0,"key":"SteroidPotion"},{"floor":16.0,"key":"Weak Potion"},{"floor":18.0,"key":"Regen Potion"},{"floor":24.0,"key":"Ambrosia"}],"is_trial":false,"path_per_floor":["M","M","?","$","M","R","E","R","T","E","M","M","?","M","R","B",null,"M","M","$","M","?","R","E","AVR","T","E","M","M","R","M","R","B",null,"M","?","AVR","T","$","NM","M","R","T","E","M","M","R","E","R","B",null,"R","$","E","B",null],"character_chosen":"WATCHER","items_purchased":["Master of Strategy","Membership Card","CrushJoints","DeceiveReality","Scrawl","hubris:Reverence","Calipers","Madness","Medical Kit","Regal Pillow","MerchantsRug","hubris:Potato","DollysMirror","InnerPeace"],"campfire_rested":5,"item_purchase_floors":[0,0,4,4,20,20,20,20,39,39,53,53,53,53],"current_hp_per_floor":[47,47,36,36,36,36,7,28,28,18,18,18,18,17,38,2,55,37,37,37,35,35,35,48,48,48,46,46,46,46,33,33,18,69,62,51,51,51,51,13,7,47,47,44,33,33,33,33,73,73,83,86,86,55,30],"gold":33,"neow_bonus":"","is_daily":false,"chose_seed":false,"campfire_upgraded":4,"win_rate":0.0,"timestamp":1607871075,"path_taken":["M","M","?","$","M","R","E","R","T","E","M","M","?","M","R","BOSS","M","M","$","M","?","R","E","AVR","T","E","M","M","R","M","R","BOSS","M","?","AVR","?","$","NM","M","R","T","E","M","M","R","E","R","BOSS","R","$","E","BOSS"],"items_purchased_type":["Card","Relic","Card","Card","Card","Relic","Relic","Card","Relic","Relic","Relic","Relic","Relic","Card"],"build_version":"2020-11-30","purchased_purges":7,"victory":true,"max_hp_per_floor":[72,72,72,72,72,72,72,72,72,72,72,72,72,72,72,72,72,72,72,72,72,72,72,86,86,86,86,86,86,86,86,86,86,86,86,86,86,86,86,86,86,86,86,86,86,86,86,86,86,86,86,86,86,86,86],"relic_stats":{"Happy Flower":[7],"counters":[270,1106],"Medical Kit":[9],"obtain_stats":[{"infinitespire:BottledMercury":40,"Ginger":43,"Bottled Tornado":23,"hubris:MysteriousPyramids":17,"Blood Vial":7,"infinitespire:ShieldingShard":0,"Sundial":13,"hubris:AstralHammer":44,"infinitespire:Golems Mask":6,"MealTicket":29,"Fusion Hammer":34,"HandDrill":53,"Kunai":9,"MerchantsRug":14,"Pen Nib":26,"Akabeko":24,"infinitespire:Lychee Nut":10,"MutagenicStrength":31,"Bird Faced Urn":10,"Snecko Eye":0,"hubris:TenFootPole":40,"StrikeDummy":25,"infinitespire:PuzzleCube":9,"infinitespire:Cupcake":17,"hubris:Reverence":14,"Lantern":26,"Regal Pillow":48,"Singing Bowl":8,"Torii":53,"Bag of Preparation":23,"hubris:EmptyBottle":53,"Smiling Mask":6,"Ancient Tea Set":39,"Matryoshka":11,"hubris:Backtick":17,"hubris:ScarierMask":17,"hubris:CuriousFeather":11,"Chemical X":19,"infinitespire:Eraser":44,"InkBottle":14,"hubris:GlazedTorus":37,"Potion Belt":7,"Lee\u0027s Waffle":13,"NeowsBlessing":0,"Golden Idol":3,"hubris:64BitClover":9,"The Courier":43,"infinitespire:Joker Card":26,"Omamori":48,"infinitespire:Lucky Rock":9,"hubris:Towel":19,"Frozen Egg 2":0,"MawBank":6,"GoldenEye":0,"Ornamental Fan":8,"Turnip":45,"Art of War":9,"Bottled Lightning":54,"Toy Ornithopter":53,"hubris:BottledRain":8,"Calipers":37,"hubris:CrystalStatue":6,"Gremlin Horn":54,"CeramicFish":9,"hubris:VirtuousBlindfold":17,"hubris:TerracottaHorce":17,"Centennial Puzzle":6,"HornCleat":7,"DollysMirror":53,"Strawberry":53,"VioletLotus":17,"Toxic Egg 2":5,"hubris:Teleporter":31,"hubris:DuctTape":9,"Happy Flower":48,"Oddly Smooth Stone":53,"infinitespire:Beetle Shell":7,"Letter Opener":46,"War Paint":6,"Question Card":47,"Shuriken":8,"hubris:PeanutButter":9,"Molten Egg 2":0,"Black Star":17,"Meat on the Bone":23,"Yang":54,"Mango":17,"Incense Burner":10,"hubris:SlimyHat":0,"Empty Cage":34,"hubris:Icosahedron":12,"Mummified Hand":54,"Gambling Chip":0,"Pantograph":6,"Tiny Chest":10,"Red Mask":21,"Runic Pyramid":34,"infinitespire:FocusingShard":30,"Orichalcum":17,"Odd Mushroom":14,"Medical Kit":0,"Mercury Hourglass":38,"Calling Bell":17,"Cauldron":53,"Anchor":46,"CaptainsWheel":6,"infinitespire:WardingShard":9,"infinitespire:Satchel":12,"Bag of Marbles":41,"Membership Card":0,"PureWater":0,"hubris:Potato":0},{"infinitespire:BottledMercury":262,"Ginger":149,"Bottled Tornado":82,"hubris:MysteriousPyramids":210,"Blood Vial":22,"infinitespire:ShieldingShard":67,"Sundial":26,"hubris:AstralHammer":264,"infinitespire:Golems Mask":38,"MealTicket":141,"Fusion Hammer":260,"HandDrill":125,"Kunai":232,"MerchantsRug":166,"Pen Nib":32,"Akabeko":170,"infinitespire:Lychee Nut":74,"MutagenicStrength":114,"Bird Faced Urn":134,"Snecko Eye":159,"hubris:TenFootPole":119,"StrikeDummy":112,"infinitespire:PuzzleCube":237,"infinitespire:Cupcake":136,"hubris:Reverence":208,"Lantern":83,"Regal Pillow":124,"Singing Bowl":178,"Torii":226,"Bag of Preparation":187,"hubris:EmptyBottle":153,"Smiling Mask":64,"Ancient Tea Set":118,"Matryoshka":56,"hubris:Backtick":210,"hubris:ScarierMask":107,"hubris:CuriousFeather":16,"Chemical X":168,"infinitespire:Eraser":150,"InkBottle":181,"hubris:GlazedTorus":118,"Potion Belt":4,"Lee\u0027s Waffle":75,"NeowsBlessing":0,"Golden Idol":13,"hubris:64BitClover":133,"The Courier":222,"infinitespire:Joker Card":255,"Omamori":152,"infinitespire:Lucky Rock":39,"hubris:Towel":28,"Frozen Egg 2":155,"MawBank":54,"GoldenEye":155,"Ornamental Fan":133,"Turnip":95,"Art of War":104,"Bottled Lightning":98,"Toy Ornithopter":153,"hubris:BottledRain":47,"Calipers":89,"hubris:CrystalStatue":177,"Gremlin Horn":126,"CeramicFish":192,"hubris:VirtuousBlindfold":8,"hubris:TerracottaHorce":27,"Centennial Puzzle":231,"HornCleat":246,"DollysMirror":268,"Strawberry":226,"VioletLotus":77,"Toxic Egg 2":3,"hubris:Teleporter":217,"hubris:DuctTape":73,"Happy Flower":267,"Oddly Smooth Stone":97,"infinitespire:Beetle Shell":104,"Letter Opener":224,"War Paint":73,"Question Card":96,"Shuriken":206,"hubris:PeanutButter":163,"Molten Egg 2":188,"Black Star":197,"Meat on the Bone":31,"Yang":154,"Mango":167,"Incense Burner":5,"hubris:SlimyHat":17,"Empty Cage":115,"hubris:Icosahedron":105,"Mummified Hand":227,"Gambling Chip":67,"Pantograph":132,"Tiny Chest":247,"Red Mask":186,"Runic Pyramid":86,"infinitespire:FocusingShard":142,"Orichalcum":167,"Odd Mushroom":196,"Medical Kit":127,"Mercury Hourglass":221,"Calling Bell":167,"Cauldron":125,"Anchor":122,"CaptainsWheel":163,"infinitespire:WardingShard":4,"infinitespire:Satchel":166,"Bag of Marbles":148,"Membership Card":17,"PureWater":0,"hubris:Potato":155},{"infinitespire:BottledMercury":1064,"Ginger":584,"Bottled Tornado":312,"hubris:MysteriousPyramids":831,"Blood Vial":96,"infinitespire:ShieldingShard":267,"Sundial":106,"hubris:AstralHammer":1072,"infinitespire:Golems Mask":150,"MealTicket":558,"Fusion Hammer":1055,"HandDrill":500,"Kunai":932,"MerchantsRug":652,"Pen Nib":126,"Akabeko":677,"infinitespire:Lychee Nut":288,"MutagenicStrength":440,"Bird Faced Urn":531,"Snecko Eye":628,"hubris:TenFootPole":472,"StrikeDummy":434,"infinitespire:PuzzleCube":951,"infinitespire:Cupcake":541,"hubris:Reverence":816,"Lantern":316,"Regal Pillow":493,"Singing Bowl":707,"Torii":899,"Bag of Preparation":750,"hubris:EmptyBottle":603,"Smiling Mask":257,"Ancient Tea Set":468,"Matryoshka":218,"hubris:Backtick":831,"hubris:ScarierMask":412,"hubris:CuriousFeather":82,"Chemical X":665,"infinitespire:Eraser":587,"InkBottle":719,"hubris:GlazedTorus":468,"Potion Belt":10,"Lee\u0027s Waffle":290,"NeowsBlessing":0,"Golden Idol":61,"hubris:64BitClover":529,"The Courier":877,"infinitespire:Joker Card":1033,"Omamori":596,"infinitespire:Lucky Rock":153,"hubris:Towel":112,"Frozen Egg 2":615,"MawBank":209,"GoldenEye":615,"Ornamental Fan":529,"Turnip":369,"Art of War":396,"Bottled Lightning":377,"Toy Ornithopter":603,"hubris:BottledRain":181,"Calipers":339,"hubris:CrystalStatue":701,"Gremlin Horn":503,"CeramicFish":761,"hubris:VirtuousBlindfold":33,"hubris:TerracottaHorce":111,"Centennial Puzzle":929,"HornCleat":997,"DollysMirror":1095,"Strawberry":899,"VioletLotus":298,"Toxic Egg 2":4,"hubris:Teleporter":854,"hubris:DuctTape":283,"Happy Flower":1085,"Oddly Smooth Stone":376,"infinitespire:Beetle Shell":396,"Letter Opener":883,"War Paint":283,"Question Card":372,"Shuriken":811,"hubris:PeanutButter":642,"Molten Egg 2":751,"Black Star":782,"Meat on the Bone":122,"Yang":607,"Mango":660,"Incense Burner":20,"hubris:SlimyHat":83,"Empty Cage":447,"hubris:Icosahedron":400,"Mummified Hand":906,"Gambling Chip":267,"Pantograph":525,"Tiny Chest":1000,"Red Mask":746,"Runic Pyramid":328,"infinitespire:FocusingShard":563,"Orichalcum":660,"Odd Mushroom":773,"Medical Kit":512,"Mercury Hourglass":870,"Calling Bell":660,"Cauldron":500,"Anchor":485,"CaptainsWheel":642,"infinitespire:WardingShard":10,"infinitespire:Satchel":652,"Bag of Marbles":581,"Membership Card":83,"PureWater":0,"hubris:Potato":615}]},"card_choices":[{"not_picked":["BowlingBash","WheelKick","FlurryOfBlows"],"picked":"SKIP","floor":1.0},{"not_picked":["Prostrate","WindmillStrike","Protect"],"picked":"SKIP","floor":2.0},{"not_picked":["MentalFortress","Crescendo","FlyingSleeves"],"picked":"SKIP","floor":5.0},{"not_picked":["Worship","Prostrate"],"picked":"SandsOfTime","floor":7.0},{"not_picked":["Tantrum","Crescendo"],"picked":"Evaluate","floor":10.0},{"not_picked":["FlyingSleeves","Protect","ReachHeaven"],"picked":"SKIP","floor":11.0},{"not_picked":["Nirvana","Crescendo"],"picked":"Omniscience","floor":12.0},{"not_picked":["ThirdEye","Halt","FlurryOfBlows"],"picked":"SKIP","floor":14.0},{"not_picked":["Halt","Perseverance+1"],"picked":"PathToVictory","floor":18.0},{"not_picked":["LikeWater+1","Protect+1"],"picked":"PathToVictory+1","floor":19.0},{"not_picked":["LikeWater","Halt"],"picked":"Evaluate+1","floor":21.0},{"not_picked":["Crescendo","Pray+1"],"picked":"FearNoEvil","floor":24.0},{"not_picked":["ThirdEye","CarveReality","Prostrate"],"picked":"SKIP","floor":27.0},{"not_picked":["BattleHymn","Halt","SashWhip"],"picked":"SKIP","floor":28.0},{"not_picked":["BattleHymn","Halt","SashWhip"],"picked":"SKIP","floor":28.0},{"not_picked":["WreathOfFlame","MentalFortress+1"],"picked":"Omniscience","floor":29.0},{"not_picked":["FollowUp","ClearTheMind","Study+1"],"picked":"SKIP","floor":31.0},{"not_picked":["Wish","Omniscience"],"picked":"DeusExMachina","floor":33.0},{"not_picked":["Crescendo+1","JustLucky","FlurryOfBlows"],"picked":"SKIP","floor":35.0},{"not_picked":["WreathOfFlame+1","Swivel+1","InnerPeace"],"picked":"SKIP","floor":40.0},{"not_picked":["WreathOfFlame+1","Swivel+1"],"picked":"InnerPeace","floor":40.0},{"not_picked":["ClearTheMind+1","Halt","FlyingSleeves"],"picked":"SKIP","floor":41.0},{"not_picked":["Vengeance+1","FlyingSleeves","JustLucky+1"],"picked":"SKIP","floor":44.0},{"not_picked":["ThirdEye","CutThroughFate+1"],"picked":"LikeWater","floor":45.0},{"not_picked":["BowlingBash+1","EmptyFist"],"picked":"EmptyBody","floor":46.0},{"not_picked":["ThirdEye+1","Fasting2","Wallop"],"picked":"SKIP","floor":48.0},{"not_picked":["CrushJoints","Vengeance+1","Wallop+1"],"picked":"SKIP","floor":54.0}],"player_experience":906217,"relics_obtained":[{"floor":7.0,"key":"HornCleat"},{"floor":9.0,"key":"infinitespire:Satchel"},{"floor":10.0,"key":"Tiny Chest"},{"floor":24.0,"key":"Mango"},{"floor":26.0,"key":"infinitespire:Joker Card"},{"floor":27.0,"key":"Toy Ornithopter"},{"floor":40.0,"key":"infinitespire:BottledMercury"},{"floor":43.0,"key":"Bag of Marbles"},{"floor":44.0,"key":"hubris:AstralHammer"},{"floor":48.0,"key":"Happy Flower"},{"floor":54.0,"key":"infinitespire:ShieldingShard"}],"event_choices":[{"damage_healed":0.0,"max_hp_gain":0.0,"max_hp_loss":0.0,"gold_gain":75.0,"event_name":"betterThird:BetterGoop","player_choice":"Gold","floor":3.0,"gold_loss":0.0,"damage_taken":11.0},{"cards_removed":["Strike_P"],"damage_healed":0.0,"max_hp_gain":0.0,"max_hp_loss":0.0,"gold_gain":0.0,"event_name":"Living Wall","player_choice":"Forget","floor":13.0,"gold_loss":0.0,"damage_taken":0.0},{"damage_healed":0.0,"max_hp_gain":0.0,"max_hp_loss":0.0,"gold_gain":0.0,"event_name":"Cursed Tome","player_choice":"Ignored","floor":22.0,"gold_loss":0.0,"damage_taken":0.0},{"damage_healed":0.0,"max_hp_gain":0.0,"max_hp_loss":0.0,"gold_gain":0.0,"event_name":"Winding Halls","player_choice":"Embrace Madness","floor":36.0,"gold_loss":0.0,"damage_taken":11.0,"cards_obtained":["Madness","Madness"]}],"is_beta":false,"boss_relics":[{"not_picked":["Busted Crown","hubris:ScarierMask"],"picked":"hubris:TerracottaHorce"},{"not_picked":["hubris:Stopwatch","Philosopher\u0027s Stone"],"picked":"Fusion Hammer"}],"items_purged_floors":[0,4,20,25,37,39,53],"is_endless":false,"potions_floor_spawned":[2,10,14,16,18,24,31,33,35,41,45,46],"ascension_level":11}}