{"host":"60i3hvr2c92v7509","time":1607902590,"event":{"mods":["BaseMod","Minty Spire (QoL Compilation)"],"gold_per_floor":[111,111,111,131,56,75,25,25,77,77,10,41,57,85,85,189,189,201,149,165,183,183,183,200,200,252,252,252,271,287,298,298,298,298],"floor_reached":33,"playtime":1810,"items_purged":["Pain"],"score":257,"play_id":"d0d44c5c-923c-4062-a57a-3e31a75df374","local_time":"20201213183630","is_ascension_mode":false,"campfire_choices":[{"data":"Caltrops","floor":8,"key":"SMITH"},{"data":"Tactician","floor":10,"key":"SMITH"},{"floor":15,"key":"REST"},{"data":"Glass Knife","floor":23,"key":"SMITH"},{"floor":32,"key":"REST"}],"circlet_count":0,"master_deck":["Strike_G+1","Strike_G+1","Strike_G+1","Strike_G+1","Defend_G+1","Defend_G+1","Defend_G+1","Defend_G+1","Survivor","Neutralize","Flying Knee","Caltrops+1","Tactician+1","Calculated Gamble","Dagger Throw","Dagger Throw","Glass Knife+1","Underhanded Strike","Prepared","Dagger Throw+1","Underhanded Strike","Dash","Footwork"],"relics":["Empty Cage","MealTicket","WarpedTongs","Boot","Pocketwatch","Ninja Scroll","Black Star","Blood Vial"],"acts_visited":["Exordium","TheCity"],"potions_floor_usage":[14,33,33,33],"damage_taken":[{"damage":0,"enemies":"Small Slimes","floor":1,"turns":6},{"damage":2,"enemies":"Cultist","floor":4,"turns":4},{"damage":4,"enemies":"2 Louse","floor":6,"turns":2},{"damage":31,"enemies":"3 Sentries","floor":12,"turns":7},{"damage":3,"enemies":"Exordium Wildlife","floor":13,"turns":3},{"damage":5,"enemies":"Lagavulin","floor":14,"turns":5},{"damage":31,"enemies":"The Guardian","floor":16,"turns":9},{"damage":9,"enemies":"Shell Parasite","floor":18,"turns":4},{"damage":1,"enemies":"Chosen","floor":20,"turns":4},{"damage":25,"enemies":"Snake Plant","floor":21,"turns":3},{"damage":18,"enemies":"Centurion and Healer","floor":24,"turns":5},{"damage":6,"enemies":"Colosseum Slavers","floor":27,"turns":3},{"damage":12,"enemies":"3 Cultists","floor":29,"turns":5},{"damage":5,"enemies":"Snake Plant","floor":30,"turns":3},{"damage":0,"enemies":"Chosen and Byrds","floor":31,"turns":4},{"damage":38,"enemies":"Collector","floor":33,"turns":5}],"seed_played":"-6311976172649519408","potions_obtained":[{"floor":12,"key":"DistilledChaos"},{"floor":13,"key":"Weak Potion"},{"floor":18,"key":"SkillPotion"},{"floor":24,"key":"AttackPotion"}],"is_trial":false,"path_per_floor":["M","?","?","M","$","M","?","R","T","R","$","E","M","E","R","B",null,"M","$","M","M","?","R","M","?","T","?","?","M","M","M","R","B"],"character_chosen":"THE_SILENT","items_purchased":["Calculated Gamble","Prepared"],"campfire_rested":2,"item_purchase_floors":[11,19],"current_hp_per_floor":[70,70,70,68,70,66,66,66,66,66,70,39,36,31,52,21,70,61,70,69,44,44,44,26,26,26,22,22,12,9,11,32,0,0],"gold":298,"neow_bonus":"BOSS_RELIC","is_daily":false,"chose_seed":false,"campfire_upgraded":3,"win_rate":0.0,"timestamp":1607902590,"path_taken":["M","?","?","?","$","M","?","R","T","R","$","E","M","E","R","BOSS","M","$","M","M","?","R","M","?","T","?","?","M","M","M","R","BOSS"],"items_purchased_type":["Card","Card"],"build_version":"2020-11-30","purchased_purges":1,"victory":false,"max_hp_per_floor":[70,70,70,70,70,70,70,70,70,70,70,70,70,70,70,70,70,70,70,70,70,70,70,70,70,70,70,70,70,70,70,70,70,70],"card_choices":[{"not_picked":["Leg Sweep","Heel Hook"],"picked":"Flying Knee","floor":1},{"not_picked":["Distraction","Slice"],"picked":"Caltrops","floor":4},{"not_picked":["Dodge and Roll","Flying Knee"],"picked":"Tactician","floor":6},{"not_picked":["Escape Plan","Footwork"],"picked":"Dagger Throw","floor":12},{"not_picked":["Dash","Venomology"],"picked":"Dagger Throw","floor":13},{"not_picked":["Dodge and Roll","Sucker Punch","Grand Finale"],"picked":"SKIP","floor":14},{"not_picked":["Envenom","Adrenaline"],"picked":"Glass Knife","floor":16},{"not_picked":["Cloak And Dagger+1","Bane"],"picked":"Underhanded Strike","floor":18},{"not_picked":["Flechettes","Outmaneuver","Deadly Poison"],"picked":"SKIP","floor":20},{"not_picked":["Infinite Blades","Skewer"],"picked":"Dagger Throw+1","floor":21},{"not_picked":["PiercingWail","Deadly Poison","Flying Knee"],"picked":"SKIP","floor":24},{"not_picked":["Bouncing Flask","Poisoned Stab"],"picked":"Underhanded Strike","floor":29},{"not_picked":["Distraction","Bouncing Flask+1"],"picked":"Dash","floor":30},{"not_picked":["Crippling Poison","Well Laid Plans"],"picked":"Footwork","floor":31}],"player_experience":393584,"relics_obtained":[{"floor":9,"key":"Boot"},{"floor":12,"key":"Pocketwatch"},{"floor":14,"key":"Ninja Scroll"},{"floor":26,"key":"Blood Vial"}],"event_choices":[{"damage_healed":0,"gold_gain":0,"player_choice":"Box","damage_taken":0,"relics_obtained":["MealTicket"],"max_hp_gain":0,"max_hp_loss":0,"event_name":"Big Fish","floor":2,"gold_loss":0,"cards_obtained":["Regret"]},{"damage_healed":0,"gold_gain":0,"player_choice":"Rummage","damage_taken":0,"relics_obtained":["WarpedTongs"],"max_hp_gain":0,"max_hp_loss":0,"event_name":"Accursed Blacksmith","floor":3,"gold_loss":0,"cards_obtained":["Pain"]},{"cards_removed":["Regret"],"damage_healed":0,"gold_gain":0,"player_choice":"Card Removal","damage_taken":0,"max_hp_gain":0,"max_hp_loss":0,"event_name":"The Cleric","floor":7,"gold_loss":50},{"damage_healed":0,"gold_gain":0,"player_choice":"Ignored","damage_taken":0,"max_hp_gain":0,"max_hp_loss":0,"event_name":"Vampires","floor":22,"gold_loss":0},{"damage_healed":0,"gold_gain":0,"player_choice":"Ignored","damage_taken":0,"max_hp_gain":0,"max_hp_loss":0,"event_name":"Ghosts","floor":25,"gold_loss":0},{"damage_healed":0,"gold_gain":0,"player_choice":"Fight","damage_taken":0,"max_hp_gain":0,"max_hp_loss":0,"event_name":"Colosseum","floor":27,"gold_loss":0},{"damage_healed":0,"gold_gain":0,"player_choice":"Fled From Nobs","damage_taken":0,"max_hp_gain":0,"max_hp_loss":0,"event_name":"Colosseum","floor":27,"gold_loss":0},{"damage_healed":0,"gold_gain":0,"player_choice":"Simplicity","damage_taken":0,"max_hp_gain":0,"max_hp_loss":0,"event_name":"Back to Basics","floor":28,"gold_loss":0,"cards_upgraded":["Strike_G","Strike_G","Strike_G","Strike_G","Defend_G","Defend_G","Defend_G","Defend_G"]}],"is_beta":false,"boss_relics":[{"not_picked":["SlaversCollar","Runic Pyramid"],"picked":"Black Star"}],"items_purged_floors":[5],"is_endless":false,"potions_floor_spawned":[12,13,18,24,31],"killed_by":"Collector","ascension_level":0}}