{"host":"fhq3k2nq5elnbks3","time":1607823987,"event":{"mods":["2.2 Compatiblity","AchievementEnabler","Act Like it!","AlwaysNeverKeys","Aspiration","Astrologer","Bard","Bartender","BaseMod","Better Altar","Better Skull","Better Vampires","Better-Laid Plans","CCEM","CapriCore","Card Filter","CatGirl Mod","Chen","Colored Powertips","Displayed Cursed Tome","Ekko","Eldritch Tears","Emptier Cage","Fiend Mod","Fireblade Mod","Friendly Minions","FutureSeer","GifTheSpireLib","Gremlin Skip","Hallownest","Hermit","HololiveMod","Hunter ??","JesterMod","Koishi","Luminous","Mad Scientist","Minty Spire (QoL Compilation)","Onozuka Komachi Mod","Permanent Neow","Potionbrewer","Prisma Mod","Quick Restart","READ ME - Guardian Mod","Reimu??????","Relic Filter","Robot Space Explorer","Shop Mod","Somnambulant","Spikes Relics","StSLib","SuperFastMode","The Animator","The Bug Knight","The Disciple","The Dragon Tamer","The Elementalist","The Gatherer","The Hierophant","The Immortal","The Necromancer","The Runesmith","The Trickster","The Valiant","The Wild Card","TheBandit","TheFirefly","Transform Curses","Uncapped","Unknown Chances","Virulent Crown","Yohane!","Yuri Mod","thorton","vexMod"],"gold_per_floor":[118,138,138,138,138,138,138,163,213,244,244],"floor_reached":10,"playtime":1244,"items_purged":[],"score":66,"play_id":"0a15a2e2-7c98-4145-8ed6-2a42ed55c913","local_time":"20201212194627","is_ascension_mode":false,"campfire_choices":[{"data":"SecondHand","floor":6,"key":"SMITH"}],"circlet_count":0,"master_deck":["Strike_Br","Strike_Br","Strike_Br","Defend_Br","Defend_Br","Defend_Br","Defend_Br","SecondHand+1","PatternShift","FormalWear+1"],"relics":["Chronometer","aspiration:Nostalgia","jesterMod:JesterCap","elementalistmod:YellowCirclet","Golden Idol","Regal Pillow","vexMod:MemoryStick"],"acts_visited":["Exordium"],"potions_floor_usage":[],"damage_taken":[{"damage":0,"enemies":"2 Louse","floor":1,"turns":4},{"damage":0,"enemies":"Small Slimes","floor":2,"turns":3},{"damage":2,"enemies":"Cultist","floor":8,"turns":4},{"damage":29,"enemies":"Lagavulin","floor":10,"turns":7}],"seed_played":"-8751209459445952658","potions_obtained":[{"floor":1,"key":"Strength Potion"},{"floor":2,"key":"Dexterity Potion"},{"floor":8,"key":"potionbrewer:ToxicPotion"}],"is_trial":false,"path_per_floor":["M","M","?","?","?","R","?","M","T","E"],"character_chosen":"CHRONO_CLASS","items_purchased":[],"campfire_rested":0,"item_purchase_floors":[],"current_hp_per_floor":[65,65,65,49,49,49,49,47,47,18,18],"gold":244,"neow_bonus":"NOSTALGIA","is_daily":false,"chose_seed":false,"campfire_upgraded":1,"win_rate":0.0,"timestamp":1607823987,"path_taken":["M","M","?","?","?","R","?","?","T","E"],"items_purchased_type":[],"build_version":"2020-11-30","purchased_purges":0,"victory":false,"max_hp_per_floor":[65,65,65,65,65,65,65,65,65,65,65],"card_choices":[{"not_picked":["Backlash","AlternateTimeline"],"picked":"FormalWear","floor":1},{"not_picked":["LockedPlans","ExoVibe","Parity"],"picked":"SKIP","floor":2},{"not_picked":["WindUp","BiteCommand","OracleForm"],"picked":"SKIP","floor":8}],"player_experience":497124,"relics_obtained":[{"floor":9,"key":"Regal Pillow"},{"floor":10,"key":"vexMod:MemoryStick"}],"event_choices":[{"damage_healed":0,"gold_gain":0,"player_choice":"Take Damage","damage_taken":16,"relics_obtained":["Golden Idol"],"max_hp_gain":0,"max_hp_loss":0,"event_name":"Golden Idol","floor":4,"gold_loss":0},{"damage_healed":0,"gold_gain":0,"player_choice":"Grow","damage_taken":0,"max_hp_gain":0,"max_hp_loss":0,"event_name":"Living Wall","floor":5,"gold_loss":0,"cards_upgraded":["FormalWear"]},{"cards_removed":["Strike_Br"],"damage_healed":0,"gold_gain":0,"player_choice":"Offered Basic","damage_taken":0,"max_hp_gain":0,"max_hp_loss":0,"event_name":"Bonfire Elementals","floor":7,"gold_loss":0}],"is_beta":false,"boss_relics":[],"items_purged_floors":[],"is_endless":false,"potions_floor_spawned":[1,2,8],"killed_by":"Lagavulin","ascension_level":0}}