{"host":"x0ovlu53kkkog8rv","time":1607827073,"event":{"mods":["BaseMod","Colored Map","Minty Spire (QoL Compilation)","Quick Restart","SuperFastMode"],"gold_per_floor":[110,285,360,360,360,395,416,416,416,121,146,169,194,208,208,336,336,356,356,175,175,193,232,232,109,188,188,188,213,213,251,251,375,375,399,419,752,769,789,789,819,403,426,436,447,217,217,232,232,232],"floor_reached":51,"playtime":1730,"items_purged":["Injury"],"score":777,"play_id":"41c52622-955e-4fb2-aa6d-4cfe07a07a55","local_time":"20201213113753","is_ascension_mode":true,"campfire_choices":[{"floor":8,"key":"REST"},{"data":"Clothesline","floor":15,"key":"SMITH"},{"floor":27,"key":"REST"},{"floor":32,"key":"REST"},{"data":"Heavy Blade","floor":40,"key":"SMITH"},{"data":"Fiend Fire","floor":49,"key":"SMITH"}],"circlet_count":0,"master_deck":["Bash","Cleave+1","Clothesline","Shockwave+1","Clothesline+1","Seeing Red","Headbutt","Offering","Pommel Strike","Inflame+1","Heavy Blade+1","Rampage+1","Warcry","Heavy Blade+1","Bludgeon","Berserk","Berserk","Immolate","Evolve","Flex","Iron Wave","Fiend Fire+1","Fiend Fire","Havoc+1","Second Wind","Flame Barrier+1","Bloodletting+1","Inflame"],"relics":["Burning Blood","Ancient Tea Set","Blood Vial","Omamori","HandDrill","Nunchaku","War Paint","Runic Pyramid","Regal Pillow","Vajra","Matryoshka","MealTicket","Blue Candle","Necronomicon","Red Mask","Pandora\u0027s Box","Ornamental Fan","Membership Card","Strawberry","Dead Branch","Red Skull","Oddly Smooth Stone","Ice Cream","Toy Ornithopter"],"acts_visited":["Exordium","TheCity","TheBeyond"],"potions_floor_usage":[16,16,16,50],"damage_taken":[{"damage":11,"enemies":"Jaw Worm","floor":1,"turns":2},{"damage":27,"enemies":"Gremlin Nob","floor":6,"turns":4},{"damage":0,"enemies":"Small Slimes","floor":7,"turns":2},{"damage":3,"enemies":"2 Louse","floor":12,"turns":3},{"damage":10,"enemies":"Looter","floor":13,"turns":2},{"damage":6,"enemies":"Blue Slaver","floor":14,"turns":3},{"damage":48,"enemies":"Slime Boss","floor":16,"turns":11},{"damage":6,"enemies":"Chosen","floor":18,"turns":4},{"damage":16,"enemies":"Spheric Guardian","floor":22,"turns":3},{"damage":47,"enemies":"Slavers","floor":23,"turns":4},{"damage":27,"enemies":"Centurion and Healer","floor":29,"turns":4},{"damage":19,"enemies":"Masked Bandits","floor":31,"turns":3},{"damage":61,"enemies":"Champ","floor":33,"turns":7},{"damage":0,"enemies":"3 Darklings","floor":35,"turns":2},{"damage":27,"enemies":"3 Shapes","floor":36,"turns":2},{"damage":6,"enemies":"Jaw Worm Horde","floor":38,"turns":1},{"damage":0,"enemies":"Transient","floor":39,"turns":5},{"damage":8,"enemies":"Nemesis","floor":41,"turns":3},{"damage":28,"enemies":"4 Shapes","floor":44,"turns":2},{"damage":9,"enemies":"Spire Growth","floor":45,"turns":2},{"damage":6,"enemies":"Transient","floor":48,"turns":5},{"damage":51,"enemies":"Time Eater","floor":50,"turns":4}],"seed_played":"5803645712043565476","potions_obtained":[{"floor":7,"key":"BlessingOfTheForge"},{"floor":12,"key":"Explosive Potion"},{"floor":13,"key":"SteroidPotion"},{"floor":18,"key":"BloodPotion"},{"floor":23,"key":"Swift Potion"},{"floor":29,"key":"GamblersBrew"},{"floor":35,"key":"Block Potion"},{"floor":36,"key":"HeartOfIron"},{"floor":48,"key":"BloodPotion"}],"is_trial":false,"path_per_floor":["M","?","?","?","?","E","M","R","T","$","T","M","M","M","R","B",null,"M","?","$","?","M","E","$","$","T","R","?","M","?","?","R","B",null,"M","M","?","M","M","R","E","$","T","M","M","$","?","M","R","B",null],"character_chosen":"IRONCLAD","items_purchased":["HandDrill","Nunchaku","Regal Pillow","Inflame","Warcry","Membership Card","Strawberry","FairyPotion","Dead Branch","Ice Cream","Toy Ornithopter"],"campfire_rested":3,"item_purchase_floors":[10,10,20,20,25,42,42,42,42,46,46],"current_hp_per_floor":[75,75,64,64,64,43,51,75,75,75,75,80,76,78,78,38,80,80,80,80,80,70,31,31,31,31,70,70,51,35,24,63,10,80,80,59,59,61,69,69,69,87,87,65,64,79,79,81,81,60],"gold":232,"neow_bonus":"RANDOM_COMMON_RELIC","is_daily":false,"chose_seed":false,"campfire_upgraded":3,"win_rate":0.0,"timestamp":1607827073,"path_taken":["M","?","?","?","?","E","M","R","T","$","?","M","?","M","R","BOSS","M","?","$","?","?","E","?","$","T","R","?","?","?","?","R","BOSS","M","M","?","M","M","R","E","$","T","M","M","$","?","M","R","BOSS"],"items_purchased_type":["Relic","Relic","Relic","Card","Card","Relic","Relic","Potion","Relic","Relic","Relic"],"build_version":"2020-11-30","purchased_purges":1,"victory":true,"max_hp_per_floor":[80,80,80,80,80,80,80,80,80,80,80,80,80,80,80,80,80,80,80,80,80,80,80,80,80,80,80,80,80,80,80,80,80,80,80,80,80,80,80,80,80,87,87,87,87,87,87,87,87,87],"card_choices":[{"not_picked":["Iron Wave","Clash"],"picked":"Cleave","floor":1},{"not_picked":["Anger","Second Wind"],"picked":"Clothesline","floor":6},{"not_picked":["Sever Soul","Havoc"],"picked":"Shockwave","floor":7},{"not_picked":["Twin Strike","Heavy Blade"],"picked":"Clothesline","floor":12},{"not_picked":["Armaments","Pummel"],"picked":"Seeing Red","floor":13},{"not_picked":["Armaments","Evolve"],"picked":"Headbutt","floor":14},{"not_picked":["Bludgeon","Demon Form"],"picked":"Offering","floor":16},{"not_picked":["Clash+1","Twin Strike"],"picked":"Pommel Strike","floor":18},{"not_picked":["Clothesline","Perfected Strike"],"picked":"Heavy Blade+1","floor":22},{"not_picked":["Havoc","Thunderclap"],"picked":"Rampage+1","floor":23},{"not_picked":["Warcry","Hemokinesis","Feed"],"picked":"SKIP","floor":29},{"not_picked":["Havoc","Clothesline"],"picked":"Heavy Blade","floor":31},{"not_picked":["Impervious","Feed"],"picked":"Bludgeon","floor":33},{"not_picked":["Clothesline+1","Pommel Strike+1"],"picked":"Havoc+1","floor":35},{"not_picked":["Reckless Charge+1","Hemokinesis+1"],"picked":"Second Wind","floor":36},{"not_picked":["Wild Strike+1","Hemokinesis"],"picked":"Flame Barrier+1","floor":38},{"not_picked":["Twin Strike","Battle Trance+1"],"picked":"Bloodletting+1","floor":39},{"not_picked":["Carnage","Body Slam","Clash+1"],"picked":"SKIP","floor":41},{"not_picked":["Power Through+1","Shrug It Off+1","True Grit"],"picked":"SKIP","floor":44},{"not_picked":["Brutality","Body Slam"],"picked":"Inflame","floor":45},{"not_picked":["True Grit+1","Metallicize+1","Dropkick"],"picked":"SKIP","floor":48}],"player_experience":187404,"relics_obtained":[{"floor":6,"key":"Blood Vial"},{"floor":9,"key":"Omamori"},{"floor":11,"key":"War Paint"},{"floor":21,"key":"Vajra"},{"floor":23,"key":"Matryoshka"},{"floor":26,"key":"MealTicket"},{"floor":26,"key":"Blue Candle"},{"floor":30,"key":"Necronomicon"},{"floor":31,"key":"Red Mask"},{"floor":41,"key":"Ornamental Fan"},{"floor":43,"key":"Red Skull"},{"floor":43,"key":"Oddly Smooth Stone"}],"event_choices":[{"damage_healed":0,"gold_gain":175,"player_choice":"AGREE","damage_taken":0,"max_hp_gain":0,"max_hp_loss":0,"event_name":"Liars Game","floor":2,"gold_loss":0,"cards_obtained":["Doubt"]},{"damage_healed":0,"gold_gain":75,"player_choice":"Gather Gold","damage_taken":11,"max_hp_gain":0,"max_hp_loss":0,"event_name":"World of Goop","floor":3,"gold_loss":0},{"damage_healed":0,"gold_gain":0,"player_choice":"Grow","damage_taken":0,"max_hp_gain":0,"max_hp_loss":0,"event_name":"Living Wall","floor":4,"gold_loss":0,"cards_upgraded":["Cleave"]},{"damage_healed":0,"gold_gain":0,"player_choice":"Take Wound","damage_taken":0,"relics_obtained":["Golden Idol"],"max_hp_gain":0,"max_hp_loss":0,"event_name":"Golden Idol","floor":5,"gold_loss":0,"cards_obtained":["Injury"]},{"cards_removed":["Doubt"],"damage_healed":0,"gold_gain":0,"player_choice":"Elegance","damage_taken":0,"max_hp_gain":0,"max_hp_loss":0,"event_name":"Back to Basics","floor":19,"gold_loss":0},{"damage_healed":0,"gold_gain":0,"player_choice":"Relic","damage_taken":0,"max_hp_gain":0,"max_hp_loss":0,"event_name":"Wheel of Change","floor":21,"gold_loss":0},{"damage_healed":0,"gold_gain":0,"player_choice":"Upgraded","damage_taken":0,"max_hp_gain":0,"max_hp_loss":0,"event_name":"Upgrade Shrine","floor":28,"gold_loss":0,"cards_upgraded":["Inflame"]},{"damage_healed":0,"gold_gain":0,"player_choice":"Obtained Book","damage_taken":16,"max_hp_gain":0,"max_hp_loss":0,"event_name":"Cursed Tome","floor":30,"gold_loss":0},{"damage_healed":0,"gold_gain":0,"player_choice":"Fought Bandits","damage_taken":0,"max_hp_gain":0,"max_hp_loss":0,"event_name":"Masked Bandits","floor":31,"gold_loss":0},{"damage_healed":0,"gold_gain":333,"player_choice":"Gave Idol","damage_taken":0,"max_hp_gain":0,"max_hp_loss":0,"event_name":"The Moai Head","floor":37,"relics_lost":["Golden Idol"],"gold_loss":0},{"cards_removed":["Berserk"],"damage_healed":0,"gold_gain":0,"player_choice":"Removed Power","damage_taken":0,"max_hp_gain":0,"max_hp_loss":0,"event_name":"Falling","floor":47,"gold_loss":0}],"is_beta":false,"boss_relics":[{"not_picked":["Velvet Choker","Tiny House"],"picked":"Runic Pyramid"},{"not_picked":["Black Blood","Coffee Dripper"],"picked":"Pandora\u0027s Box"}],"items_purged_floors":[25],"is_endless":false,"potions_floor_spawned":[7,12,13,14,18,23,29,35,36,48],"ascension_level":1}}