{"host":"35tvc6itv1fggml6","time":1607838035,"event":{"mods":["Act Like it!","Ascension Reborn","BaseMod","Challenge The Spire","Colored Powertips","Conspire","Dota2Spire","Lobotomy","LobotomyExtend","Marked Mod","Minty Spire (QoL Compilation)","Quick Restart","Replay The Spire","Ryuuou龙王","StSLib","[IsaacMod]以撒尖塔","【功能Mod】聪明的最终Boss","【遗物卡牌】REMEMod"],"gold_per_floor":[115,131,131,143,43,68,100,126,194,227,298,328,343,372,372,473,473,483,483,533,617,767,799,859,942,942,51,118,202,231,274,274,386,386,405,547,618,703,163,206,244,584,584,624,718,761,893,1015,1015,1135,1235,1261,1318,1477,1570,1648,1698,1774,1814,1892,1933,1976,2061,2153,2240,2240,2328,2328],"floor_reached":67,"playtime":3114,"items_purged":["Sword Boomerang"],"score":1723,"play_id":"3e6bf732-fcd3-4bed-8e98-db17331053f2","local_time":"20201213134035","daily_mods":["SealedDeck","Heirloom","Time Dilation","Flight","DeadlyEvents","Binary","Elite Swarm","Lethality","Night Terrors"],"is_ascension_mode":true,"campfire_choices":[{"floor":15,"key":"DIG"},{"floor":32,"key":"DIG"},{"floor":49,"key":"DIG"},{"floor":66,"key":"DIG"}],"circlet_count":0,"master_deck":["Demon Form","Wraith Form v2","Echo Form","DevaForm","EpicFetus","Venomology","Havoc","REME_Cut","conspire:Charge","Seeing Red","Armaments","Replay:Undeath\u0027s Touch","Anger","Replay:Undeath\u0027s Touch","Replay:Undeath\u0027s Touch","Seeing Red","Inflame","Armaments","Ghostly","REME_TheLastStrike","Reaper","Offering","Offering","Inflame","Barricade","Pommel Strike","Limit Break","Cleave","Berserk","REME_Fury","REME_ACTH","Seeing Red+1","Offering","Pommel Strike","Reaper","True Grit","Reaper","Cleave+1","REME_Cut","Sword Boomerang","Brutality","Pommel Strike","REME_ACTH","Reaper","BettingIsNotGood+1","REME_BattleFury","REME_ProfessionalPlagiarism","Demonic Infusion","Metamorphosis+1","Double Tap","REME_ACTH","Exhume+1","REME_ACTH","REME_Flogging","Hemogenesis","REME_Fury","Searing Blow","Purity","Limit Break","REME_PuzzleBox","Bomb","Shrug It Off","Double Tap","REME_ACTH","Feed","Brutality","Twin Strike","Apotheosis","Shrug It Off"],"relics":["Snecko Eye","Unceasing Top","replay:Trail_Library","HushsDoor","REME_ComplimentaryCards","MoneyPower","Shovel","LetterFromLob","Torii","GuppysTail","Happy Flower","Dota2Spire:MantaStyle","REME_PuzzleBoxRelic","ReplayTheSpireMod:Shallot","Dota2Spire:EyeOfSkadi","conspire:DeflatedDodgeball","REME_HourglassOfDeath","Replay:Grab Bag","SsserpentHead","Nilry\u0027s Codex","Sundial","InkBottle","Dream Catcher","Snack Pack","BFFS","CaptainsWheel","ForgetMeNow","CeramicFish","PokeGo","Potion Belt","Coffee Dripper","Philosopher\u0027s Stone","conspire:SpecialSausage","REME_LowDesire","Centennial Puzzle","BookOfRevelations","Dota2Spire:ArcaneBoots","Akabeko","Pet Ghost","TheBattery","BlankCard","conspire:DecoderRing","Pantograph","Old Coin","Replay:Arrowhead","Chameleon Ring","War Paint","SalivaCoin","Dota2Spire:BlackKingBar","Vajra","Letter Opener","Replay:Wanted Poster","MagicBullet_r","Mirror","Odd Mushroom","Replay:Kaleidoscope"],"acts_visited":["Exordium","TheCity","TheBeyond","Exordium"],"potions_floor_usage":[8,10,18,23,29,29,31,31,33,50,55,55,67,67,67,67,67],"damage_taken":[{"damage":9,"enemies":"conspire:RoseBush","floor":1,"turns":2},{"damage":0,"enemies":"Cultist","floor":2,"turns":2},{"damage":15,"enemies":"Jaw Worm","floor":4,"turns":3},{"damage":0,"enemies":"Lagavulin","floor":6,"turns":4},{"damage":0,"enemies":"Gremlin Nob","floor":7,"turns":3},{"damage":1,"enemies":"Replay:BlueRogue","floor":8,"turns":4},{"damage":0,"enemies":"Gremlin Nob","floor":10,"turns":3},{"damage":0,"enemies":"Replay:BlueRogue","floor":12,"turns":3},{"damage":0,"enemies":"Blue Slaver","floor":13,"turns":2},{"damage":0,"enemies":"3 Sentries","floor":14,"turns":1},{"damage":2,"enemies":"Slime Boss","floor":16,"turns":2},{"damage":0,"enemies":"Spheric Guardian","floor":18,"turns":3},{"damage":12,"enemies":"conspire:Head Lice","floor":21,"turns":4},{"damage":20,"enemies":"Book of Stabbing","floor":23,"turns":4},{"damage":1,"enemies":"Chosen","floor":24,"turns":2},{"damage":20,"enemies":"conspire:Head Lice","floor":25,"turns":4},{"damage":0,"enemies":"Snecko","floor":28,"turns":2},{"damage":24,"enemies":"Slavers","floor":29,"turns":2},{"damage":0,"enemies":"Snake Plant","floor":30,"turns":2},{"damage":12,"enemies":"conspire:SneckoGhost","floor":31,"turns":3},{"damage":15,"enemies":"Automaton","floor":33,"turns":5},{"damage":6,"enemies":"Orb Walker","floor":35,"turns":1},{"damage":0,"enemies":"3 Darklings","floor":37,"turns":2},{"damage":25,"enemies":"R_Hoarder","floor":38,"turns":3},{"damage":14,"enemies":"Giant Head","floor":40,"turns":3},{"damage":7,"enemies":"R_Hoarder","floor":41,"turns":3},{"damage":10,"enemies":"Reptomancer","floor":42,"turns":3},{"damage":6,"enemies":"R_Hoarder","floor":44,"turns":4},{"damage":45,"enemies":"Reptomancer","floor":45,"turns":3},{"damage":1,"enemies":"R_Hoarder","floor":46,"turns":3},{"damage":22,"enemies":"Nemesis","floor":48,"turns":3},{"damage":27,"enemies":"Replay:Hell Engine","floor":50,"turns":3},{"damage":0,"enemies":"Jaw Worm","floor":52,"turns":1},{"damage":0,"enemies":"Replay:BlueRogue","floor":55,"turns":1},{"damage":2,"enemies":"conspire:RoseBush","floor":56,"turns":1},{"damage":6,"enemies":"3 Sentries","floor":57,"turns":1},{"damage":0,"enemies":"Cultist","floor":58,"turns":1},{"damage":0,"enemies":"Lagavulin","floor":59,"turns":1},{"damage":0,"enemies":"Replay:BlueRogue","floor":61,"turns":1},{"damage":0,"enemies":"Gremlin Nob","floor":62,"turns":1},{"damage":0,"enemies":"3 Sentries","floor":63,"turns":1},{"damage":0,"enemies":"The Mushroom Lair","floor":64,"turns":1},{"damage":32,"enemies":"Gremlin Gang","floor":65,"turns":2},{"damage":153,"enemies":"Delirium","floor":67,"turns":6}],"seed_played":"-6764198166043957765","potions_obtained":[{"floor":2,"key":"Flashbang"},{"floor":6,"key":"Dota2Spire:Clarity"},{"floor":7,"key":"conspire:TimeTravelPotion"},{"floor":10,"key":"Adrenaline Potion"},{"floor":23,"key":"LiquidMemories"},{"floor":25,"key":"FearPotion"},{"floor":28,"key":"Fire Potion"},{"floor":29,"key":"PowerPotion"},{"floor":33,"key":"Dota2Spire:HealingSalve"},{"floor":35,"key":"Languid Potion"},{"floor":36,"key":"Dota2Spire:HealingSalve"},{"floor":42,"key":"Milkshake"},{"floor":45,"key":"Reflective Coating"},{"floor":46,"key":"SkillPotion"},{"floor":50,"key":"SneckoOil"},{"floor":55,"key":"SkillPotion"}],"is_trial":true,"path_per_floor":["M","M","?","M","?","E","E","E","T","E","T","E","M","E","R","B",null,"M","?","?","E","?","E","M","E","T","$","M","E","M","E","R","B",null,"M","?","M","E","$","E","E","E","T","E","E","E","T","E","R","B",null,"M","?","?","E","M","E","M","E","T","E","E","E","?","M","R","B"],"character_chosen":"IRONCLAD","items_purchased":["REME_Fury","REME_ACTH","Cleave+1","REME_Cut","BFFS","CaptainsWheel","ForgetMeNow","Pet Ghost","TheBattery","BlankCard"],"campfire_rested":0,"item_purchase_floors":[17,17,27,27,27,27,27,39,39,39],"current_hp_per_floor":[71,71,76,61,61,61,61,68,68,73,73,78,78,78,78,88,83,83,83,67,83,83,77,83,83,83,83,83,83,83,83,83,75,83,83,50,83,58,58,81,83,83,83,83,55,68,68,70,70,81,85,85,85,85,85,83,84,84,85,85,85,85,85,85,76,76,0,0],"gold":2328,"neow_bonus":"","is_daily":false,"chose_seed":false,"campfire_upgraded":0,"win_rate":0.0,"timestamp":1607838035,"path_taken":["M","M","?","?","?","E","?","E","T","E","?","?","?","?","R","BOSS","M","?","?","?","?","E","?","?","T","?","?","?","M","E","R","BOSS","M","?","?","?","?","E","E","E","T","E","?","E","?","?","R","BOSS","M","?","?","?","?","E","?","E","T","E","E","?","?","?","R","BOSS"],"items_purchased_type":["Card","Card","Card","Card","Relic","Relic","Relic","Relic","Relic","Relic"],"build_version":"2020-11-30","purchased_purges":1,"victory":false,"max_hp_per_floor":[80,80,85,85,85,85,85,85,85,85,85,90,90,90,90,90,83,83,83,83,83,83,83,83,83,83,83,83,83,83,83,83,83,83,83,83,83,83,83,83,83,83,83,83,85,85,85,85,85,85,85,85,85,85,85,85,85,85,85,85,85,85,85,85,85,85,85,85],"card_choices":[{"not_picked":[],"picked":"EpicFetus","floor":0.0},{"not_picked":["Abandon","Perfected Strike"],"picked":"SKIP","floor":1},{"not_picked":["conspire:Purge"],"picked":"Inflame","floor":2},{"not_picked":["Wild Strike"],"picked":"Armaments","floor":4},{"not_picked":["Fiend Fire"],"picked":"REME_TheLastStrike","floor":6},{"not_picked":["Bludgeon"],"picked":"Reaper","floor":7},{"not_picked":["Brutality"],"picked":"Offering","floor":8},{"not_picked":["Replay:Many Hands"],"picked":"Offering","floor":10},{"not_picked":["Immolate"],"picked":"Barricade","floor":12},{"not_picked":["Havoc"],"picked":"Pommel Strike","floor":13},{"not_picked":["Immolate"],"picked":"Limit Break","floor":14},{"not_picked":["Immolate"],"picked":"Berserk","floor":16},{"not_picked":["Metallicize"],"picked":"Seeing Red+1","floor":18},{"not_picked":["Impervious"],"picked":"Offering","floor":21},{"not_picked":["Spot Weakness"],"picked":"Pommel Strike","floor":22},{"not_picked":["Corruption"],"picked":"Reaper","floor":23},{"not_picked":["Shockwave"],"picked":"True Grit","floor":24},{"not_picked":["Impervious"],"picked":"Reaper","floor":25},{"not_picked":["Entrench+1"],"picked":"Sword Boomerang","floor":28},{"not_picked":["Fiend Fire"],"picked":"Brutality","floor":29},{"not_picked":["Wild Strike"],"picked":"Pommel Strike","floor":30},{"not_picked":["Feed"],"picked":"REME_ACTH","floor":31},{"not_picked":["Corruption"],"picked":"Reaper","floor":33},{"not_picked":["Disarm","Feel No Pain","PanicButton"],"picked":"SKIP","floor":35},{"not_picked":["Pummel","Hemokinesis+1"],"picked":"BettingIsNotGood+1","floor":36},{"not_picked":["Massacre","Power Through"],"picked":"REME_BattleFury","floor":36},{"not_picked":["Headbutt","Ghostly Armor+1"],"picked":"REME_ProfessionalPlagiarism","floor":37},{"not_picked":["Offering","Purity+1"],"picked":"Demonic Infusion","floor":38},{"not_picked":["Reaper","Hemogenesis"],"picked":"Metamorphosis","floor":40},{"not_picked":["conspire:Purge","HandOfGreed"],"picked":"Double Tap","floor":41},{"not_picked":["Offering","Swift Strike+1"],"picked":"REME_ACTH","floor":42},{"not_picked":["REME_TheLastStrike","ReplayTheSpireMod:Necrogeddon"],"picked":"Exhume","floor":44},{"not_picked":["Immolate","Replay:Sssssssssstrike+1"],"picked":"REME_ACTH","floor":45},{"not_picked":["Fiend Fire","Brutality"],"picked":"REME_Flogging","floor":46},{"not_picked":["Reaper","Transmutation"],"picked":"Hemogenesis","floor":48},{"not_picked":["Replay:Many Hands","SuicideKing"],"picked":"REME_Fury","floor":50},{"not_picked":["Sword Boomerang","HandOfGreed"],"picked":"Searing Blow","floor":52},{"not_picked":["ReplayReversal","Entrench"],"picked":"Purity","floor":54},{"not_picked":["Demonic Infusion","Deep Breath"],"picked":"Limit Break","floor":55},{"not_picked":["Replay:Undeath\u0027s Touch","Run Through"],"picked":"REME_PuzzleBox","floor":56},{"not_picked":["Fiend Fire","Replay:Many Hands"],"picked":"Bomb","floor":57},{"not_picked":["Replay:Undeath\u0027s Touch","Sadistic Nature"],"picked":"Shrug It Off","floor":58},{"not_picked":["conspire:HitWhereItHurts","Deep Breath"],"picked":"Double Tap","floor":59},{"not_picked":["Barricade","REME_BattleFury"],"picked":"REME_ACTH","floor":61},{"not_picked":["Eclipse","REME_ProfessionalPlagiarism"],"picked":"Feed","floor":62},{"not_picked":["Barricade","REME_BattleFury"],"picked":"Brutality","floor":63},{"not_picked":["Clash","ReplayTheSpireMod:Corrosion Curse"],"picked":"Apotheosis","floor":64},{"not_picked":["Intimidate","Enlightenment"],"picked":"Shrug It Off","floor":65}],"player_experience":52010,"relics_obtained":[{"floor":1,"key":"LetterFromLob"},{"floor":6,"key":"Torii"},{"floor":7,"key":"GuppysTail"},{"floor":8,"key":"Happy Flower"},{"floor":9,"key":"Dota2Spire:MantaStyle"},{"floor":10,"key":"REME_PuzzleBoxRelic"},{"floor":11,"key":"ReplayTheSpireMod:Shallot"},{"floor":12,"key":"Dota2Spire:EyeOfSkadi"},{"floor":14,"key":"conspire:DeflatedDodgeball"},{"floor":15,"key":"REME_HourglassOfDeath"},{"floor":20,"key":"Nilry\u0027s Codex"},{"floor":21,"key":"Sundial"},{"floor":23,"key":"InkBottle"},{"floor":25,"key":"Dream Catcher"},{"floor":26,"key":"Snack Pack"},{"floor":29,"key":"CeramicFish"},{"floor":31,"key":"PokeGo"},{"floor":32,"key":"Potion Belt"},{"floor":34,"key":"Centennial Puzzle"},{"floor":34,"key":"BookOfRevelations"},{"floor":36,"key":"Dota2Spire:ArcaneBoots"},{"floor":38,"key":"Akabeko"},{"floor":40,"key":"conspire:DecoderRing"},{"floor":41,"key":"Pantograph"},{"floor":42,"key":"Old Coin"},{"floor":43,"key":"Replay:Arrowhead"},{"floor":44,"key":"Chameleon Ring"},{"floor":45,"key":"War Paint"},{"floor":46,"key":"SalivaCoin"},{"floor":47,"key":"Dota2Spire:BlackKingBar"},{"floor":48,"key":"Vajra"},{"floor":49,"key":"Letter Opener"},{"floor":60,"key":"Mirror"},{"floor":64,"key":"Odd Mushroom"},{"floor":66,"key":"Replay:Kaleidoscope"}],"event_choices":[{"damage_healed":0,"gold_gain":0,"player_choice":"Donut","damage_taken":0,"max_hp_gain":5,"max_hp_loss":0,"event_name":"Big Fish","floor":3,"gold_loss":0},{"damage_healed":0,"gold_gain":0,"player_choice":"Argue","damage_taken":0,"max_hp_gain":0,"max_hp_loss":0,"event_name":"conspire:LoneGhost","floor":5,"gold_loss":0},{"damage_healed":0,"gold_gain":0,"player_choice":"Trade","damage_taken":0,"relics_obtained":["SsserpentHead"],"max_hp_gain":0,"max_hp_loss":0,"event_name":"FaceTrader","floor":19,"gold_loss":0},{"damage_healed":0,"gold_gain":0,"player_choice":"Obtained Book","damage_taken":16,"max_hp_gain":0,"max_hp_loss":0,"event_name":"Cursed Tome","floor":20,"gold_loss":0},{"damage_healed":0,"gold_gain":0,"player_choice":"Fought Mushrooms","damage_taken":0,"max_hp_gain":0,"max_hp_loss":0,"event_name":"Mushrooms","floor":64,"gold_loss":0}],"is_beta":false,"boss_relics":[{"not_picked":["Cursed Key","Busted Crown"],"picked":"Replay:Grab Bag"},{"not_picked":[]},{"not_picked":["SlaversCollar","Runic Dome"],"picked":"Coffee Dripper"},{"not_picked":["ChampionBelt","Velvet Choker"],"picked":"Philosopher\u0027s Stone"},{"not_picked":["Mark of Pain","Ring of Chaos"],"picked":"conspire:SpecialSausage"},{"not_picked":["SacredBark","MagicMushroom"],"picked":"REME_LowDesire"},{"not_picked":["Replay:Drink Me","Replay:Ancient Bell"],"picked":"Replay:Wanted Poster"},{"not_picked":[]}],"items_purged_floors":[27],"is_endless":true,"potions_floor_spawned":[2,6,7,10,12,13,23,25,28,29,33,35,42,44,45,46,50,52,55,58,62,63],"killed_by":"Delirium","ascension_level":0}}