{"host":"stk82ot58bnorhun","time":1607875156,"event":{"mods":["BaseMod","Colored Powertips","Downfall","Minty Spire (QoL Compilation)","StSLib"],"gold_per_floor":[99,110,121,150,15,15,39,69,88,123,134,151,161,174,189,286,286,286,297,53,81,100,100,100,113,113,142,159,175,275,293,303,303,303],"floor_reached":33,"playtime":3278,"items_purged":["Slimebound:Defend_Slimebound"],"score":340,"play_id":"4f30285a-fe26-458c-a8b4-818baf21d95a","local_time":"20201213235916","is_ascension_mode":false,"campfire_choices":[{"data":"Slimebound:Split","floor":1.0,"key":"SMITH"},{"floor":18.0,"key":"RECALL"},{"data":"Slimebound:Gluttony","floor":23.0,"key":"SMITH"},{"data":"Slimebound:LeechLife","floor":26.0,"key":"SMITH"}],"circlet_count":0,"master_deck":["Slimebound:Strike_Slimebound","Slimebound:Strike_Slimebound","Slimebound:Strike_Slimebound","Slimebound:Tackle","Slimebound:Defend_Slimebound","Slimebound:Defend_Slimebound","Slimebound:Defend_Slimebound","Slimebound:Split+1","Slimebound:CorrosiveSpit","Slimebound:LevelUp","Slimebound:LeechEnergy","Slimebound:Schlurp","Slimebound:SpikyOuterGoop","Slimebound:FirmFortitude","Slimebound:GoopSpray","Slimebound:LeechLife+1","Slimebound:Split","Slimebound:GrowthPunch","Slimebound:Schlurp","Slimebound:Replication","Slimebound:FinishingTackle","Slimebound:FlameTackle","Slimebound:RollThrough","Slimebound:OozeBath","Slimebound:ComboTackle","Slimebound:Gluttony+1","Slimebound:GrowthPunch+1","Slimebound:SplitAcid+1","Slimebound:GoopSpray","Slimebound:SplitMire+1","Slimebound:SplitMire","Slimebound:Prepare","Slimebound:MassFeed"],"relics":["Slimebound:AbsorbEndCombat","Gremlin Horn","InkBottle","White Beast Statue","Black Star","Pen Nib","Dream Catcher","Mercury Hourglass","Eternal Feather","Blue Candle","Nunchaku"],"acts_visited":["Exordium","TheCity"],"potions_floor_usage":[31,32,33],"damage_taken":[{"damage":10.0,"enemies":"Jaw Worm","floor":2.0,"turns":4.0},{"damage":12.0,"enemies":"Cultist","floor":3.0,"turns":4.0},{"damage":28.0,"enemies":"3 Sentries","floor":4.0,"turns":6.0},{"damage":19.0,"enemies":"downfall:FleeingMerchant","floor":5.0,"turns":4.0},{"damage":29.0,"enemies":"Gremlin Nob","floor":8.0,"turns":4.0},{"damage":9.0,"enemies":"Small Slimes","floor":9.0,"turns":3.0},{"damage":21.0,"enemies":"Lagavulin","floor":10.0,"turns":4.0},{"damage":8.0,"enemies":"Exordium Wildlife","floor":11.0,"turns":3.0},{"damage":37.0,"enemies":"Large Slime","floor":12.0,"turns":5.0},{"damage":12.0,"enemies":"2 Fungi Beasts","floor":13.0,"turns":4.0},{"damage":30.0,"enemies":"Red Slaver","floor":14.0,"turns":6.0},{"damage":24.0,"enemies":"3 Louse","floor":15.0,"turns":2.0},{"damage":52.0,"enemies":"downfall:Ironclad","floor":16.0,"turns":8.0},{"damage":32.0,"enemies":"Shell Parasite","floor":19.0,"turns":5.0},{"damage":28.0,"enemies":"downfall:FleeingMerchant","floor":20.0,"turns":4.0},{"damage":61.0,"enemies":"Book of Stabbing","floor":21.0,"turns":5.0},{"damage":30.0,"enemies":"Centurion and Healer","floor":22.0,"turns":6.0},{"damage":51.0,"enemies":"Sentry and Sphere","floor":25.0,"turns":4.0},{"damage":54.0,"enemies":"Slavers","floor":27.0,"turns":4.0},{"damage":23.0,"enemies":"3 Cultists","floor":28.0,"turns":4.0},{"damage":53.0,"enemies":"Snecko","floor":29.0,"turns":6.0},{"damage":12,"enemies":"Snake Plant","floor":31,"turns":3},{"damage":32,"enemies":"Centurion and Healer","floor":32,"turns":9},{"damage":124,"enemies":"downfall:Silent","floor":33,"turns":7}],"seed_played":"-8080739647964827087","potions_obtained":[{"floor":2.0,"key":"Fire Potion"},{"floor":3.0,"key":"AttackPotion"},{"floor":8.0,"key":"ColorlessPotion"},{"floor":11.0,"key":"DuplicationPotion"},{"floor":12.0,"key":"Weak Potion"},{"floor":13.0,"key":"LiquidBronze"},{"floor":14.0,"key":"AttackPotion"},{"floor":15.0,"key":"ColorlessPotion"},{"floor":16.0,"key":"Regen Potion"},{"floor":19.0,"key":"Fire Potion"},{"floor":21.0,"key":"Slimebound:ThreeZeroPotion"},{"floor":22.0,"key":"SpeedPotion"},{"floor":25.0,"key":"Weak Potion"},{"floor":27.0,"key":"PowerPotion"},{"floor":28.0,"key":"hexamod:EctoCoolerPotion"},{"floor":29.0,"key":"Guardian:BlockOnCardUsePotion"},{"floor":31,"key":"Strength Potion"},{"floor":32,"key":"BlessingOfTheForge"}],"is_trial":false,"path_per_floor":["R","M","M","E","$","?","T","E","M","E","M","M","M","M","M","B",null,"R","M","$","E","M","R","T","M","R","E","M","M","?","M","M","B"],"character_chosen":"SLIMEBOUND","items_purchased":["Slimebound:FirmFortitude","Slimebound:GoopSpray","Pen Nib"],"campfire_rested":0,"item_purchase_floors":[5,5,20],"current_hp_per_floor":[66,66,66,52,51,51,51,40,39,48,64,49,45,66,56,34,66,66,59,51,31,58,58,58,35,50,27,50,15,15,21,66,0,0],"gold":303,"neow_bonus":"TEN_PERCENT_HP_BONUS","is_daily":false,"chose_seed":false,"campfire_upgraded":3,"win_rate":0.0,"timestamp":1607875156,"path_taken":["R","M","M","E","$","?","T","E","M","E","?","M","M","M","M","BOSS","R","M","$","E","M","R","T","M","R","E","M","M","?","M","M","BOSS"],"items_purchased_type":["Card","Card","Relic"],"build_version":"2020-11-30","purchased_purges":1,"victory":false,"max_hp_per_floor":[66,66,66,66,66,66,66,66,66,66,66,66,66,66,66,66,66,66,66,66,66,66,66,66,66,66,66,66,66,66,66,66,66,66],"card_choices":[{"not_picked":["Slimebound:FlameTackle","Slimebound:RainOfGoop"],"picked":"Slimebound:LevelUp","floor":2.0},{"not_picked":["Slimebound:SplitAcid","Slimebound:FinishingTackle"],"picked":"Slimebound:LeechEnergy","floor":3.0},{"not_picked":["Slimebound:LeechEnergy","Slimebound:RainOfGoop"],"picked":"Slimebound:Schlurp","floor":4.0},{"not_picked":["Slimebound:GoopSpray","Slimebound:SlimeSpikes"],"picked":"Slimebound:SpikyOuterGoop","floor":5.0},{"not_picked":["Slimebound:GoopSpray","Slimebound:SplitLeeching","Slimebound:ViciousTackle"],"picked":"SKIP","floor":8.0},{"not_picked":["Slimebound:TongueLash","Slimebound:SlimeSpikes"],"picked":"Slimebound:GrowthPunch","floor":9.0},{"not_picked":["Slimebound:ViciousTackle","Slimebound:HauntingLick"],"picked":"Slimebound:Schlurp","floor":10.0},{"not_picked":["Slimebound:SplitBruiser","Slimebound:SplitMire"],"picked":"Slimebound:Replication","floor":11.0},{"not_picked":["Slimebound:Schlurp","Slimebound:HauntingLick"],"picked":"Slimebound:FinishingTackle","floor":12.0},{"not_picked":["Slimebound:SlimeSpikes","Slimebound:FinishingTackle"],"picked":"Slimebound:FlameTackle","floor":13.0},{"not_picked":["Slimebound:ViciousTackle","Slimebound:Teamwork","Slimebound:BestDefense"],"picked":"SKIP","floor":14.0},{"not_picked":["Slimebound:GoopSpray","Slimebound:Schlurp"],"picked":"Slimebound:RollThrough","floor":15.0},{"not_picked":["Slimebound:SelfFormingGoo","Slimebound:MinionMaster"],"picked":"Slimebound:OozeBath","floor":16.0},{"not_picked":["Slimebound:SplitAcid","Slimebound:FinishingTackle"],"picked":"Slimebound:ComboTackle","floor":19.0},{"not_picked":["Slimebound:SamplingLick+1","Slimebound:SlimeSlap"],"picked":"Slimebound:Gluttony","floor":20.0},{"not_picked":["Slimebound:ComboTackle","Slimebound:Dissolve"],"picked":"Slimebound:GrowthPunch+1","floor":21.0},{"not_picked":["Slimebound:LeechEnergy","Slimebound:GrowthPunch"],"picked":"Slimebound:SplitAcid+1","floor":22.0},{"not_picked":["Slimebound:FlameTackle","Slimebound:LeechEnergy"],"picked":"Slimebound:GoopSpray","floor":25.0},{"not_picked":["Slimebound:MinionMaster","Slimebound:Grow"],"picked":"Slimebound:SplitMire+1","floor":27.0},{"not_picked":["Slimebound:LeechingTouch","Slimebound:Replication+1"],"picked":"Slimebound:SplitMire","floor":28.0},{"not_picked":["Slimebound:SlimeSpikes","Slimebound:SamplingLick","Slimebound:FinishingTackle+1"],"picked":"SKIP","floor":29.0},{"not_picked":["Slimebound:FinishingTackle+1","Slimebound:FormOfPuddle"],"picked":"Slimebound:Prepare","floor":31},{"not_picked":["Slimebound:ComboTackle","Slimebound:FirmFortitude"],"picked":"Slimebound:MassFeed","floor":32}],"player_experience":34374,"relics_obtained":[{"floor":4.0,"key":"Gremlin Horn"},{"floor":8.0,"key":"InkBottle"},{"floor":10.0,"key":"White Beast Statue"},{"floor":21.0,"key":"Dream Catcher"},{"floor":21.0,"key":"Mercury Hourglass"},{"floor":24.0,"key":"Eternal Feather"},{"floor":27.0,"key":"Blue Candle"},{"floor":27.0,"key":"Nunchaku"}],"event_choices":[],"is_beta":false,"boss_relics":[{"not_picked":["Fusion Hammer","Cursed Key"],"picked":"Black Star"}],"items_purged_floors":[20],"is_endless":false,"potions_floor_spawned":[2,3,8,11,12,13,14,15,16,19,20,21,22,25,27,28,29,31,32],"killed_by":"downfall:Silent","ascension_level":0}}