{"host":"6gwm7y0tp7acoxay","time":1607866002,"event":{"mods":["BaseMod","Colored Map","Keyboard Shortcuts","Minty Spire (QoL Compilation)","Quick Restart","StSLib","SuperFastMode","everything is the same but u backflip on backflip"],"gold_per_floor":[114,114,130,130,145,173,173,203,203,229,154,170,95,126,126,200,200,211,111,111,128,128,157,189,56,83,111,128,156,184,198,198,272,272,291,191,191,191,61,89,120,120,120,152,179,48,78,28,28,28,28,28,28,28,61,61],"floor_reached":57,"playtime":1991,"items_purged":["Entrench","Clothesline","Inflame"],"score":3586,"play_id":"f8f67a0d-aa26-44bd-b8de-33eb8d6279d6","local_time":"20201213222642","daily_mods":["SealedDeck","Heirloom","Flight"],"is_ascension_mode":true,"campfire_choices":[{"data":"Shrug It Off","floor":7.0,"key":"SMITH"},{"data":"Feel No Pain","floor":15.0,"key":"SMITH"},{"data":"Double Tap","floor":32.0,"key":"SMITH"},{"floor":42.0,"key":"RECALL"},{"data":"Rage","floor":49,"key":"SMITH"},{"data":"Dropkick","floor":53,"key":"SMITH"}],"circlet_count":0,"master_deck":["AscendersBane","Thunderclap+1","Dropkick+1","Shrug It Off+1","Whirlwind+1","Armaments+1","Dropkick+1","Burning Pact+1","Feel No Pain+1","Rage+1","Double Tap+1","Shockwave+1","Impervious+1","Seeing Red+1","Disarm+1"],"relics":["Burning Blood","Prayer Wheel","Kunai","Ice Cream","Torii","Toy Ornithopter","Toxic Egg 2","Black Star","MealTicket","The Courier","Du-Vu Doll","Bag of Marbles","Lantern","Pen Nib","Strawberry","Centennial Puzzle","Anchor","Bag of Preparation","Juzu Bracelet","Sundial","Philosopher\u0027s Stone","PreservedInsect","Smiling Mask","Boot","Ornamental Fan","CaptainsWheel","Incense Burner","Bottled Flame","Pantograph","Ancient Tea Set","HandDrill","Whetstone","Letter Opener","Orichalcum","War Paint"],"acts_visited":["Exordium","TheCity","TheBeyond","TheEnding"],"potions_floor_usage":[56],"damage_taken":[{"damage":1.0,"enemies":"2 Louse","floor":1.0,"turns":2.0},{"damage":0.0,"enemies":"Cultist","floor":3.0,"turns":2.0},{"damage":1.0,"enemies":"Jaw Worm","floor":5.0,"turns":2.0},{"damage":27.0,"enemies":"Gremlin Nob","floor":6.0,"turns":4.0},{"damage":0.0,"enemies":"Lagavulin","floor":8.0,"turns":5.0},{"damage":10.0,"enemies":"Gremlin Nob","floor":10.0,"turns":3.0},{"damage":9.0,"enemies":"Red Slaver","floor":12.0,"turns":3.0},{"damage":10.0,"enemies":"3 Sentries","floor":14.0,"turns":4.0},{"damage":8.0,"enemies":"Slime Boss","floor":16.0,"turns":7.0},{"damage":1.0,"enemies":"Chosen","floor":18.0,"turns":7.0},{"damage":25.0,"enemies":"Spheric Guardian","floor":21.0,"turns":6.0},{"damage":0.0,"enemies":"Slavers","floor":23.0,"turns":2.0},{"damage":2.0,"enemies":"Book of Stabbing","floor":24.0,"turns":6.0},{"damage":0.0,"enemies":"Gremlin Leader","floor":27.0,"turns":5.0},{"damage":14.0,"enemies":"Centurion and Healer","floor":28.0,"turns":2.0},{"damage":17.0,"enemies":"Book of Stabbing","floor":29.0,"turns":4.0},{"damage":0.0,"enemies":"Gremlin Leader","floor":30.0,"turns":4.0},{"damage":0.0,"enemies":"Chosen and Byrds","floor":31.0,"turns":7.0},{"damage":0.0,"enemies":"Automaton","floor":33.0,"turns":5.0},{"damage":0.0,"enemies":"Orb Walker","floor":35.0,"turns":3.0},{"damage":1.0,"enemies":"Nemesis","floor":40.0,"turns":3.0},{"damage":26.0,"enemies":"Reptomancer","floor":41.0,"turns":4.0},{"damage":0,"enemies":"Nemesis","floor":44,"turns":3},{"damage":0,"enemies":"Reptomancer","floor":45,"turns":2},{"damage":0,"enemies":"Giant Head","floor":47,"turns":4},{"damage":17,"enemies":"Time Eater","floor":50,"turns":7},{"damage":2,"enemies":"Awakened One","floor":51,"turns":4},{"damage":0,"enemies":"Shield and Spear","floor":55,"turns":3},{"damage":13,"enemies":"The Heart","floor":56,"turns":7}],"seed_played":"592308295343746391","potions_obtained":[{"floor":5.0,"key":"Dexterity Potion"},{"floor":8.0,"key":"Explosive Potion"},{"floor":18.0,"key":"DistilledChaos"},{"floor":27.0,"key":"Ancient Potion"}],"is_trial":true,"path_per_floor":["M","?","M","?","M","E","R","E","T","E","$","M","?","E","R","B",null,"M","$","?","M","?","E","E","$","T","E","M","E","E","M","R","B",null,"M","$","?","?","$","E","E","R","T","E","E","$","E","?","R","B","B",null,"R","$","E","B",null],"character_chosen":"IRONCLAD","items_purchased":["Lantern","PreservedInsect","HandDrill"],"campfire_rested":0,"item_purchase_floors":[25,39,46],"current_hp_per_floor":[73,73,75,75,75,54,54,60,60,56,56,53,53,49,49,47,68,73,73,73,54,54,65,69,75,75,82,74,63,69,75,75,81,82,82,82,82,82,82,82,62,62,62,68,74,82,82,82,82,71,82,82,82,82,82,75],"gold":61,"neow_bonus":"","is_daily":false,"chose_seed":false,"campfire_upgraded":5,"win_rate":0.0,"timestamp":1607866002,"path_taken":["M","?","?","?","?","E","R","E","T","E","$","?","?","E","R","BOSS","M","$","?","?","?","E","E","?","T","E","M","E","E","M","R","BOSS","M","$","?","?","$","E","E","R","T","E","E","$","E","?","R","BOSS","BOSS","R","$","E","BOSS"],"items_purchased_type":["Relic","Relic","Relic"],"build_version":"2020-11-30","purchased_purges":3,"victory":true,"max_hp_per_floor":[75,75,75,75,75,75,75,75,75,75,75,75,75,75,75,75,75,75,75,75,75,75,75,75,75,75,82,82,82,82,82,82,82,82,82,82,82,82,82,82,82,82,82,82,82,82,82,82,82,82,82,82,82,82,82,82],"card_choices":[{"not_picked":["Heavy Blade","Perfected Strike"],"picked":"Dropkick","floor":1.0},{"not_picked":["Havoc","Hemokinesis"],"picked":"Burning Pact","floor":1.0},{"not_picked":["True Grit","Sword Boomerang"],"picked":"Feel No Pain","floor":3.0},{"not_picked":["Pommel Strike","Anger","Intimidate"],"picked":"SKIP","floor":3.0},{"not_picked":["Dark Embrace","Body Slam"],"picked":"Rage","floor":5.0},{"not_picked":["Sentinel","Sword Boomerang","Dropkick"],"picked":"SKIP","floor":5.0},{"not_picked":["Sentinel","Sword Boomerang"],"picked":"Double Tap","floor":6.0},{"not_picked":["Warcry","Havoc"],"picked":"Shockwave","floor":8.0},{"not_picked":["Seeing Red","Flex","Perfected Strike"],"picked":"SKIP","floor":10.0},{"not_picked":["Twin Strike","Blood for Blood","Burning Pact"],"picked":"SKIP","floor":12.0},{"not_picked":["Havoc","Headbutt","Ghostly Armor"],"picked":"SKIP","floor":12.0},{"not_picked":["Iron Wave","Havoc+1","Blood for Blood"],"picked":"SKIP","floor":14.0},{"not_picked":["Brutality","Double Tap+1"],"picked":"Impervious+1","floor":16.0},{"not_picked":["Blood for Blood","Havoc+1","Clash"],"picked":"SKIP","floor":18.0},{"not_picked":["Shrug It Off+1","Reckless Charge","Sever Soul+1"],"picked":"SKIP","floor":18.0},{"not_picked":["Battle Trance+1","Fire Breathing","Seeing Red+1"],"picked":"SKIP","floor":21.0},{"not_picked":["Feel No Pain","Cleave","Iron Wave"],"picked":"SKIP","floor":21.0},{"not_picked":["Battle Trance+1","Fire Breathing"],"picked":"Seeing Red+1","floor":21.0},{"not_picked":["Feel No Pain","Cleave","Iron Wave"],"picked":"SKIP","floor":21.0},{"not_picked":["Twin Strike","Impervious+1","Cleave"],"picked":"SKIP","floor":23.0},{"not_picked":["Body Slam","Havoc+1","Wild Strike"],"picked":"SKIP","floor":24.0},{"not_picked":["Shrug It Off+1","Inflame","Iron Wave"],"picked":"SKIP","floor":27.0},{"not_picked":["Sword Boomerang","Flame Barrier+1"],"picked":"Disarm+1","floor":28.0},{"not_picked":["Body Slam","Dark Embrace","Sever Soul"],"picked":"SKIP","floor":28.0},{"not_picked":["Havoc+1","Wild Strike","Heavy Blade"],"picked":"SKIP","floor":29.0},{"not_picked":["Spot Weakness+1","Shockwave+1","Battle Trance+1"],"picked":"SKIP","floor":30.0},{"not_picked":["Intimidate+1","Body Slam","Clothesline"],"picked":"SKIP","floor":31.0},{"not_picked":["Perfected Strike","Anger","Warcry+1"],"picked":"SKIP","floor":31.0},{"not_picked":["Feed","Berserk"],"picked":"Juggernaut","floor":33.0},{"not_picked":["Whirlwind","Infernal Blade+1","Inflame"],"picked":"SKIP","floor":35.0},{"not_picked":["Sword Boomerang+1","Clash","Wild Strike"],"picked":"SKIP","floor":35.0},{"not_picked":["Heavy Blade","Seeing Red+1","Entrench+1"],"picked":"SKIP","floor":40.0},{"not_picked":["True Grit+1","Iron Wave","Anger+1"],"picked":"SKIP","floor":41.0},{"not_picked":["Iron Wave+1","True Grit+1","Anger"],"picked":"SKIP","floor":44},{"not_picked":["Sever Soul","Armaments+1","Heavy Blade"],"picked":"SKIP","floor":45},{"not_picked":["Disarm+1","Flex+1","Searing Blow"],"picked":"SKIP","floor":47},{"not_picked":["Perfected Strike+1","Flame Barrier+1","Whirlwind"],"picked":"SKIP","floor":55}],"player_experience":4272734,"relics_obtained":[{"floor":6.0,"key":"Kunai"},{"floor":8.0,"key":"Ice Cream"},{"floor":9.0,"key":"Torii"},{"floor":10.0,"key":"Toy Ornithopter"},{"floor":14.0,"key":"Toxic Egg 2"},{"floor":23.0,"key":"MealTicket"},{"floor":23.0,"key":"The Courier"},{"floor":24.0,"key":"Du-Vu Doll"},{"floor":24.0,"key":"Bag of Marbles"},{"floor":26.0,"key":"Pen Nib"},{"floor":27.0,"key":"Strawberry"},{"floor":27.0,"key":"Centennial Puzzle"},{"floor":29.0,"key":"Anchor"},{"floor":29.0,"key":"Bag of Preparation"},{"floor":30.0,"key":"Juzu Bracelet"},{"floor":30.0,"key":"Sundial"},{"floor":40.0,"key":"Smiling Mask"},{"floor":40.0,"key":"Boot"},{"floor":41.0,"key":"Ornamental Fan"},{"floor":41.0,"key":"CaptainsWheel"},{"floor":44,"key":"Incense Burner"},{"floor":44,"key":"Bottled Flame"},{"floor":45,"key":"Pantograph"},{"floor":45,"key":"Ancient Tea Set"},{"floor":47,"key":"Whetstone"},{"floor":47,"key":"Letter Opener"},{"floor":55,"key":"Orichalcum"},{"floor":55,"key":"War Paint"}],"event_choices":[{"damage_healed":0.0,"max_hp_gain":0.0,"max_hp_loss":0.0,"gold_gain":0.0,"event_name":"Upgrade Shrine","player_choice":"Upgraded","floor":2.0,"gold_loss":0.0,"damage_taken":0.0,"cards_upgraded":["Armaments"]},{"damage_healed":0.0,"max_hp_gain":0.0,"max_hp_loss":0.0,"gold_gain":0.0,"event_name":"Accursed Blacksmith","player_choice":"Forge","floor":4.0,"gold_loss":0.0,"damage_taken":0.0,"cards_upgraded":["Battle Trance"]},{"cards_removed":["Seeing Red"],"damage_healed":0.0,"max_hp_gain":0.0,"max_hp_loss":0.0,"gold_gain":0.0,"event_name":"The Cleric","player_choice":"Card Removal","floor":13.0,"gold_loss":75.0,"damage_taken":0.0},{"cards_removed":["Battle Trance"],"damage_healed":0.0,"max_hp_gain":0.0,"max_hp_loss":0.0,"gold_gain":0.0,"event_name":"Purifier","player_choice":"Purged","floor":20.0,"gold_loss":0.0,"damage_taken":0.0},{"damage_healed":0.0,"max_hp_gain":0.0,"max_hp_loss":0.0,"gold_gain":0.0,"event_name":"Upgrade Shrine","player_choice":"Upgraded","floor":22.0,"gold_loss":0.0,"damage_taken":0.0,"cards_upgraded":["Shockwave"]},{"damage_healed":0.0,"max_hp_gain":0.0,"max_hp_loss":0.0,"gold_gain":0.0,"event_name":"Tomb of Lord Red Mask","player_choice":"Ignored","floor":37.0,"gold_loss":0.0,"damage_taken":0.0},{"cards_removed":["Juggernaut"],"damage_healed":0.0,"max_hp_gain":0.0,"max_hp_loss":0.0,"gold_gain":0.0,"event_name":"Falling","player_choice":"Removed Power","floor":38.0,"gold_loss":0.0,"damage_taken":0.0},{"damage_healed":0,"gold_gain":0,"player_choice":"Upgraded Two","damage_taken":0,"max_hp_gain":0,"max_hp_loss":0,"event_name":"Designer","floor":48,"gold_loss":50,"cards_upgraded":["Thunderclap","Burning Pact"]}],"is_beta":false,"boss_relics":[{"not_picked":["Tiny House","Snecko Eye"],"picked":"Black Star"},{"not_picked":["Astrolabe","Empty Cage"],"picked":"Philosopher\u0027s Stone"}],"items_purged_floors":[11,19,36],"is_endless":false,"potions_floor_spawned":[5,8,16,18,27,30,33,40,44],"ascension_level":20}}