{"host":"cjhtzh7tp54jdfyv","time":1607830028,"event":{"mods":["BaseMod","Minty Spire (QoL Compilation)"],"gold_per_floor":[118,130,55,55,55,89,101,101,155,183,83,97,128,139,139,216,216,216,216,216,216,216,216,216,216,216,216,216,216,91,91,91,91,91,91,91,91,91,91,91,91,91,91,91,91,91,91,91,91,91,91,91,91,41,41,41],"floor_reached":57,"playtime":6851,"items_purged":["Eruption","FlyingSleeves","Evaluate","ReachHeaven+1"],"score":3652,"play_id":"dd3e35c4-1c25-4549-8d5a-13c50a62af9a","local_time":"20201212222708","is_ascension_mode":true,"campfire_choices":[{"data":"Scrawl","floor":8.0,"key":"SMITH"},{"data":"Prostrate","floor":15.0,"key":"SMITH"},{"data":"Prostrate","floor":24,"key":"SMITH"},{"data":"Study","floor":32,"key":"SMITH"},{"floor":49,"key":"RECALL"},{"floor":53,"key":"REST"}],"circlet_count":0,"master_deck":["AscendersBane","Vigilance+1","Prostrate+1","Study+1","Scrawl+1","Sanctity+1","Prostrate+1","Scrawl+1","MasterReality+1","Scrawl+1","CutThroughFate+1","LessonLearned+1","Omniscience+1","InnerPeace+1","FearNoEvil+1"],"relics":["Pandora\u0027s Box","Nunchaku","Juzu Bracelet","Blood Vial","Oddly Smooth Stone","Ectoplasm","Red Mask","Letter Opener","Blue Candle","White Beast Statue","Centennial Puzzle","War Paint","Orichalcum","Busted Crown","Shuriken","Eternal Feather","Smiling Mask","Mercury Hourglass"],"acts_visited":["Exordium","TheCity","TheBeyond","TheEnding"],"potions_floor_usage":[27,29,56,56,56],"damage_taken":[{"damage":0.0,"enemies":"2 Louse","floor":1.0,"turns":3.0},{"damage":0.0,"enemies":"Small Slimes","floor":2.0,"turns":2.0},{"damage":0.0,"enemies":"Lagavulin","floor":6.0,"turns":5.0},{"damage":0.0,"enemies":"Cultist","floor":7.0,"turns":4.0},{"damage":4.0,"enemies":"Gremlin Nob","floor":10.0,"turns":3.0},{"damage":0.0,"enemies":"Gremlin Gang","floor":12.0,"turns":3.0},{"damage":0.0,"enemies":"3 Sentries","floor":13.0,"turns":7.0},{"damage":0.0,"enemies":"Large Slime","floor":14.0,"turns":3.0},{"damage":0.0,"enemies":"Hexaghost","floor":16.0,"turns":3.0},{"damage":0.0,"enemies":"Chosen","floor":18.0,"turns":2.0},{"damage":0.0,"enemies":"Masked Bandits","floor":21.0,"turns":3.0},{"damage":0.0,"enemies":"2 Thieves","floor":22.0,"turns":1.0},{"damage":6,"enemies":"Slavers","floor":23,"turns":4},{"damage":0,"enemies":"Book of Stabbing","floor":25,"turns":3},{"damage":1,"enemies":"Gremlin Leader","floor":27,"turns":4},{"damage":1,"enemies":"Book of Stabbing","floor":29,"turns":2},{"damage":4,"enemies":"Slavers","floor":31,"turns":2},{"damage":1,"enemies":"Champ","floor":33,"turns":3},{"damage":1,"enemies":"3 Shapes","floor":35,"turns":2},{"damage":1,"enemies":"3 Darklings","floor":37,"turns":2},{"damage":1,"enemies":"Reptomancer","floor":40,"turns":1},{"damage":1,"enemies":"Jaw Worm Horde","floor":41,"turns":1},{"damage":1,"enemies":"Maw","floor":42,"turns":2},{"damage":1,"enemies":"Transient","floor":44,"turns":5},{"damage":1,"enemies":"Nemesis","floor":47,"turns":1},{"damage":1,"enemies":"Sphere and 2 Shapes","floor":48,"turns":2},{"damage":2,"enemies":"Awakened One","floor":50,"turns":3},{"damage":1,"enemies":"Donu and Deca","floor":51,"turns":2},{"damage":1,"enemies":"Shield and Spear","floor":55,"turns":1},{"damage":67,"enemies":"The Heart","floor":56,"turns":6}],"seed_played":"-6914456835829377965","potions_obtained":[{"floor":5.0,"key":"FearPotion"},{"floor":5.0,"key":"DistilledChaos"},{"floor":16.0,"key":"Fruit Juice"},{"floor":23,"key":"LiquidBronze"},{"floor":27,"key":"Fruit Juice"},{"floor":29,"key":"FairyPotion"},{"floor":31,"key":"EntropicBrew"}],"is_trial":false,"path_per_floor":["M","M","$","?","?","E","M","R","T","E","$","M","E","M","R","B",null,"M","?","?","?","M","E","R","E","T","E","$","E","$","E","R","B",null,"M","?","M","?","T","E","M","M","T","M","?","?","E","M","R","B","B",null,"R","$","E","B",null],"character_chosen":"WATCHER","items_purchased":[],"campfire_rested":1,"item_purchase_floors":[],"current_hp_per_floor":[61,61,61,61,61,61,61,61,61,57,57,59,61,63,63,65,67,68,68,68,68,68,62,62,64,64,70,70,76,76,74,74,75,77,77,74,73,73,73,73,73,73,73,73,73,73,73,73,74,72,73,74,74,74,73,40],"gold":41,"neow_bonus":"BOSS_RELIC","is_daily":false,"chose_seed":false,"campfire_upgraded":4,"win_rate":0.0,"timestamp":1607830028,"path_taken":["M","M","$","?","?","E","?","R","T","E","$","M","E","M","R","BOSS","M","?","?","?","M","E","R","E","T","E","$","E","$","E","R","BOSS","M","?","M","?","?","E","M","M","T","M","?","?","E","M","R","BOSS","BOSS","R","$","E","BOSS"],"items_purchased_type":[],"build_version":"2020-11-30","purchased_purges":4,"victory":true,"max_hp_per_floor":[68,68,68,68,68,68,68,68,68,68,68,68,68,68,68,68,68,68,68,68,68,68,68,68,68,68,73,73,78,78,78,78,78,78,78,74,74,74,74,74,74,74,74,74,74,74,74,74,74,74,74,74,74,74,74,74],"card_choices":[{"not_picked":["ClearTheMind","SandsOfTime"],"picked":"Prostrate","floor":1.0},{"not_picked":["Crescendo","Worship","Consecrate"],"picked":"SKIP","floor":2.0},{"not_picked":["Crescendo","Worship","Consecrate"],"picked":"SKIP","floor":2.0},{"not_picked":["JustLucky","Halt","Study"],"picked":"SKIP","floor":6.0},{"not_picked":["JustLucky","Halt"],"picked":"Study","floor":6.0},{"not_picked":["Weave","Crescendo","ClearTheMind"],"picked":"SKIP","floor":7.0},{"not_picked":["EmptyBody","JustLucky"],"picked":"Scrawl","floor":10.0},{"not_picked":["FlurryOfBlows","Pray","InnerPeace"],"picked":"SKIP","floor":12.0},{"not_picked":["PathToVictory","Sanctity"],"picked":"MasterReality","floor":13.0},{"not_picked":["Halt","CutThroughFate","Prostrate"],"picked":"SKIP","floor":14.0},{"not_picked":["Brilliance","MasterReality"],"picked":"Scrawl","floor":16.0},{"not_picked":["Prostrate","EmptyBody","Worship"],"picked":"SKIP","floor":18.0},{"not_picked":["Crescendo","FlurryOfBlows","JustLucky"],"picked":"SKIP","floor":22.0},{"not_picked":["Indignation+1","TalkToTheHand"],"picked":"LessonLearned","floor":23},{"not_picked":["Halt","WaveOfTheHand","Tantrum"],"picked":"SKIP","floor":25},{"not_picked":["Halt","EmptyMind","ThirdEye"],"picked":"SKIP","floor":27},{"not_picked":["Evaluate","Halt","Sanctity"],"picked":"SKIP","floor":29},{"not_picked":["Halt","Fasting2","EmptyMind"],"picked":"SKIP","floor":31},{"not_picked":["DevaForm","Establishment"],"picked":"Omniscience","floor":33},{"not_picked":[],"picked":"InnerPeace","floor":35},{"not_picked":["Protect"],"picked":"SKIP","floor":37},{"not_picked":["Tantrum"],"picked":"SKIP","floor":40},{"not_picked":["FlurryOfBlows"],"picked":"SKIP","floor":41},{"not_picked":["EmptyFist"],"picked":"SKIP","floor":42},{"not_picked":["Pray"],"picked":"SKIP","floor":44},{"not_picked":["Halt+1"],"picked":"SKIP","floor":47},{"not_picked":["FlurryOfBlows+1"],"picked":"SKIP","floor":48},{"not_picked":["Alpha"],"picked":"SKIP","floor":55}],"player_experience":4194945,"relics_obtained":[{"floor":6.0,"key":"Nunchaku"},{"floor":9.0,"key":"Juzu Bracelet"},{"floor":10.0,"key":"Blood Vial"},{"floor":13.0,"key":"Oddly Smooth Stone"},{"floor":21.0,"key":"Red Mask"},{"floor":23,"key":"Letter Opener"},{"floor":25,"key":"Blue Candle"},{"floor":26,"key":"White Beast Statue"},{"floor":27,"key":"Centennial Puzzle"},{"floor":29,"key":"War Paint"},{"floor":31,"key":"Orichalcum"},{"floor":40,"key":"Shuriken"},{"floor":43,"key":"Eternal Feather"},{"floor":47,"key":"Smiling Mask"},{"floor":55,"key":"Mercury Hourglass"}],"event_choices":[{"damage_healed":0.0,"max_hp_gain":0.0,"max_hp_loss":0.0,"gold_gain":0.0,"event_name":"Liars Game","player_choice":"Ignored","floor":4.0,"gold_loss":0.0,"damage_taken":0.0},{"damage_healed":0.0,"max_hp_gain":0.0,"max_hp_loss":0.0,"gold_gain":0.0,"event_name":"Lab","player_choice":"Got Potions","floor":5.0,"gold_loss":0.0,"damage_taken":0.0},{"damage_healed":0.0,"max_hp_gain":0.0,"max_hp_loss":0.0,"gold_gain":0.0,"event_name":"The Mausoleum","player_choice":"Ignored","floor":19.0,"gold_loss":0.0,"damage_taken":0.0},{"damage_healed":0.0,"max_hp_gain":0.0,"max_hp_loss":0.0,"gold_gain":0.0,"event_name":"The Library","player_choice":"Read","floor":20.0,"gold_loss":0.0,"damage_taken":0.0,"cards_obtained":["CutThroughFate"]},{"damage_healed":0.0,"max_hp_gain":0.0,"max_hp_loss":0.0,"gold_gain":0.0,"event_name":"Masked Bandits","player_choice":"Fought Bandits","floor":21.0,"gold_loss":0.0,"damage_taken":0.0},{"damage_healed":0,"gold_gain":0,"player_choice":"Max HP","damage_taken":0,"max_hp_gain":0,"max_hp_loss":4,"event_name":"Winding Halls","floor":36,"gold_loss":0},{"cards_removed":["Study"],"damage_healed":0,"gold_gain":0,"player_choice":"Removed Power","damage_taken":0,"max_hp_gain":0,"max_hp_loss":0,"event_name":"Falling","floor":38,"gold_loss":0},{"damage_healed":0,"gold_gain":0,"cards_transformed":["WaveOfTheHand"],"player_choice":"Transformed","damage_taken":0,"max_hp_gain":0,"max_hp_loss":0,"event_name":"Transmorgrifier","floor":45,"gold_loss":0,"cards_obtained":["FearNoEvil"]},{"damage_healed":0,"gold_gain":0,"player_choice":"Ignored","damage_taken":0,"max_hp_gain":0,"max_hp_loss":0,"event_name":"Tomb of Lord Red Mask","floor":46,"gold_loss":0}],"is_beta":false,"boss_relics":[{"not_picked":["Cursed Key","Runic Dome"],"picked":"Ectoplasm"},{"not_picked":["Astrolabe","Velvet Choker"],"picked":"Busted Crown"}],"items_purged_floors":[3,11,30,54],"is_endless":false,"potions_floor_spawned":[7,10,14,16,23,27,29,31,33,35,37,40,41,42,44,47,48,55],"ascension_level":20}}