{"host":"121m0oxswv9tg9hk","time":1607889348,"event":{"mods":["AchievementEnabler","BaseMod","Better Third Choice","Downfall","Hermit","Hubris","Infinite Spire","MarisaÅiñ∂âJÅ@ñÇóùçπÅj","Minty Spire (QoL Compilation)","Replay The Spire","Shade Mod","StSLib","The Construct","The Cursed","The Gatherer","The Hierophant","The Mystic"],"gold_per_floor":[99,133,133,133,133,58,58,58,69,100,110,110,121,121,138,138,138],"floor_reached":16,"playtime":4091,"items_purged":["champ:Defend"],"score":133,"play_id":"84dfd69f-80f6-4710-bf27-76b3db889f48","local_time":"20201213205548","is_ascension_mode":false,"campfire_choices":[{"floor":1,"key":"DIG"},{"data":"champ:Encircle","floor":4,"key":"SMITH"},{"floor":8,"key":"RECALL"}],"circlet_count":0,"master_deck":["champ:Strike","champ:Strike","champ:Strike","champ:Defend","champ:Defend","champ:Defend","champ:Execute","champ:Taunt","champ:DefensiveShout","champ:Encircle+1","champ:AdrenalArmor","champ:FanOfKnives","champ:Shatter","champ:TornadoPunch","champ:Riposte","champ:Backstep"],"relics":["champ:ChampionCrown","downfall:HeartsMalice","Pocketwatch","Question Card","Kunai"],"acts_visited":["Exordium"],"potions_floor_usage":[5,10,16,16],"damage_taken":[{"damage":0,"enemies":"Replay:BlueRogue","floor":2,"turns":1},{"damage":0,"enemies":"2 Louse","floor":3,"turns":1},{"damage":0,"enemies":"downfall:FleeingMerchant","floor":6,"turns":1},{"damage":19,"enemies":"Cultist","floor":9,"turns":2},{"damage":58,"enemies":"3 Sentries","floor":10,"turns":8},{"damage":7,"enemies":"Jaw Worm","floor":11,"turns":3},{"damage":13,"enemies":"Red Slaver","floor":13,"turns":3},{"damage":7,"enemies":"3 Louse","floor":15,"turns":3},{"damage":48,"enemies":"downfall:Watcher","floor":16,"turns":5}],"seed_played":"168990906252744098","potions_obtained":[{"floor":2,"key":"Block Potion"},{"floor":5,"key":"Fruit Juice"},{"floor":5,"key":"Strength Potion"},{"floor":5,"key":"EssenceOfSteel"},{"floor":11,"key":"Adrenaline Potion"}],"is_trial":false,"path_per_floor":["R","E","M","R","?","$","T","R","M","E","M","?","M","?","M","B"],"character_chosen":"THE_CHAMP","items_purchased":[],"campfire_rested":0,"item_purchase_floors":[],"current_hp_per_floor":[90,90,90,90,95,95,95,95,95,73,73,73,65,50,45,0,0],"gold":138,"neow_bonus":"THREE_ENEMY_KILL","is_daily":false,"chose_seed":false,"campfire_upgraded":1,"win_rate":0.0,"timestamp":1607889348,"path_taken":["R","E","M","R","?","$","T","R","?","E","M","?","?","?","M","BOSS"],"items_purchased_type":[],"build_version":"2020-11-30","purchased_purges":1,"victory":false,"max_hp_per_floor":[90,90,90,90,95,95,95,95,95,95,95,95,95,95,95,95,95],"card_choices":[{"not_picked":["champ:FocusedDefense","champ:PerfectedStrike"],"picked":"champ:DefensiveShout","floor":2},{"not_picked":["champ:GladiatorsShout","champ:GladiatorStyle"],"picked":"champ:Encircle","floor":3},{"not_picked":["champ:ViciousMockery","champ:Haymaker"],"picked":"champ:AdrenalArmor","floor":6},{"not_picked":["champ:RecklessLeap","champ:PerfectedStrike","champ:CalledShot"],"picked":"champ:FanOfKnives","floor":9},{"not_picked":["champ:CrownThrow","champ:BerserkersShout","champ:CrookedStrike"],"picked":"champ:Shatter","floor":10},{"not_picked":["champ:Haymaker","champ:BladeFlurry","champ:GladiatorStyle"],"picked":"champ:TornadoPunch","floor":11},{"not_picked":["champ:FalseCounter","champ:FanOfKnives","champ:DefensiveShout"],"picked":"champ:Backstep","floor":13},{"not_picked":["champ:FalseCounter","champ:StanceDance","champ:DefensiveShout","champ:GladiatorsShout"],"picked":"SKIP","floor":15}],"player_experience":2820252,"relics_obtained":[{"floor":1,"key":"hubris:ToyBattleship"},{"floor":2,"key":"Pocketwatch"},{"floor":7,"key":"Question Card"},{"floor":10,"key":"Kunai"}],"event_choices":[{"damage_healed":0,"gold_gain":0,"cards_transformed":["champ:Strike"],"player_choice":"Transformed","damage_taken":0,"max_hp_gain":0,"max_hp_loss":0,"event_name":"Transmorgrifier","floor":12,"gold_loss":0,"cards_obtained":["champ:Riposte"]}],"is_beta":false,"boss_relics":[],"items_purged_floors":[6],"is_endless":false,"potions_floor_spawned":[2,9,11],"killed_by":"downfall:Watcher","ascension_level":0}}