{"host":"tpbmol9dayg75a5s","time":1607826632,"event":{"mods":["2.2 Compatiblity","BaseMod","Bestiary","Block Reminder","Colored Powertips","Downfall","Minty Spire (QoL Compilation)","Relic Stats","StSLib"],"gold_per_floor":[99,124,124,49,69,69,69,69,84,116,135,150,167,317,329,428,428,428,428,428,5,5,31,54,64,64,95,80,80,62,62,74,177,177,102,128,128,142,154,172,199,226,77,105,105,105,105,105,115,115],"floor_reached":51,"playtime":7883,"items_purged":[],"score":1030,"play_id":"9e13f3d8-20e2-4c3b-a5dc-661570d07f77","local_time":"20201212233032","is_ascension_mode":true,"campfire_choices":[{"floor":1,"key":"RECALL"},{"floor":4,"key":"REST"},{"data":"hexamod:Float","floor":6,"key":"SMITH"},{"data":"hexamod:EmpoweringStance","floor":8,"key":"SMITH"},{"data":"hexamod:CatchUp","floor":18,"key":"SMITH"},{"data":"hexamod:RainOfEmbers","floor":22,"key":"SMITH"},{"floor":26,"key":"REST"},{"data":"hexamod:GhostflameInferno","floor":35,"key":"SMITH"},{"data":"hexamod:TimeOfNeed","floor":37,"key":"SMITH"}],"circlet_count":0,"master_deck":["hexamod:Sear+1","hexamod:Float+1","hexamod:EmpoweringStance+1","hexamod:SpectersWail+1","hexamod:CatchUp+1","hexamod:PhantomCloak+1","hexamod:HexaLevel+1","hexamod:Firestarter+1","hexamod:RainOfEmbers+1","hexamod:StepThrough+1","hexamod:SixthSeal","hexamod:CouncilsJustice+1","hexamod:CouncilsJustice+1","hexamod:CouncilsJustice+1","Ghostly+1","Ghostly+1","Ghostly+1","hexamod:Hexaguard+1","hexamod:NightmareStrike+1","hexamod:TimeWarp+1","hexamod:FirstSeal","hexamod:NightmareGuise+1","hexamod:GhostShield+1","hexamod:SkipABeat+1","hexamod:GhostLash+1","hexamod:GhostflameInferno+1","hexamod:TimeOfNeed+1","hexamod:GhostOfSpireFuture+1","hexamod:PhantomFireball+1","Ghostly+1","hexamod:RetreatToShadows+1"],"relics":["hexamod:SpiritBrand","hexamod:SoulConsumer","downfall:HeartBlessingRed","Ginger","Potion Belt","SlaversCollar","Enchiridion","Shuriken","Whetstone","Blue Candle","Art of War","Akabeko","TheAbacus","Velvet Choker","downfall:HeartBlessingBlue","InkBottle","Bag of Preparation","Juzu Bracelet","Sling","Pear"],"acts_visited":["Exordium","TheCity","TheBeyond"],"potions_floor_usage":[16,16,27,32],"damage_taken":[{"damage":32,"enemies":"3 Sentries","floor":2,"turns":10},{"damage":0,"enemies":"Cultist","floor":5,"turns":3},{"damage":0,"enemies":"Small Slimes","floor":9,"turns":2},{"damage":18,"enemies":"Gremlin Nob","floor":10,"turns":5},{"damage":0,"enemies":"Jaw Worm","floor":11,"turns":3},{"damage":2,"enemies":"Blue Slaver","floor":12,"turns":4},{"damage":4,"enemies":"Large Slime","floor":13,"turns":3},{"damage":8,"enemies":"Red Slaver","floor":15,"turns":4},{"damage":12,"enemies":"downfall:Watcher","floor":16,"turns":8},{"damage":0,"enemies":"downfall:FleeingMerchant","floor":21,"turns":4},{"damage":8,"enemies":"Slavers","floor":23,"turns":5},{"damage":0,"enemies":"Chosen","floor":25,"turns":3},{"damage":12,"enemies":"Gremlin Leader","floor":27,"turns":6},{"damage":0,"enemies":"downfall:FleeingMerchant","floor":28,"turns":4},{"damage":0,"enemies":"downfall:FleeingMerchant","floor":30,"turns":3},{"damage":12,"enemies":"3 Byrds","floor":32,"turns":4},{"damage":1,"enemies":"downfall:Defect","floor":33,"turns":7},{"damage":2,"enemies":"Giant Head","floor":36,"turns":7},{"damage":5,"enemies":"Orb Walker","floor":38,"turns":3},{"damage":0,"enemies":"3 Darklings","floor":39,"turns":4},{"damage":1,"enemies":"Spire Growth","floor":40,"turns":4},{"damage":7,"enemies":"Reptomancer","floor":42,"turns":5},{"damage":0,"enemies":"Nemesis","floor":44,"turns":5},{"damage":2,"enemies":"Jaw Worm Horde","floor":49,"turns":5},{"damage":1,"enemies":"downfall:Ironclad","floor":50,"turns":9}],"seed_played":"3938028593873558355","potions_obtained":[{"floor":5,"key":"LiquidBronze"},{"floor":9,"key":"SpeedPotion"},{"floor":10,"key":"Ancient Potion"},{"floor":12,"key":"GamblersBrew"},{"floor":25,"key":"PowerPotion"},{"floor":25,"key":"Block Potion"},{"floor":27,"key":"Dexterity Potion"},{"floor":32,"key":"CultistPotion"},{"floor":33,"key":"LiquidMemories"}],"is_trial":false,"path_per_floor":["R","E","T","R","M","R","T","R","M","E","M","M","M","?","M","B",null,"R","?","?","$","R","E","T","M","R","E","$","?","$","?","M","B",null,"R","E","R","M","M","M","T","E","$","E","?","?","?","?","M","B",null],"character_chosen":"THE_SPIRIT","items_purchased":["Shuriken","Whetstone","hexamod:GhostShield","Akabeko","TheAbacus","Sling"],"campfire_rested":2,"item_purchase_floors":[21,21,30,30,30,43],"current_hp_per_floor":[63,31,31,52,52,52,52,52,52,34,34,32,28,28,20,8,55,55,35,19,19,19,11,11,11,21,9,9,9,16,16,11,17,31,41,45,45,45,45,44,44,44,44,55,55,55,55,55,53,55],"gold":115,"neow_bonus":"ONE_RANDOM_RARE_CARD","is_daily":false,"chose_seed":false,"campfire_upgraded":6,"win_rate":0.0,"timestamp":1607826632,"path_taken":["R","E","?","R","M","R","T","R","M","E","M","M","M","?","M","BOSS","R","?","?","$","R","E","T","M","R","E","?","?","$","?","M","BOSS","R","E","R","M","M","M","T","E","$","E","?","?","?","?","M","BOSS"],"items_purchased_type":["Relic","Relic","Card","Relic","Relic","Relic"],"build_version":"2020-11-30","purchased_purges":0,"victory":true,"max_hp_per_floor":[70,70,70,70,70,70,70,70,70,70,70,70,70,70,70,70,70,70,35,35,35,35,35,35,35,35,35,35,35,35,35,35,35,35,45,45,45,45,45,45,45,45,45,55,55,55,55,55,55,55],"relic_stats":{"TheAbacus":[42],"counters":[25,120],"Shuriken":[17],"Blue Candle":[0],"Art of War":[4],"Bag of Preparation":[8],"Juzu Bracelet":1,"Ginger":[10],"Whetstone":["hexamod:CouncilsJustice","hexamod:CouncilsJustice"],"obtain_stats":[{"Potion Belt":10,"Pear":44,"downfall:HeartBlessingRed":4,"Blue Candle":23,"Enchiridion":20,"Velvet Choker":34,"Bag of Preparation":41,"Juzu Bracelet":42,"Letter Opener":3,"Ginger":7,"Whetstone":21,"Sling":43,"Akabeko":30,"SlaversCollar":17,"TheAbacus":30,"Shuriken":21,"downfall:HeartBlessingBlue":35,"Art of War":27,"hexamod:SoulConsumer":2,"hexamod:SpiritBrand":0,"InkBottle":36},{"Potion Belt":4,"Pear":23,"downfall:HeartBlessingRed":1,"Blue Candle":11,"Enchiridion":9,"Velvet Choker":17,"Bag of Preparation":21,"Juzu Bracelet":22,"Letter Opener":1,"Ginger":2,"Whetstone":10,"Sling":22,"Akabeko":15,"SlaversCollar":9,"TheAbacus":15,"Shuriken":10,"downfall:HeartBlessingBlue":17,"Art of War":13,"hexamod:SoulConsumer":1,"hexamod:SpiritBrand":0,"InkBottle":18},{"Potion Belt":20,"Pear":106,"downfall:HeartBlessingRed":10,"Blue Candle":51,"Enchiridion":42,"Velvet Choker":78,"Bag of Preparation":96,"Juzu Bracelet":101,"Letter Opener":10,"Ginger":13,"Whetstone":46,"Sling":101,"Akabeko":67,"SlaversCollar":42,"TheAbacus":67,"Shuriken":46,"downfall:HeartBlessingBlue":78,"Art of War":60,"hexamod:SoulConsumer":10,"hexamod:SpiritBrand":0,"InkBottle":85}],"InkBottle":[15]},"card_choices":[{"not_picked":["hexamod:Hexaguard","hexamod:HauntingEcho"],"picked":"hexamod:SpectersWail","floor":2},{"not_picked":["hexamod:GhostShield","hexamod:SwordOfDarkness"],"picked":"hexamod:CatchUp","floor":5},{"not_picked":["hexamod:AdvancingGuard","hexamod:RadiantFlame"],"picked":"hexamod:PhantomCloak","floor":9},{"not_picked":["hexamod:ThermalTransfer","hexamod:PowerFromBeyond"],"picked":"hexamod:HexaLevel","floor":10},{"not_picked":["hexamod:GhostLash","hexamod:SpectersWail"],"picked":"hexamod:Firestarter","floor":11},{"not_picked":["hexamod:BacktrackSmack","hexamod:BurningTouch"],"picked":"hexamod:RainOfEmbers","floor":12},{"not_picked":["hexamod:AdvancingGuard","hexamod:PowerFromBeyond"],"picked":"hexamod:StepThrough","floor":13},{"not_picked":["hexamod:AdvancingGuard","hexamod:Incineration","hexamod:SecondSeal"],"picked":"SKIP","floor":15},{"not_picked":["hexamod:SearingWound","hexamod:EmpoweringStance"],"picked":"hexamod:SixthSeal","floor":16},{"not_picked":["hexamod:ShieldOfDarkness+1","hexamod:NightmareGuise"],"picked":"hexamod:Hexaguard+1","floor":21},{"not_picked":["hexamod:SpectersWail","hexamod:Incineration"],"picked":"hexamod:FourthSeal","floor":23},{"not_picked":["hexamod:CatchUp","hexamod:AdvancingGuard"],"picked":"hexamod:NightmareStrike+1","floor":25},{"not_picked":["hexamod:RetreatToShadows","hexamod:ChargedBarrage"],"picked":"hexamod:TimeWarp","floor":27},{"not_picked":["hexamod:Firestarter","hexamod:Hexaguard"],"picked":"hexamod:FirstSeal","floor":28},{"not_picked":["hexamod:CatchUp","hexamod:NightmareStrike"],"picked":"hexamod:NightmareGuise+1","floor":30},{"not_picked":["hexamod:NightmareGuise","hexamod:FastForward"],"picked":"hexamod:GhostLash","floor":32},{"not_picked":["hexamod:SearingWound","hexamod:TurnItUp"],"picked":"hexamod:GhostflameInferno","floor":33},{"not_picked":["hexamod:NightmareGuise","hexamod:GhostOfSpirePresent+1"],"picked":"hexamod:TimeOfNeed","floor":36},{"not_picked":["hexamod:NightmareStrike","hexamod:GhostLash","hexamod:FirstSeal"],"picked":"SKIP","floor":38},{"not_picked":["hexamod:FastForward+1","hexamod:EtherealExpedition+1"],"picked":"hexamod:GhostOfSpireFuture+1","floor":39},{"not_picked":["hexamod:Hexaguard+1","hexamod:GhostShield","hexamod:AdvancingGuard+1"],"picked":"SKIP","floor":40},{"not_picked":["hexamod:SecondSeal","hexamod:HauntingEcho","hexamod:Haunt+1"],"picked":"SKIP","floor":42},{"not_picked":["hexamod:NightmareStrike","hexamod:HeatMetal"],"picked":"hexamod:PhantomFireball+1","floor":44},{"not_picked":["hexamod:RecurringNightmare+1","hexamod:GhostflameBarrier"],"picked":"hexamod:RetreatToShadows+1","floor":49}],"player_experience":904761,"relics_obtained":[{"floor":2,"key":"hexamod:SoulConsumer"},{"floor":3,"key":"Letter Opener"},{"floor":7,"key":"Ginger"},{"floor":10,"key":"Potion Belt"},{"floor":20,"key":"Enchiridion"},{"floor":23,"key":"Blue Candle"},{"floor":27,"key":"Art of War"},{"floor":36,"key":"InkBottle"},{"floor":41,"key":"Bag of Preparation"},{"floor":42,"key":"Juzu Bracelet"},{"floor":44,"key":"Pear"}],"event_choices":[{"damage_healed":0,"gold_gain":0,"cards_transformed":["hexamod:FourthSeal"],"player_choice":"Transformed","damage_taken":0,"max_hp_gain":0,"max_hp_loss":0,"event_name":"Transmorgrifier","floor":31,"gold_loss":0,"cards_obtained":["hexamod:SkipABeat"]},{"damage_healed":0,"gold_gain":0,"player_choice":"Copied","damage_taken":0,"max_hp_gain":0,"max_hp_loss":0,"event_name":"Duplicator","floor":48,"gold_loss":0,"cards_obtained":["Ghostly"]}],"is_beta":false,"boss_relics":[{"not_picked":["Black Star","Sozu"],"picked":"SlaversCollar"},{"not_picked":["Pandora\u0027s Box","Busted Crown"],"picked":"Velvet Choker"}],"items_purged_floors":[],"is_endless":false,"potions_floor_spawned":[5,9,10,12,25,27,32,33,36,40,44],"ascension_level":6}}