{"host":"ilxricga2547gmyy","time":1607882163,"event":{"mods":["AchievementEnabler","BaseMod","Minty Spire (QoL Compilation)","Quick Restart","StSLib"],"gold_per_floor":[169,94,94,94,19,19,33,67,117,142,142,161,161,7,7,7,7],"floor_reached":16,"playtime":383,"items_purged":["Strike_R"],"score":148,"play_id":"76160bc7-106e-49d5-b37d-0f9faf5d8a3a","local_time":"20201213185603","is_ascension_mode":true,"campfire_choices":[{"data":"Inflame","floor":6,"key":"SMITH"},{"floor":13,"key":"REST"},{"data":"Fiend Fire","floor":15,"key":"SMITH"}],"circlet_count":0,"master_deck":["Strike_R","Strike_R","Strike_R+1","Strike_R","Defend_R","Defend_R","Defend_R+1","Defend_R","Bash","Armaments+1","Thunderclap","Inflame+1","Shrug It Off","Whirlwind+1","Seeing Red","Fiend Fire+1"],"relics":["Tiny House","Smiling Mask","Dream Catcher","Gambling Chip"],"acts_visited":["Exordium"],"potions_floor_usage":[10,10,16],"damage_taken":[{"damage":2,"enemies":"Jaw Worm","floor":1,"turns":4},{"damage":0,"enemies":"2 Louse","floor":7,"turns":2},{"damage":11,"enemies":"3 Sentries","floor":8,"turns":8},{"damage":35,"enemies":"Lagavulin","floor":10,"turns":6},{"damage":0,"enemies":"Small Slimes","floor":12,"turns":2},{"damage":43,"enemies":"The Guardian","floor":16,"turns":7}],"seed_played":"-6327005441051051942","potions_obtained":[{"floor":0,"key":"Swift Potion"},{"floor":8,"key":"GamblersBrew"},{"floor":10,"key":"Ancient Potion"},{"floor":12,"key":"EssenceOfSteel"}],"is_trial":false,"path_per_floor":["M","$","?","?","$","R","M","E","T","E","?","M","R","$","R","B"],"character_chosen":"IRONCLAD","items_purchased":["Inflame","Fiend Fire"],"campfire_rested":1,"item_purchase_floors":[2,14],"current_hp_per_floor":[75,75,75,80,80,80,80,69,69,34,16,16,43,43,43,0,0],"gold":7,"neow_bonus":"BOSS_RELIC","is_daily":false,"chose_seed":false,"campfire_upgraded":2,"win_rate":0.0,"timestamp":1607882163,"path_taken":["M","$","?","?","?","R","M","E","T","E","?","M","R","?","R","BOSS"],"items_purchased_type":["Card","Card"],"build_version":"2020-11-30","purchased_purges":1,"victory":false,"max_hp_per_floor":[85,85,85,90,90,90,90,90,90,90,90,90,90,90,90,90,90],"card_choices":[{"not_picked":["Wild Strike","Blood for Blood"],"picked":"Armaments","floor":0},{"not_picked":["Dark Embrace","Battle Trance"],"picked":"Thunderclap","floor":1},{"not_picked":["Fire Breathing","Thunderclap"],"picked":"Shrug It Off","floor":7},{"not_picked":["Wild Strike","Rage"],"picked":"Whirlwind","floor":8},{"not_picked":["Dual Wield","Brutality","Thunderclap"],"picked":"SKIP","floor":10},{"not_picked":["Thunderclap","Body Slam"],"picked":"Seeing Red","floor":12}],"player_experience":214351,"relics_obtained":[{"floor":8,"key":"Smiling Mask"},{"floor":9,"key":"Dream Catcher"},{"floor":10,"key":"Gambling Chip"}],"event_choices":[{"damage_healed":0,"gold_gain":0,"player_choice":"Grow","damage_taken":0,"max_hp_gain":0,"max_hp_loss":0,"event_name":"Living Wall","floor":3,"gold_loss":0,"cards_upgraded":["Armaments"]},{"damage_healed":0,"gold_gain":0,"player_choice":"Donut","damage_taken":0,"max_hp_gain":5,"max_hp_loss":0,"event_name":"Big Fish","floor":4,"gold_loss":0},{"damage_healed":0,"gold_gain":0,"player_choice":"Entered Light","damage_taken":18,"max_hp_gain":0,"max_hp_loss":0,"event_name":"Shining Light","floor":11,"gold_loss":0,"cards_upgraded":["Whirlwind","Strike_R"]}],"is_beta":false,"boss_relics":[],"items_purged_floors":[5],"is_endless":false,"potions_floor_spawned":[8,10,12],"killed_by":"The Guardian","ascension_level":8}}