{"host":"ap8nepptd6icxyz7","time":1607880651,"event":{"mods":["2.2 Compatiblity","AchievementEnabler","BaseMod","Bestiary","Better Altar","Better Match","Better Note","Better Sensory Stone","Better Skull","Better Third Choice","Better Vampires","CCEM","Challenge The Spire","Colored Map","Colored Powertips","Colorless Booster Pack","Conspire","Custom Start","Displayed Cursed Tome","EXCEPTION","Energized Spire","Faster Ascension Climbing","Halation","Hermit","Highlight Path","Hubris","Jorbs\u0027s Wanderer Trilogy","Marked Mod","Mimic Mod","Minty Spire (QoL Compilation)","Permanent Neow","Quick Restart","RRrroohrrRGHHhhh!!","Random Character Button","Rare Cards Sparkle","Relic Sorter","Relic Stats","Replay The Spire","SCP261 Mod","SacredBarkPlus","Spicy Shops","Spikes Relics","StSLib","Swap Starting Deck Mod","The Cursed","The Disciple","The Jungle","Uncapped","Wandering Minibosses"],"gold_per_floor":[116,66,66,66,76,111,111,144,144,172,203,215,243,274,286,400,412,435,447,40,40,56,90,105,120,120,20,20,49,49,49],"floor_reached":30,"playtime":1614,"items_purged":["Pain","stsjorbsmod:Procrastination"],"score":479,"play_id":"92e9507b-92db-4cf2-b85e-ff8b3f609bd9","local_time":"20201213113051","is_ascension_mode":true,"campfire_choices":[{"floor":7,"key":"REST"},{"data":"Limit Break","floor":12,"key":"SMITH"},{"floor":15,"key":"REST"},{"floor":28,"key":"REST"}],"circlet_count":0,"master_deck":["Strike_R","Strike_R","Strike_R","Strike_R","Defend_R","Defend_R","Defend_R","Defend_R","Bash","ReplayTheSpireMod:Strike From Hell","Demon Form+1","Flex","Rampage","Limit Break+1","Spot Weakness","Headbutt","rorgmod:Sentinel","hubris:StunningStrike","stsjorbsmod:PollutedStrike","Clash","Apotheosis+1","conspire:Banana+1","Mirror Shield+1","hermit:Roulette","stsjorbsmod:Commune+1"],"relics":["Burning Blood","hubris:DeckOfHolding","Mirror","halation:OrihimeAndHikoboshiSamaAndTears","CCEMRelics:StainlessSteel","MawBank","Replay:Ancient Bell","Pen Nib","Toxic Egg 2","ZombieTooth","PrismaticShard","Champion Belt","Counterbalance"],"acts_visited":["Exordium","TheCity"],"potions_floor_usage":[11,14,16,23,25],"damage_taken":[{"damage":9,"enemies":"conspire:RoseBush","floor":1,"turns":5},{"damage":10,"enemies":"Small Slimes","floor":5,"turns":4},{"damage":30,"enemies":"Lagavulin","floor":6,"turns":6},{"damage":32,"enemies":"Gremlin Nob","floor":8,"turns":4},{"damage":1,"enemies":"Cultist","floor":10,"turns":4},{"damage":12,"enemies":"Replay:BlueRogue","floor":11,"turns":6},{"damage":12,"enemies":"2 Fungi Beasts","floor":13,"turns":4},{"damage":10,"enemies":"Exordium Thugs","floor":14,"turns":4},{"damage":44,"enemies":"Hexaghost","floor":16,"turns":5},{"damage":32,"enemies":"Shell Parasite","floor":18,"turns":7},{"damage":0,"enemies":"Spheric Guardian","floor":22,"turns":1},{"damage":35,"enemies":"conspire:Head Lice","floor":23,"turns":8},{"damage":65,"enemies":"Centurion and Healer","floor":24,"turns":7},{"damage":14,"enemies":"conspire:HollyBat","floor":25,"turns":11},{"damage":32,"enemies":"Replay:Snechameleon","floor":29,"turns":6},{"damage":15,"enemies":"Snake Plant","floor":30,"turns":3}],"seed_played":"5090242089035509623","potions_obtained":[{"floor":8,"key":"EssenceOfSteel"},{"floor":13,"key":"SCP261:BarrettColaPotion"},{"floor":14,"key":"Strength Potion"},{"floor":22,"key":"SneckoOil"},{"floor":24,"key":"Languid Potion"}],"is_trial":false,"path_per_floor":["M","?","?","?","M","E","R","E","T","M","E","R","M","M","R","B",null,"M","?","$","?","M","E","M","M","T","$","R","E","M"],"character_chosen":"IRONCLAD","items_purchased":["Apotheosis+1","PrismaticShard"],"campfire_rested":3,"item_purchase_floors":[20,20],"current_hp_per_floor":[77,77,77,77,73,49,75,49,49,54,48,48,42,38,64,26,73,47,47,47,98,98,71,14,8,8,8,39,13,0,0],"gold":49,"neow_bonus":"TEN_PERCENT_HP_BONUS","is_daily":false,"chose_seed":false,"campfire_upgraded":1,"win_rate":0.0,"timestamp":1607880651,"path_taken":["M","?","?","?","M","E","R","E","T","M","E","R","?","M","R","BOSS","M","?","$","?","M","E","M","?","T","$","R","E","M"],"items_purchased_type":["Card","Relic"],"build_version":"2020-11-30","purchased_purges":2,"victory":false,"max_hp_per_floor":[88,88,88,88,88,88,88,88,88,88,88,88,88,88,88,88,88,88,88,88,98,98,100,102,104,104,104,104,104,106,106],"relic_stats":{"counters":[16,85],"Pen Nib":[4],"Champion Belt":[0],"MawBank":108,"obtain_stats":[{"halation:OrihimeAndHikoboshiSamaAndTears":8,"CCEMRelics:StainlessSteel":9,"Counterbalance":29,"Pen Nib":17,"Replay:Ancient Bell":17,"MawBank":11,"PrismaticShard":20,"Burning Blood":0,"ZombieTooth":17,"hubris:DeckOfHolding":23,"Champion Belt":26,"Toxic Egg 2":17,"Mirror":6},{"halation:OrihimeAndHikoboshiSamaAndTears":4,"CCEMRelics:StainlessSteel":4,"Counterbalance":15,"Pen Nib":9,"Replay:Ancient Bell":9,"MawBank":6,"PrismaticShard":10,"Burning Blood":0,"ZombieTooth":9,"hubris:DeckOfHolding":12,"Champion Belt":14,"Toxic Egg 2":9,"Mirror":3},{"halation:OrihimeAndHikoboshiSamaAndTears":19,"CCEMRelics:StainlessSteel":19,"Counterbalance":82,"Pen Nib":42,"Replay:Ancient Bell":42,"MawBank":29,"PrismaticShard":49,"Burning Blood":0,"ZombieTooth":42,"hubris:DeckOfHolding":58,"Champion Belt":76,"Toxic Egg 2":42,"Mirror":15}],"Burning Blood":84},"card_choices":[{"not_picked":["ReplayTheSpireMod:Strike From Hell","Replay:Undeath\u0027s Touch","Body Slam"],"picked":"SKIP","floor":1},{"not_picked":["Replay:Undeath\u0027s Touch","Body Slam"],"picked":"ReplayTheSpireMod:Strike From Hell","floor":1},{"not_picked":["Shrug It Off","Pommel Strike"],"picked":"Flex","floor":5},{"not_picked":["ReplayTheSpireMod:Strike From Hell","Clash"],"picked":"Rampage","floor":6},{"not_picked":["Pommel Strike","Run Through"],"picked":"Limit Break","floor":8},{"not_picked":["True Grit","Twin Strike"],"picked":"Spot Weakness","floor":10},{"not_picked":["Defy Death","Cleave"],"picked":"Headbutt","floor":11},{"not_picked":["hubris:CleavingFinish","Shrug It Off"],"picked":"rorgmod:Sentinel","floor":13},{"not_picked":["Perfected Strike","Metallicize","Corruption"],"picked":"SKIP","floor":14},{"not_picked":["Hemogenesis","Eclipse"],"picked":"hubris:StunningStrike","floor":16},{"not_picked":["rorgmod:Injury","stsjorbsmod:Amnesia"],"picked":"stsjorbsmod:PollutedStrike","floor":17},{"not_picked":["hubris:Wrath","hubris:Despair"],"picked":"stsjorbsmod:Procrastination","floor":17},{"not_picked":["Languid","Spreading Infection"],"picked":"Pain","floor":17},{"not_picked":["Clothesline","Thunderclap+1"],"picked":"Clash","floor":18},{"not_picked":["stsjorbsmod:Shake+1","Barrage"],"picked":"conspire:Banana+1","floor":22},{"not_picked":["hermit:TrackingShot","stsjorbsmod:FranticMind+1","stsjorbsmod:BurningFlask+1"],"picked":"SKIP","floor":23},{"not_picked":["Life Link","hermit:Determination"],"picked":"Mirror Shield+1","floor":24},{"not_picked":["TheCursedMod:ManaBullet","stsjorbsmod:Stalwart+1"],"picked":"hermit:Roulette","floor":25},{"not_picked":["stsjorbsmod:Feint","Escape Plan+1"],"picked":"stsjorbsmod:Commune+1","floor":29}],"player_experience":20795,"relics_obtained":[{"floor":6,"key":"Mirror"},{"floor":8,"key":"halation:OrihimeAndHikoboshiSamaAndTears"},{"floor":9,"key":"CCEMRelics:StainlessSteel"},{"floor":11,"key":"MawBank"},{"floor":23,"key":"hubris:DeckOfHolding"},{"floor":26,"key":"Champion Belt"},{"floor":29,"key":"Counterbalance"}],"event_choices":[{"cards_removed":["Strike_R"],"damage_healed":0,"gold_gain":0,"player_choice":"Card Removal","damage_taken":0,"max_hp_gain":0,"max_hp_loss":0,"event_name":"The Cleric","floor":2,"gold_loss":50},{"damage_healed":0,"gold_gain":0,"player_choice":"Forge","damage_taken":0,"max_hp_gain":0,"max_hp_loss":0,"event_name":"Accursed Blacksmith","floor":4,"gold_loss":0,"cards_upgraded":["Demon Form"]},{"cards_removed":["Demon Form"],"damage_healed":0,"gold_gain":0,"player_choice":"Take \u0026 Give","damage_taken":0,"max_hp_gain":0,"max_hp_loss":0,"event_name":"betterNote:BetterNote","floor":19,"gold_loss":0,"cards_obtained":["rorgmod:Wraith Form"]},{"cards_removed":["rorgmod:Wraith Form"],"damage_healed":41,"gold_gain":0,"player_choice":"Offered Rare","damage_taken":0,"max_hp_gain":10,"max_hp_loss":0,"event_name":"Bonfire Elementals","floor":21,"gold_loss":0}],"is_beta":false,"boss_relics":[{"not_picked":["energizedSpire:StickyHand","Astrolabe"],"picked":"Replay:Ancient Bell"},{"not_picked":["RollingBoulder","hubris:ChampionShield"],"picked":"Pen Nib"},{"not_picked":["hubris:PeanutButter","ReplayTheSpireMod:Shallot"],"picked":"Toxic Egg 2"},{"not_picked":["halation:QuantumPhysicsTextbook","halation:Trompette"],"picked":"ZombieTooth"}],"items_purged_floors":[20,27],"is_endless":false,"potions_floor_spawned":[8,13,14,22,24],"killed_by":"Snake Plant","ascension_level":9}}