{"host":"orwsrz1cc0wttjjy","time":1607882510,"event":{"mods":["2.2 Compatiblity","AchievementEnabler","Astrologer","BaseMod","Better Altar","Better Match","Better Skull","Better Third Choice","BetterRewards","CapriCore","ChefMod","Colored Map","Colored Powertips","Conspire","DeckTracker","Friendly Minions","Halation","Hermit","Hubris","Infinite Spire","Mimic Mod","Minty Spire (QoL Compilation)","MostiFishMod","Permanent Neow","Puzzle Mod","Relic Sorter","Relic Stats","Shop Mod","Spicy Shops","StSLib","Td1madao Mod","The Accelerator","The Animator","The Cursed","The Gatherer","The Hierophant","The Poker Player","The Runesmith","Treasure Hunter","everything is the same but u backflip on backflip","vexMod"],"gold_per_floor":[116,116,116,141,141,180,194,233,272,272,291,311,329,56,56,176,176,190,105,105,130,130,130,174,174,174,194,210,233,264,363,363,483,483,508,523,523,523,548,567,593,593,641,60,60,76,59,72,72,63,63],"floor_reached":50,"playtime":3585,"items_purged":[],"score":696,"play_id":"8271cbf6-ac86-4b9e-ab9a-484401d9a882","local_time":"20201214030150","is_ascension_mode":false,"campfire_choices":[{"floor":10.0,"key":"REST"},{"data":"astrologer:TheMagician","floor":15.0,"key":"SMITH"},{"floor":23.0,"key":"RECALL"},{"floor":25.0,"key":"REST"},{"floor":32.0,"key":"REST"},{"floor":42.0,"key":"REST"},{"data":"astrologer:Trine","floor":45.0,"key":"SMITH"},{"data":"astrologer:WheelofFortune","floor":49.0,"key":"SMITH"}],"circlet_count":0,"master_deck":["astrologer:Strike","astrologer:Strike","astrologer:Strike","astrologer:Strike","astrologer:Defend","astrologer:Defend","astrologer:Defend","astrologer:Defend","astrologer:NorthStar","astrologer:TheFool","astrologer:Radiance","infinitespire:FutureSight","astrologer:Opposition","TH:ArmorSpikes","astrologer:Eclipse","astrologer:TheEmperor","astrologer:Conjunction","astrologer:ShootingStar","astrologer:Moonlight","astrologer:Confirmation","astrologer:TheMagician+1","astrologer:Confirmation","TH:CopperCoins","astrologer:TheSun","astrologer:TheStar","astrologer:TheEmpress","astrologer:StarOfMisfortune+1","TH:ArmorSpikes","astrologer:Fireball+1","astrologer:Opposition","astrologer:Fireball+1","TH:DeckOfManyThings","astrologer:Novile","astrologer:Starfield","astrologer:FadingStar+1","astrologer:SpaceDust","astrologer:Prismatic","Parasite","astrologer:SolarFlare","astrologer:TheTower+1","astrologer:Prestidigitation+1","astrologer:Opposition","astrologer:Trine+1","astrologer:Radiance+1","Flash of Steel","Finesse","astrologer:WheelofFortune+1","astrologer:TheStar+1"],"relics":["astrologer:SkyMirror","DaveBox","NeowsBlessing","ShadowXiaoBlade","Question Card","Golden Idol","halation:AfternoonTea","PreservedInsect","ImportantClient","GreenFoldingFan","halation:PromiseList","halation:EternalFortune","hubris:Towel","MealTicket","hubris:Backtick","Burning Blood","Dead Branch","infinitespire:Joker Card","Ying","MerchantsRug","Art of War","halation:Komachan","infinitespire:PuzzleCube"],"acts_visited":["Exordium","TheCity","TheBeyond"],"potions_floor_usage":[50],"damage_taken":[{"damage":0.0,"enemies":"2 Louse","floor":1.0,"turns":1.0},{"damage":0.0,"enemies":"Jaw Worm","floor":4.0,"turns":1.0},{"damage":0.0,"enemies":"3 Sentries","floor":6.0,"turns":2.0},{"damage":0.0,"enemies":"Small Slimes","floor":7.0,"turns":2.0},{"damage":0.0,"enemies":"Lagavulin","floor":8.0,"turns":3.0},{"damage":1.0,"enemies":"2 Fungi Beasts","floor":9.0,"turns":5.0},{"damage":0.0,"enemies":"2 Fungi Beasts","floor":11.0,"turns":3.0},{"damage":3.0,"enemies":"Looter","floor":12.0,"turns":2.0},{"damage":0.0,"enemies":"Large Slime","floor":13.0,"turns":4.0},{"damage":0.0,"enemies":"Slime Boss","floor":16.0,"turns":5.0},{"damage":6.0,"enemies":"Spheric Guardian","floor":18.0,"turns":3.0},{"damage":16.0,"enemies":"Shell Parasite","floor":21.0,"turns":4.0},{"damage":18.0,"enemies":"Gremlin Leader","floor":24.0,"turns":4.0},{"damage":40.0,"enemies":"Shelled Parasite and Fungi","floor":27.0,"turns":5.0},{"damage":16.0,"enemies":"Sentry and Sphere","floor":28.0,"turns":3.0},{"damage":42.0,"enemies":"Centurion and Healer","floor":29.0,"turns":5.0},{"damage":18.0,"enemies":"Book of Stabbing","floor":30.0,"turns":3.0},{"damage":56.0,"enemies":"Automaton","floor":33.0,"turns":6.0},{"damage":34.0,"enemies":"3 Darklings","floor":35.0,"turns":4.0},{"damage":6.0,"enemies":"3 Shapes","floor":36.0,"turns":3.0},{"damage":26.0,"enemies":"Jaw Worm Horde","floor":39.0,"turns":5.0},{"damage":52.0,"enemies":"Writhing Mass","floor":40.0,"turns":4.0},{"damage":10.0,"enemies":"Transient","floor":41.0,"turns":5.0},{"damage":30.0,"enemies":"Spire Growth","floor":43.0,"turns":7.0},{"damage":38.0,"enemies":"Spire Growth","floor":46.0,"turns":5.0},{"damage":10.0,"enemies":"Maw","floor":48.0,"turns":4.0},{"damage":90,"enemies":"Donu and Deca","floor":50,"turns":5}],"seed_played":"-4752597209810442357","potions_obtained":[{"floor":6.0,"key":"DistilledChaos"},{"floor":7.0,"key":"SkillPotion"},{"floor":8.0,"key":"FairyPotion"},{"floor":12.0,"key":"AttackPotion"},{"floor":13.0,"key":"LiquidMemories"},{"floor":21.0,"key":"Strength Potion"},{"floor":27.0,"key":"PowerPotion"},{"floor":35.0,"key":"EssenceOfSteel"},{"floor":36.0,"key":"EssenceOfSteel"},{"floor":41.0,"key":"GamblersBrew"}],"is_trial":false,"path_per_floor":["M","?","?","M","?","E","M","E","MIM","R","M","M","M","$","R","B",null,"M","?","?","M","?","R","E","R","T","M","M","M","E","?","R","B",null,"M","M","?","?","M","M","M","R","MIM","$","R","M","$","M","R","B"],"character_chosen":"ASTROLOGER","items_purchased":["astrologer:TheMagician","astrologer:Confirmation","astrologer:Opposition","Ying","conspire:InfiniteJournal","astrologer:Trine","MerchantsRug","EntropicBrew","Block Potion","astrologer:WheelofFortune","halation:Komachan","infinitespire:PuzzleCube"],"campfire_rested":4,"item_purchase_floors":[14,14,44,44,44,44,44,44,44,47,47,47],"current_hp_per_floor":[70,53,36,36,36,36,36,36,35,56,65,62,62,62,62,62,70,70,70,73,67,67,67,59,73,73,52,46,14,32,32,54,23,76,58,68,75,75,65,29,35,57,58,73,73,51,86,86,86,0,0],"gold":63,"neow_bonus":"THREE_ENEMY_KILL","is_daily":false,"chose_seed":false,"campfire_upgraded":3,"win_rate":0.0,"timestamp":1607882510,"path_taken":["M","?","?","M","?","E","M","E","MIM","R","M","M","?","$","R","BOSS","M","?","?","M","?","R","E","R","T","M","M","M","E","?","R","BOSS","M","M","?","?","M","M","M","R","MIM","?","R","M","$","?","R","BOSS"],"items_purchased_type":["Card","Card","Card","Relic","Relic","Card","Relic","Potion","Potion","Card","Relic","Relic"],"build_version":"2020-11-30","purchased_purges":0,"victory":false,"max_hp_per_floor":[70,70,70,70,70,70,70,70,70,70,70,70,70,70,70,70,70,70,70,73,73,73,73,73,73,73,73,73,73,76,76,76,76,76,76,76,76,76,76,76,76,76,76,76,76,76,86,86,86,86,86],"relic_stats":{"counters":[27,103],"Golden Idol":165,"Dead Branch":[10],"MealTicket":30,"PreservedInsect":87,"Art of War":[1],"Question Card":69,"obtain_stats":[{"Ying":44,"DaveBox":0,"halation:Komachan":47,"Burning Blood":34,"conspire:InfiniteJournal":44,"GreenFoldingFan":17,"hubris:Backtick":34,"halation:PrussianBluePaint":8,"vexMod:RedPlottingStone":24,"MealTicket":30,"astrologer:SkyMirror":0,"halation:PromiseList":19,"ImportantClient":16,"MerchantsRug":44,"NeowsBlessing":0,"Golden Idol":2,"Dead Branch":43,"ShadowXiaoBlade":0,"PreservedInsect":9,"infinitespire:Joker Card":43,"hubris:Towel":22,"Question Card":1,"halation:EternalFortune":20,"Art of War":47,"halation:AfternoonTea":6,"infinitespire:PuzzleCube":47},{"Ying":24,"DaveBox":0,"halation:Komachan":25,"Burning Blood":18,"conspire:InfiniteJournal":24,"GreenFoldingFan":10,"hubris:Backtick":18,"halation:PrussianBluePaint":5,"vexMod:RedPlottingStone":13,"MealTicket":17,"astrologer:SkyMirror":0,"halation:PromiseList":11,"ImportantClient":10,"MerchantsRug":24,"NeowsBlessing":0,"Golden Idol":1,"Dead Branch":24,"ShadowXiaoBlade":0,"PreservedInsect":6,"infinitespire:Joker Card":24,"hubris:Towel":12,"Question Card":1,"halation:EternalFortune":11,"Art of War":25,"halation:AfternoonTea":3,"infinitespire:PuzzleCube":25},{"Ying":89,"DaveBox":0,"halation:Komachan":94,"Burning Blood":61,"conspire:InfiniteJournal":89,"GreenFoldingFan":28,"hubris:Backtick":61,"halation:PrussianBluePaint":9,"vexMod:RedPlottingStone":39,"MealTicket":55,"astrologer:SkyMirror":0,"halation:PromiseList":31,"ImportantClient":28,"MerchantsRug":89,"NeowsBlessing":0,"Golden Idol":1,"Dead Branch":89,"ShadowXiaoBlade":0,"PreservedInsect":14,"infinitespire:Joker Card":89,"hubris:Towel":35,"Question Card":1,"halation:EternalFortune":31,"Art of War":94,"halation:AfternoonTea":4,"infinitespire:PuzzleCube":94}],"Burning Blood":42},"card_choices":[{"not_picked":["astrologer:Eclipse","astrologer:Temperance"],"picked":"astrologer:Radiance","floor":1.0},{"not_picked":["infinitespire:NeuralNetwork","hubris:Fate"],"picked":"infinitespire:FutureSight","floor":3.0},{"not_picked":["astrologer:CrystalBall","astrologer:ReadTheStars","astrologer:Eclipse"],"picked":"astrologer:Opposition","floor":4.0},{"not_picked":["TH:DeckOfManyThings","TH:CursedSword"],"picked":"TH:ArmorSpikes","floor":6.0},{"not_picked":["astrologer:Death","astrologer:Retelling","astrologer:Still"],"picked":"astrologer:Eclipse","floor":6.0},{"not_picked":["astrologer:SpaceDust","astrologer:Conjunction","astrologer:Radiance"],"picked":"astrologer:TheEmperor","floor":7.0},{"not_picked":["astrologer:MeteorShower","astrologer:Eclipse","astrologer:Retelling"],"picked":"astrologer:Conjunction","floor":8.0},{"not_picked":["TH:BikiniMail","TH:TreasureMap","TH:PixieDust"],"picked":"SKIP","floor":8.0},{"not_picked":["astrologer:Sunrise","astrologer:ReadTheStars","astrologer:Radiance"],"picked":"astrologer:ShootingStar","floor":9.0},{"not_picked":["astrologer:CometStrike","astrologer:Stardust","astrologer:Conjunction"],"picked":"astrologer:Moonlight","floor":11.0},{"not_picked":["astrologer:Shine","astrologer:TheHighPriestess","astrologer:Eclipse","astrologer:Conjunction"],"picked":"SKIP","floor":12.0},{"not_picked":["astrologer:SpaceDust","astrologer:MeteorShower","astrologer:FrozenStar"],"picked":"astrologer:Confirmation","floor":13.0},{"not_picked":["TH:DeckOfManyThings","TH:TreasureMap"],"picked":"TH:CopperCoins","floor":16.0},{"not_picked":["astrologer:TheWorld","astrologer:HeatDeath","astrologer:Death"],"picked":"astrologer:TheSun","floor":16.0},{"not_picked":["astrologer:FrozenStar","astrologer:CometStrike+1","astrologer:Still+1"],"picked":"astrologer:TheStar","floor":18.0},{"not_picked":["astrologer:FadingStar","astrologer:ReadTheStars","astrologer:Strength+1"],"picked":"astrologer:TheEmpress","floor":21.0},{"not_picked":["astrologer:Divination","astrologer:Stardust","astrologer:Temperance+1"],"picked":"astrologer:StarOfMisfortune+1","floor":24.0},{"not_picked":["TH:DeckOfManyThings","TH:PixieDust","TH:Mimic"],"picked":"SKIP","floor":24.0},{"not_picked":["TH:Mimic","TH:TreasureMap"],"picked":"TH:ArmorSpikes","floor":26.0},{"not_picked":["astrologer:Radiance","astrologer:Conjunction","astrologer:TheEmpress"],"picked":"astrologer:Fireball+1","floor":27.0},{"not_picked":["astrologer:MeteorShower","astrologer:TheHighPriestess","astrologer:Moonlight"],"picked":"astrologer:Opposition","floor":28.0},{"not_picked":["astrologer:CometStrike","astrologer:TheSun","astrologer:Moonlight"],"picked":"astrologer:Fireball+1","floor":29.0},{"not_picked":["TH:PixieDust","TH:ArmorSpikes"],"picked":"TH:DeckOfManyThings","floor":30.0},{"not_picked":["astrologer:Radiance","astrologer:Moonlight","astrologer:ReadTheStars"],"picked":"astrologer:Novile","floor":30.0},{"not_picked":["astrologer:Trine","astrologer:TheChariot","astrologer:Death"],"picked":"astrologer:Starfield","floor":33.0},{"not_picked":["astrologer:CometStrike+1","astrologer:CosmicExpanse","astrologer:Cataclysm"],"picked":"astrologer:FadingStar+1","floor":35.0},{"not_picked":["astrologer:TheHighPriestess","astrologer:Temperance+1","astrologer:Moonlight"],"picked":"astrologer:SpaceDust","floor":36.0},{"not_picked":["astrologer:Sunrise+1","astrologer:CometStrike","astrologer:Premeditation+1"],"picked":"astrologer:Prismatic","floor":39.0},{"not_picked":["astrologer:Conjunction","astrologer:SpaceDust","astrologer:Stardust"],"picked":"astrologer:SolarFlare","floor":40.0},{"not_picked":["astrologer:SpaceDust","astrologer:Divination+1","astrologer:Stardust"],"picked":"astrologer:TheTower+1","floor":41.0},{"not_picked":["astrologer:Moonlight","astrologer:CometStrike+1","astrologer:Stardust+1"],"picked":"astrologer:Prestidigitation+1","floor":43.0},{"not_picked":["astrologer:SolarFlare","astrologer:Still","astrologer:Moonlight+1"],"picked":"astrologer:Radiance+1","floor":46.0},{"not_picked":["astrologer:Stardust+1","astrologer:Opposition+1","astrologer:Premeditation"],"picked":"astrologer:TheStar+1","floor":48.0}],"player_experience":298458,"relics_obtained":[{"floor":1.0,"key":"Question Card"},{"floor":6.0,"key":"halation:AfternoonTea"},{"floor":8.0,"key":"halation:PrussianBluePaint"},{"floor":9.0,"key":"PreservedInsect"},{"floor":16.0,"key":"ImportantClient"},{"floor":24.0,"key":"vexMod:RedPlottingStone"},{"floor":30.0,"key":"halation:EternalFortune"},{"floor":30.0,"key":"MealTicket"},{"floor":43.0,"key":"Dead Branch"},{"floor":43.0,"key":"infinitespire:Joker Card"}],"event_choices":[{"damage_healed":0.0,"max_hp_gain":0.0,"max_hp_loss":0.0,"gold_gain":0.0,"event_name":"Golden Idol","player_choice":"Take Damage","floor":2.0,"gold_loss":0.0,"damage_taken":17.0,"relics_obtained":["Golden Idol"]},{"damage_healed":0.0,"max_hp_gain":0.0,"max_hp_loss":0.0,"gold_gain":0.0,"event_name":"conspire:LoneGhost","player_choice":"Disagree","floor":5.0,"gold_loss":0.0,"damage_taken":0.0},{"damage_healed":0.0,"max_hp_gain":0.0,"max_hp_loss":0.0,"gold_gain":0.0,"event_name":"Addict","player_choice":"Obtained Relic","floor":19.0,"gold_loss":85.0,"damage_taken":0.0,"relics_obtained":["halation:PromiseList"]},{"damage_healed":0.0,"max_hp_gain":0.0,"max_hp_loss":0.0,"gold_gain":99.0,"event_name":"betterThird:BetterNest","player_choice":"Steal","floor":31.0,"gold_loss":0.0,"damage_taken":0.0},{"damage_healed":0.0,"max_hp_gain":0.0,"max_hp_loss":0.0,"gold_gain":0.0,"event_name":"conspire:Investor","player_choice":"Leave","floor":38.0,"gold_loss":0.0,"damage_taken":0.0}],"is_beta":false,"boss_relics":[{"not_picked":["EE1DDrone","hubris:CrackedHourglass"],"picked":"GreenFoldingFan"},{"not_picked":["RhineCircuit","Empty Cage"],"picked":"hubris:Backtick"}],"items_purged_floors":[],"is_endless":false,"potions_floor_spawned":[6,7,8,12,13,21,27,35,36,41],"killed_by":"Donu and Deca","ascension_level":0}}