{"host":"f0gpob8hq9vgebej","time":1607873821,"event":{"mods":["AchievementEnabler","BaseMod","Googly Eyes","Minty Spire (QoL Compilation)","Quick Restart","SuperFastMode"],"gold_per_floor":[114,129,146,162,181,181,198,226,226,237,237,51,69,58,58,153,203,216,141,158,77,96,96,128,144,171,171,187,197,225,27,27,122,122,135,135,149,165,215,215,215,215,215,226,240,240,240],"floor_reached":46,"playtime":1198,"items_purged":["Strike_G","Strike_G"],"score":495,"play_id":"de170683-93b3-4a0d-bbb6-3d8a8aa6471b","local_time":"20201214003701","is_ascension_mode":true,"campfire_choices":[{"data":"Bouncing Flask","floor":6.0,"key":"SMITH"},{"data":"Footwork","floor":11,"key":"SMITH"},{"floor":15,"key":"REST"},{"data":"Sadistic Nature","floor":23,"key":"SMITH"},{"data":"Malaise","floor":27,"key":"SMITH"},{"floor":32,"key":"REST"},{"floor":40,"key":"REST"},{"floor":42,"key":"REST"}],"circlet_count":0,"master_deck":["Strike_G","Defend_G","Defend_G","Defend_G","Survivor","Neutralize","Poisoned Stab","PiercingWail","Acrobatics","Bouncing Flask+1","Footwork+1","Footwork","Malaise+1","Sadistic Nature+1","Backflip+1","Venomology","Noxious Fumes","Prepared+1","Crippling Poison+1","Tactician","Wraith Form v2","Backstab+1","Acrobatics+1","Deadly Poison","Backflip+1","Deadly Poison+1","Escape Plan+1"],"relics":["Ring of the Snake","Toy Ornithopter","Nunchaku","Tiny House","Centennial Puzzle","Dream Catcher","Red Mask","Astrolabe","Peace Pipe","Singing Bowl"],"acts_visited":["Exordium","TheCity","TheBeyond"],"potions_floor_usage":[13,13,14,20,22,22,24,25,25,29,30,30,30,33,33,33,37,39,39,44,45,46],"damage_taken":[{"damage":13.0,"enemies":"Jaw Worm","floor":1.0,"turns":6.0},{"damage":3.0,"enemies":"Small Slimes","floor":2.0,"turns":4.0},{"damage":1.0,"enemies":"Cultist","floor":3.0,"turns":4.0},{"damage":0.0,"enemies":"2 Fungi Beasts","floor":4.0,"turns":4.0},{"damage":2.0,"enemies":"3 Louse","floor":5.0,"turns":5.0},{"damage":7.0,"enemies":"Large Slime","floor":7.0,"turns":7.0},{"damage":17,"enemies":"3 Sentries","floor":8,"turns":10},{"damage":6,"enemies":"Blue Slaver","floor":10,"turns":4},{"damage":16,"enemies":"Lots of Slimes","floor":13,"turns":3},{"damage":4,"enemies":"Exordium Thugs","floor":14,"turns":4},{"damage":11,"enemies":"Slime Boss","floor":16,"turns":10},{"damage":8,"enemies":"Shell Parasite","floor":18,"turns":5},{"damage":11,"enemies":"2 Thieves","floor":20,"turns":4},{"damage":21,"enemies":"Cultist and Chosen","floor":22,"turns":6},{"damage":11,"enemies":"Gremlin Leader","floor":24,"turns":6},{"damage":7,"enemies":"Sentry and Sphere","floor":25,"turns":4},{"damage":14,"enemies":"Centurion and Healer","floor":28,"turns":5},{"damage":19,"enemies":"Shelled Parasite and Fungi","floor":29,"turns":5},{"damage":18,"enemies":"Masked Bandits","floor":30,"turns":4},{"damage":39,"enemies":"Collector","floor":33,"turns":9},{"damage":6,"enemies":"3 Shapes","floor":35,"turns":4},{"damage":19,"enemies":"3 Darklings","floor":37,"turns":4},{"damage":45,"enemies":"Writhing Mass","floor":38,"turns":5},{"damage":3,"enemies":"Mind Bloom Boss Battle","floor":39,"turns":6},{"damage":36,"enemies":"Transient","floor":44,"turns":5},{"damage":11,"enemies":"Jaw Worm Horde","floor":45,"turns":4},{"damage":44,"enemies":"Sphere and 2 Shapes","floor":46,"turns":3}],"seed_played":"2086383144803631545","potions_obtained":[{"floor":2.0,"key":"SpeedPotion"},{"floor":4.0,"key":"Strength Potion"},{"floor":8,"key":"SmokeBomb"},{"floor":10,"key":"Fire Potion"},{"floor":13,"key":"Explosive Potion"},{"floor":17,"key":"AttackPotion"},{"floor":20,"key":"Explosive Potion"},{"floor":28,"key":"EssenceOfSteel"},{"floor":29,"key":"SkillPotion"},{"floor":33,"key":"ColorlessPotion"},{"floor":38,"key":"SpeedPotion"},{"floor":44,"key":"GhostInAJar"}],"is_trial":false,"path_per_floor":["M","M","M","M","M","R","M","E","T","M","R","$","M","M","R","B",null,"M","$","M","$","M","R","E","M","T","R","M","M","?","$","R","B",null,"M","?","M","M","?","R","?","R","T","M","M","M"],"character_chosen":"THE_SILENT","items_purchased":["Sadistic Nature","Noxious Fumes","SkillPotion","AttackPotion"],"campfire_rested":4,"item_purchase_floors":[12,21,31,31],"current_hp_per_floor":[57,54,53,53,51,51,44,27,27,21,21,21,15,16,37,26,75,67,67,61,61,50,50,44,47,47,47,33,19,16,16,38,14,75,69,75,56,11,18,40,40,62,62,31,25,0,0],"gold":240,"neow_bonus":"REMOVE_CARD","is_daily":false,"chose_seed":false,"campfire_upgraded":4,"win_rate":0.0,"timestamp":1607873821,"path_taken":["M","M","M","M","M","R","M","E","T","M","R","$","M","M","R","BOSS","M","$","M","$","M","R","E","M","T","R","M","M","?","$","R","BOSS","M","?","?","M","?","R","?","R","T","M","M","M"],"items_purchased_type":["Card","Card","Potion","Potion"],"build_version":"2020-11-30","purchased_purges":2,"victory":false,"max_hp_per_floor":[70,70,70,70,70,70,70,70,70,70,70,70,70,70,70,70,75,75,75,75,75,75,75,75,75,75,75,75,75,75,75,75,75,75,75,75,75,75,75,75,75,75,75,75,75,75,75],"card_choices":[{"not_picked":["Underhanded Strike","Prepared"],"picked":"Poisoned Stab","floor":1.0},{"not_picked":["Quick Slash","All Out Attack"],"picked":"PiercingWail","floor":2.0},{"not_picked":["Catalyst","Flechettes"],"picked":"Acrobatics","floor":3.0},{"not_picked":["Expertise","Well Laid Plans","Underhanded Strike"],"picked":"SKIP","floor":4.0},{"not_picked":["Outmaneuver","Riddle With Holes"],"picked":"Bouncing Flask","floor":5.0},{"not_picked":["Heel Hook","Caltrops"],"picked":"Footwork","floor":7.0},{"not_picked":["Prepared","Bane"],"picked":"Footwork","floor":8},{"not_picked":["Poisoned Stab","Prepared"],"picked":"Malaise","floor":10},{"not_picked":["Eviscerate","Dagger Throw"],"picked":"Backflip","floor":13},{"not_picked":["Blade Dance","Bane","Caltrops"],"picked":"SKIP","floor":14},{"not_picked":["Night Terror","Tools of the Trade"],"picked":"Venomology","floor":16},{"not_picked":["Eviscerate","Setup","Heel Hook"],"picked":"SKIP","floor":18},{"not_picked":["Eviscerate","Footwork+1","Underhanded Strike"],"picked":"SKIP","floor":20},{"not_picked":["Footwork+1","Finisher","Dagger Spray+1"],"picked":"SKIP","floor":22},{"not_picked":["Blade Dance","Outmaneuver"],"picked":"Prepared+1","floor":24},{"not_picked":["Poisoned Stab","Dash"],"picked":"Crippling Poison+1","floor":25},{"not_picked":["Venomology","Deflect","Terror"],"picked":"SKIP","floor":28},{"not_picked":["Underhanded Strike","Poisoned Stab","Cloak And Dagger+1"],"picked":"SKIP","floor":29},{"not_picked":["PiercingWail+1","Slice"],"picked":"Tactician","floor":30},{"not_picked":["Sucker Punch","Dagger Spray"],"picked":"Wraith Form v2","floor":32},{"not_picked":["Prepared","Flying Knee+1"],"picked":"Deadly Poison","floor":35},{"not_picked":["Dagger Throw+1","Bane+1","Backflip"],"picked":"SKIP","floor":37},{"not_picked":["Bane+1","Endless Agony+1","Poisoned Stab"],"picked":"SKIP","floor":38},{"not_picked":["All Out Attack","Blade Dance"],"picked":"Backflip+1","floor":42},{"not_picked":["Accuracy+1","Deflect"],"picked":"Deadly Poison+1","floor":44},{"not_picked":["Acrobatics+1","Underhanded Strike+1"],"picked":"Escape Plan+1","floor":45}],"player_experience":125222,"relics_obtained":[{"floor":8,"key":"Toy Ornithopter"},{"floor":9,"key":"Nunchaku"},{"floor":24,"key":"Centennial Puzzle"},{"floor":26,"key":"Dream Catcher"},{"floor":30,"key":"Red Mask"},{"floor":39,"key":"Peace Pipe"},{"floor":43,"key":"Singing Bowl"}],"event_choices":[{"damage_healed":0,"gold_gain":0,"player_choice":"Fought Bandits","damage_taken":0,"max_hp_gain":0,"max_hp_loss":0,"event_name":"Masked Bandits","floor":30,"gold_loss":0},{"cards_removed":["Masterful Stab"],"damage_healed":6,"gold_gain":0,"player_choice":"Offered Uncommon","damage_taken":0,"max_hp_gain":0,"max_hp_loss":0,"event_name":"Bonfire Elementals","floor":36,"gold_loss":0},{"damage_healed":0,"gold_gain":0,"player_choice":"Fight","damage_taken":0,"max_hp_gain":0,"max_hp_loss":0,"event_name":"MindBloom","floor":39,"gold_loss":0},{"damage_healed":0,"gold_gain":0,"player_choice":"Memory 1","damage_taken":0,"max_hp_gain":0,"max_hp_loss":0,"event_name":"SensoryStone","floor":41,"gold_loss":0}],"is_beta":false,"boss_relics":[{"not_picked":["Snecko Eye","Runic Dome"],"picked":"Tiny House"},{"not_picked":["WristBlade","Philosopher\u0027s Stone"],"picked":"Astrolabe"}],"items_purged_floors":[19,31],"is_endless":false,"potions_floor_spawned":[2,4,8,10,13,20,28,29,33,38,44],"killed_by":"Sphere and 2 Shapes","ascension_level":2}}