{"host":"Niota","time":1607872534,"event":{"mods":["BaseMod","Colored Map","Colored Powertips","DeckTracker","Highlight Path","Minty Spire (QoL Compilation)"],"gold_per_floor":[116,132,132,307,257,257,272,272,324,324,351,351,366,400,400,496,496,516,549,325,336,356,375,194,194,194,226,226,252,252,264,264,369,369,379,601,655,492,510,510,510,541,589,609,609,659,676,230,230,230,230],"floor_reached":50,"playtime":3307,"items_purged":["Strike_B","Defend_B","Strike_B","Strike_B"],"score":789,"play_id":"47cecb34-f727-49fd-8a92-c107e47a6011","local_time":"20201213161534","is_ascension_mode":true,"campfire_choices":[{"data":"Dualcast","floor":6.0,"key":"SMITH"},{"data":"Doom and Gloom","floor":10.0,"key":"SMITH"},{"data":"Chaos","floor":12.0,"key":"SMITH"},{"data":"Rainbow","floor":15.0,"key":"SMITH"},{"data":"Defragment","floor":25.0,"key":"SMITH"},{"data":"Defragment","floor":28.0,"key":"SMITH"},{"data":"Loop","floor":30.0,"key":"SMITH"},{"data":"Reboot","floor":32.0,"key":"SMITH"},{"data":"Turbo","floor":40.0,"key":"SMITH"},{"floor":49,"key":"RECALL"}],"circlet_count":0,"master_deck":["Strike_B+1","Defend_B","Defend_B","Defend_B","Zap+1","Dualcast+1","Doom and Gloom+1","Compile Driver+1","Conserve Battery","Chaos+1","Defragment+1","Rainbow+1","Reboot+1","FTL","Conserve Battery+1","Defragment+1","Compile Driver","Loop+1","Turbo+1","Core Surge","Self Repair","Undo","Steam+1","Reboot+1","All For One"],"relics":["Cracked Core","Gremlin Horn","Blood Vial","StrikeDummy","Regal Pillow","Busted Crown","Red Mask","HornCleat","Cables","Symbiotic Virus","Nuclear Battery","StoneCalendar","Ice Cream","Thread and Needle","DollysMirror"],"acts_visited":["Exordium","TheCity","TheBeyond"],"potions_floor_usage":[50],"damage_taken":[{"damage":1.0,"enemies":"Cultist","floor":1.0,"turns":3.0},{"damage":0.0,"enemies":"Small Slimes","floor":2.0,"turns":2.0},{"damage":1.0,"enemies":"2 Louse","floor":7.0,"turns":2.0},{"damage":3.0,"enemies":"Gremlin Nob","floor":11.0,"turns":3.0},{"damage":8.0,"enemies":"Blue Slaver","floor":13.0,"turns":3.0},{"damage":2.0,"enemies":"3 Sentries","floor":14.0,"turns":5.0},{"damage":16.0,"enemies":"Hexaghost","floor":16.0,"turns":8.0},{"damage":0.0,"enemies":"Chosen","floor":18.0,"turns":3.0},{"damage":4.0,"enemies":"Masked Bandits","floor":19.0,"turns":3.0},{"damage":0.0,"enemies":"3 Byrds","floor":21.0,"turns":3.0},{"damage":4.0,"enemies":"Cultist and Chosen","floor":22.0,"turns":6.0},{"damage":8.0,"enemies":"Sentry and Sphere","floor":23.0,"turns":4.0},{"damage":18.0,"enemies":"Book of Stabbing","floor":27.0,"turns":5.0},{"damage":6.0,"enemies":"Slavers","floor":29.0,"turns":3.0},{"damage":0.0,"enemies":"Chosen and Byrds","floor":31.0,"turns":3.0},{"damage":0.0,"enemies":"Collector","floor":33.0,"turns":5.0},{"damage":0.0,"enemies":"3 Shapes","floor":35.0,"turns":2.0},{"damage":4.0,"enemies":"2 Orb Walkers","floor":37.0,"turns":4.0},{"damage":5.0,"enemies":"3 Darklings","floor":39.0,"turns":2.0},{"damage":33.0,"enemies":"Reptomancer","floor":42.0,"turns":6.0},{"damage":11.0,"enemies":"Transient","floor":44.0,"turns":5.0},{"damage":0,"enemies":"Mind Bloom Boss Battle","floor":46,"turns":6},{"damage":0,"enemies":"Spire Growth","floor":47,"turns":4},{"damage":70,"enemies":"Time Eater","floor":50,"turns":5}],"seed_played":"-1557783666291149453","potions_obtained":[{"floor":1.0,"key":"Energy Potion"},{"floor":13.0,"key":"SkillPotion"},{"floor":21.0,"key":"SteroidPotion"},{"floor":23.0,"key":"Strength Potion"},{"floor":27.0,"key":"Explosive Potion"},{"floor":29.0,"key":"LiquidMemories"},{"floor":37.0,"key":"LiquidBronze"},{"floor":42.0,"key":"Energy Potion"}],"is_trial":false,"path_per_floor":["M","M","?","?","?","R","M","T","T","R","E","R","M","E","R","B",null,"M","?","$","M","M","M","$","R","T","E","R","E","R","M","R","B",null,"M","?","?","$","M","R","?","E","T","M","?","?","M","$","R","B"],"character_chosen":"DEFECT","items_purchased":["Defragment","Skim","Loop","Undo","DollysMirror","All For One"],"campfire_rested":0,"item_purchase_floors":[20,20,24,38,48,48],"current_hp_per_floor":[67,67,52,52,52,52,51,51,51,51,50,50,44,44,44,30,64,66,64,64,66,64,58,58,58,58,42,42,38,38,40,40,42,67,69,69,67,67,71,71,71,47,47,45,45,54,63,63,63,0,0],"gold":230,"neow_bonus":"UPGRADE_CARD","is_daily":false,"chose_seed":false,"campfire_upgraded":9,"win_rate":0.0,"timestamp":1607872534,"path_taken":["M","M","?","?","?","R","M","?","T","R","E","R","?","E","R","BOSS","M","?","$","M","M","M","$","R","T","E","R","E","R","M","R","BOSS","M","?","?","$","M","R","?","E","T","M","?","?","M","$","R","BOSS"],"items_purchased_type":["Card","Card","Card","Card","Relic","Card"],"build_version":"2020-12-07","purchased_purges":4,"victory":false,"max_hp_per_floor":[75,75,75,75,75,75,75,75,75,75,75,75,75,75,75,75,75,75,75,75,75,75,75,75,75,75,75,75,75,75,75,75,75,75,75,75,75,75,75,75,75,75,75,75,71,71,71,71,71,71,71],"card_choices":[{"not_picked":["Reinforced Body","Cold Snap"],"picked":"Doom and Gloom","floor":1.0},{"not_picked":["Turbo","Beam Cell"],"picked":"Compile Driver","floor":2.0},{"not_picked":["Steam","Streamline"],"picked":"Conserve Battery","floor":7.0},{"not_picked":["Leap","Chill"],"picked":"Chaos","floor":11.0},{"not_picked":["Self Repair","Sweeping Beam"],"picked":"Defragment","floor":13.0},{"not_picked":["Stack","Static Discharge"],"picked":"Rainbow","floor":14.0},{"not_picked":["Seek","All For One"],"picked":"Reboot","floor":16.0},{"not_picked":[],"picked":"FTL","floor":18.0},{"not_picked":[],"picked":"Conserve Battery+1","floor":19.0},{"not_picked":["Recycle"],"picked":"SKIP","floor":21.0},{"not_picked":["Recycle"],"picked":"SKIP","floor":22.0},{"not_picked":[],"picked":"Compile Driver","floor":23.0},{"not_picked":[],"picked":"Turbo","floor":27.0},{"not_picked":["FTL"],"picked":"SKIP","floor":29.0},{"not_picked":["Stack"],"picked":"SKIP","floor":31.0},{"not_picked":[],"picked":"Core Surge","floor":33.0},{"not_picked":["Turbo"],"picked":"SKIP","floor":35.0},{"not_picked":[],"picked":"Self Repair","floor":37.0},{"not_picked":["Gash+1"],"picked":"SKIP","floor":39.0},{"not_picked":[],"picked":"Steam+1","floor":42.0},{"not_picked":["Gash+1"],"picked":"SKIP","floor":44},{"not_picked":["Sweeping Beam+1"],"picked":"SKIP","floor":47}],"player_experience":798279,"relics_obtained":[{"floor":8.0,"key":"Gremlin Horn"},{"floor":9.0,"key":"Blood Vial"},{"floor":11.0,"key":"StrikeDummy"},{"floor":14.0,"key":"Regal Pillow"},{"floor":19.0,"key":"Red Mask"},{"floor":26.0,"key":"HornCleat"},{"floor":27.0,"key":"Cables"},{"floor":29.0,"key":"Symbiotic Virus"},{"floor":37.0,"key":"StoneCalendar"},{"floor":42.0,"key":"Ice Cream"},{"floor":46,"key":"Thread and Needle"}],"event_choices":[{"damage_healed":0.0,"max_hp_gain":0.0,"max_hp_loss":0.0,"gold_gain":0.0,"event_name":"Shining Light","player_choice":"Entered Light","floor":3.0,"gold_loss":0.0,"damage_taken":15.0,"cards_upgraded":["Compile Driver","Strike_B"]},{"damage_healed":0.0,"max_hp_gain":0.0,"max_hp_loss":0.0,"gold_gain":175.0,"event_name":"Liars Game","player_choice":"AGREE","floor":4.0,"gold_loss":0.0,"damage_taken":0.0,"cards_obtained":["Doubt"]},{"cards_removed":["Doubt"],"damage_healed":0.0,"max_hp_gain":0.0,"max_hp_loss":0.0,"gold_gain":0.0,"event_name":"The Cleric","player_choice":"Card Removal","floor":5.0,"gold_loss":50.0,"damage_taken":0.0},{"damage_healed":0.0,"max_hp_gain":0.0,"max_hp_loss":0.0,"gold_gain":0.0,"event_name":"Masked Bandits","player_choice":"Fought Bandits","floor":19.0,"gold_loss":0.0,"damage_taken":0.0},{"damage_healed":0.0,"max_hp_gain":0.0,"max_hp_loss":0.0,"gold_gain":222.0,"event_name":"Tomb of Lord Red Mask","player_choice":"Wore Mask","floor":36.0,"gold_loss":0.0,"damage_taken":0.0},{"damage_healed":0.0,"max_hp_gain":0.0,"max_hp_loss":0.0,"gold_gain":0.0,"event_name":"Mysterious Sphere","player_choice":"Fight","floor":37.0,"gold_loss":0.0,"damage_taken":0.0},{"cards_removed":["Skim"],"damage_healed":0.0,"max_hp_gain":0.0,"max_hp_loss":0.0,"gold_gain":0.0,"event_name":"Falling","player_choice":"Removed Skill","floor":41.0,"gold_loss":0.0,"damage_taken":0.0},{"damage_healed":0,"gold_gain":0,"player_choice":"Max HP","damage_taken":0,"max_hp_gain":0,"max_hp_loss":4,"event_name":"Winding Halls","floor":45,"gold_loss":0},{"damage_healed":0,"gold_gain":0,"player_choice":"Fight","damage_taken":0,"max_hp_gain":0,"max_hp_loss":0,"event_name":"MindBloom","floor":46,"gold_loss":0}],"is_beta":true,"boss_relics":[{"not_picked":["Runic Dome","Snecko Eye"],"picked":"Busted Crown"},{"not_picked":["Velvet Choker","Astrolabe"],"picked":"Nuclear Battery"}],"items_purged_floors":[20,24,38,48],"is_endless":false,"potions_floor_spawned":[1,13,21,23,27,29,37,42],"killed_by":"Time Eater","ascension_level":7}}