{"host":"63rwe7p34ct1i0qu","time":1607880394,"event":{"mods":["BaseMod","DeckTracker","Minty Spire (QoL Compilation)","Permanent Neow","Quick Restart","StSLib"],"gold_per_floor":[117,117,134,134,134,134,154,154,179,179,195,216,216,148,148,267,267,267,267],"floor_reached":18,"playtime":529,"items_purged":[],"score":203,"play_id":"ebd56ae6-a784-4621-aab1-c08dc3af5429","local_time":"20201214022634","is_ascension_mode":true,"campfire_choices":[{"data":"Zap","floor":6,"key":"SMITH"},{"floor":13,"key":"REST"},{"floor":15,"key":"REST"}],"circlet_count":0,"master_deck":["Strike_B","Strike_B","Strike_B","Defend_B","Defend_B","Defend_B","Defend_B","Zap+1","Dualcast","Defragment","Decay","Sweeping Beam","Chaos","Doom and Gloom","Chill","Skim","Capacitor","Fission"],"relics":["Inserter","Unceasing Top","Oddly Smooth Stone","Golden Idol","SacredBark"],"acts_visited":["Exordium","TheCity"],"potions_floor_usage":[18],"damage_taken":[{"damage":8,"enemies":"Jaw Worm","floor":1,"turns":6},{"damage":10,"enemies":"Cultist","floor":3,"turns":4},{"damage":12,"enemies":"Small Slimes","floor":7,"turns":3},{"damage":8,"enemies":"3 Louse","floor":11,"turns":2},{"damage":37,"enemies":"Gremlin Gang","floor":12,"turns":4},{"damage":48,"enemies":"Slime Boss","floor":16,"turns":12},{"damage":50,"enemies":"Shell Parasite","floor":18,"turns":6}],"seed_played":"-5498732407514042543","potions_obtained":[{"floor":1,"key":"Dexterity Potion"},{"floor":11,"key":"PowerPotion"},{"floor":16,"key":"Regen Potion"}],"is_trial":false,"path_per_floor":["M","?","M","?","?","R","M","?","T","?","M","M","R","$","R","B",null,"M"],"character_chosen":"DEFECT","items_purchased":["Capacitor"],"campfire_rested":2,"item_purchase_floors":[14],"current_hp_per_floor":[60,60,50,75,75,75,63,63,63,63,55,18,38,38,58,10,54,38,38],"gold":267,"neow_bonus":"BOSS_RELIC","is_daily":false,"chose_seed":false,"campfire_upgraded":1,"win_rate":0.0,"timestamp":1607880394,"path_taken":["M","?","?","?","?","R","?","?","T","?","M","M","R","$","R","BOSS","M"],"items_purchased_type":["Card"],"build_version":"2020-11-30","purchased_purges":0,"victory":false,"max_hp_per_floor":[75,75,75,75,75,75,75,75,75,69,69,69,69,69,69,69,69,69,69],"card_choices":[{"not_picked":["Turbo","Compile Driver"],"picked":"Defragment","floor":1},{"not_picked":["Reinforced Body","Hologram"],"picked":"Sweeping Beam","floor":3},{"not_picked":["Streamline","Turbo"],"picked":"Chaos","floor":7},{"not_picked":["Compile Driver","Redo"],"picked":"Chill","floor":11},{"not_picked":["Coolheaded","Redo"],"picked":"Skim","floor":12},{"not_picked":["Machine Learning","Seek"],"picked":"Fission","floor":16}],"player_experience":751502,"relics_obtained":[{"floor":9,"key":"Oddly Smooth Stone"}],"event_choices":[{"damage_healed":0,"gold_gain":0,"player_choice":"Cursed","damage_taken":0,"max_hp_gain":0,"max_hp_loss":0,"event_name":"Wheel of Change","floor":2,"gold_loss":0,"cards_obtained":["Decay"]},{"damage_healed":25,"gold_gain":0,"player_choice":"Banana","damage_taken":0,"max_hp_gain":0,"max_hp_loss":0,"event_name":"Big Fish","floor":4,"gold_loss":0},{"damage_healed":0,"gold_gain":0,"player_choice":"Gave Potion","damage_taken":0,"relics_obtained":["Unceasing Top"],"max_hp_gain":0,"max_hp_loss":0,"event_name":"WeMeetAgain","floor":5,"gold_loss":0},{"damage_healed":0,"gold_gain":0,"cards_transformed":["Strike_B"],"player_choice":"Change","damage_taken":0,"max_hp_gain":0,"max_hp_loss":0,"event_name":"Living Wall","floor":8,"gold_loss":0,"cards_obtained":["Doom and Gloom"]},{"damage_healed":0,"gold_gain":0,"player_choice":"Lose Max HP","damage_taken":0,"relics_obtained":["Golden Idol"],"max_hp_gain":0,"max_hp_loss":6,"event_name":"Golden Idol","floor":10,"gold_loss":0}],"is_beta":false,"boss_relics":[{"not_picked":["Sozu","Black Star"],"picked":"SacredBark"}],"items_purged_floors":[],"is_endless":false,"potions_floor_spawned":[1,11,16],"killed_by":"Shell Parasite","ascension_level":7}}