{"host":"rxlazyja0fsq2vfk","time":1607836786,"event":{"mods":["2.2 Compatiblity","AchievementEnabler","Act Like it!","AlwaysNeverKeys","Aspiration","BaseMod","Bestiary","Better Match","Better Sensory Stone","Better Skull","Better Third Choice","BetterRewards","Colored Map","Colored Powertips","Defuse TimeMaze Blight","Disable Question Mark Monsters","GifTheSpireLib","Halation","Hubris","Jedi Mod","Minty Spire (QoL Compilation)","Permanent Neow","Quick Restart","Random Character Button","Random Character Mod","Relic Sorter","Replay The Spire","Shop Mod","StSLib","The Construct","Transform Curses","Unknown Chances","Wandering Minibosses","egg","everything is the same but u backflip on backflip","vexMod"],"gold_per_floor":[117,117,117,137,153,180,180,200,226,226,244,259,259,293,293,389,389,401,420,433,446,546,577,577,605,628,658,668,683,683,702,702,798,798,810,823,316,331,343,343,369,369,369,369,379,409,4,4,4,4],"floor_reached":51,"playtime":2734,"items_purged":["Strike_B","Defend_B","Defend_B"],"score":1322,"play_id":"5b8554dd-6b5e-438e-b8bf-80a8a959161b","local_time":"20201213001946","is_ascension_mode":true,"campfire_choices":[{"data":"Storm","floor":7.0,"key":"SMITH"},{"data":"Defragment","floor":10.0,"key":"SMITH"},{"data":"Zap","floor":15.0,"key":"SMITH"},{"data":"White Noise","floor":24.0,"key":"SMITH"},{"data":"Amplify","floor":30.0,"key":"SMITH"},{"data":"aspiration:Polymerization","floor":32.0,"key":"SMITH"},{"data":"hubris:DoWhile","floor":40.0,"key":"SMITH"},{"data":"FIFO Queue","floor":42.0,"key":"SMITH"},{"data":"Defragment","floor":49,"key":"SMITH"}],"circlet_count":0,"master_deck":["Strike_B","Strike_B","Defend_B","Defend_B","Zap+1","Dualcast","White Noise+1","Self Repair","Storm+1","Coolheaded","Finesse","jedi:reiji","Defragment+1","Hologram","Conserve Battery","Auto Shields","Amplify+1","AbeCurse","Redo","Sunder+1","BootSequence","aspiration:Polymerization+1","White Noise+1","Chill+1","jedi:locknload","hubris:DoWhile+1","CurseOfTheBell","Defragment+1","Glacier","Biased Cognition","Core Surge","FIFO Queue+1","Biased Cognition"],"relics":["ClockworkSouvenir","halation:OrihimeAndHikoboshiSamaAndTears","MerchantsRug","Cracked Core","aspiration:HatOfInfinitePower","Replay:Rubber Ducky","Abe\u0027s Treasure","aspiration:HummingbirdHeart","Prayer Wheel","Toy Ornithopter","vexMod:FocusSash","aspiration:Stabinomicon","Calling Bell","MealTicket","jedi:archwizardhat","Mango","hubris:CrystalStatue","hubris:ToyBattleship","aspiration:StickyExplosives","Replay:Antivirus Software","Potion Belt","DataDisk","Pondfish Scales"],"acts_visited":["Exordium","TheCity","TheBeyond"],"potions_floor_usage":[50,50,50,50,50,50,50,50],"damage_taken":[{"damage":0.0,"enemies":"Small Slimes","floor":1.0,"turns":3.0},{"damage":5.0,"enemies":"Jaw Worm","floor":4.0,"turns":6.0},{"damage":4.0,"enemies":"Cultist","floor":5.0,"turns":3.0},{"damage":12.0,"enemies":"Replay:BlueRogue","floor":6.0,"turns":4.0},{"damage":7.0,"enemies":"Lots of Slimes","floor":8.0,"turns":4.0},{"damage":0.0,"enemies":"Red Slaver","floor":11.0,"turns":2.0},{"damage":4.0,"enemies":"Large Slime","floor":12.0,"turns":3.0},{"damage":0.0,"enemies":"Lagavulin","floor":14.0,"turns":5.0},{"damage":0.0,"enemies":"Slime Boss","floor":16.0,"turns":5.0},{"damage":4.0,"enemies":"Shell Parasite","floor":18.0,"turns":2.0},{"damage":0.0,"enemies":"Chosen","floor":19.0,"turns":2.0},{"damage":0.0,"enemies":"Sentry and Sphere","floor":20.0,"turns":4.0},{"damage":0.0,"enemies":"Centurion and Healer","floor":21.0,"turns":3.0},{"damage":17.0,"enemies":"Gremlin Leader","floor":23.0,"turns":8.0},{"damage":0.0,"enemies":"Slavers","floor":25.0,"turns":4.0},{"damage":0.0,"enemies":"Book of Stabbing","floor":27.0,"turns":3.0},{"damage":0.0,"enemies":"Snecko","floor":28.0,"turns":4.0},{"damage":0.0,"enemies":"Sentry and Sphere","floor":29.0,"turns":4.0},{"damage":0.0,"enemies":"Cultist and Chosen","floor":31.0,"turns":4.0},{"damage":14.0,"enemies":"hubris:MusketHawk","floor":33.0,"turns":5.0},{"damage":0.0,"enemies":"Orb Walker","floor":35.0,"turns":3.0},{"damage":0.0,"enemies":"3 Shapes","floor":36.0,"turns":4.0},{"damage":20.0,"enemies":"Spire Growth","floor":38.0,"turns":5.0},{"damage":0.0,"enemies":"4 Shapes","floor":39.0,"turns":4.0},{"damage":4.0,"enemies":"Nemesis","floor":41.0,"turns":5.0},{"damage":0,"enemies":"Sphere and 2 Shapes","floor":45,"turns":4},{"damage":0,"enemies":"Reptomancer","floor":46,"turns":4},{"damage":0,"enemies":"Time Eater","floor":50,"turns":5}],"seed_played":"-1559401612270859396","potions_obtained":[{"floor":2.0,"key":"Flashbang"},{"floor":8.0,"key":"Doom Potion"},{"floor":12.0,"key":"Milkshake"},{"floor":14.0,"key":"DistilledChaos"},{"floor":19.0,"key":"Adrenaline Potion"},{"floor":25.0,"key":"Languid Potion"},{"floor":27.0,"key":"EntropicBrew"}],"is_trial":false,"path_per_floor":["M","?","?","M","M","E","R","M","T","R","M","M","?","E","R","B",null,"M","M","M","M","?","E","R","E","T","E","M","M","R","M","R","B",null,"M","M","$","M","M","R","E","R","T","?","M","E","$","T","R","B",null],"character_chosen":"DEFECT","items_purchased":["ClockworkSouvenir","White Noise","Self Repair","MerchantsRug","Storm","Coolheaded","Finesse","hubris:CrystalStatue","Biased Cognition","DataDisk","DistilledChaos","Fire Potion"],"campfire_rested":0,"item_purchase_floors":[0,0,0,0,0,0,0,37,37,47,47,47],"current_hp_per_floor":[75,75,68,70,73,68,68,68,68,68,68,64,69,76,76,80,80,80,80,80,80,80,70,70,77,77,80,80,80,80,80,80,73,94,94,94,94,74,74,74,82,82,82,67,67,74,89,89,89,94],"gold":4,"neow_bonus":"","is_daily":false,"chose_seed":false,"campfire_upgraded":9,"win_rate":0.0,"timestamp":1607836786,"path_taken":["M","?","?","M","M","E","R","M","T","R","M","M","?","E","R","BOSS","M","M","M","M","?","E","R","E","T","E","M","?","R","M","R","BOSS","M","?","?","M","M","R","E","R","T","?","?","E","$","?","R","BOSS"],"items_purchased_type":["Relic","Card","Card","Relic","Card","Card","Card","Relic","Card","Relic","Potion","Potion"],"build_version":"2020-11-30","purchased_purges":3,"victory":true,"max_hp_per_floor":[75,75,75,75,75,75,75,75,75,75,75,75,80,80,80,80,80,80,80,80,80,80,80,80,80,80,80,80,80,80,80,80,80,94,94,94,94,94,94,94,94,94,94,94,94,94,94,94,94,94],"card_choices":[{"not_picked":["Compile Driver","Sweeping Beam"],"picked":"jedi:reiji","floor":1.0},{"not_picked":["Gash","jedi:BurstFrost","jedi:reiji"],"picked":"SKIP","floor":4.0},{"not_picked":["Compile Driver","Hologram"],"picked":"Defragment","floor":5.0},{"not_picked":["Gash","Steam"],"picked":"Hologram","floor":6.0},{"not_picked":["Hologram","Darkness","Doom and Gloom"],"picked":"SKIP","floor":8.0},{"not_picked":["Heatsinks","Ball Lightning"],"picked":"Conserve Battery","floor":11.0},{"not_picked":["Rebound","Coolheaded"],"picked":"Auto Shields","floor":12.0},{"not_picked":["FTL","Streamline","BasicCrystalCard"],"picked":"SKIP","floor":14.0},{"not_picked":["jedi:BurstDark","Multi-Cast"],"picked":"Amplify","floor":16.0},{"not_picked":["Force Field","Darkness+1","Barrage"],"picked":"SKIP","floor":18.0},{"not_picked":["jedi:blockon","Force Field+1","Hologram"],"picked":"SKIP","floor":19.0},{"not_picked":["Gash","Conserve Battery","Stack"],"picked":"SKIP","floor":20.0},{"not_picked":["Gash","Conserve Battery","Stack"],"picked":"SKIP","floor":20.0},{"not_picked":["Gash","Conserve Battery","Stack"],"picked":"SKIP","floor":20.0},{"not_picked":["Redo","BasicCrystalCard","Compile Driver+1"],"picked":"SKIP","floor":21.0},{"not_picked":["BasicCrystalCard","Compile Driver+1"],"picked":"Redo","floor":21.0},{"not_picked":["ReplayTheSpireMod:Reroute Power","Gash+1"],"picked":"Sunder+1","floor":23.0},{"not_picked":["Blizzard","Chill"],"picked":"BootSequence","floor":25.0},{"not_picked":["Lockon+1","jedi:blockon+1"],"picked":"aspiration:Polymerization","floor":27.0},{"not_picked":["Streamline","Panic Button"],"picked":"White Noise+1","floor":28.0},{"not_picked":["Streamline+1","ReplayTheSpireMod:System Scan+1","Darkness"],"picked":"SKIP","floor":28.0},{"not_picked":["Gash","jedi:overflow+1"],"picked":"Chill+1","floor":29.0},{"not_picked":["Rebound+1","Reinforced Body","jedi:BurstDark"],"picked":"SKIP","floor":29.0},{"not_picked":["Streamline","Redo"],"picked":"jedi:locknload","floor":31.0},{"not_picked":["Loop","hubris:PowerSurge+1","Gash+1"],"picked":"SKIP","floor":31.0},{"not_picked":["ReplayTheSpireMod:Fabricate Wheel","All For One"],"picked":"hubris:DoWhile","floor":33.0},{"not_picked":["Go for the Eyes+1","ReplayTheSpireMod:Fabricate Wheel"],"picked":"Defragment","floor":35.0},{"not_picked":["Rebound","jedi:hex+1"],"picked":"Glacier","floor":35.0},{"not_picked":["Barrage+1","Panic Button","Go for the Eyes"],"picked":"SKIP","floor":36.0},{"not_picked":["Force Field","Stack","Rebound+1"],"picked":"SKIP","floor":36.0},{"not_picked":["ReplayGash+1","Lockon+1","ReplaySort+1"],"picked":"SKIP","floor":38.0},{"not_picked":["Gash+1","jedi:sharpshooter","Scrape"],"picked":"SKIP","floor":38.0},{"not_picked":["Turbo","Redo+1"],"picked":"Core Surge","floor":39.0},{"not_picked":["Leap+1","Hello World"],"picked":"FIFO Queue","floor":39.0},{"not_picked":["hubris:DoWhile","Barrage+1"],"picked":"Biased Cognition","floor":41.0},{"not_picked":["Turbo","Compile Driver","Beam Cell+1"],"picked":"SKIP","floor":45},{"not_picked":["Darkness","Barrage+1","jedi:hex+1"],"picked":"SKIP","floor":45},{"not_picked":["hubris:SpecializedCircuitry","Ball Lightning+1","Cold Snap+1"],"picked":"SKIP","floor":46}],"player_experience":474038,"relics_obtained":[{"floor":4.0,"key":"Cracked Core"},{"floor":6.0,"key":"aspiration:HatOfInfinitePower"},{"floor":9.0,"key":"Replay:Rubber Ducky"},{"floor":23.0,"key":"aspiration:HummingbirdHeart"},{"floor":25.0,"key":"Toy Ornithopter"},{"floor":26.0,"key":"vexMod:FocusSash"},{"floor":27.0,"key":"aspiration:Stabinomicon"},{"floor":34.0,"key":"MealTicket"},{"floor":34.0,"key":"jedi:archwizardhat"},{"floor":34.0,"key":"Mango"},{"floor":41.0,"key":"hubris:ToyBattleship"},{"floor":43.0,"key":"aspiration:StickyExplosives"},{"floor":46,"key":"Potion Belt"},{"floor":48,"key":"Pondfish Scales"}],"event_choices":[{"cards_removed":["Strike_B"],"damage_healed":0.0,"max_hp_gain":0.0,"max_hp_loss":0.0,"gold_gain":0.0,"event_name":"Golden Wing","player_choice":"Card Removal","floor":3.0,"gold_loss":0.0,"damage_taken":7.0},{"damage_healed":0.0,"max_hp_gain":5.0,"max_hp_loss":0.0,"gold_gain":0.0,"event_name":"Big Fish","player_choice":"Donut","floor":13.0,"gold_loss":0.0,"damage_taken":0.0},{"damage_healed":0.0,"max_hp_gain":0.0,"max_hp_loss":0.0,"gold_gain":100.0,"event_name":"Golden Shrine","player_choice":"Pray","floor":22.0,"gold_loss":0.0,"damage_taken":0.0}],"is_beta":false,"boss_relics":[{"not_picked":["hubris:HollowSoul","Replay:Ancient Bell"],"picked":"Abe\u0027s Treasure"},{"not_picked":["Honey Jar","Velvet Choker"],"picked":"Calling Bell"}],"items_purged_floors":[0,37,47],"is_endless":false,"potions_floor_spawned":[8,12,14,19,25,27,29,33,35,38,39],"ascension_level":2}}