{"host":"x0ovlu53kkkog8rv","time":1607856018,"event":{"mods":["BaseMod","Colored Map","Minty Spire (QoL Compilation)","Quick Restart","SuperFastMode"],"gold_per_floor":[117,117,131,80,94,94,137,155,155,155,155,178,202,84,84,84,84],"floor_reached":16,"playtime":768,"items_purged":["Injury"],"score":107,"play_id":"1e992287-4412-4315-a7cb-c51b6b2ecf0c","local_time":"20201213194018","is_ascension_mode":true,"campfire_choices":[{"floor":6,"key":"REST"},{"floor":11,"key":"REST"},{"floor":15,"key":"REST"}],"circlet_count":0,"master_deck":["Strike_P","Strike_P","Strike_P","Strike_P","Defend_P","Defend_P","Defend_P","Defend_P","Eruption","Vigilance","Pray","CutThroughFate","BowlingBash","Sanctity","Tantrum+1","Consecrate+1","FollowUp+1","Consecrate+1","CarveReality+1"],"relics":["PureWater","Golden Idol","Molten Egg 2","The Courier","Kunai"],"acts_visited":["Exordium"],"potions_floor_usage":[16],"damage_taken":[{"damage":22,"enemies":"Jaw Worm","floor":1,"turns":2},{"damage":0,"enemies":"2 Louse","floor":3,"turns":2},{"damage":12,"enemies":"Cultist","floor":5,"turns":3},{"damage":49,"enemies":"Lagavulin","floor":7,"turns":9},{"damage":0,"enemies":"Large Slime","floor":8,"turns":4},{"damage":2,"enemies":"3 Louse","floor":12,"turns":2},{"damage":0,"enemies":"2 Fungi Beasts","floor":13,"turns":2},{"damage":65,"enemies":"Hexaghost","floor":16,"turns":7}],"seed_played":"-1379710507682447892","potions_obtained":[{"floor":8,"key":"Regen Potion"}],"is_trial":false,"path_per_floor":["M","?","M","?","M","R","E","M","T","?","R","M","M","$","R","B"],"character_chosen":"WATCHER","items_purchased":["CarveReality+1"],"campfire_rested":3,"item_purchase_floors":[14],"current_hp_per_floor":[50,50,50,50,38,59,10,10,10,10,31,29,29,29,50,0,0],"gold":84,"neow_bonus":"THREE_CARDS","is_daily":false,"chose_seed":false,"campfire_upgraded":0,"win_rate":0.0,"timestamp":1607856018,"path_taken":["M","?","M","?","?","R","E","M","T","?","R","M","M","$","R","BOSS"],"items_purchased_type":["Card"],"build_version":"2020-11-30","purchased_purges":1,"victory":false,"max_hp_per_floor":[72,72,72,72,72,72,72,72,72,72,72,72,72,72,72,72,72],"card_choices":[{"not_picked":["SashWhip","Crescendo"],"picked":"Pray","floor":0},{"not_picked":["EmptyFist","Meditate"],"picked":"CutThroughFate","floor":1},{"not_picked":["Evaluate","FollowUp"],"picked":"BowlingBash","floor":3},{"not_picked":["WaveOfTheHand","SignatureMove+1"],"picked":"Sanctity","floor":5},{"not_picked":["WaveOfTheHand","EmptyMind"],"picked":"Tantrum+1","floor":7},{"not_picked":["Study","Crescendo"],"picked":"Consecrate+1","floor":8},{"not_picked":["EmptyFist+1","Protect"],"picked":"FollowUp+1","floor":12},{"not_picked":["Evaluate","EmptyBody"],"picked":"Consecrate+1","floor":13}],"player_experience":203992,"relics_obtained":[{"floor":7,"key":"The Courier"},{"floor":9,"key":"Kunai"}],"event_choices":[{"damage_healed":0,"gold_gain":0,"player_choice":"Take Wound","damage_taken":0,"relics_obtained":["Golden Idol"],"max_hp_gain":0,"max_hp_loss":0,"event_name":"Golden Idol","floor":2,"gold_loss":0,"cards_obtained":["Injury"]},{"damage_healed":0,"gold_gain":0,"player_choice":"Paid Gold","damage_taken":0,"relics_obtained":["Molten Egg 2"],"max_hp_gain":0,"max_hp_loss":0,"event_name":"WeMeetAgain","floor":4,"gold_loss":51},{"damage_healed":0,"gold_gain":0,"player_choice":"Ignored","damage_taken":0,"max_hp_gain":0,"max_hp_loss":0,"event_name":"Shining Light","floor":10,"gold_loss":0}],"is_beta":false,"boss_relics":[],"items_purged_floors":[14],"is_endless":false,"potions_floor_spawned":[8],"killed_by":"Hexaghost","ascension_level":1}}