{"host":"rtq35k3rt1qs984b","time":1607882960,"event":{"mods":["2.2 Compatiblity","AchievementEnabler","Act Like it!","Aspiration","BaseMod","Better Note","BetterRewards","Card Forge","Colored Map","Colored Powertips","Conspire","Downfall","Friendly Minions","Gensokyo","GifTheSpireLib","Halation","Hallownest","Highlight Path","Hubris","Infinite Spire","Lobotomy","LobotomyExtend","Mimic Mod","Minty Spire (QoL Compilation)","Permanent Neow","Rare Cards Sparkle","Replay The Spire","Shop Mod","StSLib","Stuff the Spire","SuperFastMode","TestMod","The Factory","The Jungle","vexMod"],"gold_per_floor":[110,110,125,138,138,138,172,172,172,172,172,172],"floor_reached":11,"playtime":169,"items_purged":[],"score":85,"play_id":"59ca1829-6bbd-417d-a716-6ae36230d7ed","local_time":"20201213180920","is_ascension_mode":true,"campfire_choices":[{"data":"infinitespire:OneForAll","floor":6,"key":"SMITH"},{"data":"hubris:CleavingFinish","floor":8,"key":"SMITH"},{"data":"StuffTheSpire:RockThrow","floor":10,"key":"SMITH"}],"circlet_count":0,"master_deck":["Strike_R","Strike_R","Strike_R","Strike_R","Strike_R","Defend_R","Defend_R","Defend_R","Defend_R","Bash","Armaments","hubris:CleavingFinish+1","infinitespire:OneForAll+1","StuffTheSpire:RockThrow+1"],"relics":["Burning Blood","Hammer of Thor","Seething Fire","Anvil of the Gods","testmod-TestBox","testmod-TurbochargingSystem","LetterFromLob","infinitespire:PuzzleCube"],"acts_visited":["Exordium"],"potions_floor_usage":[],"damage_taken":[{"damage":5,"enemies":"2 Louse","floor":1,"turns":3},{"damage":12,"enemies":"Jaw Worm","floor":3,"turns":2},{"damage":6,"enemies":"Cultist","floor":4,"turns":3},{"damage":24,"enemies":"Gremlin Nob","floor":7,"turns":4},{"damage":66,"enemies":"Lagavulin","floor":11,"turns":6}],"seed_played":"-1538372609189188349","potions_obtained":[{"floor":4,"key":"BlessingOfTheForge"},{"floor":7,"key":"Swift Potion"}],"is_trial":false,"path_per_floor":["M","?","M","M","?","R","E","R","MIM","R","E"],"character_chosen":"IRONCLAD","items_purchased":[],"campfire_rested":0,"item_purchase_floors":[],"current_hp_per_floor":[80,80,74,74,74,74,56,56,56,56,0,0],"gold":172,"neow_bonus":"RANDOM_COMMON_RELIC","is_daily":false,"chose_seed":true,"campfire_upgraded":3,"win_rate":0.0,"timestamp":1607882960,"path_taken":["M","?","M","M","?","R","E","R","MIM","R","E"],"items_purchased_type":[],"build_version":"2020-11-30","purchased_purges":0,"victory":false,"max_hp_per_floor":[80,80,80,80,80,80,80,80,80,80,80,80],"card_choices":[{"not_picked":["Run Through","Clothesline"],"picked":"Armaments","floor":1},{"not_picked":["ReplayTheSpireMod:Strike From Hell","Combust"],"picked":"hubris:CleavingFinish","floor":3},{"not_picked":["Iron Wave","Armaments"],"picked":"infinitespire:OneForAll","floor":4},{"not_picked":["Fire Breathing","Thunderclap"],"picked":"StuffTheSpire:RockThrow","floor":7}],"player_experience":105650,"relics_obtained":[{"floor":1,"key":"LetterFromLob"},{"floor":7,"key":"infinitespire:PuzzleCube"}],"event_choices":[{"damage_healed":0,"gold_gain":0,"player_choice":"Ignored","damage_taken":0,"max_hp_gain":0,"max_hp_loss":0,"event_name":"Golden Wing","floor":2,"gold_loss":0},{"damage_healed":0,"gold_gain":0,"player_choice":"Swap Relic","damage_taken":0,"relics_obtained":["Hammer of Thor"],"max_hp_gain":0,"max_hp_loss":0,"event_name":"Box For Yourself","floor":5,"relics_lost":["Hammer of Thor"],"gold_loss":0}],"is_beta":false,"boss_relics":[],"items_purged_floors":[],"is_endless":false,"potions_floor_spawned":[4,7],"killed_by":"Lagavulin","ascension_level":4}}