{"host":"ilxricga2547gmyy","time":1607818330,"event":{"mods":["AchievementEnabler","BaseMod","Minty Spire (QoL Compilation)","Quick Restart","StSLib"],"gold_per_floor":[109,120,395,406,426,426,460,460,483,448,475,487,487,487,487,487,487],"floor_reached":16,"playtime":403,"items_purged":[],"score":123,"play_id":"2548699a-6d63-479c-83c7-4525481d09d7","local_time":"20201213011210","is_ascension_mode":true,"campfire_choices":[{"data":"Backflip","floor":6,"key":"SMITH"},{"floor":8,"key":"REST"},{"floor":15,"key":"REST"}],"circlet_count":0,"master_deck":["Strike_G","Strike_G","Strike_G","Strike_G","Strike_G","Defend_G","Defend_G","Defend_G","Defend_G","Defend_G","Survivor","Neutralize","Terror","Backflip+1","Regret","Dagger Spray","All Out Attack","Leg Sweep","Dodge and Roll"],"relics":["Ring of the Snake","NeowsBlessing","Omamori","Oddly Smooth Stone","Art of War"],"acts_visited":["Exordium"],"potions_floor_usage":[14,16,16],"damage_taken":[{"damage":0,"enemies":"Cultist","floor":1,"turns":1},{"damage":0,"enemies":"2 Louse","floor":2,"turns":1},{"damage":0,"enemies":"Small Slimes","floor":4,"turns":1},{"damage":7,"enemies":"Looter","floor":5,"turns":4},{"damage":40,"enemies":"3 Sentries","floor":7,"turns":11},{"damage":26,"enemies":"Gremlin Nob","floor":11,"turns":5},{"damage":11,"enemies":"Red Slaver","floor":12,"turns":5},{"damage":0,"enemies":"Exordium Thugs","floor":14,"turns":1},{"damage":26,"enemies":"Hexaghost","floor":16,"turns":9}],"seed_played":"7756938767060700461","potions_obtained":[{"floor":1,"key":"SmokeBomb"},{"floor":4,"key":"PowerPotion"},{"floor":11,"key":"AttackPotion"}],"is_trial":false,"path_per_floor":["M","M","?","M","M","R","E","R","T","?","E","M","?","M","R","B"],"character_chosen":"THE_SILENT","items_purchased":[],"campfire_rested":2,"item_purchase_floors":[],"current_hp_per_floor":[70,70,70,70,63,63,23,44,44,44,18,7,4,4,25,0,0],"gold":487,"neow_bonus":"THREE_ENEMY_KILL","is_daily":false,"chose_seed":false,"campfire_upgraded":1,"win_rate":0.0,"timestamp":1607818330,"path_taken":["M","?","?","?","M","R","E","R","T","?","E","M","?","M","R","BOSS"],"items_purchased_type":[],"build_version":"2020-11-30","purchased_purges":0,"victory":false,"max_hp_per_floor":[70,70,70,70,70,70,70,70,70,70,70,70,70,70,70,70,70],"card_choices":[{"not_picked":["Backstab","Slice"],"picked":"Terror","floor":1},{"not_picked":["Finisher","Poisoned Stab"],"picked":"Backflip","floor":2},{"not_picked":["Flechettes","Distraction","Tactician"],"picked":"SKIP","floor":4},{"not_picked":["Backflip","Slice"],"picked":"Dagger Spray","floor":5},{"not_picked":["Masterful Stab","Bane"],"picked":"All Out Attack","floor":7},{"not_picked":["Acrobatics","Outmaneuver"],"picked":"Leg Sweep","floor":11},{"not_picked":["Infinite Blades","Bane"],"picked":"Dodge and Roll","floor":12}],"player_experience":206202,"relics_obtained":[{"floor":7,"key":"Omamori"},{"floor":9,"key":"Oddly Smooth Stone"},{"floor":11,"key":"Art of War"}],"event_choices":[{"damage_healed":0,"gold_gain":275,"player_choice":"Desecrate","damage_taken":0,"max_hp_gain":0,"max_hp_loss":0,"event_name":"Golden Shrine","floor":3,"gold_loss":0,"cards_obtained":["Regret"]},{"damage_healed":0,"gold_gain":0,"player_choice":"Left Gold","damage_taken":0,"max_hp_gain":0,"max_hp_loss":0,"event_name":"World of Goop","floor":10,"gold_loss":35},{"damage_healed":0,"gold_gain":0,"player_choice":"Fled","damage_taken":3,"max_hp_gain":0,"max_hp_loss":0,"event_name":"Scrap Ooze","floor":13,"gold_loss":0}],"is_beta":false,"boss_relics":[],"items_purged_floors":[],"is_endless":false,"potions_floor_spawned":[1,4,11,14],"killed_by":"Hexaghost","ascension_level":2}}