{"host":"5jrzbyi7mr38r3qm","time":1607881756,"event":{"mods":["Abigail Mod","AchievementEnabler","Aspiration","Astrologer","Bard","Bartender","BaseMod","BetterRewards","Colored Map","Colored Powertips","Conspire","Downfall","Friendly Minions","GifTheSpireLib","Gold Saver","Halation","Hermit","Hubris","Jedi Mod","Jorbs\u0027s Wanderer Trilogy","Kiyohime????","Koishi","Mad Scientist","Magitek Elite","Marisa????????","Minty Spire (QoL Compilation)","Nova Terra(??·??)","Prisma Mod","READ ME - Guardian Mod","Rare Cards Sparkle","Relic Stats","Remilia??????","RumiaBox-????????","Shop Mod","Small Relic Pack","Spikes Relics","StSLib","Stuff the Spire","Td1madao Mod","The Administrix","The Alterego","The Animator","The Blackbeard","The Cursed","The Disciple","The Forsaken","The Gatherer","The Hierophant","The Mystic","The Necromancer","The Poker Player","The Runesmith","The Sage","The Showman","The Valiant","The Witch","TheBandit","TheSwordswoman","vexMod"],"gold_per_floor":[263,292,192,192,202,234,234,234,309,322,338,338,338,354,354,452,452,420,430,430,444,444,444],"floor_reached":22,"playtime":836,"items_purged":[],"score":186,"play_id":"d711087d-aba8-4407-91ce-d78fa2d916b9","local_time":"20201213174916","is_ascension_mode":false,"campfire_choices":[{"data":"hermit:WideOpen","floor":7,"key":"SMITH"},{"data":"hermit:Manifest","floor":13,"key":"SMITH"},{"floor":15,"key":"REST"}],"circlet_count":0,"master_deck":["hermit:Strike_Hermit","hermit:Strike_Hermit","hermit:Strike_Hermit","hermit:Strike_Hermit","hermit:Defend_Hermit","hermit:Defend_Hermit","hermit:Defend_Hermit","hermit:Defend_Hermit","hermit:Snapshot","hermit:Covet","hermit:FlashPowder","hermit:WideOpen+1","Ghostly","theForsaken:PlagueCurse","hermit:GoldenBullet","hermit:HoleUp","hermit:Manifest+1","hermit:FatalDesire","CurseOfTheBell","hermit:TakeCover+1"],"relics":["hermit:Momento","aspiration:Nostalgia","MiniHakkero","conspire:DecoderRing","theForsaken:PlagueMask","halation:WeightlessCrab","Prayer Beads","hubris:Towel","Calling Bell","StuffTheSpire:Experiment12","jedi:archwizardhat","aspiration:SneckoTail","hubris:BottledHeart"],"acts_visited":["Exordium","TheCity"],"potions_floor_usage":[6,16,16],"damage_taken":[{"damage":0,"enemies":"Cultist","floor":1,"turns":4},{"damage":5,"enemies":"conspire:MimicChest","floor":2,"turns":5},{"damage":1,"enemies":"Jaw Worm","floor":5,"turns":3},{"damage":19,"enemies":"Lagavulin","floor":6,"turns":6},{"damage":0,"enemies":"Small Slimes","floor":10,"turns":1},{"damage":3,"enemies":"3 Louse","floor":11,"turns":4},{"damage":5,"enemies":"Looter","floor":14,"turns":3},{"damage":44,"enemies":"The Guardian","floor":16,"turns":8},{"damage":6,"enemies":"2 Thieves","floor":18,"turns":5},{"damage":3,"enemies":"Chosen","floor":19,"turns":5},{"damage":0,"enemies":"Snake Plant","floor":21,"turns":5}],"seed_played":"1668005391965376010","potions_obtained":[{"floor":1,"key":"Energy Potion"},{"floor":2,"key":"sneckomod:MuddlingPotion"},{"floor":10,"key":"SteroidPotion"},{"floor":11,"key":"AttackPotion"},{"floor":19,"key":"jedi:StrikingPotion"},{"floor":21,"key":"champ:CounterPotion"}],"is_trial":false,"path_per_floor":["M","?","?","?","M","E","R","?","T","M","M","?","R","M","R","B",null,"M","M","?","M","?"],"character_chosen":"HERMIT","items_purchased":[],"campfire_rested":1,"item_purchase_floors":[],"current_hp_per_floor":[75,70,70,70,69,50,50,50,50,50,47,47,47,42,64,20,75,69,66,1,1,0,0],"gold":444,"neow_bonus":"NOSTALGIA","is_daily":false,"chose_seed":false,"campfire_upgraded":2,"win_rate":0.0,"timestamp":1607881756,"path_taken":["M","?","?","?","M","E","R","?","T","?","M","?","R","M","R","BOSS","M","M","?","M","?"],"items_purchased_type":[],"build_version":"2020-11-30","purchased_purges":0,"victory":false,"max_hp_per_floor":[75,75,75,75,75,75,75,75,75,75,75,75,75,75,75,75,75,75,75,1,1,1,1],"relic_stats":{"counters":[11,49],"obtain_stats":[{"aspiration:SneckoTail":17,"aspiration:Nostalgia":0,"Prayer Beads":9,"halation:WeightlessCrab":6,"hubris:Towel":12,"jedi:archwizardhat":17,"theForsaken:PlagueMask":4,"Calling Bell":17,"StuffTheSpire:Experiment12":17,"hubris:BottledHeart":20,"conspire:DecoderRing":2,"MiniHakkero":0,"hermit:Momento":0},{"aspiration:SneckoTail":8,"aspiration:Nostalgia":0,"Prayer Beads":4,"halation:WeightlessCrab":4,"hubris:Towel":6,"jedi:archwizardhat":8,"theForsaken:PlagueMask":2,"Calling Bell":8,"StuffTheSpire:Experiment12":8,"hubris:BottledHeart":10,"conspire:DecoderRing":2,"MiniHakkero":0,"hermit:Momento":0},{"aspiration:SneckoTail":34,"aspiration:Nostalgia":0,"Prayer Beads":18,"halation:WeightlessCrab":18,"hubris:Towel":23,"jedi:archwizardhat":34,"theForsaken:PlagueMask":9,"Calling Bell":34,"StuffTheSpire:Experiment12":34,"hubris:BottledHeart":44,"conspire:DecoderRing":9,"MiniHakkero":0,"hermit:Momento":0}]},"card_choices":[{"not_picked":["hermit:Deadeye","hermit:Horror"],"picked":"hermit:FlashPowder","floor":1},{"not_picked":["hermit:Dive","hermit:DeadMansHand"],"picked":"hermit:WideOpen","floor":2},{"not_picked":["hermit:Dive","hermit:HighCaliber","hermit:Brawl"],"picked":"SKIP","floor":5},{"not_picked":["hermit:Vantage","hermit:CalledShot"],"picked":"hermit:GoldenBullet","floor":6},{"not_picked":["hermit:SprayPray","hermit:Cheat"],"picked":"hermit:HoleUp","floor":10},{"not_picked":["hermit:Feint","hermit:HoleUp"],"picked":"hermit:Manifest","floor":11},{"not_picked":["hermit:Midnight","hermit:Feint","hermit:Vantage"],"picked":"SKIP","floor":14},{"not_picked":["hermit:OverwhelmingPower","hermit:Purgatory"],"picked":"hermit:FatalDesire","floor":16},{"not_picked":["hermit:PistolWhip","hermit:Desperado","hermit:FatalDesire"],"picked":"SKIP","floor":18},{"not_picked":["hermit:WideOpen","hermit:Roulette"],"picked":"hermit:TakeCover+1","floor":19},{"not_picked":["hermit:Manifest+1","hermit:Ricochet","hermit:Malice+1"],"picked":"SKIP","floor":21}],"player_experience":439585,"relics_obtained":[{"floor":2,"key":"conspire:DecoderRing"},{"floor":6,"key":"halation:WeightlessCrab"},{"floor":9,"key":"Prayer Beads"},{"floor":17,"key":"StuffTheSpire:Experiment12"},{"floor":17,"key":"jedi:archwizardhat"},{"floor":17,"key":"aspiration:SneckoTail"}],"event_choices":[{"damage_healed":0,"gold_gain":0,"player_choice":"Argue","damage_taken":0,"max_hp_gain":0,"max_hp_loss":0,"event_name":"conspire:LoneGhost","floor":3,"gold_loss":0},{"damage_healed":0,"gold_gain":0,"player_choice":"Obtain Plague Curse","damage_taken":0,"max_hp_gain":0,"max_hp_loss":0,"event_name":"Plague Doctor","floor":4,"gold_loss":0,"cards_obtained":["theForsaken:PlagueCurse"]}],"is_beta":false,"boss_relics":[{"not_picked":["halation:PinkAlligatorPlush","jedi:hotpepper"],"picked":"Calling Bell"}],"items_purged_floors":[],"is_endless":false,"potions_floor_spawned":[1,2,10,11,19,21],"ascension_level":0}}