{"host":"g75gtovmj0ine2rf","time":1607852053,"event":{"mods":["2.2 Compatiblity","AchievementEnabler","Act Like it!","Aspiration","Astrologer","Bard","BaseMod","Better Match","BetterRewards","CapriCore","Challenge The Spire","ChefMod","Colored Map","Conspire","Elementarium","Energized Spire","Friendly Minions","Gensokyo","Halation","Hallownest","Hermit","HexUI Lib","Highlight Path","Hubris","Infinite Spire","Jedi Mod","Lobotomy","Minty Spire (QoL Compilation)","Puzzle Mod","Quick Restart","Rare Cards Sparkle","Relic Stats","Replay The Spire","Shade Mod","Shop Mod","Spicy Shops","StSLib","SuperFastMode","The Construct","The Cursed","The Factory","The Jungle","The Runesmith","TheBandit","TheFirefly","TheSwordswoman","TheVacant","Transform Curses","Wandering Minibosses","thorton","vexMod"],"gold_per_floor":[109,59,79,79,79,100,100,100],"floor_reached":6,"playtime":272,"items_purged":[],"score":63,"play_id":"fcab41be-e9c1-4f21-9630-cb589e2ae828","local_time":"20201213203413","is_ascension_mode":true,"campfire_choices":[],"circlet_count":0,"master_deck":["AscendersBane","wariomod:Strike","wariomod:Strike","wariomod:Strike","wariomod:Defend","wariomod:Defend","wariomod:Defend","wariomod:Step","wariomod:Leap","wariomod:Bombshield","conspire:SpireCoStock"],"relics":["wariomod:TheHat","conspire:InfiniteJournal","halation:BlackBeret"],"acts_visited":["Exordium"],"potions_floor_usage":[],"damage_taken":[{"damage":0,"enemies":"Hallownest:monsterHuskGuard","floor":1,"turns":3},{"damage":7,"enemies":"Hallownest:2_Tiktiks_and_1_Crawlid","floor":3,"turns":4},{"damage":35,"enemies":"Hallownest:eliteCrystalGuardian","floor":6,"turns":6}],"seed_played":"5395305819210092846","potions_obtained":[{"floor":1,"key":"Milkshake"}],"is_trial":false,"path_per_floor":["M","?","M","T","?","E"],"character_chosen":"THE_BANDIT","items_purchased":[],"campfire_rested":0,"item_purchase_floors":[],"current_hp_per_floor":[47,47,40,40,40,5,5,5],"gold":100,"neow_bonus":"ONE_RARE_RELIC","is_daily":false,"chose_seed":false,"campfire_upgraded":0,"win_rate":0.0,"timestamp":1607852053,"path_taken":["M","?","M","?","?","E"],"items_purchased_type":[],"build_version":"2020-11-30","purchased_purges":0,"victory":false,"max_hp_per_floor":[72,72,72,72,64,64,64,64],"relic_stats":{"counters":[3,13],"obtain_stats":[{"halation:BlackBeret":4,"wariomod:TheHat":0,"conspire:InfiniteJournal":0},{"halation:BlackBeret":2,"wariomod:TheHat":0,"conspire:InfiniteJournal":0},{"halation:BlackBeret":7,"wariomod:TheHat":0,"conspire:InfiniteJournal":0}]},"card_choices":[{"not_picked":["wariomod:AwfulLook","wariomod:DanceDash"],"picked":"wariomod:Bombshield","floor":1},{"not_picked":["wariomod:Bombshield","wariomod:BlastDash","wariomod:BoomBoom"],"picked":"SKIP","floor":3}],"player_experience":1318278,"relics_obtained":[{"floor":4,"key":"halation:BlackBeret"}],"event_choices":[{"damage_healed":0,"gold_gain":0,"player_choice":"Invest 1","damage_taken":0,"max_hp_gain":0,"max_hp_loss":0,"event_name":"conspire:Investor","floor":2,"gold_loss":0}],"is_beta":false,"boss_relics":[],"items_purged_floors":[],"is_endless":false,"potions_floor_spawned":[1],"killed_by":"Hallownest:eliteCrystalGuardian","ascension_level":17}}