{"host":"h9912w2erkgvaua8","time":1607876991,"event":{"mods":["AchievementEnabler","BaseMod","Colored Map","Minty Spire (QoL Compilation)","Quick Restart","StSLib","SuperFastMode","[IsaacMod]ÒÔÈö¼âËþ"],"gold_per_floor":[115,75,75,75,86,117,129,147,147,162,173,198,198,223,223,314,314,321,321],"floor_reached":18,"playtime":422,"items_purged":[],"score":334,"play_id":"592de024-a6f7-42be-8f47-b3b91d2e46aa","local_time":"20201214002951","is_ascension_mode":true,"campfire_choices":[{"data":"Evolve","floor":13.0,"key":"SMITH"},{"data":"Shrug It Off","floor":15,"key":"SMITH"}],"circlet_count":0,"master_deck":["AscendersBane","Strike_R","Strike_R","Strike_R","Strike_R","Defend_R","Defend_R","Defend_R","Defend_R","Bash","Evolve+1","Shrug It Off+1","Impervious"],"relics":["Burning Blood","HushsDoor","Damocles","NeowsBlessing","Bird Faced Urn","DoctorsRemote","Girya","Bag of Preparation","SalivaCoin","Pocketwatch","StrikeDummy","Pantograph","Ice Cream","Orichalcum","Vajra","Runic Dome"],"acts_visited":["Exordium","TheCity"],"potions_floor_usage":[16],"damage_taken":[{"damage":0.0,"enemies":"Cultist","floor":1.0,"turns":1.0},{"damage":0.0,"enemies":"Small Slimes","floor":5.0,"turns":1.0},{"damage":0.0,"enemies":"Lagavulin","floor":6.0,"turns":1.0},{"damage":0.0,"enemies":"Jaw Worm","floor":7.0,"turns":1.0},{"damage":0.0,"enemies":"2 Fungi Beasts","floor":8.0,"turns":1.0},{"damage":0.0,"enemies":"Exordium Wildlife","floor":10.0,"turns":3.0},{"damage":0.0,"enemies":"Gremlin Gang","floor":11.0,"turns":1.0},{"damage":6.0,"enemies":"Looter","floor":12.0,"turns":3.0},{"damage":2,"enemies":"Large Slime","floor":14,"turns":5},{"damage":16,"enemies":"Slime Boss","floor":16,"turns":9},{"damage":6,"enemies":"Chosen","floor":18,"turns":1}],"seed_played":"-8543774397702996157","potions_obtained":[{"floor":8.0,"key":"BloodPotion"},{"floor":10.0,"key":"FearPotion"},{"floor":16,"key":"Fruit Juice"}],"is_trial":false,"path_per_floor":["M","$","?","?","M","E","M","M","T","M","M","M","R","M","R","B",null,"M"],"character_chosen":"IRONCLAD","items_purchased":["Evolve"],"campfire_rested":0,"item_purchase_floors":[2],"current_hp_per_floor":[74,74,67,72,78,80,80,80,80,80,80,80,80,80,80,75,83,0,0],"gold":321,"neow_bonus":"THREE_ENEMY_KILL","is_daily":false,"chose_seed":false,"campfire_upgraded":2,"win_rate":0.0,"timestamp":1607876991,"path_taken":["M","$","?","?","M","E","?","?","T","M","M","M","R","M","R","BOSS","M"],"items_purchased_type":["Card"],"build_version":"2020-11-30","purchased_purges":0,"victory":false,"max_hp_per_floor":[75,75,75,80,80,80,80,80,80,80,80,80,80,80,80,85,85,85,85],"card_choices":[{"not_picked":["Feel No Pain","Fire Breathing","Armaments"],"picked":"SKIP","floor":1.0},{"not_picked":["Anger","Armaments","Rage"],"picked":"SKIP","floor":5.0},{"not_picked":["Intimidate","Corruption"],"picked":"Bomb","floor":6.0},{"not_picked":["Clothesline","Power Through"],"picked":"Bomb","floor":7.0},{"not_picked":["Clash","Disarm","Clothesline"],"picked":"SKIP","floor":8.0},{"not_picked":["Perfected Strike","Carnage"],"picked":"Shrug It Off","floor":10.0},{"not_picked":["Headbutt","Anger","Sword Boomerang"],"picked":"SKIP","floor":11.0},{"not_picked":["Warcry","Burning Pact","Clash"],"picked":"SKIP","floor":12.0},{"not_picked":["Sword Boomerang","Armaments","Twin Strike"],"picked":"SKIP","floor":14},{"not_picked":["Offering","Feed"],"picked":"Impervious","floor":16}],"player_experience":323107,"relics_obtained":[{"floor":1.0,"key":"Bird Faced Urn"},{"floor":5.0,"key":"DoctorsRemote"},{"floor":6.0,"key":"Girya"},{"floor":6.0,"key":"Bag of Preparation"},{"floor":7.0,"key":"SalivaCoin"},{"floor":8.0,"key":"Pocketwatch"},{"floor":9.0,"key":"StrikeDummy"},{"floor":10.0,"key":"Pantograph"},{"floor":11.0,"key":"Ice Cream"},{"floor":12.0,"key":"Orichalcum"},{"floor":14,"key":"Vajra"}],"event_choices":[{"cards_removed":["Strike_R"],"damage_healed":0.0,"max_hp_gain":0.0,"max_hp_loss":0.0,"gold_gain":0.0,"event_name":"Golden Wing","player_choice":"Card Removal","floor":3.0,"gold_loss":0.0,"damage_taken":7.0},{"damage_healed":0.0,"max_hp_gain":5.0,"max_hp_loss":0.0,"gold_gain":0.0,"event_name":"Big Fish","player_choice":"Donut","floor":4.0,"gold_loss":0.0,"damage_taken":0.0}],"is_beta":false,"boss_relics":[{"not_picked":["Runic Cube","SacredBark"],"picked":"Runic Dome"},{"not_picked":[]}],"items_purged_floors":[],"is_endless":false,"potions_floor_spawned":[8,10,14,16],"killed_by":"Chosen","ascension_level":15}}