{"host":"qwttrqaysb380yri","time":1607885410,"event":{"mods":["BaseMod","Custom Start","Minty Spire (QoL Compilation)","Puzzle Mod","Relic Stats","StSLib","The Cursed","The Hierophant"],"gold_per_floor":[114,126,145,164,182,182,221,275,275,275,337,342,324,368,368,246,246],"floor_reached":16,"playtime":597,"items_purged":[],"score":207,"play_id":"0cd67701-9681-480b-8305-c357841e5550","local_time":"20201213195010","is_ascension_mode":true,"campfire_choices":[{"data":"hierophant:Purify","floor":6.0,"key":"SMITH"},{"floor":15,"key":"REST"}],"circlet_count":0,"master_deck":["AscendersBane","hierophant:Strike_Hierophant","hierophant:Strike_Hierophant","hierophant:Strike_Hierophant","hierophant:Strike_Hierophant","hierophant:Punish","hierophant:Defend_Hierophant","hierophant:Defend_Hierophant","hierophant:Defend_Hierophant","hierophant:Defend_Hierophant","hierophant:ChurchCoffers","hierophant:MirrorShield","hierophant:Purify+1","hierophant:SealAway","hierophant:Zeal","hierophant:SecretStash","hierophant:RustyCrate","hierophant:Doubloon","hierophant:Doubloon","hierophant:Doubloon","hierophant:Charity","hierophant:OrnateBuckler","hierophant:AuricBeam","hierophant:MorningPrayer"],"relics":["hierophant:PropheticMaskRelic","hierophant:DonationBoxRelic","StrikeDummy","HornCleat","Oddly Smooth Stone"],"acts_visited":["Exordium"],"potions_floor_usage":[12,14,16],"damage_taken":[{"damage":0.0,"enemies":"Small Slimes","floor":1.0,"turns":3.0},{"damage":0.0,"enemies":"2 Louse","floor":2.0,"turns":3.0},{"damage":6.0,"enemies":"Cultist","floor":3.0,"turns":4.0},{"damage":5.0,"enemies":"2 Fungi Beasts","floor":4.0,"turns":3.0},{"damage":12.0,"enemies":"Looter","floor":5.0,"turns":4.0},{"damage":0.0,"enemies":"Large Slime","floor":7.0,"turns":5.0},{"damage":20.0,"enemies":"3 Sentries","floor":8.0,"turns":5.0},{"damage":8.0,"enemies":"Blue Slaver","floor":11.0,"turns":3.0},{"damage":11,"enemies":"Lagavulin","floor":12,"turns":5},{"damage":5,"enemies":"Exordium Wildlife","floor":13,"turns":3},{"damage":2,"enemies":"Looter","floor":14,"turns":3},{"damage":13,"enemies":"The Guardian","floor":16,"turns":13}],"seed_played":"7400542567008361767","potions_obtained":[{"floor":2.0,"key":"DuplicationPotion"},{"floor":3.0,"key":"EssenceOfSteel"},{"floor":7.0,"key":"PowerPotion"},{"floor":8.0,"key":"EssenceOfSteel"},{"floor":13,"key":"Weak Potion"},{"floor":14,"key":"EssenceOfSteel"}],"is_trial":false,"path_per_floor":["M","M","M","M","M","R","M","E","T","?","M","E","M","M","R","B"],"character_chosen":"HIEROPHANT","items_purchased":[],"campfire_rested":1,"item_purchase_floors":[],"current_hp_per_floor":[75,75,69,64,52,52,52,32,32,27,19,8,3,1,25,12,12],"gold":246,"neow_bonus":"TEN_PERCENT_HP_BONUS","is_daily":false,"chose_seed":false,"campfire_upgraded":1,"win_rate":0.0,"timestamp":1607885410,"path_taken":["M","M","M","M","M","R","M","E","T","?","M","E","M","M","R","BOSS"],"items_purchased_type":[],"build_version":"2020-11-30","purchased_purges":0,"victory":false,"max_hp_per_floor":[82,82,82,82,82,82,82,82,82,82,82,82,82,82,82,82,82],"relic_stats":{"counters":[12,54],"obtain_stats":[{"HornCleat":10,"hierophant:PropheticMaskRelic":0,"hierophant:DonationBoxRelic":8,"Oddly Smooth Stone":12,"StrikeDummy":9},{"HornCleat":7,"hierophant:PropheticMaskRelic":0,"hierophant:DonationBoxRelic":7,"Oddly Smooth Stone":9,"StrikeDummy":7},{"HornCleat":27,"hierophant:PropheticMaskRelic":0,"hierophant:DonationBoxRelic":27,"Oddly Smooth Stone":35,"StrikeDummy":27}]},"card_choices":[{"not_picked":["hierophant:HammerAndAnvil","hierophant:SealAway"],"picked":"hierophant:MirrorShield","floor":1.0},{"not_picked":["hierophant:ArchangelShield","hierophant:MirrorShield"],"picked":"hierophant:Purify","floor":2.0},{"not_picked":["hierophant:FlamingChariot","hierophant:AuricBeam"],"picked":"hierophant:SealAway","floor":3.0},{"not_picked":["hierophant:Endure","hierophant:RustyCrate"],"picked":"hierophant:Zeal","floor":4.0},{"not_picked":["hierophant:Shelter","hierophant:AuricShield"],"picked":"hierophant:SecretStash","floor":5.0},{"not_picked":["hierophant:AuricBeam","hierophant:Encroach"],"picked":"hierophant:RustyCrate","floor":7.0},{"not_picked":["hierophant:Doubloon","hierophant:ArchangelShield"],"picked":"hierophant:Charity","floor":8.0},{"not_picked":["hierophant:FlamingChariot","hierophant:HolyVerse"],"picked":"hierophant:OrnateBuckler","floor":11.0},{"not_picked":["hierophant:AuricForm","hierophant:EyeForCoin","hierophant:FlamingChariot"],"picked":"SKIP","floor":12},{"not_picked":["hierophant:OrnateJavelin","hierophant:ThreeLashes"],"picked":"hierophant:AuricBeam","floor":13},{"not_picked":["hierophant:FieryStrike","hierophant:FlamingChariot"],"picked":"hierophant:MorningPrayer","floor":14}],"player_experience":1829385,"relics_obtained":[{"floor":8.0,"key":"hierophant:DonationBoxRelic"},{"floor":9.0,"key":"StrikeDummy"},{"floor":12,"key":"Oddly Smooth Stone"}],"event_choices":[{"damage_healed":0.0,"max_hp_gain":0.0,"max_hp_loss":0.0,"gold_gain":0.0,"event_name":"Scrap Ooze","player_choice":"Success","floor":10.0,"gold_loss":0.0,"damage_taken":5.0,"relics_obtained":["HornCleat"]}],"is_beta":false,"boss_relics":[],"items_purged_floors":[],"is_endless":false,"potions_floor_spawned":[2,3,7,8,13,14],"killed_by":"The Guardian","ascension_level":15}}