{"host":"llpusn9usp8rznkj","time":1607895707,"event":{"mods":["2.2 Compatiblity","BaseMod","Colored Map","Colored Powertips","Conspire","Downfall","Hubris","Minty Spire (QoL Compilation)","Rare Cards Sparkle","Replay The Spire","StSLib","The Cursed"],"gold_per_floor":[118,68,68,81,81,114,131,158,158,158,158,182,182],"floor_reached":12,"playtime":442,"items_purged":[],"score":202,"play_id":"2b6d3efc-3ea4-4dbc-b481-24eb3545beb8","local_time":"20201213164147","is_ascension_mode":true,"campfire_choices":[{"data":"Footwork","floor":10,"key":"SMITH"}],"circlet_count":0,"master_deck":["AscendersBane","Strike_G","Strike_G","Strike_G","Strike_G","Strike_G","Defend_G","Defend_G","Defend_G","Defend_G","Defend_G","Survivor","Neutralize+1","conspire:SpireCoStock","Prepared","Footwork+1","Prepared","Injury"],"relics":["Ring of the Snake","NeowsBlessing","Centennial Puzzle","Tough Bandages","Juzu Bracelet","WingedGreaves","Golden Idol"],"acts_visited":["Exordium"],"potions_floor_usage":[7,7,12],"damage_taken":[{"damage":0,"enemies":"Cultist","floor":1,"turns":1},{"damage":0,"enemies":"Small Slimes","floor":4,"turns":1},{"damage":0,"enemies":"Gremlin Nob","floor":6,"turns":1},{"damage":0,"enemies":"Jaw Worm","floor":7,"turns":6},{"damage":42,"enemies":"3 Sentries","floor":12,"turns":10}],"seed_played":"-1367319401591481530","potions_obtained":[{"floor":1,"key":"SkillPotion"},{"floor":6,"key":"Adrenaline Potion"},{"floor":7,"key":"Venom Potion"}],"is_trial":false,"path_per_floor":["M","?","?","M","?","E","M","T","T","R","?","E"],"character_chosen":"THE_SILENT","items_purchased":[],"campfire_rested":0,"item_purchase_floors":[],"current_hp_per_floor":[59,59,41,41,41,41,41,41,41,41,41,0,0],"gold":182,"neow_bonus":"THREE_ENEMY_KILL","is_daily":false,"chose_seed":false,"campfire_upgraded":1,"win_rate":0.0,"timestamp":1607895707,"path_taken":["M","?","?","M","?","E","?","?","T","R","?","E"],"items_purchased_type":[],"build_version":"2020-11-30","purchased_purges":0,"victory":false,"max_hp_per_floor":[66,66,66,66,66,66,66,66,66,66,66,66,66],"card_choices":[{"not_picked":["Underhanded Strike","Slice","Flechettes"],"picked":"SKIP","floor":1},{"not_picked":["Blade Dance","PiercingWail"],"picked":"Prepared","floor":4},{"not_picked":["Unload","Deadly Poison"],"picked":"Footwork","floor":6},{"not_picked":["Dagger Throw","Sucker Punch"],"picked":"Prepared","floor":7}],"player_experience":963319,"relics_obtained":[{"floor":6,"key":"Tough Bandages"},{"floor":8,"key":"Juzu Bracelet"},{"floor":9,"key":"WingedGreaves"}],"event_choices":[{"damage_healed":0,"gold_gain":0,"player_choice":"Invest 1","damage_taken":0,"max_hp_gain":0,"max_hp_loss":0,"event_name":"conspire:Investor","floor":2,"gold_loss":0},{"damage_healed":0,"gold_gain":0,"player_choice":"Success","damage_taken":18,"relics_obtained":["Centennial Puzzle"],"max_hp_gain":0,"max_hp_loss":0,"event_name":"Scrap Ooze","floor":3,"gold_loss":0},{"damage_healed":0,"gold_gain":0,"player_choice":"Forge","damage_taken":0,"max_hp_gain":0,"max_hp_loss":0,"event_name":"Accursed Blacksmith","floor":5,"gold_loss":0,"cards_upgraded":["Neutralize"]},{"damage_healed":0,"gold_gain":0,"player_choice":"Take Wound","damage_taken":0,"relics_obtained":["Golden Idol"],"max_hp_gain":0,"max_hp_loss":0,"event_name":"Golden Idol","floor":11,"gold_loss":0,"cards_obtained":["Injury"]}],"is_beta":false,"boss_relics":[],"items_purged_floors":[],"is_endless":false,"potions_floor_spawned":[1,6,7],"killed_by":"3 Sentries","ascension_level":20}}