{"host":"ibuenoq0d7q7j5bf","time":1607836704,"event":{"mods":["AchievementEnabler","Aspiration","Bard","BaseMod","Beaked The Cultist","Better Altar","Better Match","Better Note","Better Sensory Stone","Better Skull","Better Third Choice","BetterRewards","CCEM","Clawfect","Colored Map","Conspire","Downfall","GifTheSpireLib","Googly Eyes","Halation","Hermit","Highlight Path","Hubris","Hunter ??","Infinite Spire","Jedi Mod","Jorbs\u0027s Wanderer Trilogy","Mad Scientist","Marisa????????","Mimic Mod","Minty Spire (QoL Compilation)","Permanent Neow","Replay The Spire","Shade Mod","Shop Mod","Spicy Shops","StSLib","Stuff the Spire","The Administrix","The Blackbeard","The Bug Knight","The Construct","The Cursed","The Disciple","The Gatherer","The Hierophant","The IronCluck","The Jungle","The Mystic","The Necromancer","The Problem Sleuth","The Runesmith","The Servant 0.9.4","The Spell Scribe","The Witch","Unceasing Turn Reminder","[IsaacMod]????","everything is the same but u backflip on backflip","slay the spire mod where everything is the same but ironclad has a cowboy hat"],"gold_per_floor":[349,374,424,424,444,462,462,493,493,521,57,57,57,75,92,187,187,187,187,533,57,57,57,96,96,196,196,309,328,139,157,176,281,281,381,241,260,260,260,276,363,390,165,197,266,281,298,298,364,364,364,392,112,112,112,112],"floor_reached":55,"playtime":5593,"items_purged":["hubris:Lust","stsjorbsmod:PollutedStrike","Slimebound:Split+1"],"score":1043,"play_id":"aa0d46b2-37ca-4192-961b-a12e25a16624","local_time":"20201212211824","is_ascension_mode":false,"campfire_choices":[{"data":"Slimebound:Split","floor":1,"key":"SMITH"},{"data":"EpicFetus","floor":4,"key":"SMITH"},{"data":"Slimebound:Overexert","floor":9,"key":"SMITH"},{"data":"Slimebound:GoopSpray","floor":18,"key":"SMITH"},{"floor":23,"key":"REST"},{"data":"Slimebound:SplitLeeching","floor":25,"key":"SMITH"},{"data":"Slimebound:SplitBruiser","floor":27,"key":"SMITH"},{"data":"Slimebound:Schlurp","floor":35,"key":"SMITH"},{"floor":38,"key":"RECALL"},{"data":"Slimebound:SplitLeeching","floor":43,"key":"SMITH"},{"floor":54,"key":"REST"}],"circlet_count":0,"master_deck":["Slimebound:Strike_Slimebound","Slimebound:Strike_Slimebound","Slimebound:Strike_Slimebound","Slimebound:Tackle","Slimebound:Defend_Slimebound+1","Slimebound:Defend_Slimebound","Slimebound:Defend_Slimebound","Slimebound:CorrosiveSpit","EpicFetus+1","Slimebound:SplitBruiser+1","Normality","Slimebound:Overexert+1","Slimebound:SlimeSpikes+1","Slimebound:FormOfPuddle","Slimebound:MassFeed","Slimebound:SplitLeeching+1","Slimebound:SplitBruiser+1","Slimebound:PressTheAttack+1","Looming Evil","Slimebound:Replication","Slimebound:GoopSpray+1","Slimebound:HauntingLick","SwitchConfidence","stsjorbsmod:Amnesia","Slimebound:LevelUp+1","Slimebound:SplitLeeching+1","ReplayTheSpireMod:Compounding Headache","Slimebound:DuplicatedForm+1","Slimebound:Schlurp+1","Slimebound:LeechingTouch+1","Shame","Voices","Slimebound:SplitAcid+1","Slimebound:AcidTongue+1","Replay:SS_forest_2+1","Slimebound:Nibble+1","Slimebound:SpikyOuterGoop+1","Slimebound:OozeBath+1","Slimebound:Schlurp","Slimebound:LeechLife+1","Slimebound:Schlurp+1","Slimebound:LeadByExample+1","infinitespire:Pacifist","Slimebound:Nibble+1","Slimebound:LeechingTouch+1","Slimebound:SplitBruiser+1","Slimebound:Schlurp","Guardian:Aged","Slimebound:GrowthPunch+1"],"relics":["Slimebound:AbsorbEndCombat","HushsDoor","GuppysHead","StuffTheSpire:Tea","Ring of Panic","Ring of Greed","hubris:MobiusCoin","Replay:Wax Seal","CCEMRelics:Barrel","CCEMRelics:CocoNut","ReplayTheSpireMod:Lightbulb","halation:BottledHappiness","Golden Egg","ReplayTheSpireMod:TigerMarble","aspiration:PoetsPen_weak","aspiration:ChemicalBlood","War Paint","halation:BlackBeret","conspire:BottledYoYo","Unceasing Top","Omamori","aspiration:MobileForge","MerchantsRug","halation:Trompette","Replay:Rubber Ducky","downfall:HeartBlessingRed","downfall:HeartBlessingGreen","downfall:HeartBlessingBlue","CCEMRelics:Pendulum","PrismaticShard","Mango","StuffTheSpire:GrapeVine","StuffTheSpire:HistoryBook"],"acts_visited":["Exordium","TheCity","TheBeyond","TheEnding"],"potions_floor_usage":[8,21,28,30,31,33,33,33,33,33,40,40,41,41,41,45,52,52,52,55,55,55,55,55],"damage_taken":[{"damage":17,"enemies":"Lagavulin","floor":2,"turns":5},{"damage":18,"enemies":"Small Slimes","floor":5,"turns":2},{"damage":0,"enemies":"conspire:RoseBush","floor":6,"turns":2},{"damage":22,"enemies":"Gremlin Nob","floor":8,"turns":4},{"damage":11,"enemies":"3 Sentries","floor":10,"turns":4},{"damage":15,"enemies":"downfall:FleeingMerchant","floor":11,"turns":4},{"damage":6,"enemies":"Jaw Worm","floor":14,"turns":2},{"damage":8,"enemies":"Blue Slaver","floor":15,"turns":2},{"damage":23,"enemies":"downfall:Defect","floor":16,"turns":4},{"damage":27,"enemies":"downfall:FleeingMerchant","floor":21,"turns":4},{"damage":12,"enemies":"conspire:FuzzyDice","floor":24,"turns":3},{"damage":23,"enemies":"conspire:FuzzyDice","floor":28,"turns":3},{"damage":28,"enemies":"Shell Parasite","floor":29,"turns":4},{"damage":19,"enemies":"downfall:FleeingMerchant","floor":30,"turns":4},{"damage":25,"enemies":"Snake Plant","floor":31,"turns":2},{"damage":11,"enemies":"Snecko","floor":32,"turns":3},{"damage":33,"enemies":"downfall:Silent","floor":33,"turns":4},{"damage":12,"enemies":"3 Shapes","floor":37,"turns":3},{"damage":35,"enemies":"Orb Walker","floor":40,"turns":3},{"damage":39,"enemies":"Transient","floor":41,"turns":4},{"damage":22,"enemies":"Nemesis","floor":42,"turns":4},{"damage":27,"enemies":"R_Hoarder","floor":44,"turns":5},{"damage":35,"enemies":"Transient","floor":45,"turns":5},{"damage":23,"enemies":"Maw","floor":46,"turns":5},{"damage":29,"enemies":"Sphere and 2 Shapes","floor":47,"turns":3},{"damage":58,"enemies":"Maw","floor":49,"turns":6},{"damage":16,"enemies":"downfall:Ironclad","floor":50,"turns":5},{"damage":44,"enemies":"downfall:CharBossMerchant","floor":52,"turns":5},{"damage":92,"enemies":"Delirium","floor":55,"turns":5}],"seed_played":"-155382234383216519","potions_obtained":[{"floor":5,"key":"Weak Potion"},{"floor":10,"key":"hexamod:EctoCoolerPotion"},{"floor":14,"key":"GamblersBrew"},{"floor":15,"key":"jedi:holywater"},{"floor":21,"key":"Block Potion"},{"floor":21,"key":"DistilledChaos"},{"floor":28,"key":"SkillPotion"},{"floor":30,"key":"hexamod:EctoCoolerPotion"},{"floor":31,"key":"Slimebound:SlimyTonguePotion"},{"floor":33,"key":"PowerPotion"},{"floor":37,"key":"champ:CounterPotion"},{"floor":40,"key":"Swift Potion"},{"floor":40,"key":"jedi:tentaclejuice"},{"floor":44,"key":"jedi:tentaclejuice"},{"floor":45,"key":"Flashbang"},{"floor":49,"key":"Slimebound:SlimedPotion"},{"floor":49,"key":"LifebloodPotion"},{"floor":52,"key":"Ancient Potion"},{"floor":52,"key":"Strength Potion"},{"floor":52,"key":"Guardian:BlockOnCardUsePotion"}],"is_trial":false,"path_per_floor":["R","E","?","R","M","M","T","E","R","E","$","T","?","M","M","B",null,"R","?","?","$","AVR","R","MIM","R","?","R","M","M","$","M","M","B",null,"R","$","M","R","?","M","MIM","E","R","E","M","M","M","?","M","B",null,"E","$","R","B"],"character_chosen":"SLIMEBOUND","items_purchased":["halation:BottledHappiness","Slimebound:SplitLeeching","Golden Egg","Slimebound:SplitBruiser","Slimebound:PressTheAttack","halation:BlackBeret","Slimebound:LevelUp","Unceasing Top","Slimebound:AcidTongue","Replay:SS_forest_2","Omamori","MerchantsRug","StuffTheSpire:GrapeVine","StuffTheSpire:HistoryBook","Slimebound:GrowthPunch","PowerPotion"],"campfire_rested":2,"item_purchase_floors":[11,11,11,11,11,21,21,30,30,30,30,36,53,53,53,53],"current_hp_per_floor":[54,45,45,45,35,35,35,34,34,27,36,36,36,30,30,23,59,59,59,13,14,14,31,39,39,39,39,47,39,39,22,35,37,59,59,59,55,55,55,54,54,52,62,63,72,72,72,72,57,72,72,66,66,86,0,0],"gold":112,"neow_bonus":"TWO_FIFTY_GOLD","is_daily":false,"chose_seed":false,"campfire_upgraded":8,"win_rate":0.0,"timestamp":1607836704,"path_taken":["R","E","?","R","M","M","T","E","R","E","$","?","?","M","M","BOSS","R","?","?","$","AVR","R","MIM","R","?","R","M","M","$","M","M","BOSS","R","$","M","R","?","M","MIM","E","R","E","M","M","M","?","M","BOSS","E","$","R","BOSS"],"items_purchased_type":["Relic","Card","Relic","Card","Card","Relic","Card","Relic","Card","Card","Relic","Relic","Relic","Relic","Card","Potion"],"build_version":"2020-11-30","purchased_purges":3,"victory":false,"max_hp_per_floor":[54,54,54,54,54,54,54,59,59,59,59,59,59,59,59,59,59,59,59,59,59,59,59,59,59,59,59,59,59,59,59,59,59,59,59,59,59,59,59,62,62,62,72,72,72,72,72,72,72,72,72,86,86,86,86,86],"card_choices":[{"not_picked":[],"picked":"EpicFetus","floor":0},{"not_picked":["Slimebound:LeechEnergy","Slimebound:SplitAcid"],"picked":"Slimebound:SplitBruiser","floor":2},{"not_picked":["Slimebound:HauntingLick","Slimebound:TongueLash","Slimebound:ViciousTackle"],"picked":"SKIP","floor":5},{"not_picked":["Slimebound:LeechEnergy","Slimebound:ComboTackle"],"picked":"Slimebound:Overexert","floor":6},{"not_picked":["Slimebound:ViciousTackle","Slimebound:LivingWall"],"picked":"Slimebound:SlimeSpikes","floor":8},{"not_picked":["Slimebound:MegaLick","Bomb"],"picked":"Slimebound:FormOfPuddle","floor":10},{"not_picked":["Slimebound:RollThrough","Bomb"],"picked":"Slimebound:MassFeed","floor":11},{"not_picked":["Slimebound:SlimeTap","Slimebound:Equalize"],"picked":"Slimebound:Replication","floor":14},{"not_picked":["Slimebound:Nibble","Slimebound:SplitMire"],"picked":"Slimebound:GoopSpray","floor":15},{"not_picked":["Slimebound:ViciousTackle+1","Slimebound:LeechEnergy"],"picked":"Slimebound:SplitMire","floor":21},{"not_picked":["Slimebound:ItLooksTasty","Slimebound:GoopSpray"],"picked":"Slimebound:SplitLeeching","floor":24},{"not_picked":["Slimebound:GrowthPunch","Slimebound:SplitLeeching"],"picked":"Slimebound:DuplicatedForm","floor":26},{"not_picked":["Slimebound:FlameTackle","Slimebound:GoopSpray"],"picked":"Slimebound:Schlurp","floor":28},{"not_picked":["Slimebound:SlimeTap+1","Slimebound:SplitLeeching"],"picked":"Slimebound:LeechingTouch+1","floor":29},{"not_picked":["Slimebound:Chomp","Slimebound:ItLooksTasty"],"picked":"Slimebound:SplitAcid","floor":30},{"not_picked":["Slimebound:TongueLash+1","Slimebound:PressTheAttack+1"],"picked":"Slimebound:Nibble+1","floor":31},{"not_picked":["Slimebound:RollThrough","Slimebound:SlimeSpikes+1"],"picked":"Slimebound:SpikyOuterGoop+1","floor":32},{"not_picked":["Slimebound:PrepareCrush","Slimebound:MassRepurpose"],"picked":"Slimebound:OozeBath","floor":33},{"not_picked":["Slimebound:ProtectTheBoss","Slimebound:SplitLeeching+1"],"picked":"Slimebound:Schlurp","floor":37},{"not_picked":["Slimebound:SplitMire+1","Slimebound:LeechingTouch"],"picked":"Slimebound:LeechLife","floor":40},{"not_picked":["Slimebound:LeechingTouch","Slimebound:ViciousTackle"],"picked":"Slimebound:Schlurp+1","floor":41},{"not_picked":["Slimebound:ComboTackle+1","Slimebound:Dissolve"],"picked":"Slimebound:LeadByExample+1","floor":42},{"not_picked":["Slimebound:BestDefense+1","Slimebound:RejuvenatingLick","Slimebound:DuplicatedForm"],"picked":"SKIP","floor":44},{"not_picked":["Slimebound:PressTheAttack","Slimebound:GrowthPunch+1"],"picked":"Slimebound:Nibble+1","floor":45},{"not_picked":["Slimebound:SamplingLick","Slimebound:Dissolve+1"],"picked":"Slimebound:LeechingTouch+1","floor":46},{"not_picked":["Slimebound:SlimeSpikes","Slimebound:AcidTongue+1"],"picked":"Slimebound:SplitBruiser+1","floor":47},{"not_picked":["Slimebound:FirmFortitude+1","Slimebound:SlimeTap+1"],"picked":"Slimebound:Schlurp","floor":49},{"not_picked":["Slimebound:RollThrough","Slimebound:LivingWall","Slimebound:FinishingTackle"],"picked":"SKIP","floor":52}],"player_experience":742185,"relics_obtained":[{"floor":2,"key":"StuffTheSpire:Tea"},{"floor":3,"key":"Ring of Panic"},{"floor":3,"key":"Ring of Greed"},{"floor":3,"key":"hubris:MobiusCoin"},{"floor":3,"key":"Replay:Wax Seal"},{"floor":7,"key":"CCEMRelics:Barrel"},{"floor":8,"key":"CCEMRelics:CocoNut"},{"floor":10,"key":"ReplayTheSpireMod:Lightbulb"},{"floor":12,"key":"ReplayTheSpireMod:TigerMarble"},{"floor":24,"key":"conspire:BottledYoYo"},{"floor":41,"key":"halation:Trompette"},{"floor":42,"key":"Replay:Rubber Ducky"},{"floor":44,"key":"CCEMRelics:Pendulum"},{"floor":52,"key":"PrismaticShard"},{"floor":52,"key":"Mango"}],"event_choices":[{"damage_healed":0,"gold_gain":0,"cards_transformed":["Slimebound:Defend_Slimebound"],"player_choice":"Transformed","damage_taken":0,"max_hp_gain":0,"max_hp_loss":0,"event_name":"Transmorgrifier","floor":19,"gold_loss":0,"cards_obtained":["Slimebound:HauntingLick"]},{"damage_healed":0,"gold_gain":346,"player_choice":"RE RE GO GO GO ","damage_taken":53,"relics_obtained":["aspiration:ChemicalBlood","War Paint"],"max_hp_gain":0,"max_hp_loss":0,"event_name":"betterSkull:BetterSkull","floor":20,"gold_loss":0,"cards_upgraded":[]},{"cards_removed":["Slimebound:SplitMire"],"damage_healed":0,"gold_gain":0,"player_choice":"Removed Skill","damage_taken":0,"max_hp_gain":0,"max_hp_loss":0,"event_name":"Falling","floor":48,"gold_loss":0}],"is_beta":false,"boss_relics":[{"not_picked":["Ring of Chaos","beaked:MawFillet"],"picked":"aspiration:PoetsPen_weak"},{"not_picked":[]},{"not_picked":["hubris:HollowSoul","conspire:RunicOctahedron"],"picked":"aspiration:MobileForge"},{"not_picked":[]}],"items_purged_floors":[21,30,53],"is_endless":false,"potions_floor_spawned":[5,10,14,15,31,32,33,37,44,45,46],"killed_by":"Delirium","ascension_level":0}}