{"host":"f55lpzc7830gmx23","time":1607902300,"event":{"mods":["BaseMod","Better Note","Downfall","Hermit","Minty Spire (QoL Compilation)","StSLib","The Blackbeard","The Cursed","The Necromancer"],"gold_per_floor":[112,112,62,62,87,112,112,145,172,192,222,222,232,260,260,361,361,350,370,370,393,244,275,307,321,347,85,85,85,85],"floor_reached":29,"playtime":2032,"items_purged":[],"score":410,"play_id":"0ba23f13-84b2-4aa0-85e4-2b53cc8ca86a","local_time":"20201214003140","is_ascension_mode":true,"campfire_choices":[{"data":"MasterReality","floor":7.0,"key":"SMITH"},{"floor":15.0,"key":"REST"},{"floor":28.0,"key":"REST"}],"circlet_count":0,"master_deck":["Strike_P","Strike_P","Strike_P","Strike_P","Defend_P","Defend_P","Defend_P","Defend_P","Eruption","Vigilance","Swivel","MasterReality+1","BattleHymn","PathToVictory","LikeWater","Bash","FollowUp","DevaForm","Scrawl+1","PathToVictory+1","Indignation+1","PathToVictory+1","EmptyBody+1","Prostrate+1","Alpha+1","PathToVictory+1"],"relics":["HolyWater","NeowsBlessing","Regal Pillow","Oddly Smooth Stone","Happy Flower","Potion Belt","Smiling Mask","Tiny Chest","Toxic Egg 2","Toy Ornithopter","Art of War","The Courier","Red Mask","Bag of Marbles","Nunchaku"],"acts_visited":["Exordium","TheCity"],"potions_floor_usage":[],"damage_taken":[{"damage":0.0,"enemies":"Jaw Worm","floor":1.0,"turns":1.0},{"damage":0.0,"enemies":"Gremlin Nob","floor":6.0,"turns":1.0},{"damage":0.0,"enemies":"3 Sentries","floor":8.0,"turns":1.0},{"damage":3.0,"enemies":"2 Louse","floor":10.0,"turns":2.0},{"damage":18.0,"enemies":"Lagavulin","floor":11.0,"turns":5.0},{"damage":1.0,"enemies":"Small Slimes","floor":13.0,"turns":3.0},{"damage":32.0,"enemies":"3 Sentries","floor":14.0,"turns":6.0},{"damage":0.0,"enemies":"Slime Boss","floor":16.0,"turns":5.0},{"damage":22.0,"enemies":"2 Thieves","floor":18.0,"turns":4.0},{"damage":0.0,"enemies":"Spheric Guardian","floor":19.0,"turns":1.0},{"damage":41.0,"enemies":"Slavers","floor":23.0,"turns":3.0},{"damage":18.0,"enemies":"Masked Bandits","floor":24.0,"turns":4.0},{"damage":2.0,"enemies":"Snecko","floor":25.0,"turns":4.0},{"damage":43,"enemies":"Book of Stabbing","floor":29,"turns":5}],"seed_played":"-3156653738091810329","potions_obtained":[{"floor":6.0,"key":"champ:CounterPotion"},{"floor":8.0,"key":"Swift Potion"},{"floor":10.0,"key":"Guardian:BlockOnCardUsePotion"},{"floor":14.0,"key":"Dexterity Potion"},{"floor":16.0,"key":"AttackPotion"},{"floor":18.0,"key":"Dexterity Potion"},{"floor":23.0,"key":"Swift Potion"}],"is_trial":false,"path_per_floor":["M","?","?","?","T","E","R","E","T","M","E","?","M","E","R","B",null,"M","M","?","T","$","E","?","M","T","$","R","E"],"character_chosen":"WATCHER","items_purchased":["Art of War","Alpha+1","PathToVictory+1","Nunchaku"],"campfire_rested":2,"item_purchase_floors":[22,27,27,27],"current_hp_per_floor":[72,72,72,72,72,72,72,72,72,69,51,51,50,18,54,54,72,50,50,50,50,50,14,6,4,4,4,40,0,0],"gold":85,"neow_bonus":"THREE_ENEMY_KILL","is_daily":false,"chose_seed":false,"campfire_upgraded":1,"win_rate":0.0,"timestamp":1607902300,"path_taken":["M","?","?","?","?","E","R","E","T","M","E","?","?","E","R","BOSS","M","M","?","?","$","E","?","M","T","?","R","E"],"items_purchased_type":["Relic","Card","Card","Relic"],"build_version":"2020-11-30","purchased_purges":0,"victory":false,"max_hp_per_floor":[72,72,72,72,72,72,72,72,72,72,72,72,72,72,72,72,72,72,72,72,72,72,72,72,72,72,72,72,72,72],"card_choices":[{"not_picked":["EmptyFist","SignatureMove"],"picked":"Swivel","floor":1.0},{"not_picked":["Consecrate","WaveOfTheHand"],"picked":"MasterReality","floor":6.0},{"not_picked":["BowlingBash","Vengeance"],"picked":"BattleHymn","floor":8.0},{"not_picked":["SignatureMove","Protect"],"picked":"PathToVictory","floor":10.0},{"not_picked":["PathToVictory","Collect"],"picked":"LikeWater","floor":11.0},{"not_picked":["Protect","SashWhip"],"picked":"FollowUp","floor":13.0},{"not_picked":["CarveReality","FollowUp"],"picked":"DevaForm","floor":14.0},{"not_picked":["Omniscience+1","MasterReality"],"picked":"Scrawl+1","floor":16.0},{"not_picked":["Crescendo+1","WheelKick"],"picked":"PathToVictory+1","floor":18.0},{"not_picked":["JustLucky","FlurryOfBlows+1"],"picked":"Indignation+1","floor":19.0},{"not_picked":["DeceiveReality+1","Perseverance+1"],"picked":"EmptyBody+1","floor":23.0},{"not_picked":["JustLucky","EmptyFist+1"],"picked":"Prostrate+1","floor":24.0},{"not_picked":["Conclude","ThirdEye+1","WreathOfFlame+1"],"picked":"SKIP","floor":25.0}],"player_experience":393747,"relics_obtained":[{"floor":5.0,"key":"Oddly Smooth Stone"},{"floor":6.0,"key":"Happy Flower"},{"floor":8.0,"key":"Potion Belt"},{"floor":9.0,"key":"Smiling Mask"},{"floor":11.0,"key":"Tiny Chest"},{"floor":14.0,"key":"Toxic Egg 2"},{"floor":21.0,"key":"Toy Ornithopter"},{"floor":23.0,"key":"The Courier"},{"floor":24.0,"key":"Red Mask"},{"floor":26.0,"key":"Bag of Marbles"}],"event_choices":[{"damage_healed":0.0,"max_hp_gain":0.0,"max_hp_loss":0.0,"gold_gain":0.0,"event_name":"Big Fish","player_choice":"Box","floor":2.0,"gold_loss":0.0,"damage_taken":0.0,"relics_obtained":["Regal Pillow"],"cards_obtained":["Regret"]},{"cards_removed":["Regret"],"damage_healed":0.0,"max_hp_gain":0.0,"max_hp_loss":0.0,"gold_gain":0.0,"event_name":"The Cleric","player_choice":"Card Removal","floor":3.0,"gold_loss":50.0,"damage_taken":0.0},{"damage_healed":0.0,"max_hp_gain":0.0,"max_hp_loss":0.0,"gold_gain":0.0,"event_name":"Golden Wing","player_choice":"Ignored","floor":4.0,"gold_loss":0.0,"damage_taken":0.0},{"damage_healed":0.0,"max_hp_gain":0.0,"max_hp_loss":0.0,"gold_gain":0.0,"event_name":"betterNote:BetterNote","player_choice":"Take","floor":12.0,"gold_loss":0.0,"damage_taken":0.0,"cards_obtained":["Bash"]},{"damage_healed":0.0,"max_hp_gain":0.0,"max_hp_loss":0.0,"gold_gain":0.0,"event_name":"Duplicator","player_choice":"Copied","floor":20.0,"gold_loss":0.0,"damage_taken":0.0,"cards_obtained":["PathToVictory"]},{"damage_healed":0.0,"max_hp_gain":0.0,"max_hp_loss":0.0,"gold_gain":0.0,"event_name":"Masked Bandits","player_choice":"Fought Bandits","floor":24.0,"gold_loss":0.0,"damage_taken":0.0}],"is_beta":false,"boss_relics":[{"not_picked":["VioletLotus","Empty Cage"],"picked":"HolyWater"}],"items_purged_floors":[],"is_endless":false,"potions_floor_spawned":[6,8,10,14,16,18,23],"killed_by":"Book of Stabbing","ascension_level":1}}