{"host":"51f0ad793vly1w6u","time":1607871447,"event":{"mods":["BaseMod","Colored Map","DeckTracker","Minty Spire (QoL Compilation)","StSLib","SuperFastMode"],"gold_per_floor":[18,33,3,3,13,13,13,13,13,13,46,62,130,146,146,146,146],"floor_reached":16,"playtime":218,"items_purged":[],"score":200,"play_id":"f9c9abe2-926c-4a26-90bb-6c106106429f","local_time":"20201213235727","is_ascension_mode":true,"campfire_choices":[{"data":"Entrench","floor":6,"key":"SMITH"},{"data":"Shrug It Off","floor":8,"key":"SMITH"},{"data":"Bash","floor":10,"key":"SMITH"},{"data":"Iron Wave","floor":15,"key":"SMITH"}],"circlet_count":0,"master_deck":["AscendersBane","Strike_R","Strike_R","Strike_R","Strike_R","Strike_R","Defend_R","Defend_R","Defend_R","Defend_R","Bash+1","Entrench+1","Hemokinesis+1","Shrug It Off+1","Iron Wave+1","Impervious"],"relics":["Burning Blood","Matryoshka","Omamori","Bag of Preparation","Bottled Flame"],"acts_visited":["Exordium"],"potions_floor_usage":[16],"damage_taken":[{"damage":24,"enemies":"Jaw Worm","floor":1,"turns":4},{"damage":11,"enemies":"Small Slimes","floor":2,"turns":5},{"damage":9,"enemies":"2 Louse","floor":5,"turns":3},{"damage":25,"enemies":"Lagavulin","floor":11,"turns":6},{"damage":5,"enemies":"Exordium Wildlife","floor":12,"turns":4},{"damage":8,"enemies":"Looter","floor":14,"turns":2},{"damage":41,"enemies":"Hexaghost","floor":16,"turns":7}],"seed_played":"6668113705462527770","potions_obtained":[{"floor":2,"key":"SpeedPotion"},{"floor":5,"key":"Energy Potion"},{"floor":11,"key":"Weak Potion"}],"is_trial":false,"path_per_floor":["M","M","$","?","M","R","?","R","T","R","E","M","T","M","R","B"],"character_chosen":"IRONCLAD","items_purchased":["Shrug It Off"],"campfire_rested":0,"item_purchase_floors":[3],"current_hp_per_floor":[64,59,59,59,56,56,56,56,56,56,37,38,38,36,36,0,0],"gold":146,"neow_bonus":"TWENTY_PERCENT_HP_BONUS","is_daily":false,"chose_seed":false,"campfire_upgraded":4,"win_rate":0.0,"timestamp":1607871447,"path_taken":["M","M","$","?","M","R","?","R","T","R","E","M","?","M","R","BOSS"],"items_purchased_type":["Card"],"build_version":"2020-11-30","purchased_purges":0,"victory":false,"max_hp_per_floor":[89,89,89,89,89,89,89,89,89,89,89,89,89,89,89,89,89],"card_choices":[{"not_picked":["Sword Boomerang","True Grit"],"picked":"Entrench","floor":1},{"not_picked":["Anger","Heavy Blade"],"picked":"Hemokinesis","floor":2},{"not_picked":["Twin Strike","Perfected Strike"],"picked":"Iron Wave","floor":5},{"not_picked":["Evolve","Thunderclap"],"picked":"Impervious","floor":11},{"not_picked":["Fire Breathing","Infernal Blade","Heavy Blade"],"picked":"SKIP","floor":12},{"not_picked":["Sever Soul","Infernal Blade","Clothesline"],"picked":"SKIP","floor":14}],"player_experience":1363252,"relics_obtained":[{"floor":9,"key":"Matryoshka"},{"floor":11,"key":"Omamori"},{"floor":13,"key":"Bag of Preparation"},{"floor":13,"key":"Bottled Flame"}],"event_choices":[{"damage_healed":0,"gold_gain":0,"player_choice":"Grow","damage_taken":0,"max_hp_gain":0,"max_hp_loss":0,"event_name":"Living Wall","floor":4,"gold_loss":0,"cards_upgraded":["Hemokinesis"]},{"damage_healed":0,"gold_gain":0,"player_choice":"Ignored","damage_taken":0,"max_hp_gain":0,"max_hp_loss":0,"event_name":"Liars Game","floor":7,"gold_loss":0}],"is_beta":false,"boss_relics":[],"items_purged_floors":[],"is_endless":false,"potions_floor_spawned":[2,5,11],"killed_by":"Hexaghost","ascension_level":20}}