{"host":"4evnc443c98ww2zl","time":1607889843,"event":{"mods":["BaseMod","Hermit","Koishi","Minty Spire (QoL Compilation)","Remilia??????","Robot Space Explorer","StSLib","The Administrix","The Animator","The Bug Knight","The Cursed"],"gold_per_floor":[113,113,133,148,164,191,201,234,261,271,271,284,284,4,4,100,100,120,220,51,62,62,93,103,103,130,183,183,211,211,211,211,307,307,326,79,79,0,50,78,78,106,182,199,199,252,266,294,294,294],"floor_reached":51,"playtime":4518,"items_purged":[],"score":906,"play_id":"61b77123-af00-417a-a94a-bfa35236456d","local_time":"20201213140403","is_ascension_mode":false,"campfire_choices":[{"floor":11,"key":"REST"},{"floor":13,"key":"REST"},{"data":"RobotSpaceExplorer:MiniLasers","floor":15,"key":"SMITH"},{"data":"RobotSpaceExplorer:ChargingLaser","floor":25,"key":"SMITH"},{"floor":28,"key":"RECALL"},{"floor":32,"key":"REST"},{"data":"RobotSpaceExplorer:Fix","floor":41,"key":"SMITH"},{"data":"RobotSpaceExplorer:Strike","floor":49,"key":"PURGE"}],"circlet_count":0,"master_deck":["RobotSpaceExplorer:Strike","RobotSpaceExplorer:Strike","RobotSpaceExplorer:Strike","RobotSpaceExplorer:Defend","RobotSpaceExplorer:Defend","RobotSpaceExplorer:Defend","RobotSpaceExplorer:Scan","RobotSpaceExplorer:MiniLasers+1","RobotSpaceExplorer:ScrapMissile","RobotSpaceExplorer:GlueShot","RobotSpaceExplorer:ScrapMissile","RobotSpaceExplorer:FranticSearch","RobotSpaceExplorer:LuckyStrike","RobotSpaceExplorer:ScrapMissile","RobotSpaceExplorer:ChargingLaser+1","RobotSpaceExplorer:FreezeRay","RobotSpaceExplorer:MiniDrones","RobotSpaceExplorer:StunGrenade","Good Instincts","RobotSpaceExplorer:ShockMissile","RobotSpaceExplorer:ScrapMissile","RobotSpaceExplorer:ScrapShield+1","Sadistic Nature","RobotSpaceExplorer:MetalStrike+1","RobotSpaceExplorer:ScrapToss","RobotSpaceExplorer:ShovelStrike+1","RobotSpaceExplorer:ScrapMissile+1","RobotSpaceExplorer:MiniDrones+1","RobotSpaceExplorer:SwiftStep","RobotSpaceExplorer:Probe+1","RobotSpaceExplorer:Fix+1","RobotSpaceExplorer:ShovelStrike+1","RobotSpaceExplorer:DualCore+1","RobotSpaceExplorer:ImprovisedAttack+1","RobotSpaceExplorer:GlueShot+1"],"relics":["RobotSpaceExplorer:RoboCore","NeowsBlessing","Bag of Marbles","Omamori","Vajra","Juzu Bracelet","HandDrill","Calling Bell","Bag of Preparation","HollowMod:LifeEnderRelic","Prayer Wheel","FaceOfCleric","Akabeko","Bronze Scales","RobotSpaceExplorer:ClockworkSextant","Singing Bowl","SlaversCollar","Gremlin Horn","Red Mask","RobotSpaceExplorer:RingOfTheNewt","Darkstone Periapt","Nunchaku","Molten Egg 2","Peace Pipe","Toxic Egg 2"],"acts_visited":["Exordium","TheCity","TheBeyond"],"potions_floor_usage":[6,8,8,33,33,39,48,48,50],"damage_taken":[{"damage":0.0,"enemies":"2 Louse","floor":1.0,"turns":1.0},{"damage":0,"enemies":"Cultist","floor":3,"turns":1},{"damage":0,"enemies":"Small Slimes","floor":4,"turns":1},{"damage":2,"enemies":"2 Fungi Beasts","floor":5,"turns":3},{"damage":23,"enemies":"3 Sentries","floor":6,"turns":9},{"damage":5,"enemies":"Looter","floor":7,"turns":2},{"damage":15,"enemies":"HollowMod:MossKnight","floor":8,"turns":12},{"damage":0,"enemies":"Exordium Wildlife","floor":10,"turns":3},{"damage":0,"enemies":"Exordium Thugs","floor":12,"turns":2},{"damage":43,"enemies":"Hexaghost","floor":16,"turns":11},{"damage":0,"enemies":"Chosen","floor":18,"turns":2},{"damage":0,"enemies":"Shell Parasite","floor":21,"turns":1},{"damage":18,"enemies":"Gremlin Leader","floor":23,"turns":5},{"damage":0,"enemies":"Snake Plant","floor":24,"turns":2},{"damage":5,"enemies":"HollowMod:Nosk","floor":29,"turns":3},{"damage":11,"enemies":"Collector","floor":33,"turns":4},{"damage":0,"enemies":"Orb Walker","floor":35,"turns":3},{"damage":7,"enemies":"Mind Bloom Boss Battle","floor":39,"turns":5},{"damage":0,"enemies":"Reptomancer","floor":40,"turns":3},{"damage":16,"enemies":"Nemesis","floor":42,"turns":5},{"damage":0,"enemies":"3 Shapes","floor":44,"turns":1},{"damage":0,"enemies":"2 Orb Walkers","floor":46,"turns":1},{"damage":0,"enemies":"3 Darklings","floor":47,"turns":1},{"damage":0,"enemies":"Giant Head","floor":48,"turns":3},{"damage":37,"enemies":"Time Eater","floor":50,"turns":8}],"seed_played":"-759826232389913079","potions_obtained":[{"floor":4,"key":"PowerPotion"},{"floor":5,"key":"Explosive Potion"},{"floor":7,"key":"Weak Potion"},{"floor":8,"key":"LiquidMemories"},{"floor":16,"key":"EssenceOfSteel"},{"floor":18,"key":"EssenceOfSteel"},{"floor":23,"key":"SteroidPotion"},{"floor":29,"key":"PowerPotion"},{"floor":31,"key":"Ancient Potion"},{"floor":35,"key":"Energy Potion"},{"floor":42,"key":"Energy Potion"},{"floor":47,"key":"AttackPotion"}],"is_trial":false,"path_per_floor":["M","?","M","M","M","E","M","E","T","M","R","M","R","$","R","B",null,"M","?","$","M","?","E","M","R","T","T","R","E","?","?","R","B",null,"M","$","?","?","?","E","R","E","T","M","$","?","M","E","R","B",null],"character_chosen":"RobotSpaceExplorer","items_purchased":["HandDrill","RobotSpaceExplorer:StunGrenade","Good Instincts","Sadistic Nature","Gremlin Horn"],"campfire_rested":3,"item_purchase_floors":[14,14,14,20,36],"current_hp_per_floor":[75,63,63,63,61,38,33,18,18,18,40,40,62,62,62,19,75,75,75,75,75,75,58,59,59,59,59,59,57,57,57,80,72,83,86,86,86,86,80,81,81,72,72,75,75,76,81,88,88,58],"gold":294,"neow_bonus":"THREE_ENEMY_KILL","is_daily":false,"chose_seed":false,"campfire_upgraded":3,"win_rate":0.0,"timestamp":1607889843,"path_taken":["M","?","M","M","M","E","M","E","T","M","R","M","R","$","R","BOSS","M","?","$","M","?","E","M","R","T","?","R","E","?","?","R","BOSS","M","$","?","?","?","E","R","E","T","M","$","?","M","E","R","BOSS"],"items_purchased_type":["Relic","Card","Card","Card","Relic"],"build_version":"2020-11-30","purchased_purges":0,"victory":true,"max_hp_per_floor":[75,75,75,75,75,75,75,75,75,75,75,75,75,75,75,75,75,75,75,75,75,75,76,77,77,77,77,77,80,80,80,80,83,83,86,86,86,86,87,88,88,89,89,92,92,93,98,99,99,100],"card_choices":[{"not_picked":["RobotSpaceExplorer:FrostMissile","RobotSpaceExplorer:Blitz"],"picked":"RobotSpaceExplorer:ScrapMissile","floor":1},{"not_picked":["RobotSpaceExplorer:DoubleBlock","RobotSpaceExplorer:Blitz"],"picked":"RobotSpaceExplorer:GlueShot","floor":3},{"not_picked":["RobotSpaceExplorer:FrostMissile","RobotSpaceExplorer:SwiftStep"],"picked":"RobotSpaceExplorer:ScrapMissile","floor":4},{"not_picked":["RobotSpaceExplorer:SwiftStep","RobotSpaceExplorer:FrostMissile"],"picked":"RobotSpaceExplorer:FranticSearch","floor":5},{"not_picked":["RobotSpaceExplorer:BigMissile","RobotSpaceExplorer:MetalStrike"],"picked":"RobotSpaceExplorer:LuckyStrike","floor":6},{"not_picked":["RobotSpaceExplorer:DoubleFind","RobotSpaceExplorer:Electropulse"],"picked":"RobotSpaceExplorer:ScrapMissile","floor":7},{"not_picked":["RobotSpaceExplorer:PowerCollector","RobotSpaceExplorer:MiniDrones"],"picked":"RobotSpaceExplorer:ChargingLaser","floor":8},{"not_picked":["RobotSpaceExplorer:PowerGlove","RobotSpaceExplorer:Ammunition"],"picked":"RobotSpaceExplorer:FreezeRay","floor":10},{"not_picked":["RobotSpaceExplorer:Ammunition","RobotSpaceExplorer:StunGrenade"],"picked":"RobotSpaceExplorer:MiniDrones","floor":12},{"not_picked":["RobotSpaceExplorer:Scanner","RobotSpaceExplorer:BlastShield"],"picked":"RobotSpaceExplorer:ShockMissile","floor":16},{"not_picked":["RobotSpaceExplorer:Jetpack","RobotSpaceExplorer:TurboDodge"],"picked":"RobotSpaceExplorer:ScrapMissile","floor":18},{"not_picked":["RobotSpaceExplorer:PlasmaMissile","RobotSpaceExplorer:ScrapToss"],"picked":"RobotSpaceExplorer:ScrapShield+1","floor":18},{"not_picked":["RobotSpaceExplorer:ScrapMissile","RobotSpaceExplorer:MiniDrones"],"picked":"RobotSpaceExplorer:MetalStrike+1","floor":21},{"not_picked":["RobotSpaceExplorer:Calculate","RobotSpaceExplorer:SurgingShield"],"picked":"RobotSpaceExplorer:ScrapToss","floor":21},{"not_picked":["RobotSpaceExplorer:TurboDodge","RobotSpaceExplorer:StunGrenade"],"picked":"RobotSpaceExplorer:ShovelStrike+1","floor":23},{"not_picked":["RobotSpaceExplorer:Smokescreen+1","RobotSpaceExplorer:JunkDive+1"],"picked":"RobotSpaceExplorer:ScrapMissile+1","floor":24},{"not_picked":["RobotSpaceExplorer:StunGrenade","RobotSpaceExplorer:ScrapMissile"],"picked":"RobotSpaceExplorer:MiniDrones+1","floor":24},{"not_picked":["RobotSpaceExplorer:StunGrenade","RobotSpaceExplorer:StarDust","RobotSpaceExplorer:Discharger"],"picked":"Singing Bowl","floor":29},{"not_picked":["RobotSpaceExplorer:Scanner","RobotSpaceExplorer:BlastShield","RobotSpaceExplorer:Autoloader"],"picked":"Singing Bowl","floor":33},{"not_picked":["RobotSpaceExplorer:DoubleFind+1","RobotSpaceExplorer:MiniDrones"],"picked":"RobotSpaceExplorer:SwiftStep","floor":35},{"not_picked":["RobotSpaceExplorer:PowerGlove","RobotSpaceExplorer:Counterblock+1","RobotSpaceExplorer:Pulsar+1"],"picked":"Singing Bowl","floor":35},{"not_picked":["RobotSpaceExplorer:ShockKick","RobotSpaceExplorer:HighVoltage"],"picked":"RobotSpaceExplorer:Probe+1","floor":39},{"not_picked":["RobotSpaceExplorer:Ammunition+1","RobotSpaceExplorer:ScrapMissile"],"picked":"RobotSpaceExplorer:Fix","floor":40},{"not_picked":["RobotSpaceExplorer:ShockKick+1","RobotSpaceExplorer:StunGrenade"],"picked":"RobotSpaceExplorer:ShovelStrike+1","floor":42},{"not_picked":["RobotSpaceExplorer:Pulsar+1","RobotSpaceExplorer:Calculate+1"],"picked":"RobotSpaceExplorer:DualCore+1","floor":44},{"not_picked":["RobotSpaceExplorer:ChargingLaser+1","RobotSpaceExplorer:FreezingShield+1","RobotSpaceExplorer:SelfCleaning+1"],"picked":"Singing Bowl","floor":44},{"not_picked":["RobotSpaceExplorer:Pulsar","RobotSpaceExplorer:FranticSearch"],"picked":"RobotSpaceExplorer:ImprovisedAttack+1","floor":46},{"not_picked":["RobotSpaceExplorer:BigMissile+1","RobotSpaceExplorer:Scanner","RobotSpaceExplorer:MetalStrike+1"],"picked":"Singing Bowl","floor":47},{"not_picked":["RobotSpaceExplorer:MakeshiftVolley+1","RobotSpaceExplorer:MetalStrike+1","RobotSpaceExplorer:SlimeMissile+1"],"picked":"Singing Bowl","floor":47},{"not_picked":["RobotSpaceExplorer:ExhaustFan","RobotSpaceExplorer:ScrapMissile+1"],"picked":"RobotSpaceExplorer:GlueShot+1","floor":48}],"player_experience":1038989,"relics_obtained":[{"floor":6,"key":"Omamori"},{"floor":8,"key":"Vajra"},{"floor":9,"key":"Juzu Bracelet"},{"floor":17,"key":"Bag of Preparation"},{"floor":17,"key":"HollowMod:LifeEnderRelic"},{"floor":17,"key":"Prayer Wheel"},{"floor":23,"key":"Akabeko"},{"floor":26,"key":"Bronze Scales"},{"floor":27,"key":"RobotSpaceExplorer:ClockworkSextant"},{"floor":29,"key":"Singing Bowl"},{"floor":39,"key":"RobotSpaceExplorer:RingOfTheNewt"},{"floor":40,"key":"Darkstone Periapt"},{"floor":42,"key":"Nunchaku"},{"floor":43,"key":"Molten Egg 2"},{"floor":46,"key":"Peace Pipe"},{"floor":48,"key":"Toxic Egg 2"}],"event_choices":[{"damage_healed":0,"gold_gain":0,"player_choice":"Success","damage_taken":12,"relics_obtained":["Bag of Marbles"],"max_hp_gain":0,"max_hp_loss":0,"event_name":"Scrap Ooze","floor":2,"gold_loss":0},{"damage_healed":0,"gold_gain":100,"player_choice":"Pray","damage_taken":0,"max_hp_gain":0,"max_hp_loss":0,"event_name":"Golden Shrine","floor":19,"gold_loss":0},{"damage_healed":0,"gold_gain":0,"player_choice":"Trade","damage_taken":0,"relics_obtained":["FaceOfCleric"],"max_hp_gain":0,"max_hp_loss":0,"event_name":"FaceTrader","floor":22,"gold_loss":0},{"damage_healed":0,"gold_gain":0,"cards_transformed":["RobotSpaceExplorer:Defend"],"player_choice":"Transformed","damage_taken":0,"max_hp_gain":0,"max_hp_loss":0,"event_name":"Transmorgrifier","floor":30,"gold_loss":0,"cards_obtained":["RobotSpaceExplorer:GlueShot"]},{"damage_healed":0,"gold_gain":0,"player_choice":"Got Potions","damage_taken":0,"max_hp_gain":0,"max_hp_loss":0,"event_name":"Lab","floor":31,"gold_loss":0},{"cards_removed":["RobotSpaceExplorer:GlueShot"],"damage_healed":0,"gold_gain":0,"player_choice":"Removed Skill","damage_taken":0,"max_hp_gain":0,"max_hp_loss":0,"event_name":"Falling","floor":37,"gold_loss":0},{"damage_healed":0,"gold_gain":0,"player_choice":"Paid","damage_taken":0,"relics_obtained":["Red Mask"],"max_hp_gain":0,"max_hp_loss":0,"event_name":"Tomb of Lord Red Mask","floor":38,"gold_loss":79},{"damage_healed":0,"gold_gain":0,"player_choice":"Fight","damage_taken":0,"max_hp_gain":0,"max_hp_loss":0,"event_name":"MindBloom","floor":39,"gold_loss":0},{"damage_healed":0,"gold_gain":0,"player_choice":"Fight","damage_taken":0,"max_hp_gain":0,"max_hp_loss":0,"event_name":"Mysterious Sphere","floor":46,"gold_loss":0}],"is_beta":false,"boss_relics":[{"not_picked":["Cursed Key","Pandora\u0027s Box"],"picked":"Calling Bell"},{"not_picked":["Astrolabe","Empty Cage"],"picked":"SlaversCollar"}],"items_purged_floors":[],"is_endless":false,"potions_floor_spawned":[4,5,7,8,16,18,23,29,35,42,47],"ascension_level":0}}