{"host":"usrgk25etjl0nf5i","time":1607820250,"event":{"mods":["2.2 Compatiblity","BaseMod","Downfall","Hermit","Hubris","Minty Spire (QoL Compilation)","StSLib","SuperFastMode","The Disciple","The Hierophant"],"gold_per_floor":[99,99,24,24,44,73,73,73,73,104,122,138,48,33,50,154,154,79,79,79,79,79,79,79,64,77,107,19,32,136,147,159,254,254,179,179,195,214,241,241,268,268,302,302,312,312,312,82,99,99,99,132,6,6,6],"floor_reached":56,"playtime":3833,"items_purged":["Pain"],"score":1504,"play_id":"9586ff3c-def2-4958-b730-97e943d8ad2d","local_time":"20201212164410","is_ascension_mode":false,"campfire_choices":[{"floor":1,"key":"RECALL"},{"data":"champ:Taunt","floor":3,"key":"SMITH"},{"floor":9,"key":"REST"},{"data":"champ:PerfectForm","floor":18,"key":"SMITH"},{"data":"champ:Devastate","floor":23,"key":"SMITH"},{"data":"champ:HoldFirm","floor":35,"key":"SMITH"},{"data":"expansioncontent:DonusPower","floor":42,"key":"SMITH"},{"data":"expansioncontent:YouAreMine","floor":44,"key":"SMITH"},{"data":"champ:DancingMaster","floor":54,"key":"SMITH"}],"circlet_count":0,"master_deck":["champ:Strike","champ:Strike","champ:Strike","champ:Defend+1","champ:Defend","champ:Defend+1","champ:Execute","champ:Taunt+1","champ:BladeFlurry","champ:AdrenalArmor","champ:FlashCut","champ:FlashCut","champ:ViciousMockery","champ:Devastate+1","champ:StanceDance","champ:ShieldSlam","champ:Backstep","champ:ViciousMockery+1","champ:ViciousMockery+1","champ:ShieldThrow","champ:GladiatorStyle","champ:ArenaPreparation+1","champ:FocusedDefense+1","champ:DefensiveShout+1","champ:HoldFirm+1","expansioncontent:DonusPower+1","expansioncontent:YouAreMine+1","champ:Devastate","champ:AdrenalArmor+1","hubris:DuctTapeCard","champ:DancingMaster+1","champ:StanceDance+1","champ:Shatter+1"],"relics":["champ:ChampionCrown","downfall:HeartBlessingRed","Tiny Chest","Toy Ornithopter","champ:FightingForDummies","Philosopher\u0027s Stone","downfall:HeartBlessingBlue","MutagenicStrength","War Paint","Pen Nib","Calipers","hubris:Metronome","SacredBark","downfall:HeartBlessingGreen","Art of War","hubris:DeckOfHolding","hubris:SlimyHat","hubris:DuctTape","InkBottle","hubris:Towel","ClockworkSouvenir","Guardian:BottledAnomaly","Strawberry"],"acts_visited":["Exordium","TheCity","TheBeyond","TheEnding"],"potions_floor_usage":[16,16,25,28,32,32,39,43,50,55,55],"damage_taken":[{"damage":8,"enemies":"2 Louse","floor":5,"turns":3},{"damage":59,"enemies":"3 Sentries","floor":6,"turns":13},{"damage":28,"enemies":"Gremlin Nob","floor":10,"turns":4},{"damage":5,"enemies":"Small Slimes","floor":11,"turns":2},{"damage":11,"enemies":"Jaw Worm","floor":12,"turns":2},{"damage":12,"enemies":"downfall:FleeingMerchant","floor":13,"turns":4},{"damage":14,"enemies":"downfall:FleeingMerchant","floor":14,"turns":4},{"damage":5,"enemies":"3 Louse","floor":15,"turns":3},{"damage":54,"enemies":"downfall:Watcher","floor":16,"turns":13},{"damage":29,"enemies":"downfall:FleeingMerchant","floor":25,"turns":4},{"damage":3,"enemies":"Chosen","floor":26,"turns":3},{"damage":47,"enemies":"Slavers","floor":27,"turns":4},{"damage":24,"enemies":"downfall:FleeingMerchant","floor":28,"turns":4},{"damage":18,"enemies":"Shell Parasite","floor":29,"turns":3},{"damage":0,"enemies":"downfall:FleeingMerchant","floor":30,"turns":1},{"damage":5,"enemies":"Sentry and Sphere","floor":31,"turns":3},{"damage":23,"enemies":"Snake Plant","floor":32,"turns":3},{"damage":38,"enemies":"downfall:Defect","floor":33,"turns":8},{"damage":15,"enemies":"Orb Walker","floor":37,"turns":3},{"damage":44,"enemies":"3 Darklings","floor":38,"turns":5},{"damage":47,"enemies":"Nemesis","floor":39,"turns":5},{"damage":26,"enemies":"Giant Head","floor":43,"turns":5},{"damage":24,"enemies":"Sphere and 2 Shapes","floor":45,"turns":3},{"damage":6,"enemies":"Spire Growth","floor":49,"turns":4},{"damage":39,"enemies":"downfall:Ironclad","floor":50,"turns":4},{"damage":51,"enemies":"downfall:CharBossMerchant","floor":52,"turns":4},{"damage":126,"enemies":"downfall:NeowBoss","floor":55,"turns":24}],"seed_played":"5309680368559949764","potions_obtained":[{"floor":12,"key":"AttackPotion"},{"floor":15,"key":"champ:TechniquePotion"},{"floor":16,"key":"SpeedPotion"},{"floor":27,"key":"GamblersBrew"},{"floor":29,"key":"SkillPotion"},{"floor":31,"key":"Fruit Juice"},{"floor":38,"key":"sneckomod:MuddlingPotion"},{"floor":39,"key":"PowerPotion"},{"floor":49,"key":"BlessingOfTheForge"}],"is_trial":false,"path_per_floor":["R","?","R","?","M","E","T","?","R","E","M","M","$","$","M","B",null,"R","?","?","T","?","R","T","$","M","E","$","M","$","M","M","B",null,"R","?","M","M","E","T","T","R","E","R","M","?","?","$","M","B",null,"E","$","R","B",null],"character_chosen":"THE_CHAMP","items_purchased":["champ:GladiatorStyle","hubris:Metronome","ClockworkSouvenir","champ:DancingMaster","hexamod:EctoCoolerPotion","champ:OpenerPotion"],"campfire_rested":1,"item_purchase_floors":[28,30,48,48,53,53],"current_hp_per_floor":[90,90,90,90,87,47,47,40,67,44,42,38,34,34,34,17,90,100,100,100,100,100,100,100,86,86,54,40,31,31,31,28,25,105,105,100,95,80,70,70,70,70,61,61,61,61,61,61,60,60,105,109,109,109,112],"gold":6,"neow_bonus":"THREE_RARE_CARDS","is_daily":false,"chose_seed":false,"campfire_upgraded":7,"win_rate":0.0,"timestamp":1607820250,"path_taken":["R","?","R","?","M","E","T","?","R","E","M","M","$","$","M","BOSS","R","?","?","?","?","R","T","$","M","E","?","M","$","M","M","BOSS","R","?","M","M","E","?","T","R","E","R","?","?","?","$","M","BOSS","E","$","R","BOSS"],"items_purchased_type":["Card","Relic","Relic","Card","Potion","Potion"],"build_version":"2020-11-30","purchased_purges":1,"victory":true,"max_hp_per_floor":[90,90,90,90,90,90,90,90,90,90,90,90,90,90,90,90,90,100,100,100,100,100,100,100,100,100,100,100,100,100,100,105,105,105,105,105,105,105,105,105,105,105,105,105,105,105,105,105,105,105,105,112,112,112,112],"card_choices":[{"not_picked":["champ:SwordThrow","champ:Improvising"],"picked":"champ:SteelEdge","floor":0},{"not_picked":["champ:CrookedStrike","champ:DefensiveShout"],"picked":"champ:BladeFlurry","floor":5},{"not_picked":["champ:FightOn","champ:GladiatorsShout"],"picked":"champ:AdrenalArmor","floor":6},{"not_picked":["champ:TornadoPunch","champ:Backstep"],"picked":"champ:PerfectForm","floor":10},{"not_picked":["champ:Haymaker","champ:GladiatorsShout"],"picked":"champ:FlashCut","floor":11},{"not_picked":["champ:StanceDance","champ:AdrenalArmor"],"picked":"champ:FlashCut","floor":12},{"not_picked":["champ:Duel","champ:EndlessRage"],"picked":"champ:ViciousMockery","floor":13},{"not_picked":["champ:DefensiveShout","champ:Lariat"],"picked":"champ:Devastate","floor":14},{"not_picked":["champ:BringItOn","champ:CalledShot"],"picked":"champ:StanceDance","floor":15},{"not_picked":["champ:CrownThrow","champ:CheapShot"],"picked":"champ:ShieldSlam","floor":16},{"not_picked":["champ:TornadoPunch","champ:BerserkersShout"],"picked":"champ:Backstep","floor":25},{"not_picked":["champ:AdrenalArmor","champ:GutPunch"],"picked":"champ:ViciousMockery+1","floor":26},{"not_picked":["champ:Encircle","champ:FaceSlap+1"],"picked":"champ:ViciousMockery+1","floor":27},{"not_picked":["champ:StanceDance+1","champ:ShieldSlam"],"picked":"champ:ShieldThrow","floor":28},{"not_picked":["champ:TornadoPunch","champ:EnGarde+1","champ:RapidStrikes"],"picked":"SKIP","floor":29},{"not_picked":["champ:Duel","champ:GladiatorsShout"],"picked":"champ:ArenaPreparation+1","floor":30},{"not_picked":["champ:BladeFlurry","champ:FightOn"],"picked":"champ:FocusedDefense+1","floor":31},{"not_picked":["champ:Encircle","champ:RecklessLeap"],"picked":"champ:DefensiveShout+1","floor":32},{"not_picked":["champ:CrownThrow","champ:Devastate"],"picked":"champ:HoldFirm","floor":33},{"not_picked":["expansioncontent:FaceSlap","expansioncontent:DarkVoid"],"picked":"expansioncontent:DonusPower","floor":36},{"not_picked":["expansioncontent:AwakenDeath","expansioncontent:GuardianWhirl"],"picked":"expansioncontent:YouAreMine","floor":36},{"not_picked":["champ:BladeFlurry","champ:FightOn","champ:GladiatorsShout+1"],"picked":"SKIP","floor":37},{"not_picked":["champ:DefensiveShout+1","champ:Backstep"],"picked":"champ:Devastate","floor":38},{"not_picked":["champ:FlashCut","champ:Encircle+1"],"picked":"champ:AdrenalArmor+1","floor":39},{"not_picked":["champ:EnGarde","champ:Encircle+1","champ:SkillfulDodge"],"picked":"SKIP","floor":43},{"not_picked":["champ:Backstep","champ:AdrenalArmor","champ:HeartStrike+1"],"picked":"SKIP","floor":45},{"not_picked":["champ:FaceSlap+1","champ:Circumvent"],"picked":"champ:StanceDance+1","floor":49},{"not_picked":["champ:BladeFlurry+1","champ:GladiatorsShout"],"picked":"champ:Shatter+1","floor":52}],"player_experience":636342,"relics_obtained":[{"floor":6,"key":"Tiny Chest"},{"floor":10,"key":"champ:FightingForDummies"},{"floor":21,"key":"War Paint"},{"floor":24,"key":"Pen Nib"},{"floor":27,"key":"Calipers"},{"floor":39,"key":"Art of War"},{"floor":40,"key":"hubris:DeckOfHolding"},{"floor":41,"key":"hubris:SlimyHat"},{"floor":43,"key":"hubris:DuctTape"},{"floor":46,"key":"InkBottle"},{"floor":52,"key":"Guardian:BottledAnomaly"},{"floor":52,"key":"Strawberry"}],"event_choices":[{"damage_healed":0,"gold_gain":0,"player_choice":"Success","damage_taken":7,"relics_obtained":["Toy Ornithopter"],"max_hp_gain":0,"max_hp_loss":0,"event_name":"Scrap Ooze","floor":8,"gold_loss":0},{"damage_healed":0,"gold_gain":0,"player_choice":"Inject Mutagens","damage_taken":0,"relics_obtained":["MutagenicStrength"],"max_hp_gain":0,"max_hp_loss":0,"event_name":"Drug Dealer","floor":19,"gold_loss":0},{"cards_removed":["champ:Defend"],"damage_healed":0,"gold_gain":0,"player_choice":"Elegance","damage_taken":0,"max_hp_gain":0,"max_hp_loss":0,"event_name":"Back to Basics","floor":20,"gold_loss":0},{"damage_healed":0,"gold_gain":0,"player_choice":"Ignored","damage_taken":0,"max_hp_gain":0,"max_hp_loss":0,"event_name":"Ghosts","floor":22,"gold_loss":0}],"is_beta":false,"boss_relics":[{"not_picked":["Coffee Dripper","Runic Pyramid"],"picked":"Philosopher\u0027s Stone"},{"not_picked":["hubris:BlackHole","Snecko Eye"],"picked":"SacredBark"}],"items_purged_floors":[13],"is_endless":false,"potions_floor_spawned":[12,15,16,27,29,31,38,39,49],"ascension_level":0}}