{"host":"fq9q35as5g8xdsoo","time":1607839658,"event":{"mods":["2.2 Compatiblity","AchievementEnabler","Act Like it!","Aspiration","BaseMod","Beaked The Cultist","Better Skull","Card Forge","Colored Map","Colored Powertips","Conspire","Dota2Spire","Energized Spire","Gensokyo","GifTheSpireLib","Halation","Hermit","Hubris","Marked Mod","Menagerie","Minty Spire (QoL Compilation)","Pale of the Ancients","Permanent Neow","Quick Restart","Relic Filter","Replay The Spire","Robot Space Explorer","Spicy Shops","Spikes Relics","StSLib","Stuff the Spire","SuperFastMode","The Blue Laboratory","The Construct","The Disciple","The Factory","The Gatherer","The Jungle","The Runesmith","The Servant 0.9.4","Trackpad","WarShipGirlsR/????R mod","vexMod"],"gold_per_floor":[117,144,144,39,62,62,99,99,99,144,144,169,184,199,199,287,287,308,308,308,321,353,353,387,402,427,427,473,473,473,497,497,574,574,595,595,570,570,593,593,623,640,716,748,748,748,748,775,775,789,789],"floor_reached":50,"playtime":2850,"items_purged":[],"score":1159,"play_id":"df2fbca1-23cf-4fc4-b271-f2ef262deae7","local_time":"20201212220738","daily_mods":["Draft","Heirloom","Terminal"],"is_ascension_mode":true,"campfire_choices":[{"data":"Armaments","floor":6.0,"key":"SMITH"},{"data":"Menagerie:MirarisWake","floor":8.0,"key":"SMITH"},{"data":"StuffTheSpire:FreeRealEstate","floor":15.0,"key":"SMITH"},{"data":"Spot Weakness","floor":23.0,"key":"SMITH"},{"data":"Heavy Blade","floor":30.0,"key":"SMITH"},{"data":"Uppercut","floor":32.0,"key":"SMITH"},{"data":"StuffTheSpire:BrainWave","floor":40.0,"key":"SMITH"},{"floor":49.0,"key":"RECALL"}],"circlet_count":0,"master_deck":["AscendersBane","Spot Weakness","Wild Strike","Sword Boomerang","Iron Wave","Clothesline","hubris:CleavingFinish","Cleave","Sword Boomerang","conspire:Charge","Uppercut+1","Heavy Blade+1","Armaments+1","Rampage","Anger+1","Clothesline","Menagerie:MirarisWake+1","StuffTheSpire:FreeRealEstate+1","Spot Weakness+1","StuffTheSpire:Slingshot","Sword Boomerang","Shrug It Off","Heavy Blade","Pummel","Pot Of Greed","Pot Of Greed","Pot Of Greed","Inflame","StuffTheSpire:BrainWave+1","conspire:Banana"],"relics":["Burning Blood","Hammer of Thor","Seething Fire","Anvil of the Gods","Ring of Chaos","LugNut","Potion Belt","Paper Frog","Mummified Hand","Dota2Spire:EyeOfSkadi","energizedSpire:TabascoSauce","Singing Bowl","Juzu Bracelet","Red Mask","hubris:RunicObelisk","StrikeDummy","Quantum Egg","Turnip","halation:AfternoonTea","ReplayTheSpireMod:ShopPack","trackpad:WritersBlock"],"acts_visited":["Menagerie:Menagerie","TheCity","theFactory:Factory"],"potions_floor_usage":[50,50],"damage_taken":[{"damage":0.0,"enemies":"Menagerie:StygianBoar","floor":1.0,"turns":2.0},{"damage":1.0,"enemies":"Menagerie:WhisperingWraith","floor":5.0,"turns":3.0},{"damage":17.0,"enemies":"Menagerie:Hydra","floor":7.0,"turns":4.0},{"damage":11.0,"enemies":"Menagerie:VoidReaper","floor":10.0,"turns":3.0},{"damage":2.0,"enemies":"Menagerie:MonstrousExperiment","floor":12.0,"turns":2.0},{"damage":0.0,"enemies":"Menagerie:MeltingSalamander","floor":14.0,"turns":2.0},{"damage":13.0,"enemies":"Menagerie:AVATARS","floor":16.0,"turns":4.0},{"damage":1.0,"enemies":"Shell Parasite","floor":18.0,"turns":2.0},{"damage":0.0,"enemies":"Spheric Guardian","floor":21.0,"turns":3.0},{"damage":8.0,"enemies":"Centurion and Healer","floor":22.0,"turns":5.0},{"damage":0.0,"enemies":"conspire:Head Lice","floor":24.0,"turns":3.0},{"damage":4.0,"enemies":"Shelled Parasite and Fungi","floor":25.0,"turns":3.0},{"damage":2.0,"enemies":"Masked Bandits","floor":28.0,"turns":3.0},{"damage":8.0,"enemies":"conspire:MysteriousRune","floor":33.0,"turns":4.0},{"damage":0.0,"enemies":"theFactory:BigBot","floor":35.0,"turns":2.0},{"damage":11.0,"enemies":"theFactory:4_Mini-Bots","floor":39.0,"turns":4.0},{"damage":4.0,"enemies":"theFactory:DrinkBrewer","floor":41.0,"turns":3.0},{"damage":1.0,"enemies":"theFactory:Big_Bot_Bundle","floor":42.0,"turns":3.0},{"damage":17.0,"enemies":"theFactory:Manservantes","floor":44.0,"turns":4.0},{"damage":10.0,"enemies":"theFactory:DrinkBrewer","floor":48.0,"turns":3.0},{"damage":10,"enemies":"theFactory:Guardian2","floor":50,"turns":6}],"seed_played":"3218701495135521407","potions_obtained":[{"floor":5.0,"key":"Fire Potion"},{"floor":16.0,"key":"blueLaboratory:LouseDecoction"},{"floor":22.0,"key":"Block Potion"},{"floor":24.0,"key":"blueLaboratory:LouseDecoction"},{"floor":28.0,"key":"EssenceOfSteel"}],"is_trial":true,"path_per_floor":["M","T","?","$","M","R","E","R","T","E","?","M","?","M","R","B",null,"M","?","?","M","M","R","E","M","T","?","?","$","R","T","R","B",null,"M","$","?","?","M","R","E","M","T","E","?","T","M","E","R","B"],"character_chosen":"IRONCLAD","items_purchased":["StuffTheSpire:FreeRealEstate"],"campfire_rested":0,"item_purchase_floors":[4],"current_hp_per_floor":[73,72,71,70,69,68,57,57,57,52,57,61,61,65,64,57,62,61,60,51,54,49,49,53,53,53,53,54,53,52,51,50,46,49,48,47,46,45,38,38,38,41,41,28,19,19,21,15,15,7,7],"gold":789,"neow_bonus":"","is_daily":false,"chose_seed":false,"campfire_upgraded":7,"win_rate":0.0,"timestamp":1607839658,"path_taken":["M","?","?","$","M","R","E","R","T","E","?","?","?","M","R","BOSS","M","?","?","M","?","R","E","M","T","?","?","$","R","?","R","BOSS","M","$","?","?","M","R","E","M","T","E","?","?","M","E","R","BOSS"],"items_purchased_type":["Card"],"build_version":"2020-11-30","purchased_purges":0,"victory":false,"max_hp_per_floor":[73,72,71,70,69,68,67,66,65,64,68,67,66,65,64,63,62,61,60,59,58,57,56,56,56,55,54,54,53,52,51,50,50,49,48,47,46,45,45,44,44,44,43,43,42,41,42,42,41,43,43],"card_choices":[{"not_picked":["Clash","Massacre"],"picked":"Spot Weakness","floor":0.0},{"not_picked":["Havoc","StuffTheSpire:Slingshot"],"picked":"Wild Strike","floor":0.0},{"not_picked":["ReplayTheSpireMod:Strike From Hell","StuffTheSpire:BloodClot"],"picked":"Sword Boomerang","floor":0.0},{"not_picked":["Havoc","Sword Boomerang"],"picked":"Iron Wave","floor":0.0},{"not_picked":["StuffTheSpire:Incineration","Massacre"],"picked":"Clothesline","floor":0.0},{"not_picked":["Second Wind","Massacre"],"picked":"Body Slam","floor":0.0},{"not_picked":["StuffTheSpire:BloodClot","Evolve"],"picked":"hubris:CleavingFinish","floor":0.0},{"not_picked":["ReplayTheSpireMod:Strike From Hell","Invigoration"],"picked":"Cleave","floor":0.0},{"not_picked":["Clothesline","Replay:Undeath\u0027s Touch"],"picked":"Sword Boomerang","floor":0.0},{"not_picked":["Sentinel","Warcry"],"picked":"conspire:Charge","floor":0.0},{"not_picked":["Clothesline","ReplayTheSpireMod:Strike From Hell"],"picked":"Uppercut","floor":0.0},{"not_picked":["Havoc","Replay:Undeath\u0027s Touch"],"picked":"Heavy Blade","floor":0.0},{"not_picked":["Rampage","StuffTheSpire:BloodClot"],"picked":"Armaments","floor":0.0},{"not_picked":["Clothesline","Warcry"],"picked":"Rampage","floor":0.0},{"not_picked":["Havoc","Warcry"],"picked":"Anger","floor":0.0},{"not_picked":["StuffTheSpire:Slingshot","Sever Soul"],"picked":"Clothesline","floor":1.0},{"not_picked":["Body Slam","StuffTheSpire:Resist"],"picked":"Spot Weakness","floor":5.0},{"not_picked":["Sword Boomerang","StuffTheSpire:Incineration"],"picked":"StuffTheSpire:Slingshot","floor":7.0},{"not_picked":["Massacre","Pommel Strike"],"picked":"Sword Boomerang","floor":10.0},{"not_picked":["Reckless Charge","Absolvement","Rampage"],"picked":"SKIP","floor":12.0},{"not_picked":["Pummel","Cleave"],"picked":"Shrug It Off","floor":14.0},{"not_picked":["Iron Wave","hubris:SharpeningStone","Sword Boomerang"],"picked":"SKIP","floor":18.0},{"not_picked":["Wild Strike","True Grit"],"picked":"Heavy Blade","floor":21.0},{"not_picked":["Heavy Blade","Replay:Undeath\u0027s Touch+1"],"picked":"Pummel","floor":22.0},{"not_picked":["Feel No Pain","Clash","Reaper"],"picked":"Singing Bowl","floor":24.0},{"not_picked":["Headbutt","StuffTheSpire:RockThrow","Pommel Strike"],"picked":"Singing Bowl","floor":25.0},{"not_picked":["Bloodletting","Pummel+1","Clothesline"],"picked":"Singing Bowl","floor":28.0},{"not_picked":["conspire:HitWhereItHurts","StuffTheSpire:TitanForm","Reaper"],"picked":"Singing Bowl","floor":33.0},{"not_picked":["Cleave","StuffTheSpire:Incineration"],"picked":"Inflame","floor":35.0},{"not_picked":["StuffTheSpire:Brawn","StuffTheSpire:Innocence"],"picked":"StuffTheSpire:BrainWave","floor":38.0},{"not_picked":["Headbutt","Armaments","BarbarianYell"],"picked":"Singing Bowl","floor":39.0},{"not_picked":["Rampage","conspire:Charge","Wild Strike+1"],"picked":"Singing Bowl","floor":41.0},{"not_picked":["Second Wind","Clash","Anger"],"picked":"Singing Bowl","floor":42.0},{"not_picked":["Replay:Undeath\u0027s Touch","Cleave","ReplayTheSpireMod:Stacked"],"picked":"Singing Bowl","floor":44.0},{"not_picked":["Poisoned Strike","Secret Technique","Mayhem"],"picked":"Singing Bowl","floor":47.0},{"not_picked":["hubris:Ssssneak","Degenerate"],"picked":"conspire:Banana","floor":47.0},{"not_picked":["Replay:Bootleg Shield Generator","Madness","Transmutation"],"picked":"Singing Bowl","floor":47.0},{"not_picked":["Twin Strike","Flex+1","StuffTheSpire:RockThrow"],"picked":"Singing Bowl","floor":48.0}],"player_experience":942364,"relics_obtained":[{"floor":2.0,"key":"Potion Belt"},{"floor":7.0,"key":"Paper Frog"},{"floor":10.0,"key":"Mummified Hand"},{"floor":24.0,"key":"Singing Bowl"},{"floor":26.0,"key":"Juzu Bracelet"},{"floor":28.0,"key":"Red Mask"},{"floor":31.0,"key":"Grinning Jar"},{"floor":41.0,"key":"StrikeDummy"},{"floor":43.0,"key":"Quantum Egg"},{"floor":44.0,"key":"Turnip"},{"floor":46.0,"key":"ReplayTheSpireMod:ShopPack"},{"floor":48.0,"key":"trackpad:WritersBlock"}],"event_choices":[{"damage_healed":0.0,"max_hp_gain":0.0,"max_hp_loss":0.0,"gold_gain":0.0,"cards_transformed":["Body Slam"],"event_name":"Menagerie:MagesHand","player_choice":"Grasp","floor":3.0,"gold_loss":0.0,"damage_taken":0.0,"cards_obtained":["Menagerie:MirarisWake"]},{"damage_healed":0.0,"max_hp_gain":0.0,"max_hp_loss":0.0,"gold_gain":0.0,"event_name":"Menagerie:ThreeAnimals","player_choice":"Lion","floor":11.0,"gold_loss":0.0,"damage_taken":0.0,"relics_obtained":["Dota2Spire:EyeOfSkadi"],"cards_obtained":["Injury"]},{"damage_healed":0.0,"max_hp_gain":0.0,"max_hp_loss":0.0,"gold_gain":15.0,"event_name":"Menagerie:CloudVision","player_choice":"Cunning","floor":13.0,"gold_loss":0.0,"damage_taken":0.0,"cards_upgraded":["Anger"]},{"damage_healed":0.0,"max_hp_gain":0.0,"max_hp_loss":0.0,"gold_gain":0.0,"event_name":"Beggar","player_choice":"Ignored","floor":19.0,"gold_loss":0.0,"damage_taken":0.0},{"damage_healed":0.0,"max_hp_gain":0.0,"max_hp_loss":0.0,"gold_gain":0.0,"event_name":"Wheel of Change","player_choice":"Damaged","floor":20.0,"gold_loss":0.0,"damage_taken":9.0},{"cards_removed":["Injury"],"damage_healed":0.0,"max_hp_gain":0.0,"max_hp_loss":0.0,"gold_gain":0.0,"event_name":"Purifier","player_choice":"Purged","floor":27.0,"gold_loss":0.0,"damage_taken":0.0},{"damage_healed":0.0,"max_hp_gain":0.0,"max_hp_loss":0.0,"gold_gain":0.0,"event_name":"Masked Bandits","player_choice":"Fought Bandits","floor":28.0,"gold_loss":0.0,"damage_taken":0.0}],"is_beta":false,"boss_relics":[{"not_picked":["Electric Blood","vexMod:CursedCompass"],"picked":"energizedSpire:TabascoSauce"},{"not_picked":["aspiration:ServantSkillbook","construct:WeddingRing"],"picked":"hubris:RunicObelisk"}],"items_purged_floors":[],"is_endless":false,"potions_floor_spawned":[5,16,22,24,28,41,42],"killed_by":"theFactory:Guardian2","ascension_level":20}}