{"host":"o5or1zybx7au40zl","time":1607899538,"event":{"mods":["2.2 Compatiblity","Act Like it!","BaseMod","Better Third Choice","Conspire","Dota2Spire","GifTheSpireLib","Hubris","Infinite Spire","Minty Spire (QoL Compilation)","Replay The Spire","StSLib","The Bug Knight"],"gold_per_floor":[113,164,164,181,196,224,234,262,286,286,286,299,299,319,319,420,420,330,330,343,343,394,394,422,434,434,452,480,493,493,507,507,602,602,620,630,330,340,34,85,116,116,161,209,243,288,314,314,314,358,358,358,70,127,159,159],"floor_reached":55,"playtime":1449,"items_purged":[],"score":811,"play_id":"f16a2ba0-4c39-477e-9fae-21e0aad3ef85","local_time":"20201213234538","is_ascension_mode":false,"campfire_choices":[{"floor":13,"key":"REST"},{"floor":15,"key":"REST"},{"floor":23,"key":"RECALL"},{"floor":32,"key":"REST"},{"floor":42,"key":"REST"},{"floor":49,"key":"REST"},{"data":"HollowMod:HerrahsAnger","floor":52,"key":"SMITH"}],"circlet_count":0,"master_deck":["HollowMod:NailStrikeStart","HollowMod:NailStrikeStart","HollowMod:NailStrikeStart","HollowMod:NailStrikeStart","HollowMod:QuickDashStart","HollowMod:QuickDashStart","HollowMod:QuickDashStart","HollowMod:QuickDashStart+1","HollowMod:FocusHealStart","HollowMod:PogoStrike","HollowMod:VengefulVoid","Pain","HollowMod:QuirrelsAssistance","HollowMod:HeavyBlow","HollowMod:Hiveblood+1","Regret","hubris:Compulsion","hubris:InfiniteBlow","HollowMod:HornetsHelp","HollowMod:BlackTendrils+1","infinitespire:Oblivion+1","HollowMod:VengefulVoid","HollowMod:ShadowDash","HollowMod:WraithStrike","HollowMod:CloakDash+1","HollowMod:HerrahsAnger+1","HollowMod:VengefulVoid","HollowMod:NewLastStag","HollowMod:DescendingDark","HollowMod:ShadowDash"],"relics":["hubris:ScarierMask","WarpedTongs","StoneCalendar","Tiny Chest","Replay:Mystery Machine","Ring of Panic","Ring of Misfortune","HollowMod:VoidIdolRelic","hubris:Metronome","Happy Flower","Boot","hubris:MysteriousPyramids","Replay:Wax Seal","Philosopher\u0027s Stone","War Paint","Replay:Bandana","Dota2Spire:PowerTreads","Vajra","Juzu Bracelet","Dota2Spire:ShadowBlade","hubris:Icosahedron","Lee\u0027s Waffle","Dota2Spire:MagicBottle","infinitespire:FocusingShard"],"acts_visited":["Exordium","TheCity","TheBeyond","TheEnding"],"potions_floor_usage":[6,16,28,33,40,40,50,50],"damage_taken":[{"damage":1,"enemies":"Cultist","floor":1,"turns":3},{"damage":6,"enemies":"Small Slimes","floor":4,"turns":2},{"damage":5,"enemies":"2 Louse","floor":5,"turns":2},{"damage":21,"enemies":"Lagavulin","floor":6,"turns":4},{"damage":0,"enemies":"2 Fungi Beasts","floor":7,"turns":2},{"damage":21,"enemies":"Gremlin Nob","floor":8,"turns":4},{"damage":11,"enemies":"Exordium Thugs","floor":12,"turns":2},{"damage":5,"enemies":"Blue Slaver","floor":14,"turns":3},{"damage":13,"enemies":"Fading Forest","floor":16,"turns":11},{"damage":13,"enemies":"Spheric Guardian","floor":18,"turns":4},{"damage":5,"enemies":"2 Thieves","floor":20,"turns":2},{"damage":10,"enemies":"Gremlin Leader","floor":24,"turns":4},{"damage":7,"enemies":"Snake Plant","floor":25,"turns":2},{"damage":0,"enemies":"Centurion and Healer","floor":27,"turns":2},{"damage":37,"enemies":"conspire:MimicChest","floor":28,"turns":4},{"damage":0,"enemies":"Sentry and Sphere","floor":29,"turns":1},{"damage":28,"enemies":"Snake Plant","floor":31,"turns":3},{"damage":35,"enemies":"hubris:MusketHawk","floor":33,"turns":6},{"damage":0,"enemies":"3 Darklings","floor":35,"turns":2},{"damage":15,"enemies":"Orb Walker","floor":36,"turns":2},{"damage":1,"enemies":"Sphere and 2 Shapes","floor":38,"turns":1},{"damage":72,"enemies":"Giant Head","floor":40,"turns":8},{"damage":25,"enemies":"4 Shapes","floor":41,"turns":5},{"damage":23,"enemies":"HollowMod:StalkingDevout","floor":44,"turns":4},{"damage":0,"enemies":"3 Darklings","floor":45,"turns":2},{"damage":0,"enemies":"Maw","floor":46,"turns":4},{"damage":22,"enemies":"Awakened One","floor":50,"turns":5},{"damage":7,"enemies":"Shield and Spear","floor":54,"turns":2},{"damage":151,"enemies":"The Heart","floor":55,"turns":5}],"seed_played":"-7090967778456884854","potions_obtained":[{"floor":1,"key":"LifebloodPotion"},{"floor":4,"key":"conspire:TimeTravelPotion"},{"floor":5,"key":"ColorlessPotion"},{"floor":8,"key":"FairyPotion"},{"floor":16,"key":"AttackPotion"},{"floor":24,"key":"AttackPotion"},{"floor":29,"key":"DuplicationPotion"},{"floor":35,"key":"Weak Potion"},{"floor":44,"key":"Languid Potion"},{"floor":46,"key":"AttackPotion"}],"is_trial":false,"path_per_floor":["M","T","?","M","M","E","M","E","T","?","?","M","R","M","R","B",null,"M","AVR","M","?","T","R","E","M","T","M","?","M","?","M","R","B",null,"M","M","?","M","$","E","M","R","T","E","M","M","T","?","R","B",null,"R","$","E","B"],"character_chosen":"THE_BUGKNIGHT","items_purchased":["War Paint","Replay:Bandana","Lee\u0027s Waffle","Dota2Spire:MagicBottle"],"campfire_rested":5,"item_purchase_floors":[39,39,53,53],"current_hp_per_floor":[74,74,74,68,63,42,42,21,21,21,21,15,37,32,54,75,75,69,69,67,67,67,67,74,72,72,72,47,47,47,28,50,36,75,75,60,60,59,59,32,20,42,42,41,41,48,48,48,70,64,75,75,82,82,0,0],"gold":159,"neow_bonus":"BOSS_RELIC","is_daily":false,"chose_seed":false,"campfire_upgraded":1,"win_rate":0.0,"timestamp":1607899538,"path_taken":["M","?","?","M","?","E","M","E","T","?","?","M","R","M","R","BOSS","M","AVR","M","?","?","R","E","M","T","M","?","M","?","M","R","BOSS","M","M","?","M","$","E","M","R","T","E","M","M","?","?","R","BOSS","R","$","E","BOSS"],"items_purchased_type":["Relic","Relic","Relic","Relic"],"build_version":"2020-11-30","purchased_purges":0,"victory":false,"max_hp_per_floor":[75,75,75,75,75,75,75,75,75,75,75,75,75,75,75,75,75,75,75,75,75,75,75,75,75,75,75,75,75,75,75,75,75,75,75,75,75,75,75,75,75,75,75,75,75,75,75,75,75,75,75,75,82,82,82,82],"card_choices":[{"not_picked":["HollowMod:ShadowDash","HollowMod:SharpenedShadows"],"picked":"HollowMod:VengefulVoid","floor":1},{"not_picked":["HollowMod:InfectedCysts","HollowMod:SoulStrike"],"picked":"HollowMod:QuirrelsAssistance","floor":4},{"not_picked":["HollowMod:NewLittleFool","HollowMod:MonomonsArchive"],"picked":"HollowMod:HeavyBlow","floor":5},{"not_picked":["HollowMod:CrystalDash","HollowMod:VengefulSpirit","HollowMod:CornifersMapStart"],"picked":"SKIP","floor":6},{"not_picked":["HollowMod:CrystalDash","HollowMod:TaintedHusks","HollowMod:HowlingWraiths"],"picked":"SKIP","floor":7},{"not_picked":["HollowMod:InfectedAttack","HollowMod:CycloneSlash"],"picked":"HollowMod:Hiveblood","floor":8},{"not_picked":["infinitespire:SealOfDarkness+","ReplayTheSpireMod:Echoes of Time"],"picked":"hubris:InfiniteBlow","floor":11},{"not_picked":["HollowMod:SoulStrike","HollowMod:DashSlash","HollowMod:GoodIntentions"],"picked":"SKIP","floor":12},{"not_picked":["HollowMod:LifebloodCocoon","HollowMod:SiblingsSouls","HollowMod:MonarchWings"],"picked":"SKIP","floor":14},{"not_picked":["HollowMod:NewInfectedGuardian","HollowMod:RadiancesLament"],"picked":"HollowMod:HornetsHelp","floor":16},{"not_picked":["HollowMod:InfectedAttack","HollowMod:SharpenedNail"],"picked":"HollowMod:BlackTendrils+1","floor":18},{"not_picked":["HollowMod:Grubsong","HollowMod:NewJinnsSoul","HollowMod:GoodIntentions"],"picked":"SKIP","floor":20},{"not_picked":["HollowMod:AwokenDreamNail","HollowMod:DreamGate","HollowMod:MawleksShell"],"picked":"SKIP","floor":24},{"not_picked":["HollowMod:SoulSplash","HollowMod:SoulStrike+1","HollowMod:DashSlash"],"picked":"SKIP","floor":25},{"not_picked":["HollowMod:ShadowDash","HollowMod:GoodIntentions"],"picked":"HollowMod:VengefulVoid","floor":27},{"not_picked":["HollowMod:InfectedCysts","HollowMod:NewInfectedGuardian"],"picked":"HollowMod:ShadowDash","floor":28},{"not_picked":["HollowMod:NewJinnsSoul+1","HollowMod:HowlingWraiths","HollowMod:DesolateDive"],"picked":"SKIP","floor":29},{"not_picked":["HollowMod:HowlingWraiths","HollowMod:GrimmsGift+1"],"picked":"HollowMod:CloakDash+1","floor":31},{"not_picked":["HollowMod:LifebloodCore","HollowMod:Hiveblood"],"picked":"HollowMod:HerrahsAnger","floor":33},{"not_picked":["HollowMod:LuriensSpire","HollowMod:CornifersMapStart"],"picked":"HollowMod:VengefulVoid","floor":35},{"not_picked":["HollowMod:CornifersMapStart+1","HollowMod:SoulVessel","HollowMod:BaldurShell"],"picked":"SKIP","floor":36},{"not_picked":["HollowMod:PureNailStrike","HollowMod:DashSlash","HollowMod:TaintedHusks+1"],"picked":"SKIP","floor":38},{"not_picked":["HollowMod:HeavyBlow+1","HollowMod:TaintedHusks+1","HollowMod:CoiledNail"],"picked":"SKIP","floor":40},{"not_picked":["HollowMod:SiblingsSouls","HollowMod:LuriensSpire+1","HollowMod:CornifersMapStart"],"picked":"SKIP","floor":41},{"not_picked":["HollowMod:PaleKingsBlessing","HollowMod:TaintedHusks+1","HollowMod:SoulStrike+1"],"picked":"SKIP","floor":44},{"not_picked":["HollowMod:DungDefenderAura","HollowMod:SoulVessel"],"picked":"HollowMod:DescendingDark","floor":45},{"not_picked":["HollowMod:DashSlash","HollowMod:InfectedCysts+1","HollowMod:NewJinnsSoul"],"picked":"SKIP","floor":46},{"not_picked":["HollowMod:SoulSplash","HollowMod:Grubsong"],"picked":"HollowMod:ShadowDash","floor":54}],"player_experience":965296,"relics_obtained":[{"floor":6,"key":"StoneCalendar"},{"floor":8,"key":"Tiny Chest"},{"floor":9,"key":"Replay:Mystery Machine"},{"floor":10,"key":"Ring of Panic"},{"floor":10,"key":"Ring of Misfortune"},{"floor":22,"key":"Happy Flower"},{"floor":24,"key":"Boot"},{"floor":26,"key":"hubris:MysteriousPyramids"},{"floor":28,"key":"Replay:Wax Seal"},{"floor":40,"key":"Dota2Spire:PowerTreads"},{"floor":43,"key":"Vajra"},{"floor":44,"key":"Juzu Bracelet"},{"floor":47,"key":"Dota2Spire:ShadowBlade"},{"floor":54,"key":"infinitespire:FocusingShard"}],"event_choices":[{"damage_healed":0,"gold_gain":0,"player_choice":"Rummage","damage_taken":0,"relics_obtained":["WarpedTongs"],"max_hp_gain":0,"max_hp_loss":0,"event_name":"Accursed Blacksmith","floor":3,"gold_loss":0,"cards_obtained":["Pain"]},{"damage_healed":0,"gold_gain":0,"player_choice":"Upgraded","damage_taken":0,"max_hp_gain":0,"max_hp_loss":0,"event_name":"Upgrade Shrine","floor":21,"gold_loss":0,"cards_upgraded":["infinitespire:Oblivion"]},{"damage_healed":0,"gold_gain":0,"player_choice":"Read","damage_taken":0,"max_hp_gain":0,"max_hp_loss":0,"event_name":"The Library","floor":30,"gold_loss":0,"cards_obtained":["HollowMod:WraithStrike"]}],"is_beta":false,"boss_relics":[{"not_picked":["hubris:HollowSoul","conspire:SeveredTorchhead"],"picked":"HollowMod:VoidIdolRelic"},{"not_picked":["Black Star","hubris:BlackHole"],"picked":"Philosopher\u0027s Stone"}],"items_purged_floors":[],"is_endless":false,"potions_floor_spawned":[1,4,5,8,16,20,24,29,35,44,46],"killed_by":"The Heart","ascension_level":0}}