{"host":"t8l92xzjkmihtain","time":1607872683,"event":{"mods":["AchievementEnabler","BaseMod","Colored Map","Minty Spire (QoL Compilation)","Rare Cards Sparkle","SuperFastMode","everything is the same but u backflip on backflip"],"gold_per_floor":[110,124,124,139,139,139,159,190,190,210,210,226,226,236,236,340,340,352,352,366,383,396,396,396,396,396],"floor_reached":25,"playtime":1590,"items_purged":[],"score":242,"play_id":"fe1e2aa7-59b6-4475-b085-89fefb16a38e","local_time":"20201214001803","is_ascension_mode":true,"campfire_choices":[{"data":"Rampage","floor":6,"key":"SMITH"},{"floor":11,"key":"REST"},{"floor":15,"key":"REST"},{"floor":23,"key":"REST"}],"circlet_count":0,"master_deck":["Defend_R","Defend_R","Defend_R","Defend_R","Rampage+1","True Grit","Seeing Red+1","Warcry","Headbutt","Double Tap","Fiend Fire","Bite","Bite","Bite","Bite","Bite"],"relics":["Burning Blood","Happy Flower","Dream Catcher","Omamori","Calling Bell","Vajra","Darkstone Periapt","Gambling Chip","Enchiridion"],"acts_visited":["Exordium","TheCity"],"potions_floor_usage":[8,12,22,25],"damage_taken":[{"damage":2,"enemies":"Small Slimes","floor":1,"turns":4},{"damage":1,"enemies":"Cultist","floor":2,"turns":3},{"damage":5,"enemies":"2 Louse","floor":4,"turns":3},{"damage":12,"enemies":"Looter","floor":7,"turns":4},{"damage":34,"enemies":"3 Sentries","floor":8,"turns":9},{"damage":8,"enemies":"Blue Slaver","floor":10,"turns":6},{"damage":8,"enemies":"Exordium Thugs","floor":12,"turns":4},{"damage":17,"enemies":"Red Slaver","floor":14,"turns":5},{"damage":54,"enemies":"The Guardian","floor":16,"turns":7},{"damage":3,"enemies":"Chosen","floor":18,"turns":4},{"damage":18,"enemies":"2 Thieves","floor":20,"turns":3},{"damage":40,"enemies":"Cultist and Chosen","floor":21,"turns":5},{"damage":39,"enemies":"Snake Plant","floor":22,"turns":4},{"damage":60,"enemies":"Slavers","floor":25,"turns":4}],"seed_played":"-8734347446849524005","potions_obtained":[{"floor":4,"key":"SpeedPotion"},{"floor":7,"key":"BlessingOfTheForge"},{"floor":8,"key":"Block Potion"},{"floor":10,"key":"FairyPotion"},{"floor":12,"key":"Energy Potion"},{"floor":14,"key":"BloodPotion"},{"floor":22,"key":"Block Potion"}],"is_trial":false,"path_per_floor":["M","M","?","M","?","R","M","E","T","M","R","M","?","M","R","B",null,"M","?","M","M","M","R","?","E"],"character_chosen":"IRONCLAD","items_purchased":[],"campfire_rested":3,"item_purchase_floors":[],"current_hp_per_floor":[80,80,80,80,80,80,74,46,46,44,68,66,50,39,63,15,80,80,64,52,18,30,54,54,0,0],"gold":396,"neow_bonus":"RANDOM_COMMON_RELIC","is_daily":false,"chose_seed":false,"campfire_upgraded":1,"win_rate":0.0,"timestamp":1607872683,"path_taken":["M","M","?","?","?","R","M","E","T","M","R","M","?","M","R","BOSS","M","?","M","M","M","R","?","E"],"items_purchased_type":[],"build_version":"2020-11-30","purchased_purges":0,"victory":false,"max_hp_per_floor":[80,80,80,80,80,80,80,80,80,80,80,80,80,80,80,80,80,80,80,80,80,80,80,56,56,56],"card_choices":[{"not_picked":["Sword Boomerang","Thunderclap"],"picked":"Rampage","floor":1},{"not_picked":["Hemokinesis","Searing Blow","Spot Weakness"],"picked":"SKIP","floor":2},{"not_picked":["Flex","Feel No Pain"],"picked":"True Grit","floor":4},{"not_picked":["Entrench","Flame Barrier","Metallicize"],"picked":"SKIP","floor":7},{"not_picked":["Thunderclap","Anger"],"picked":"Seeing Red","floor":8},{"not_picked":["Seeing Red","Anger","Perfected Strike"],"picked":"SKIP","floor":10},{"not_picked":["Metallicize","Power Through"],"picked":"Warcry","floor":12},{"not_picked":["Power Through","Heavy Blade"],"picked":"Headbutt","floor":14},{"not_picked":["Body Slam","Rupture"],"picked":"Double Tap","floor":15},{"not_picked":["Feed","Demon Form"],"picked":"Fiend Fire","floor":16},{"not_picked":["Burning Pact","Shockwave+1","Anger"],"picked":"SKIP","floor":18},{"not_picked":["Iron Wave","Twin Strike+1","Cleave"],"picked":"SKIP","floor":20},{"not_picked":["Combust+1","Fiend Fire","Armaments"],"picked":"SKIP","floor":21},{"not_picked":["Twin Strike","Shockwave","Pummel"],"picked":"SKIP","floor":22}],"player_experience":16573,"relics_obtained":[{"floor":8,"key":"Dream Catcher"},{"floor":9,"key":"Omamori"},{"floor":17,"key":"Vajra"},{"floor":17,"key":"Darkstone Periapt"},{"floor":17,"key":"Gambling Chip"},{"floor":19,"key":"Enchiridion"}],"event_choices":[{"cards_removed":["Bash"],"damage_healed":0,"gold_gain":0,"player_choice":"Offered Basic","damage_taken":0,"max_hp_gain":0,"max_hp_loss":0,"event_name":"Bonfire Elementals","floor":3,"gold_loss":0},{"damage_healed":0,"gold_gain":0,"player_choice":"Ignored","damage_taken":0,"max_hp_gain":0,"max_hp_loss":0,"event_name":"Liars Game","floor":5,"gold_loss":0},{"damage_healed":0,"gold_gain":0,"player_choice":"Entered Light","damage_taken":16,"max_hp_gain":0,"max_hp_loss":0,"event_name":"Shining Light","floor":13,"gold_loss":0,"cards_upgraded":["Seeing Red","Strike_R"]},{"damage_healed":0,"gold_gain":0,"player_choice":"Obtained Book","damage_taken":16,"max_hp_gain":0,"max_hp_loss":0,"event_name":"Cursed Tome","floor":19,"gold_loss":0},{"damage_healed":0,"gold_gain":0,"player_choice":"Became a vampire","damage_taken":0,"max_hp_gain":0,"max_hp_loss":24,"event_name":"Vampires","floor":24,"gold_loss":0,"cards_obtained":["Bite","Bite","Bite","Bite","Bite"]}],"is_beta":false,"boss_relics":[{"not_picked":["Busted Crown","Ectoplasm"],"picked":"Calling Bell"}],"items_purged_floors":[],"is_endless":false,"potions_floor_spawned":[4,7,8,10,12,14,22],"killed_by":"Slavers","ascension_level":1}}