{"host":"91n1pc4te07j54gv","time":1607854125,"event":{"mods":["BaseMod","BetterRewards","Colored Powertips","Downfall","Highlight Path","Infinite Spire","Minty Spire (QoL Compilation)","Quick Restart","Relic Filter","Relic Stats","Replay The Spire","Spicy Shops","StSLib"],"gold_per_floor":[113,124,124,139,154,154,168,168,192,223,223,223,250,263,263,337,337,237,253,108,125,142,142,177,177,251,267,302,302,325,375,375,452,452,476,505,81,241,241,241,263,282,309,344,344,344,344,360,360,378,386,386,386,20,62,86],"floor_reached":57,"playtime":4421,"items_purged":["Strike_B","Strike_B","Defend_B"],"score":3714,"play_id":"d194a29e-5126-4ba5-8d86-e4a7bb965678","local_time":"20201213180845","is_ascension_mode":true,"campfire_choices":[{"floor":6.0,"key":"DIG"},{"floor":8.0,"key":"DIG"},{"floor":12.0,"key":"DIG"},{"floor":15.0,"key":"DIG"},{"floor":23.0,"key":"DIG"},{"floor":25.0,"key":"DIG"},{"floor":29.0,"key":"DIG"},{"floor":32.0,"key":"RECALL"},{"floor":40.0,"key":"DIG"},{"floor":45.0,"key":"DIG"},{"floor":49.0,"key":"DIG"},{"floor":53,"key":"DIG"}],"circlet_count":0,"master_deck":["AscendersBane","Strike_B+1","Defend_B+1","Defend_B","Defend_B","Zap","Dualcast","Apotheosis","Heatsinks","Glacier","Loop","Defragment","Amplify","Cold Snap","Cold Snap","Loop","Coolheaded","Force Field","Hologram","Heatsinks","Chill","FIFO Queue+1","Creative AI+1","Heatsinks+1","Storm+1","Machine Learning+1","Hologram","Core Surge","Cold Snap","Electrodynamics+1","FIFO Queue+1","Coolheaded","Consume+1","HandOfGreed+1","Electrodynamics+1","Recycle","Midas Touch","expansioncontent:DecasProtection","expansioncontent:AwakenDeath+1","infinitespire:UltimateForm+1","Turbo+1","BootSequence","Chill+1","Heatsinks+1","Force Field","Double Energy+1","Consume","Defragment+1","Crystallizer+1","Chaos+1"],"relics":["Cracked Core","Thread and Needle","Replay:Bottled Snecko","Incense Burner","Ice Cream","Torii","PreservedInsect","Emotion Chip","TungstenRod","Calipers","Shovel","Blue Candle","CultistMask","Pantograph","Simple Rune","Mercury Hourglass","Frozen Egg 2","MealTicket","Pen Nib","Mummified Hand","Inserter","Replay:Baseball","Blue Doll","Bronze Scales","Dead Branch","Replay:Bandana","Solar Panel","Replay:WaspNest","Letter Opener","Coffee Dripper","Prayer Wheel","ReplayTheSpireMod:ShopPack","Pocketwatch","Singing Bowl","Prayer Wheel","Replay:Antivirus Software","Orichalcum","Chameleon Ring","Meat on the Bone","Gremlin Horn","Garlic","StoneCalendar","Akabeko","Prayer Wheel"],"acts_visited":["Exordium","TheCity","TheBeyond","TheEnding"],"potions_floor_usage":[],"damage_taken":[{"damage":0.0,"enemies":"Cultist","floor":1.0,"turns":3.0},{"damage":0.0,"enemies":"Jaw Worm","floor":2.0,"turns":6.0},{"damage":0.0,"enemies":"2 Louse","floor":4.0,"turns":2.0},{"damage":0.0,"enemies":"Exordium Thugs","floor":5.0,"turns":4.0},{"damage":0.0,"enemies":"Looter","floor":7.0,"turns":3.0},{"damage":0.0,"enemies":"3 Sentries","floor":10.0,"turns":9.0},{"damage":0.0,"enemies":"Lagavulin","floor":13.0,"turns":5.0},{"damage":0.0,"enemies":"Lots of Slimes","floor":14.0,"turns":4.0},{"damage":0.0,"enemies":"The Guardian","floor":16.0,"turns":12.0},{"damage":5.0,"enemies":"2 Thieves","floor":18.0,"turns":5.0},{"damage":9.0,"enemies":"3 Byrds","floor":19.0,"turns":5.0},{"damage":0.0,"enemies":"Centurion and Healer","floor":21.0,"turns":8.0},{"damage":0.0,"enemies":"Shelled Parasite and Fungi","floor":22.0,"turns":8.0},{"damage":14.0,"enemies":"Replay:Snechameleon","floor":24.0,"turns":3.0},{"damage":0.0,"enemies":"3 Cultists","floor":27.0,"turns":4.0},{"damage":27.0,"enemies":"Slavers","floor":28.0,"turns":2.0},{"damage":0.0,"enemies":"Sentry and Sphere","floor":30.0,"turns":2.0},{"damage":5.0,"enemies":"Champ","floor":33.0,"turns":6.0},{"damage":10.0,"enemies":"3 Shapes","floor":35.0,"turns":3.0},{"damage":7.0,"enemies":"3 Darklings","floor":36.0,"turns":2.0},{"damage":22.0,"enemies":"infinitespire:Three Voidlings","floor":38.0,"turns":2.0},{"damage":54.0,"enemies":"Nightmare_Alpha","floor":38.0,"turns":4.0},{"damage":0.0,"enemies":"4 Shapes","floor":41.0,"turns":2.0},{"damage":9.0,"enemies":"Sphere and 2 Shapes","floor":42.0,"turns":3.0},{"damage":28.0,"enemies":"Nemesis","floor":44.0,"turns":5.0},{"damage":0.0,"enemies":"Maw","floor":48.0,"turns":4.0},{"damage":0.0,"enemies":"Awakened One","floor":50.0,"turns":3.0},{"damage":9.0,"enemies":"Time Eater","floor":51.0,"turns":6.0},{"damage":0,"enemies":"Shield and Spear","floor":55,"turns":3},{"damage":16,"enemies":"The Heart","floor":56,"turns":6}],"seed_played":"370041634637805386","potions_obtained":[{"floor":1.0,"key":"Fire Potion"},{"floor":10.0,"key":"CultistPotion"},{"floor":13.0,"key":"Toxic Potion"},{"floor":14.0,"key":"BlessingOfTheForge"},{"floor":16.0,"key":"Fire Potion"},{"floor":22.0,"key":"Venom Potion"},{"floor":24.0,"key":"Block Potion"},{"floor":27.0,"key":"Fire Potion"},{"floor":38.0,"key":"SkillPotion"},{"floor":41.0,"key":"champ:CounterPotion"},{"floor":48.0,"key":"DistilledChaos"}],"is_trial":false,"path_per_floor":["M","M","?","M","M","R","M","R","T","E","T","R","E","M","R","B",null,"M","M","$","M","M","R","E","R","T","M","E","R","M","?","R","B",null,"M","M","$","?","?","R","M","M","T","E","R","?","AVR","M","R","B","B",null,"R","$","E","B",null],"character_chosen":"DEFECT","items_purchased":["Apotheosis","Replay:Bottled Snecko","Incense Burner","Heatsinks","Ice Cream","Glacier","PreservedInsect","Loop","Emotion Chip","Defragment","Amplify","Blue Candle","Cold Snap","Replay:Baseball","Blue Doll","HandOfGreed+1","Electrodynamics+1","ReplayTheSpireMod:ShopPack","Recycle","StoneCalendar","Crystallizer+1"],"campfire_rested":0,"item_purchase_floors":[0,0,0,0,0,0,0,0,0,0,0,0,0,20,20,37,37,37,37,54,54],"current_hp_per_floor":[22,22,22,22,22,22,22,22,22,22,22,22,22,22,22,47,65,60,51,66,66,66,66,52,52,52,68,55,55,57,57,57,71,71,71,71,71,23,23,23,47,52,52,36,36,36,36,56,56,77,77,77,77,77,77,67],"gold":86,"neow_bonus":"","is_daily":false,"chose_seed":false,"campfire_upgraded":0,"win_rate":0.0,"timestamp":1607854125,"path_taken":["M","?","?","M","M","R","?","R","T","E","?","R","E","M","R","BOSS","M","M","$","M","M","R","E","R","T","M","E","R","M","?","R","BOSS","M","M","$","?","?","R","M","?","T","E","R","?","AVR","M","R","BOSS","BOSS","R","$","E","BOSS"],"items_purchased_type":["Card","Relic","Relic","Card","Relic","Card","Relic","Card","Relic","Card","Card","Relic","Card","Relic","Relic","Card","Card","Relic","Card","Relic","Card"],"build_version":"2020-11-30","purchased_purges":3,"victory":true,"max_hp_per_floor":[71,71,71,71,71,71,71,71,71,71,71,71,71,71,71,71,71,71,71,71,71,71,71,71,71,71,71,71,71,71,71,71,71,71,71,71,71,71,71,71,75,77,77,77,77,77,77,77,77,77,77,77,77,77,77,77],"relic_stats":{"Inserter":[23],"Torii":25,"Singing Bowl":6,"Gremlin Horn":[3,4],"counters":[327,1440],"Blue Candle":[26],"Dead Branch":[143],"StoneCalendar":[0],"PreservedInsect":394,"Pen Nib":[10],"Letter Opener":[289],"Orichalcum":[12],"Mercury Hourglass":[441],"Emotion Chip":[312,231,66,9,6],"Shovel":11,"Mummified Hand":[721],"Pantograph":60,"Bronze Scales":[261],"MealTicket":30,"Prayer Wheel":5,"obtain_stats":[{"infinitespire:BottledMercury":54,"Golden Egg":31,"Replay:Accelerometer":31,"infinitespire:Cubic Diamond":2,"Ginger":0,"Bottled Tornado":53,"Boot":8,"FrozenCore":17,"Replay:Ringing Soul":9,"infinitespire:ShieldingShard":13,"Sundial":40,"Replay:Bronze Core":34,"MealTicket":26,"infinitespire:Golems Mask":13,"Fusion Hammer":17,"HandDrill":0,"Kunai":27,"Replay:Wax Seal":53,"Replay:Bottled Steam":45,"Counterbalance":25,"Blue Candle":0,"Pen Nib":23,"ReplayTheSpireMod:SealedPack":17,"Guardian:PocketSentry":10,"infinitespire:Magic Flask":49,"Akabeko":55,"Cables":44,"infinitespire:EvilPickle":33,"SlaversCollar":17,"infinitespire:Lychee Nut":21,"infinitespire:Broken Mirror":10,"Bird Faced Urn":0,"Snecko Eye":34,"Pandora\u0027s Box":0,"CultistMask":3,"StrikeDummy":34,"Unceasing Top":0,"Solar Panel":6,"Lantern":11,"Regal Pillow":14,"Carrot":31,"Singing Bowl":26,"Torii":53,"Blue Doll":13,"StoneCalendar":0,"Bag of Preparation":30,"Replay:Multitool":40,"Smiling Mask":12,"Ancient Tea Set":40,"Cursed Key":34,"Pet Ghost":46,"Replay:Rubber Ducky":17,"Matryoshka":12,"Shovel":0,"infinitespire:Bottled Soul":23,"WingedGreaves":7,"Replay:Lucky Slots":54,"Replay:Bottled Eggs":40,"Guardian:BottledAnomaly":21,"infinitespire:Eraser":43,"InkBottle":23,"Potion Belt":23,"Lee\u0027s Waffle":14,"Inserter":17,"Golden Idol":2,"Guardian:GemstoneGun":0,"Thread and Needle":0,"infinitespire:Joker Card":0,"The Courier":12,"PreservedInsect":0,"Geode":7,"Omamori":41,"infinitespire:CheckeredPen":40,"Frozen Egg 2":0,"MawBank":43,"Replay:Arrowhead":0,"Nuclear Battery":17,"Orrery":0,"Turnip":0,"Garlic":8,"Art of War":53,"Durian":10,"ReplayTheSpireMod:Lightbulb":30,"Toy Ornithopter":42,"infinitespire:Freezer":43,"Ice Cream":21,"Divine Protection":17,"Calipers":7,"Gremlin Horn":49,"CeramicFish":25,"Vajra":10,"Runic Capacitor":0,"Sozu":17,"Lizard Tail":24,"Centennial Puzzle":48,"infinitespire:SolderingIron":0,"Replay:Frozen Program":19,"HornCleat":14,"DollysMirror":11,"Prayer Wheel":34,"Philosopher\u0027s Stone":34,"Iron Hammer":12,"Toxic Egg 2":0,"Girya":0,"Happy Flower":40,"ReplayTheSpireMod:CursedCoin":0,"Replay:Grab Bag":17,"Dead Branch":0,"Oddly Smooth Stone":54,"infinitespire:Beetle Shell":10,"Letter Opener":32,"War Paint":54,"Question Card":42,"Du-Vu Doll":53,"OrangePellets":0,"Replay:Baseball":28,"Bottled Flame":14,"Bronze Scales":10,"Molten Egg 2":4,"Onion Ring":42,"Simple Rune":8,"ReplayTheSpireMod:TigerMarble":2,"infinitespire:EmpoweringShard":28,"Black Star":34,"Symbiotic Virus":3,"Mirror":52,"Meat on the Bone":0,"Pocketwatch":38,"Snecko Heart":34,"Replay:PocketPolymizer":0,"SacredBark":17,"Mango":40,"Incense Burner":24,"Juzu Bracelet":41,"Replay:Mystery Machine":47,"Empty Cage":17,"ClockworkSouvenir":0,"Frozen Eye":53,"SsserpentHead":3,"Nunchaku":23,"Dream Catcher":23,"Emotion Chip":0,"Replay:Bandana":25,"Chameleon Ring":10,"Mummified Hand":9,"Pantograph":17,"Gambling Chip":0,"Tiny Chest":21,"Red Mask":22,"Replay:Bottled Snecko":6,"Replay:Antivirus Software":53,"Cracked Core":0,"Gremlin Food":53,"ReplayTheSpireMod:Ninjato":44,"Replay:Towering Pillar of Hats":0,"infinitespire:CursedDice":54,"Quantum Egg":4,"Guide Book":47,"Replay:WaspNest":42,"infinitespire:FocusingShard":48,"Orichalcum":44,"White Beast Statue":28,"Mercury Hourglass":14,"Calling Bell":34,"Strange Spoon":6,"DataDisk":29,"CaptainsWheel":0,"Anchor":6,"Pondfish Scales":9,"infinitespire:Satchel":34,"ChewingGum":17,"Coffee Dripper":17,"Bag of Marbles":13,"Membership Card":53,"FossilizedHelix":21,"TungstenRod":0,"ReplayTheSpireMod:ShopPack":53},{"infinitespire:BottledMercury":69,"Golden Egg":250,"Replay:Accelerometer":282,"infinitespire:Cubic Diamond":1,"Ginger":70,"Bottled Tornado":68,"Boot":132,"FrozenCore":48,"Replay:Ringing Soul":33,"infinitespire:ShieldingShard":36,"Sundial":166,"Replay:Bronze Core":161,"MealTicket":14,"infinitespire:Golems Mask":134,"Fusion Hammer":48,"HandDrill":29,"Kunai":157,"Replay:Wax Seal":126,"Replay:Bottled Steam":258,"Counterbalance":83,"Blue Candle":128,"Pen Nib":140,"ReplayTheSpireMod:SealedPack":151,"Guardian:PocketSentry":34,"infinitespire:Magic Flask":96,"Akabeko":231,"Cables":290,"infinitespire:EvilPickle":57,"SlaversCollar":79,"infinitespire:Lychee Nut":12,"infinitespire:Broken Mirror":270,"Bird Faced Urn":29,"Snecko Eye":222,"Pandora\u0027s Box":0,"CultistMask":299,"StrikeDummy":57,"Unceasing Top":232,"Solar Panel":131,"Lantern":6,"Regal Pillow":9,"Carrot":160,"Singing Bowl":53,"Torii":68,"Blue Doll":36,"StoneCalendar":202,"Bag of Preparation":55,"Replay:Multitool":224,"Smiling Mask":47,"Ancient Tea Set":120,"Cursed Key":222,"Pet Ghost":94,"Replay:Rubber Ducky":151,"Matryoshka":36,"Shovel":70,"infinitespire:Bottled Soul":155,"WingedGreaves":76,"Replay:Lucky Slots":295,"Replay:Bottled Eggs":120,"Guardian:BottledAnomaly":154,"infinitespire:Eraser":225,"InkBottle":13,"Potion Belt":27,"Lee\u0027s Waffle":22,"Inserter":306,"Golden Idol":265,"Guardian:GemstoneGun":202,"Thread and Needle":175,"infinitespire:Joker Card":15,"The Courier":209,"PreservedInsect":297,"Geode":4,"Omamori":289,"infinitespire:CheckeredPen":224,"Frozen Egg 2":70,"MawBank":91,"Replay:Arrowhead":128,"Nuclear Battery":106,"Orrery":15,"Turnip":175,"Garlic":19,"Art of War":126,"Durian":238,"ReplayTheSpireMod:Lightbulb":85,"Toy Ornithopter":121,"infinitespire:Freezer":64,"Ice Cream":12,"Divine Protection":184,"Calipers":32,"Gremlin Horn":323,"CeramicFish":247,"Vajra":4,"Runic Capacitor":70,"Sozu":23,"Lizard Tail":53,"Centennial Puzzle":96,"infinitespire:SolderingIron":99,"Replay:Frozen Program":137,"HornCleat":150,"DollysMirror":76,"Prayer Wheel":57,"Philosopher\u0027s Stone":87,"Iron Hammer":76,"Toxic Egg 2":99,"Girya":99,"Happy Flower":62,"ReplayTheSpireMod:CursedCoin":202,"Replay:Grab Bag":48,"Dead Branch":142,"Oddly Smooth Stone":127,"infinitespire:Beetle Shell":20,"Letter Opener":86,"War Paint":173,"Question Card":225,"Du-Vu Doll":97,"OrangePellets":70,"Replay:Baseball":27,"Bottled Flame":47,"Bronze Scales":45,"Molten Egg 2":16,"Onion Ring":196,"Simple Rune":302,"ReplayTheSpireMod:TigerMarble":30,"infinitespire:EmpoweringShard":54,"Black Star":116,"Symbiotic Virus":30,"Mirror":97,"Meat on the Bone":128,"Pocketwatch":319,"Snecko Heart":222,"Replay:PocketPolymizer":264,"SacredBark":10,"Mango":195,"Incense Burner":82,"Juzu Bracelet":90,"Replay:Mystery Machine":292,"Empty Cage":48,"ClockworkSouvenir":128,"Frozen Eye":97,"SsserpentHead":233,"Nunchaku":82,"Dream Catcher":187,"Emotion Chip":232,"Replay:Bandana":311,"Chameleon Ring":182,"Mummified Hand":76,"Pantograph":151,"Gambling Chip":202,"Tiny Chest":25,"Red Mask":51,"Replay:Bottled Snecko":43,"Replay:Antivirus Software":126,"Cracked Core":0,"Gremlin Food":97,"ReplayTheSpireMod:Ninjato":65,"Replay:Towering Pillar of Hats":232,"infinitespire:CursedDice":295,"Quantum Egg":2,"Guide Book":197,"Replay:WaspNest":64,"infinitespire:FocusingShard":198,"Orichalcum":322,"White Beast Statue":84,"Mercury Hourglass":78,"Calling Bell":57,"Strange Spoon":17,"DataDisk":28,"CaptainsWheel":70,"Anchor":103,"Pondfish Scales":132,"infinitespire:Satchel":57,"ChewingGum":151,"Coffee Dripper":48,"Bag of Marbles":105,"Membership Card":97,"FossilizedHelix":80,"TungstenRod":99,"ReplayTheSpireMod:ShopPack":126},{"infinitespire:BottledMercury":336,"Golden Egg":1051,"Replay:Accelerometer":1246,"infinitespire:Cubic Diamond":2,"Ginger":342,"Bottled Tornado":332,"Boot":568,"FrozenCore":218,"Replay:Ringing Soul":147,"infinitespire:ShieldingShard":158,"Sundial":709,"Replay:Bronze Core":684,"MealTicket":63,"infinitespire:Golems Mask":577,"Fusion Hammer":218,"HandDrill":137,"Kunai":670,"Replay:Wax Seal":541,"Replay:Bottled Steam":1092,"Counterbalance":384,"Blue Candle":550,"Pen Nib":600,"ReplayTheSpireMod:SealedPack":650,"Guardian:PocketSentry":152,"infinitespire:Magic Flask":412,"Akabeko":976,"Cables":1280,"infinitespire:EvilPickle":276,"SlaversCollar":373,"infinitespire:Lychee Nut":50,"infinitespire:Broken Mirror":1178,"Bird Faced Urn":137,"Snecko Eye":952,"Pandora\u0027s Box":0,"CultistMask":1316,"StrikeDummy":276,"Unceasing Top":981,"Solar Panel":563,"Lantern":23,"Regal Pillow":32,"Carrot":680,"Singing Bowl":246,"Torii":332,"Blue Doll":158,"StoneCalendar":891,"Bag of Preparation":256,"Replay:Multitool":958,"Smiling Mask":207,"Ancient Tea Set":516,"Cursed Key":952,"Pet Ghost":409,"Replay:Rubber Ducky":650,"Matryoshka":158,"Shovel":342,"infinitespire:Bottled Soul":662,"WingedGreaves":364,"Replay:Lucky Slots":1299,"Replay:Bottled Eggs":516,"Guardian:BottledAnomaly":659,"infinitespire:Eraser":960,"InkBottle":56,"Potion Belt":124,"Lee\u0027s Waffle":97,"Inserter":1354,"Golden Idol":1134,"Guardian:GemstoneGun":891,"Thread and Needle":771,"infinitespire:Joker Card":70,"The Courier":909,"PreservedInsect":1307,"Geode":14,"Omamori":1278,"infinitespire:CheckeredPen":958,"Frozen Egg 2":342,"MawBank":403,"Replay:Arrowhead":550,"Nuclear Battery":460,"Orrery":70,"Turnip":771,"Garlic":81,"Art of War":541,"Durian":1002,"ReplayTheSpireMod:Lightbulb":388,"Toy Ornithopter":520,"infinitespire:Freezer":312,"Ice Cream":50,"Divine Protection":811,"Calipers":145,"Gremlin Horn":1422,"CeramicFish":1040,"Vajra":14,"Runic Capacitor":342,"Sozu":108,"Lizard Tail":246,"Centennial Puzzle":412,"infinitespire:SolderingIron":421,"Replay:Frozen Program":591,"HornCleat":642,"DollysMirror":364,"Prayer Wheel":276,"Philosopher\u0027s Stone":394,"Iron Hammer":364,"Toxic Egg 2":421,"Girya":421,"Happy Flower":299,"ReplayTheSpireMod:CursedCoin":891,"Replay:Grab Bag":218,"Dead Branch":608,"Oddly Smooth Stone":544,"infinitespire:Beetle Shell":87,"Letter Opener":390,"War Paint":756,"Question Card":960,"Du-Vu Doll":416,"OrangePellets":342,"Replay:Baseball":124,"Bottled Flame":207,"Bronze Scales":197,"Molten Egg 2":73,"Onion Ring":866,"Simple Rune":1325,"ReplayTheSpireMod:TigerMarble":139,"infinitespire:EmpoweringShard":252,"Black Star":499,"Symbiotic Virus":139,"Mirror":416,"Meat on the Bone":550,"Pocketwatch":1408,"Snecko Heart":952,"Replay:PocketPolymizer":1125,"SacredBark":41,"Mango":862,"Incense Burner":379,"Juzu Bracelet":401,"Replay:Mystery Machine":1289,"Empty Cage":218,"ClockworkSouvenir":550,"Frozen Eye":416,"SsserpentHead":984,"Nunchaku":379,"Dream Catcher":822,"Emotion Chip":981,"Replay:Bandana":1383,"Chameleon Ring":800,"Mummified Hand":364,"Pantograph":650,"Gambling Chip":891,"Tiny Chest":114,"Red Mask":235,"Replay:Bottled Snecko":187,"Replay:Antivirus Software":541,"Cracked Core":0,"Gremlin Food":416,"ReplayTheSpireMod:Ninjato":317,"Replay:Towering Pillar of Hats":981,"infinitespire:CursedDice":1299,"Quantum Egg":4,"Guide Book":869,"Replay:WaspNest":312,"infinitespire:FocusingShard":874,"Orichalcum":1418,"White Beast Statue":386,"Mercury Hourglass":369,"Calling Bell":276,"Strange Spoon":76,"DataDisk":136,"CaptainsWheel":342,"Anchor":438,"Pondfish Scales":568,"infinitespire:Satchel":276,"ChewingGum":650,"Coffee Dripper":218,"Bag of Marbles":449,"Membership Card":416,"FossilizedHelix":375,"TungstenRod":421,"ReplayTheSpireMod:ShopPack":541}],"TungstenRod":72,"Pocketwatch":[0],"Meat on the Bone":36},"card_choices":[{"not_picked":["Gash","Doom and Gloom"],"picked":"Loop","floor":1.0},{"not_picked":["Turbo","Stack","Leap"],"picked":"SKIP","floor":2.0},{"not_picked":["Go for the Eyes","Lockon"],"picked":"Coolheaded","floor":4.0},{"not_picked":["Redo","Rebound"],"picked":"Force Field","floor":5.0},{"not_picked":["Static Discharge","Compile Driver"],"picked":"Hologram","floor":7.0},{"not_picked":["Auto Shields","Rebound"],"picked":"Heatsinks","floor":10.0},{"not_picked":["FTL","Sunder"],"picked":"Chill","floor":13.0},{"not_picked":["Sweeping Beam","Cold Snap"],"picked":"FIFO Queue+1","floor":14.0},{"not_picked":["Mirror Shield","Echo Form+1"],"picked":"Creative AI+1","floor":16.0},{"not_picked":["Go for the Eyes+1","Rebound+1"],"picked":"Heatsinks+1","floor":18.0},{"not_picked":["Leap","Steam","Beam Cell"],"picked":"SKIP","floor":19.0},{"not_picked":["Go for the Eyes","Steam","BasicCrystalCard+1"],"picked":"SKIP","floor":21.0},{"not_picked":["Streamline","Self Repair+1"],"picked":"Storm+1","floor":22.0},{"not_picked":["Streamline","Stack"],"picked":"Machine Learning+1","floor":24.0},{"not_picked":["Conserve Battery","Beam Cell"],"picked":"Hologram","floor":27.0},{"not_picked":["Fusion","Blizzard"],"picked":"Core Surge","floor":28.0},{"not_picked":["Coolheaded","Melter"],"picked":"Cold Snap","floor":30.0},{"not_picked":["Mirror Shield","Multi-Cast"],"picked":"Electrodynamics+1","floor":33.0},{"not_picked":["Chill","Streamline"],"picked":"FIFO Queue+1","floor":35.0},{"not_picked":["Panic Button","Stack","Conserve Battery"],"picked":"SKIP","floor":35.0},{"not_picked":["Rebound","Leap"],"picked":"Coolheaded","floor":36.0},{"not_picked":["Sweeping Beam","Force Field"],"picked":"Consume+1","floor":36.0},{"not_picked":["Violence","Chrysalis"],"picked":"Midas Touch","floor":37.0},{"not_picked":["Replay:SS_forest_2","expansioncontent:TimeRipple"],"picked":"expansioncontent:DecasProtection","floor":37.0},{"not_picked":["expansioncontent:DefensiveStance","Trip"],"picked":"expansioncontent:AwakenDeath","floor":37.0},{"not_picked":["ReplayTheSpireMod:??????????????????????","ReplayTheSpireMod:Haul"],"picked":"infinitespire:UltimateForm","floor":38.0},{"not_picked":["Scrape+1","Compile Driver+1"],"picked":"Turbo+1","floor":38.0},{"not_picked":["FTL","Melter"],"picked":"BootSequence","floor":41.0},{"not_picked":["Tempest+1","Sweeping Beam","Ball Lightning"],"picked":"Singing Bowl","floor":41.0},{"not_picked":["Redo","Stack","Compile Driver+1"],"picked":"Singing Bowl","floor":41.0},{"not_picked":["Rebound","Stack","Compile Driver"],"picked":"Singing Bowl","floor":42.0},{"not_picked":["Conserve Battery","ReplayTheSpireMod:Omega Cannon"],"picked":"Chill+1","floor":42.0},{"not_picked":["Redo","Turbo"],"picked":"Heatsinks+1","floor":42.0},{"not_picked":["Core Surge","Panic Button"],"picked":"Force Field","floor":44.0},{"not_picked":["Reinforced Body+1","Tempest"],"picked":"Double Energy+1","floor":48.0},{"not_picked":["Auto Shields","Streamline"],"picked":"Consume","floor":48.0},{"not_picked":["Melter","Chaos"],"picked":"Defragment+1","floor":48.0},{"not_picked":["Leap","Beam Cell"],"picked":"Chaos+1","floor":55}],"player_experience":981985,"relics_obtained":[{"floor":6.0,"key":"Pantograph"},{"floor":8.0,"key":"Simple Rune"},{"floor":10.0,"key":"Mercury Hourglass"},{"floor":11.0,"key":"Frozen Egg 2"},{"floor":12.0,"key":"MealTicket"},{"floor":13.0,"key":"Pen Nib"},{"floor":15.0,"key":"Mummified Hand"},{"floor":23.0,"key":"Bronze Scales"},{"floor":24.0,"key":"Dead Branch"},{"floor":25.0,"key":"Replay:Bandana"},{"floor":26.0,"key":"Solar Panel"},{"floor":28.0,"key":"Replay:WaspNest"},{"floor":29.0,"key":"Letter Opener"},{"floor":38.0,"key":"Pocketwatch"},{"floor":40.0,"key":"Singing Bowl"},{"floor":43.0,"key":"Replay:Antivirus Software"},{"floor":44.0,"key":"Orichalcum"},{"floor":45.0,"key":"Chameleon Ring"},{"floor":49.0,"key":"Gremlin Horn"},{"floor":53,"key":"Garlic"},{"floor":55,"key":"Akabeko"}],"event_choices":[{"damage_healed":0.0,"max_hp_gain":0.0,"max_hp_loss":0.0,"gold_gain":0.0,"event_name":"FaceTrader","player_choice":"Trade","floor":3.0,"gold_loss":0.0,"damage_taken":0.0,"relics_obtained":["CultistMask"]},{"damage_healed":0.0,"max_hp_gain":0.0,"max_hp_loss":0.0,"gold_gain":100.0,"event_name":"The Joust","player_choice":"Bet on Murderer","floor":31.0,"gold_loss":50.0,"damage_taken":0.0},{"damage_healed":0.0,"max_hp_gain":0.0,"max_hp_loss":0.0,"gold_gain":100.0,"event_name":"The Joust","player_choice":"Bet on Murderer","floor":38.0,"gold_loss":50.0,"damage_taken":0.0},{"cards_removed":["Strike_B"],"damage_healed":0.0,"max_hp_gain":0.0,"max_hp_loss":0.0,"gold_gain":0.0,"event_name":"Purifier","player_choice":"Purged","floor":39.0,"gold_loss":0.0,"damage_taken":0.0},{"cards_removed":["Writhe"],"damage_healed":0.0,"max_hp_gain":0.0,"max_hp_loss":0.0,"gold_gain":0.0,"event_name":"Fountain of Cleansing","player_choice":"Removed Curses","floor":46.0,"gold_loss":0.0,"damage_taken":0.0}],"is_beta":false,"boss_relics":[{"not_picked":["ReplayTheSpireMod:SealedPack","Busted Crown"],"picked":"Inserter"},{"not_picked":["Philosopher\u0027s Stone","Painkiller Herb"],"picked":"Coffee Dripper"}],"items_purged_floors":[0,0,54],"is_endless":false,"potions_floor_spawned":[1,10,13,14,16,22,24,27,38,38,41,48],"ascension_level":20}}