{"host":"dl5mjdlimopbuch5","time":1607901553,"event":{"mods":["AchievementEnabler","BaseMod","Colored Powertips","Googly Eyes","Minty Spire (QoL Compilation)","Quick Restart"],"gold_per_floor":[119,136,136,149,168,180,180,208,287,300,312,312,326,345,345,443,443,463,479,479,479,335,335,335],"floor_reached":23,"playtime":478,"items_purged":[],"score":284,"play_id":"6e6a3b43-5017-4587-acab-e33a4b6c1373","local_time":"20201213231913","is_ascension_mode":true,"campfire_choices":[{"floor":12,"key":"REST"},{"floor":15,"key":"REST"}],"circlet_count":0,"master_deck":["Strike_P+1","Strike_P+1","Strike_P+1","Strike_P+1","Defend_P+1","Defend_P+1","Defend_P+1","Defend_P+1","Eruption","Vigilance","Crescendo","SandsOfTime+1","Tantrum","Devotion","Prostrate","ForeignInfluence"],"relics":["HolyWater","NeowsBlessing","CloakClasp","TeardropLocket","Happy Flower"],"acts_visited":["Exordium","TheCity"],"potions_floor_usage":[8,10],"damage_taken":[{"damage":0,"enemies":"Cultist","floor":1,"turns":1},{"damage":0,"enemies":"Jaw Worm","floor":2,"turns":1},{"damage":0,"enemies":"Small Slimes","floor":4,"turns":2},{"damage":12,"enemies":"3 Louse","floor":5,"turns":2},{"damage":20,"enemies":"2 Fungi Beasts","floor":6,"turns":3},{"damage":29,"enemies":"Gremlin Nob","floor":8,"turns":3},{"damage":0,"enemies":"Exordium Wildlife","floor":10,"turns":2},{"damage":0,"enemies":"3 Louse","floor":11,"turns":2},{"damage":8,"enemies":"Blue Slaver","floor":13,"turns":3},{"damage":12,"enemies":"Large Slime","floor":14,"turns":3},{"damage":0,"enemies":"Slime Boss","floor":16,"turns":6},{"damage":43,"enemies":"Shell Parasite","floor":18,"turns":4},{"damage":19,"enemies":"2 Thieves","floor":19,"turns":2},{"damage":56,"enemies":"Gremlin Leader","floor":23,"turns":2}],"seed_played":"-2716051900762520602","potions_obtained":[{"floor":2,"key":"FairyPotion"},{"floor":4,"key":"SkillPotion"},{"floor":8,"key":"DuplicationPotion"},{"floor":10,"key":"Dexterity Potion"},{"floor":11,"key":"Energy Potion"}],"is_trial":false,"path_per_floor":["M","M","?","M","M","M","?","E","T","M","M","R","M","M","R","B",null,"M","M","?","?","$","E"],"character_chosen":"WATCHER","items_purchased":["Happy Flower"],"campfire_rested":2,"item_purchase_floors":[22],"current_hp_per_floor":[72,72,72,72,60,40,40,11,11,11,11,32,24,12,33,33,72,29,10,10,10,10,0,0],"gold":335,"neow_bonus":"THREE_ENEMY_KILL","is_daily":false,"chose_seed":false,"campfire_upgraded":0,"win_rate":0.0,"timestamp":1607901553,"path_taken":["M","?","?","?","M","?","?","E","T","M","M","R","M","M","R","BOSS","M","M","?","?","?","E"],"items_purchased_type":["Relic"],"build_version":"2020-11-30","purchased_purges":0,"victory":false,"max_hp_per_floor":[72,72,72,72,72,72,72,72,72,72,72,72,72,72,72,72,72,72,72,72,72,72,72,72],"card_choices":[{"not_picked":["BowlingBash","ThirdEye"],"picked":"Crescendo","floor":1},{"not_picked":["ClearTheMind","FlyingSleeves"],"picked":"SandsOfTime","floor":2},{"not_picked":["JustLucky","ClearTheMind"],"picked":"Tantrum","floor":4},{"not_picked":["Vengeance","SandsOfTime","Halt"],"picked":"SKIP","floor":5},{"not_picked":["TalkToTheHand","Nirvana","PathToVictory"],"picked":"SKIP","floor":6},{"not_picked":["EmptyBody","JustLucky","ConjureBlade"],"picked":"SKIP","floor":8},{"not_picked":["Crescendo","CrushJoints","WindmillStrike"],"picked":"SKIP","floor":10},{"not_picked":["Halt","CutThroughFate","FlyingSleeves"],"picked":"SKIP","floor":11},{"not_picked":["FlurryOfBlows","Crescendo","Protect"],"picked":"SKIP","floor":13},{"not_picked":["FlyingSleeves","Consecrate","CutThroughFate"],"picked":"SKIP","floor":14},{"not_picked":["Vault","DevaForm"],"picked":"Devotion","floor":16},{"not_picked":["FlurryOfBlows","Tantrum"],"picked":"Prostrate","floor":18},{"not_picked":["Evaluate+1","Nirvana"],"picked":"ForeignInfluence","floor":19}],"player_experience":218345,"relics_obtained":[{"floor":8,"key":"CloakClasp"},{"floor":9,"key":"TeardropLocket"}],"event_choices":[{"damage_healed":0,"gold_gain":0,"player_choice":"Bought 0 Potions","damage_taken":0,"max_hp_gain":0,"max_hp_loss":0,"event_name":"The Woman in Blue","floor":3,"gold_loss":0},{"damage_healed":0,"gold_gain":0,"player_choice":"Grow","damage_taken":0,"max_hp_gain":0,"max_hp_loss":0,"event_name":"Living Wall","floor":7,"gold_loss":0,"cards_upgraded":["SandsOfTime"]},{"damage_healed":0,"gold_gain":0,"player_choice":"Ignored","damage_taken":0,"max_hp_gain":0,"max_hp_loss":0,"event_name":"Ghosts","floor":20,"gold_loss":0},{"damage_healed":0,"gold_gain":0,"player_choice":"Simplicity","damage_taken":0,"max_hp_gain":0,"max_hp_loss":0,"event_name":"Back to Basics","floor":21,"gold_loss":0,"cards_upgraded":["Strike_P","Strike_P","Strike_P","Strike_P","Defend_P","Defend_P","Defend_P","Defend_P"]}],"is_beta":false,"boss_relics":[{"not_picked":["Snecko Eye","SlaversCollar"],"picked":"HolyWater"}],"items_purged_floors":[],"is_endless":false,"potions_floor_spawned":[2,4,8,10,11,13],"killed_by":"Gremlin Leader","ascension_level":3}}