{"host":"ymmeoa1x24ihslbm","time":1607900880,"event":{"mods":["AchievementEnabler","BaseMod","Colored Map","Colored Powertips","Defuse TimeMaze Blight","Highlight Path","Minty Spire (QoL Compilation)","Permanent Neow","Quick Restart","StSLib","Unceasing Turn Reminder"],"gold_per_floor":[118,134,234,246,258,270,329,33,57,57,57,57,67,80,80,80,80],"floor_reached":16,"playtime":1034,"items_purged":[],"score":155,"play_id":"6835779e-5edd-4e2f-917d-fae0af46a59e","local_time":"20201214000800","is_ascension_mode":true,"campfire_choices":[{"data":"Predator","floor":10,"key":"SMITH"},{"data":"Flying Knee","floor":12,"key":"SMITH"},{"data":"Footwork","floor":15,"key":"SMITH"}],"circlet_count":0,"master_deck":["AscendersBane","Strike_G","Strike_G","Strike_G","Strike_G","Strike_G","Defend_G","Defend_G","Defend_G","Defend_G","Defend_G","Survivor","Neutralize","Bane","Prepared","Predator+1","Flying Knee+1","Poisoned Stab","Leg Sweep","Footwork+1","Backflip","Dagger Throw"],"relics":["Ring of the Snake","Bag of Marbles","Prayer Wheel","Tiny Chest","Ginger"],"acts_visited":["Exordium"],"potions_floor_usage":[7,16],"damage_taken":[{"damage":1,"enemies":"2 Louse","floor":1,"turns":3},{"damage":0,"enemies":"Cultist","floor":2,"turns":4},{"damage":1,"enemies":"Small Slimes","floor":4,"turns":3},{"damage":4,"enemies":"Blue Slaver","floor":5,"turns":5},{"damage":10,"enemies":"Gremlin Gang","floor":6,"turns":7},{"damage":15,"enemies":"Gremlin Nob","floor":7,"turns":4},{"damage":4,"enemies":"Exordium Wildlife","floor":13,"turns":4},{"damage":9,"enemies":"Exordium Thugs","floor":14,"turns":5},{"damage":15,"enemies":"The Guardian","floor":16,"turns":11}],"seed_played":"6196405983130402324","potions_obtained":[{"floor":2,"key":"BlessingOfTheForge"},{"floor":13,"key":"LiquidBronze"},{"floor":14,"key":"Block Potion"}],"is_trial":false,"path_per_floor":["M","M","?","M","M","M","?","$","T","R","T","R","M","M","R","B"],"character_chosen":"THE_SILENT","items_purchased":["Prayer Wheel"],"campfire_rested":0,"item_purchase_floors":[8],"current_hp_per_floor":[62,62,62,61,57,47,32,32,32,32,32,32,28,19,19,4,4],"gold":80,"neow_bonus":"THREE_CARDS","is_daily":false,"chose_seed":false,"campfire_upgraded":3,"win_rate":0.0,"timestamp":1607900880,"path_taken":["M","M","?","?","M","M","?","$","T","R","?","R","M","M","R","BOSS"],"items_purchased_type":["Relic"],"build_version":"2020-11-30","purchased_purges":0,"victory":false,"max_hp_per_floor":[70,70,70,70,70,70,70,70,70,70,70,70,70,70,70,70,70],"card_choices":[{"not_picked":["Masterful Stab","Sucker Punch"],"picked":"Bane","floor":0},{"not_picked":["Underhanded Strike","PiercingWail"],"picked":"Prepared","floor":1},{"not_picked":["Bane","Expertise"],"picked":"Predator","floor":2},{"not_picked":["PiercingWail","Dodge and Roll"],"picked":"Flying Knee","floor":4},{"not_picked":["Prepared","Flying Knee"],"picked":"Poisoned Stab","floor":5},{"not_picked":["Malaise","Prepared","Outmaneuver"],"picked":"SKIP","floor":6},{"not_picked":["Choke","Dagger Spray"],"picked":"Leg Sweep","floor":7},{"not_picked":["Predator","Well Laid Plans"],"picked":"Footwork","floor":13},{"not_picked":["Footwork","Finisher"],"picked":"Backflip","floor":13},{"not_picked":["Outmaneuver","Deflect"],"picked":"Dagger Throw","floor":14},{"not_picked":["Poisoned Stab","Caltrops","Dagger Throw"],"picked":"SKIP","floor":14}],"player_experience":571608,"relics_obtained":[{"floor":7,"key":"Bag of Marbles"},{"floor":9,"key":"Tiny Chest"},{"floor":11,"key":"Ginger"}],"event_choices":[{"damage_healed":0,"gold_gain":100,"player_choice":"Gold","damage_taken":0,"max_hp_gain":0,"max_hp_loss":0,"event_name":"Wheel of Change","floor":3,"gold_loss":0},{"damage_healed":0,"gold_gain":0,"player_choice":"Searched \u00272\u0027 times","damage_taken":0,"max_hp_gain":0,"max_hp_loss":0,"event_name":"Dead Adventurer","floor":7,"gold_loss":0}],"is_beta":false,"boss_relics":[],"items_purged_floors":[],"is_endless":false,"potions_floor_spawned":[2,13,14],"killed_by":"The Guardian","ascension_level":13}}