{"host":"wvaiab5ya9pyia0u","time":1607894683,"event":{"mods":["2.2 Compatiblity","Aspiration","Bard","BaseMod","Bestiary","BetterRewards","Challenge The Spire","Colored Powertips","Conspire","Custom Start","DeckTracker","Hermit","Highlight Path","Hubris","Humility","Infinite Spire","Mimic Mod","Minty Spire (QoL Compilation)","Practice Mode","Quick Restart","Rare Cards Sparkle","Replay The Spire","Reworked Bosses","SacredBarkPlus","Shop Mod","Spicy Shops","StSLib","The Blue Laboratory","The Construct","The Cursed","The Disciple","The Factory","The Hierophant","The Jungle","The Mystic","The Runesmith","The Servant 0.9.4","TheBandit","Thieving Mod","Wandering Minibosses","everything is the same but u backflip on backflip","slay the spire mod where everything is the same but ironclad has a cowboy hat"],"gold_per_floor":[113,125,200,213,183,209,209,220,220,230,246,266,266,266],"floor_reached":13,"playtime":806,"items_purged":[],"score":89,"play_id":"a48e605c-a85a-4334-888d-23578dc50ca9","local_time":"20201213222443","is_ascension_mode":false,"campfire_choices":[{"floor":7.0,"key":"REST"}],"circlet_count":0,"master_deck":["construct:Strike_Gold","construct:Strike_Gold","construct:Strike_Gold","construct:Strike_Gold","construct:Strike_Gold","construct:Defend_Gold","construct:Defend_Gold","construct:Defend_Gold","construct:Defend_Gold","construct:Defend_Gold","construct:AttackMode","construct:DefenseMode","construct:Hazardproof","construct:SweepLaser","construct:Reinforce","construct:SaveState","construct:Forcefield","construct:ChargeShot","construct:GuardCore","construct:Disrupt"],"relics":["construct:Cogwheel","conspire:TopHat","Kunai"],"acts_visited":["Exordium"],"potions_floor_usage":[13,13,13],"damage_taken":[{"damage":12.0,"enemies":"Cultist","floor":1.0,"turns":5.0},{"damage":0.0,"enemies":"Small Slimes","floor":2.0,"turns":8.0},{"damage":1.0,"enemies":"Jaw Worm","floor":4.0,"turns":4.0},{"damage":13.0,"enemies":"Lagavulin","floor":6.0,"turns":16.0},{"damage":7.0,"enemies":"Exordium Thugs","floor":8.0,"turns":5.0},{"damage":1.0,"enemies":"2 Fungi Beasts","floor":10.0,"turns":5.0},{"damage":2.0,"enemies":"3 Louse","floor":11.0,"turns":4.0},{"damage":4,"enemies":"Large Slime","floor":12,"turns":9},{"damage":89,"enemies":"Gremlin Nob","floor":13,"turns":5}],"seed_played":"6999780688136145942","potions_obtained":[{"floor":4.0,"key":"Explosive Potion"},{"floor":5.0,"key":"Block Potion"},{"floor":5.0,"key":"blueLaboratory:RememoryPotion"},{"floor":6.0,"key":"blueLaboratory:FruitPunch"},{"floor":10.0,"key":"blueLaboratory:BubblePotion"},{"floor":12,"key":"LifebloodPotion"}],"is_trial":false,"path_per_floor":["M","M","?","M","?","E","R","M","T","M","M","M","E"],"character_chosen":"THE_CONSTRUCT_MOD","items_purchased":[],"campfire_rested":1,"item_purchase_floors":[],"current_hp_per_floor":[81,81,70,69,69,56,83,76,76,75,73,69,0,0],"gold":266,"neow_bonus":"TEN_PERCENT_HP_BONUS","is_daily":false,"chose_seed":false,"campfire_upgraded":0,"win_rate":0.0,"timestamp":1607894683,"path_taken":["M","?","?","M","?","E","R","M","T","M","?","M","E"],"items_purchased_type":[],"build_version":"2020-11-30","purchased_purges":0,"victory":false,"max_hp_per_floor":[93,93,93,93,93,93,93,93,93,93,93,93,95,95],"card_choices":[{"not_picked":["construct:FierceBash","construct:SuppressiveFire"],"picked":"construct:Hazardproof","floor":1.0},{"not_picked":["construct:VentSteam","construct:Forcefield"],"picked":"construct:SweepLaser","floor":2.0},{"not_picked":["construct:Boost","construct:Anticipate"],"picked":"construct:Reinforce","floor":4.0},{"not_picked":["construct:Reinforce","construct:HeavyBolt"],"picked":"construct:SaveState","floor":6.0},{"not_picked":["construct:VentSteam","construct:ClusterMines"],"picked":"construct:Forcefield","floor":8.0},{"not_picked":["construct:SuppressiveFire","construct:Reserves"],"picked":"construct:ChargeShot","floor":10.0},{"not_picked":["construct:Boost","construct:Autoturret"],"picked":"construct:GuardCore","floor":11.0},{"not_picked":["construct:HeavyBolt","construct:Analyze"],"picked":"construct:Disrupt","floor":12}],"player_experience":172409,"relics_obtained":[{"floor":6.0,"key":"conspire:TopHat"},{"floor":9.0,"key":"Kunai"}],"event_choices":[{"damage_healed":0.0,"max_hp_gain":0.0,"max_hp_loss":0.0,"gold_gain":75.0,"event_name":"World of Goop","player_choice":"Gather Gold","floor":3.0,"gold_loss":0.0,"damage_taken":11.0},{"damage_healed":0.0,"max_hp_gain":0.0,"max_hp_loss":0.0,"gold_gain":0.0,"event_name":"The Woman in Blue","player_choice":"Bought 2 Potions","floor":5.0,"gold_loss":0.0,"damage_taken":0.0}],"is_beta":false,"boss_relics":[],"items_purged_floors":[],"is_endless":false,"potions_floor_spawned":[4,6,10,12],"killed_by":"Gremlin Nob","ascension_level":0}}