{"host":"h792lphzw6wlba86","time":1607831501,"event":{"mods":["AchievementEnabler","Aspiration","Bard","BaseMod","Beaked The Cultist","Better Altar","Better Match","Better Note","Better Sensory Stone","Better Skull","Better Third Choice","BetterRewards","CCEM","Clawfect","Colored Map","Conspire","Downfall","GifTheSpireLib","Googly Eyes","Halation","Hermit","Highlight Path","Hubris","Hunter ??","Infinite Spire","Jedi Mod","Jorbs\u0027s Wanderer Trilogy","Mad Scientist","Marisa????????","Mimic Mod","Minty Spire (QoL Compilation)","Permanent Neow","Replay The Spire","Shade Mod","Shop Mod","Spicy Shops","StSLib","Stuff the Spire","The Administrix","The Blackbeard","The Bug Knight","The Construct","The Cursed","The Disciple","The Gatherer","The Hierophant","The IronCluck","The Jungle","The Mystic","The Necromancer","The Problem Sleuth","The Runesmith","The Servant 0.9.4","The Spell Scribe","The Witch","Unceasing Turn Reminder","everything is the same but u backflip on backflip","slay the spire mod where everything is the same but ironclad has a cowboy hat"],"gold_per_floor":[99,109,128,141,152,171,195,195,213,213,231,244,256,19,33,137,137,137,18,29,54,54,70,103,136,136,171,186,196,196,196,208,311,311,311,311,361,376,376,389,471,489,499,499,519,532,551,601,612,715,715,715,715,715,715,715,728,728,728,728,871,904,904,932,669,680,680,699,795,795,795],"floor_reached":70,"playtime":5402,"items_purged":["Slimebound:Strike_Slimebound","Slimebound:Strike_Slimebound","Slimebound:Strike_Slimebound","Wraith","jedi:thedog"],"score":1072,"play_id":"a256577e-9622-4078-b57c-c7c8d82812d0","local_time":"20201212215141","is_ascension_mode":false,"campfire_choices":[{"data":"Slimebound:Split","floor":1.0,"key":"SMITH"},{"data":"Slimebound:LeadByExample","floor":8.0,"key":"SMITH"},{"data":"Slimebound:CorrosiveSpit","floor":10.0,"key":"SMITH"},{"data":"Slimebound:HauntingLick","floor":18.0,"key":"SMITH"},{"data":"Replay:SS_forest_6","floor":22.0,"key":"SMITH"},{"data":"Slimebound:Replication","floor":26,"key":"SMITH"},{"data":"Slimebound:RejuvenatingLick","floor":35,"key":"SMITH"},{"data":"Slimebound:Schlurp","floor":39,"key":"SMITH"},{"data":"Slimebound:SpikyOuterGoop","floor":44,"key":"SMITH"},{"data":"Slimebound:SplitAcid","floor":52,"key":"SMITH"},{"data":"Slimebound:SplitAcid","floor":54,"key":"SMITH"},{"data":"Slimebound:SplitAcid","floor":56,"key":"SMITH"},{"data":"Slimebound:Replication","floor":63,"key":"SMITH"}],"circlet_count":0,"master_deck":["Slimebound:Tackle+1","Slimebound:Defend_Slimebound","Slimebound:Split+1","Slimebound:CorrosiveSpit+1","Slimebound:OneTwoCombo+1","Slimebound:GrowthPunch","Slimebound:LeadByExample+1","Slimebound:SplitBruiser+1","Slimebound:Schlurp","Slimebound:SplitAcid+1","Slimebound:Replication","Slimebound:RejuvenatingLick+1","Slimebound:Nibble","Slimebound:Schlurp+1","Slimebound:HauntingLick+1","Slimebound:OneTwoCombo+1","Replay:SS_forest_6+1","Slimebound:Replication+1","Slimebound:SplitAcid+1","infinitespire:Fortify","Slimebound:SplitLeeching","Slimebound:SplitBruiser+1","Slimebound:SplitAcid+1","Slimebound:SpikyOuterGoop+1","Slimebound:SplitAcid+1","Slimebound:SplitLeeching+1","Slimebound:SpikyOuterGoop+1","Slimebound:SplitMire+1","Slimebound:LeechEnergy+1","Slimebound:SlimeSpikes+1","Slimebound:SelfFormingGoo+1","StuffTheSpire:Harmony","stsjorbsmod:PollutedStrike","Slimebound:SplitMire+1","Slimebound:LevelUp+1","Slimebound:Replication+1","Slimebound:SelfFormingGoo+1","Injury","Slimebound:SpikyOuterGoop","stsjorbsmod:Amnesia","Slimebound:Grow+1","Slimebound:MegaLick+1","Slimebound:SplitMire+1"],"relics":["Slimebound:AbsorbEndCombat","Oddly Smooth Stone","Membership Card","hubris:Zylophone","ChewingGum","Toy Ornithopter","Matryoshka","Ginger","Gambling Chip","jedi:hotpepper","StuffTheSpire:MayFlowers","Mirror","Ring of Greed","Golden Egg","hubris:MobiusCoin","Black Star","halation:Toothbrush","Bag of Preparation","MerchantsRug","Odd Mushroom","halation:PrussianBluePaint","Guide Book","Astrolabe"],"acts_visited":["Exordium","TheCity","TheBeyond","Exordium","TheCity"],"potions_floor_usage":[69],"damage_taken":[{"damage":9.0,"enemies":"Cultist","floor":2.0,"turns":3.0},{"damage":8.0,"enemies":"conspire:RoseBush","floor":3.0,"turns":3.0},{"damage":9.0,"enemies":"Jaw Worm","floor":4.0,"turns":2.0},{"damage":8.0,"enemies":"Blue Slaver","floor":5.0,"turns":4.0},{"damage":24.0,"enemies":"Exordium Thugs","floor":6.0,"turns":4.0},{"damage":15.0,"enemies":"Large Slime","floor":9.0,"turns":4.0},{"damage":20.0,"enemies":"Exordium Thugs","floor":11.0,"turns":4.0},{"damage":22.0,"enemies":"Exordium Wildlife","floor":12.0,"turns":4.0},{"damage":20.0,"enemies":"2 Fungi Beasts","floor":13.0,"turns":3.0},{"damage":20.0,"enemies":"downfall:FleeingMerchant","floor":14.0,"turns":4.0},{"damage":31.0,"enemies":"Exordium Thugs","floor":15.0,"turns":3.0},{"damage":61.0,"enemies":"downfall:Silent","floor":16.0,"turns":7.0},{"damage":20.0,"enemies":"downfall:FleeingMerchant","floor":19.0,"turns":4.0},{"damage":49.0,"enemies":"conspire:FuzzyDice","floor":20.0,"turns":4.0},{"damage":47.0,"enemies":"Nightmare","floor":21.0,"turns":6.0},{"damage":27.0,"enemies":"Centurion and Healer","floor":23.0,"turns":4.0},{"damage":20.0,"enemies":"Sentry and Sphere","floor":24.0,"turns":4.0},{"damage":29,"enemies":"Book of Stabbing","floor":25,"turns":4},{"damage":29,"enemies":"Replay:Snechameleon","floor":27,"turns":4},{"damage":16,"enemies":"Sentry and Sphere","floor":28,"turns":3},{"damage":16,"enemies":"conspire:HollyBat","floor":29,"turns":6},{"damage":16,"enemies":"3 Cultists","floor":32,"turns":3},{"damage":44,"enemies":"downfall:Defect","floor":33,"turns":4},{"damage":16,"enemies":"Mind Bloom Boss Battle","floor":37,"turns":2},{"damage":12,"enemies":"Orb Walker","floor":38,"turns":2},{"damage":25,"enemies":"3 Shapes","floor":40,"turns":3},{"damage":28,"enemies":"3 Darklings","floor":42,"turns":3},{"damage":39,"enemies":"Writhing Mass","floor":43,"turns":3},{"damage":39,"enemies":"Maw","floor":45,"turns":4},{"damage":16,"enemies":"Jaw Worm Horde","floor":46,"turns":2},{"damage":16,"enemies":"3 Darklings","floor":47,"turns":3},{"damage":13,"enemies":"Sphere and 2 Shapes","floor":49,"turns":2},{"damage":40,"enemies":"downfall:Ironclad","floor":50,"turns":9},{"damage":8,"enemies":"Jaw Worm","floor":57,"turns":2},{"damage":38,"enemies":"downfall:FleeingMerchant","floor":61,"turns":3},{"damage":22,"enemies":"Lagavulin","floor":62,"turns":3},{"damage":8,"enemies":"The Mushroom Lair","floor":64,"turns":2},{"damage":8,"enemies":"2 Louse","floor":66,"turns":1},{"damage":0,"enemies":"Cultist","floor":67,"turns":1},{"damage":12,"enemies":"Blue Slaver","floor":68,"turns":1},{"damage":64,"enemies":"The Guardian","floor":69,"turns":5}],"seed_played":"2280390660587459993","potions_obtained":[{"floor":5.0,"key":"SkillPotion"},{"floor":6.0,"key":"SpeedPotion"},{"floor":9.0,"key":"PowerPotion"},{"floor":13.0,"key":"Elixir"},{"floor":20.0,"key":"Regen Potion"},{"floor":69,"key":"Explosive Potion"}],"is_trial":false,"path_per_floor":["R","M","M","M","M","M","T","R","M","R","M","M","M","$","M","B",null,"R","$","M","NM","R","M","MIM","E","R","E","M","M","AVR","?","M","B",null,"R","?","?","M","R","M","T","M","M","R","M","M","M","?","M","B",null,"R","?","R","?","R","M","T","PTL","PTL","$","E","R","?","$","M","M","M","B",null],"character_chosen":"SLIMEBOUND","items_purchased":["Membership Card","hubris:Zylophone","Replay:SS_forest_6","Slimebound:SplitMire","Slimebound:LevelUp","MerchantsRug","Slimebound:SelfFormingGoo","halation:PrussianBluePaint","Guide Book"],"campfire_rested":0,"item_purchase_floors":[14,14,19,61,61,61,65,65,65],"current_hp_per_floor":[60,60,60,59,60,56,56,56,60,60,56,54,54,56,55,48,60,60,60,43,58,58,53,56,56,56,53,56,60,60,41,45,59,45,45,45,41,45,45,45,45,44,30,30,38,38,45,45,44,45,45,45,45,45,45,45,45,45,45,45,33,41,41,47,49,49,49,49,41,55,55],"gold":795,"neow_bonus":"ONE_RANDOM_RARE_CARD","is_daily":false,"chose_seed":false,"campfire_upgraded":13,"win_rate":0.0,"timestamp":1607831501,"path_taken":["R","M","M","?","M","?","T","R","M","R","M","M","M","$","M","BOSS","R","$","M","NM","R","M","MIM","E","R","E","M","M","AVR","?","M","BOSS","R","?","?","?","R","M","T","M","M","R","M","M","?","?","M","BOSS","R","?","R","?","R","?","T","PTL","PTL","$","E","R","?","$","M","?","M","BOSS"],"items_purchased_type":["Relic","Relic","Card","Card","Card","Relic","Card","Relic","Relic"],"build_version":"2020-11-30","purchased_purges":5,"victory":false,"max_hp_per_floor":[60,60,60,60,60,60,60,60,60,60,60,60,60,60,60,60,60,60,60,60,60,60,60,60,60,60,60,60,60,60,60,60,60,45,45,45,45,45,45,45,45,45,45,45,45,45,45,45,45,45,45,45,45,45,45,45,45,45,45,45,47,47,47,47,49,49,49,49,49,55,55],"card_choices":[{"not_picked":["Slimebound:PressTheAttack","Slimebound:ComboTackle"],"picked":"Slimebound:GrowthPunch","floor":2.0},{"not_picked":["Slimebound:SlimeSpikes","Slimebound:ViciousTackle","Slimebound:OozeBath"],"picked":"SKIP","floor":3.0},{"not_picked":["Slimebound:SamplingLick","Slimebound:LivingWall"],"picked":"Slimebound:LeadByExample","floor":4.0},{"not_picked":["Slimebound:Gluttony","Slimebound:MegaLick"],"picked":"Slimebound:SplitBruiser","floor":5.0},{"not_picked":["Slimebound:LeechingTouch","Slimebound:BestDefense"],"picked":"Slimebound:Schlurp","floor":6.0},{"not_picked":["Slimebound:Schlurp","Slimebound:SplitLeeching"],"picked":"Slimebound:SplitAcid","floor":9.0},{"not_picked":["Slimebound:GoopSpray","Slimebound:SplitLeeching"],"picked":"Slimebound:Replication","floor":11.0},{"not_picked":["Slimebound:FormOfPuddle","Slimebound:FinishingTackle"],"picked":"Slimebound:RejuvenatingLick","floor":12.0},{"not_picked":["Slimebound:FinishingTackle","Slimebound:Grow"],"picked":"Slimebound:Nibble","floor":13.0},{"not_picked":["Slimebound:MassFeed","Slimebound:PressTheAttack"],"picked":"Slimebound:Schlurp","floor":14.0},{"not_picked":["Slimebound:ComboTackle","Slimebound:FlameTackle"],"picked":"Slimebound:HauntingLick","floor":15.0},{"not_picked":["Slimebound:PrepareCrush","Slimebound:LeechLife"],"picked":"Slimebound:OneTwoCombo","floor":16.0},{"not_picked":["Slimebound:Prepare+1","Slimebound:FinishingTackle","Slimebound:GrowthPunch"],"picked":"SKIP","floor":19.0},{"not_picked":["Slimebound:GoopSpray","Slimebound:GrowthPunch+1"],"picked":"Slimebound:Replication","floor":20.0},{"not_picked":["Slimebound:GrowthPunch","Slimebound:DisruptingSlam+1"],"picked":"Slimebound:SplitAcid","floor":21.0},{"not_picked":["ReplayTheSpireMod:??????????????????????","infinitespire:SevenWalls"],"picked":"infinitespire:Fortify","floor":21.0},{"not_picked":["Slimebound:ComboTackle","Slimebound:SamplingLick","Slimebound:OozeBath"],"picked":"SKIP","floor":23.0},{"not_picked":["Slimebound:RollThrough","Slimebound:LeechingTouch"],"picked":"Slimebound:SplitLeeching","floor":24.0},{"not_picked":["Slimebound:Nibble","Slimebound:SplitMire"],"picked":"Slimebound:SplitBruiser+1","floor":25},{"not_picked":["Slimebound:HauntingLick","Slimebound:SlimeBrawl","Slimebound:AcidTongue+1"],"picked":"SKIP","floor":27},{"not_picked":["Slimebound:RainOfGoop","Slimebound:Schlurp","Slimebound:FlameTackle+1"],"picked":"SKIP","floor":28},{"not_picked":["Slimebound:MegaLick","Slimebound:HauntingLick"],"picked":"Slimebound:SplitAcid","floor":29},{"not_picked":["Slimebound:SplitLeeching","Slimebound:RollThrough+1","Slimebound:RainOfGoop"],"picked":"SKIP","floor":32},{"not_picked":["Slimebound:PressTheAttack+1","Slimebound:Gluttony+1"],"picked":"Slimebound:SpikyOuterGoop+1","floor":37},{"not_picked":["Slimebound:RollThrough+1","Slimebound:SlimeSpikes+1"],"picked":"Slimebound:SplitAcid+1","floor":38},{"not_picked":["Slimebound:DisruptingSlam","Slimebound:FlameTackle+1","Slimebound:FinishingTackle+1"],"picked":"SKIP","floor":40},{"not_picked":["Slimebound:LivingWall+1","Slimebound:Dissolve"],"picked":"Slimebound:SplitLeeching+1","floor":42},{"not_picked":["Slimebound:ViciousTackle+1","Slimebound:LivingWall+1"],"picked":"Slimebound:SpikyOuterGoop","floor":43},{"not_picked":["Slimebound:DuplicatedForm","Slimebound:SplitAcid"],"picked":"Slimebound:SplitMire+1","floor":45},{"not_picked":["Slimebound:SlimeBrawl","Slimebound:RollThrough","Slimebound:Prepare"],"picked":"SKIP","floor":46},{"not_picked":["Slimebound:FinishingTackle+1","Slimebound:DisruptingSlam"],"picked":"Slimebound:LeechEnergy+1","floor":47},{"not_picked":["Slimebound:SplitBruiser","Slimebound:FinishingTackle+1"],"picked":"Slimebound:SlimeSpikes+1","floor":49},{"not_picked":["Slimebound:LeechLife","Slimebound:Overexert"],"picked":"Slimebound:SelfFormingGoo","floor":50},{"not_picked":["StuffTheSpire:Vigor","StuffTheSpire:Brawn"],"picked":"StuffTheSpire:Harmony","floor":55},{"not_picked":["Slimebound:SplitLeeching","Slimebound:SlimeSpikes","Slimebound:FinishingTackle"],"picked":"SKIP","floor":57},{"not_picked":["Slimebound:GoopSpray","Slimebound:PressTheAttack","Slimebound:Dissolve"],"picked":"SKIP","floor":61},{"not_picked":["Slimebound:PressTheAttack","Slimebound:FormOfPuddle"],"picked":"Slimebound:Replication","floor":62},{"not_picked":["Slimebound:SplitBruiser","Slimebound:ViciousTackle"],"picked":"Slimebound:SpikyOuterGoop","floor":66},{"not_picked":["Slimebound:Prepare","Slimebound:DouseInSlime","Slimebound:ItLooksTasty"],"picked":"SKIP","floor":67},{"not_picked":["Slimebound:BestDefense","Slimebound:SplitAcid","Slimebound:LeechingTouch"],"picked":"SKIP","floor":68}],"player_experience":575550,"relics_obtained":[{"floor":7.0,"key":"Oddly Smooth Stone"},{"floor":21.0,"key":"Toy Ornithopter"},{"floor":24.0,"key":"Matryoshka"},{"floor":25,"key":"Ginger"},{"floor":27,"key":"Gambling Chip"},{"floor":37,"key":"StuffTheSpire:MayFlowers"},{"floor":41,"key":"Mirror"},{"floor":41,"key":"Omamori"},{"floor":48,"key":"Ring of Greed"},{"floor":48,"key":"Golden Egg"},{"floor":48,"key":"hubris:MobiusCoin"},{"floor":58,"key":"halation:Toothbrush"},{"floor":58,"key":"Bag of Preparation"},{"floor":64,"key":"Odd Mushroom"}],"event_choices":[{"damage_healed":0,"gold_gain":0,"player_choice":"UP UP ","damage_taken":23,"relics_obtained":[],"max_hp_gain":0,"max_hp_loss":0,"event_name":"betterSkull:BetterSkull","floor":31,"gold_loss":0,"cards_upgraded":["Slimebound:Tackle","Slimebound:SplitBruiser"]},{"damage_healed":0,"gold_gain":0,"player_choice":"Ignored","damage_taken":0,"max_hp_gain":0,"max_hp_loss":0,"event_name":"OrinTheCat","floor":36,"gold_loss":0},{"damage_healed":0,"gold_gain":0,"player_choice":"Fought Mushrooms","damage_taken":0,"max_hp_gain":0,"max_hp_loss":0,"event_name":"Mushrooms","floor":64,"gold_loss":0}],"is_beta":false,"boss_relics":[{"not_picked":["Runic Dome","Snecko Eye"],"picked":"ChewingGum"},{"not_picked":["infinitespire:Cupcake","halation:PinkAlligatorPlush"],"picked":"jedi:hotpepper"},{"not_picked":["Runesmith:UraniumAnvil","Velvet Choker"],"picked":"Black Star"},{"not_picked":["Ring of Chaos","Replay:Bronze Core"],"picked":"Astrolabe"}],"items_purged_floors":[14,19,30,61,65],"is_endless":true,"potions_floor_spawned":[5,6,9,12,13,16,20,25,28,29,33,37,45,47,49,62,64,69],"ascension_level":0}}