{"host":"turdyikuxcak11ni","time":1607873889,"event":{"mods":["AchievementEnabler","BaseMod","Better Altar","Better Match","Better Note","Better Sensory Stone","Better Skull","Better Third Choice","Better Vampires","Colored Map","Downfall","Minty Spire (QoL Compilation)","Quick Restart","Relic Stats","Spicy Shops","StSLib","SuperFastMode"],"gold_per_floor":[99,274,274,199,199,199,199,230,230,264,282,301,301,133,151,255,255,255,255,269,286,296,308,308,308,308],"floor_reached":25,"playtime":1342,"items_purged":["Doubt"],"score":259,"play_id":"eb8d3132-fe86-4cd3-a201-e9c649ca04c3","local_time":"20201213073809","is_ascension_mode":false,"campfire_choices":[{"floor":1,"key":"RECALL"},{"data":"hexamod:Float","floor":4,"key":"SMITH"},{"data":"hexamod:Firestarter","floor":9,"key":"SMITH"},{"data":"expansioncontent:CaCaw","floor":18,"key":"SMITH"}],"circlet_count":0,"master_deck":["hexamod:Strike","hexamod:Strike","hexamod:Strike","hexamod:Strike","hexamod:Defend","hexamod:Defend","hexamod:Defend","hexamod:Defend","hexamod:Sear","hexamod:Float+1","hexamod:Firestarter+1","hexamod:HauntingEcho","hexamod:TimeWarp","hexamod:GhostOfSpirePast+1","expansioncontent:CaCaw+1","hexamod:FirstSeal"],"relics":["hexamod:SpiritBrand","downfall:HeartsMalice","downfall:HeartBlessingRed","Singing Bowl","Potion Belt","Mummified Hand","SlaversCollar","Sundial"],"acts_visited":["Exordium","TheCity"],"potions_floor_usage":[10,16,16,16,16,16],"damage_taken":[{"damage":0,"enemies":"Cultist","floor":5,"turns":1},{"damage":0,"enemies":"2 Louse","floor":6,"turns":1},{"damage":0,"enemies":"Gremlin Nob","floor":8,"turns":1},{"damage":48,"enemies":"3 Sentries","floor":10,"turns":11},{"damage":0,"enemies":"Small Slimes","floor":11,"turns":3},{"damage":7,"enemies":"2 Fungi Beasts","floor":12,"turns":4},{"damage":0,"enemies":"downfall:FleeingMerchant","floor":14,"turns":4},{"damage":1,"enemies":"Exordium Wildlife","floor":15,"turns":3},{"damage":17,"enemies":"downfall:Ironclad","floor":16,"turns":8},{"damage":0,"enemies":"Chosen","floor":20,"turns":4},{"damage":15,"enemies":"3 Byrds","floor":21,"turns":6},{"damage":6,"enemies":"Snecko","floor":22,"turns":4},{"damage":3,"enemies":"Centurion and Healer","floor":23,"turns":6},{"damage":90,"enemies":"Slavers","floor":25,"turns":5}],"seed_played":"7455157792074374244","potions_obtained":[{"floor":3,"key":"hexamod:EctoCoolerPotion"},{"floor":3,"key":"hexamod:InfernoChargePotion"},{"floor":3,"key":"FearPotion"},{"floor":8,"key":"Guardian:BlockOnCardUsePotion"},{"floor":12,"key":"AttackPotion"},{"floor":20,"key":"Guardian:BlockOnCardUsePotion"},{"floor":21,"key":"Dexterity Potion"}],"is_trial":false,"path_per_floor":["R","?","?","R","M","M","T","E","R","E","M","M","?","$","M","B",null,"R","?","M","M","M","M","T","E"],"character_chosen":"THE_SPIRIT","items_purchased":["EssenceOfSteel"],"campfire_rested":0,"item_purchase_floors":[14],"current_hp_per_floor":[70,70,70,70,70,70,70,72,72,24,26,19,19,21,22,7,80,80,80,80,74,77,83,83,0,0],"gold":308,"neow_bonus":"THREE_ENEMY_KILL","is_daily":false,"chose_seed":false,"campfire_upgraded":3,"win_rate":0.0,"timestamp":1607873889,"path_taken":["R","?","?","R","M","?","T","E","R","E","M","M","?","$","M","BOSS","R","?","?","M","M","M","T","E"],"items_purchased_type":["Potion"],"build_version":"2020-11-30","purchased_purges":1,"victory":false,"max_hp_per_floor":[70,70,70,70,70,70,70,72,72,72,74,74,74,76,78,80,80,80,80,80,82,84,86,86,86,86],"relic_stats":{"Singing Bowl":16,"counters":[14,58],"Mummified Hand":[19],"Sundial":[0],"obtain_stats":[{"Potion Belt":8,"SlaversCollar":17,"downfall:HeartBlessingRed":4,"Singing Bowl":7,"Mummified Hand":10,"Sundial":24,"downfall:HeartsMalice":0,"hexamod:SpiritBrand":0},{"Potion Belt":3,"SlaversCollar":9,"downfall:HeartBlessingRed":0,"Singing Bowl":2,"Mummified Hand":4,"Sundial":13,"downfall:HeartsMalice":0,"hexamod:SpiritBrand":0},{"Potion Belt":0,"SlaversCollar":33,"downfall:HeartBlessingRed":0,"Singing Bowl":0,"Mummified Hand":11,"Sundial":53,"downfall:HeartsMalice":0,"hexamod:SpiritBrand":0}]},"card_choices":[{"not_picked":["hexamod:RainOfEmbers","hexamod:ThermalTransfer"],"picked":"hexamod:Firestarter","floor":5},{"not_picked":["hexamod:GhostLash","hexamod:SpectersWail"],"picked":"hexamod:HauntingEcho","floor":6},{"not_picked":["hexamod:SoulSteal","hexamod:Firestarter","hexamod:AdvancingGuard"],"picked":"Singing Bowl","floor":8},{"not_picked":["hexamod:RecurringNightmare","hexamod:Haunt"],"picked":"hexamod:TimeWarp","floor":10},{"not_picked":["hexamod:PhantomFireball","hexamod:ThermalTransfer","hexamod:InspiringFlames"],"picked":"SKIP","floor":11},{"not_picked":["hexamod:PhantomFireball","hexamod:ThermalTransfer","hexamod:InspiringFlames"],"picked":"Singing Bowl","floor":11},{"not_picked":["hexamod:FastForward","hexamod:InspiringFlames"],"picked":"hexamod:GhostOfSpirePast","floor":12},{"not_picked":["Trip","Deep Breath"],"picked":"expansioncontent:CaCaw","floor":13},{"not_picked":["hexamod:HeatCrush","hexamod:AdvancingGuard","hexamod:SearingWound"],"picked":"Singing Bowl","floor":14},{"not_picked":["hexamod:AdvancingGuard","hexamod:RainOfEmbers","hexamod:BacktrackSmack"],"picked":"Singing Bowl","floor":15},{"not_picked":["hexamod:TimeWarp","hexamod:SearingWound","hexamod:FifthSeal"],"picked":"Singing Bowl","floor":16},{"not_picked":["hexamod:HauntingEcho","hexamod:SwordOfDarkness"],"picked":"hexamod:FirstSeal","floor":20},{"not_picked":["hexamod:HeatMetal+1","hexamod:Firestarter","hexamod:NightmareStrike"],"picked":"Singing Bowl","floor":21},{"not_picked":["hexamod:FastForward+1","hexamod:SkipABeat+1","hexamod:NightmareGuise"],"picked":"Singing Bowl","floor":22},{"not_picked":["hexamod:GhostLash","hexamod:HexaLevel","hexamod:InspiringFlames"],"picked":"Singing Bowl","floor":23}],"player_experience":230375,"relics_obtained":[{"floor":7,"key":"Singing Bowl"},{"floor":8,"key":"Potion Belt"},{"floor":10,"key":"Mummified Hand"},{"floor":24,"key":"Sundial"}],"event_choices":[{"damage_healed":0,"gold_gain":0,"player_choice":"Got Potions","damage_taken":0,"max_hp_gain":0,"max_hp_loss":0,"event_name":"Lab","floor":3,"gold_loss":0},{"damage_healed":0,"gold_gain":1,"player_choice":"1","damage_taken":0,"max_hp_gain":0,"max_hp_loss":0,"event_name":"betterStone:BetterStone","floor":13,"gold_loss":0},{"damage_healed":0,"gold_gain":0,"player_choice":"Forge","damage_taken":0,"max_hp_gain":0,"max_hp_loss":0,"event_name":"Accursed Blacksmith","floor":19,"gold_loss":0,"cards_upgraded":["hexamod:GhostOfSpirePast"]}],"is_beta":false,"boss_relics":[{"not_picked":["Fusion Hammer","Ectoplasm"],"picked":"SlaversCollar"}],"items_purged_floors":[14],"is_endless":false,"potions_floor_spawned":[8,12,15,20,21],"killed_by":"Slavers","ascension_level":0}}