{"host":"9el4dfae55z5uwq4","time":1607876766,"event":{"mods":["BaseMod","Colored Map","Colored Powertips","Custom Start","DeckTracker","Lobotomy","Minty Spire (QoL Compilation)","StSLib","SuperFastMode"],"gold_per_floor":[111,123,123,73,73,73,104,104,104,115,115,134,152,185,185,258,258,268,268,286,236,236,236],"floor_reached":22,"playtime":463,"items_purged":["Fasting2"],"score":372,"play_id":"620e4b02-cd4a-4737-8772-27ceb92e82cd","local_time":"20201214012606","is_ascension_mode":true,"campfire_choices":[{"data":"Eruption","floor":6.0,"key":"SMITH"},{"data":"LessonLearned","floor":8.0,"key":"SMITH"},{"data":"MentalFortress","floor":11.0,"key":"SMITH"},{"floor":15.0,"key":"REST"}],"circlet_count":0,"master_deck":["AscendersBane","Eruption+1","Vigilance","LessonLearned+1","MentalFortress+1","PathToVictory","PathToVictory","ConjureBlade","SandsOfTime","TalkToTheHand","Blasphemy","FearNoEvil","WreathOfFlame","WreathOfFlame"],"relics":["PureWater","NeowsBlessing","Blue Candle","Smiling Mask","Mercury Hourglass","Boot","Pandora\u0027s Box"],"acts_visited":["Exordium","TheCity"],"potions_floor_usage":[16,22,22],"damage_taken":[{"damage":0.0,"enemies":"2 Louse","floor":1.0,"turns":1.0},{"damage":0.0,"enemies":"Small Slimes","floor":2.0,"turns":1.0},{"damage":0.0,"enemies":"3 Sentries","floor":7.0,"turns":2.0},{"damage":0.0,"enemies":"Cultist","floor":10.0,"turns":2.0},{"damage":3.0,"enemies":"Exordium Wildlife","floor":12.0,"turns":4.0},{"damage":1.0,"enemies":"Exordium Thugs","floor":13.0,"turns":4.0},{"damage":22.0,"enemies":"Lagavulin","floor":14.0,"turns":6.0},{"damage":27,"enemies":"The Guardian","floor":16,"turns":10},{"damage":22,"enemies":"3 Byrds","floor":18,"turns":5},{"damage":33,"enemies":"Spheric Guardian","floor":20,"turns":4},{"damage":2,"enemies":"3 Cultists","floor":22,"turns":2}],"seed_played":"-3736547311688986803","potions_obtained":[{"floor":2.0,"key":"BottledMiracle"},{"floor":5.0,"key":"Strength Potion"},{"floor":20,"key":"Swift Potion"}],"is_trial":false,"path_per_floor":["M","M","?","?","?","R","E","R","T","M","R","M","M","E","R","B",null,"M","?","M","$","M"],"character_chosen":"WATCHER","items_purchased":[],"campfire_rested":1,"item_purchase_floors":[],"current_hp_per_floor":[61,61,58,58,58,58,58,58,58,58,58,55,54,32,52,25,57,35,35,2,2,0,0],"gold":236,"neow_bonus":"THREE_ENEMY_KILL","is_daily":false,"chose_seed":false,"campfire_upgraded":3,"win_rate":0.0,"timestamp":1607876766,"path_taken":["M","M","?","?","?","R","E","R","T","?","R","M","M","E","R","BOSS","M","?","M","$","M"],"items_purchased_type":[],"build_version":"2020-11-30","purchased_purges":1,"victory":false,"max_hp_per_floor":[68,68,68,68,68,68,68,68,68,68,68,68,68,68,68,68,68,68,68,68,68,68,68],"card_choices":[{"not_picked":["SashWhip","WreathOfFlame","Prostrate"],"picked":"SKIP","floor":1.0},{"not_picked":["Evaluate","JustLucky","WindmillStrike"],"picked":"SKIP","floor":2.0},{"not_picked":["EmptyBody","Swivel"],"picked":"LessonLearned","floor":7.0},{"not_picked":["Evaluate","Tantrum"],"picked":"MentalFortress","floor":10.0},{"not_picked":["Weave","InnerPeace"],"picked":"PathToVictory","floor":12.0},{"not_picked":["EmptyMind","DeceiveReality"],"picked":"PathToVictory","floor":13.0},{"not_picked":["Worship","Prostrate","SashWhip"],"picked":"SKIP","floor":14.0},{"not_picked":["DevaForm","DeusExMachina"],"picked":"ConjureBlade","floor":16},{"not_picked":["Study","EmptyFist","Consecrate"],"picked":"SKIP","floor":18},{"not_picked":["BowlingBash","Wireheading","Meditate+1"],"picked":"SKIP","floor":20}],"player_experience":1546627,"relics_obtained":[{"floor":7.0,"key":"Smiling Mask"},{"floor":9.0,"key":"Mercury Hourglass"},{"floor":14.0,"key":"Boot"}],"event_choices":[{"damage_healed":0.0,"max_hp_gain":0.0,"max_hp_loss":0.0,"gold_gain":0.0,"event_name":"Scrap Ooze","player_choice":"Success","floor":3.0,"gold_loss":0.0,"damage_taken":3.0,"relics_obtained":["Blue Candle"]},{"cards_removed":["Strike_P"],"damage_healed":0.0,"max_hp_gain":0.0,"max_hp_loss":0.0,"gold_gain":0.0,"event_name":"The Cleric","player_choice":"Card Removal","floor":4.0,"gold_loss":50.0,"damage_taken":0.0},{"damage_healed":0.0,"max_hp_gain":0.0,"max_hp_loss":0.0,"gold_gain":0.0,"event_name":"Lab","player_choice":"Got Potions","floor":5.0,"gold_loss":0.0,"damage_taken":0.0},{"damage_healed":0,"gold_gain":0,"player_choice":"Ignored","damage_taken":0,"max_hp_gain":0,"max_hp_loss":0,"event_name":"Vampires","floor":19,"gold_loss":0}],"is_beta":false,"boss_relics":[{"not_picked":["Ectoplasm","Philosopher\u0027s Stone"],"picked":"Pandora\u0027s Box"}],"items_purged_floors":[21],"is_endless":false,"potions_floor_spawned":[2,13,14,20],"killed_by":"3 Cultists","ascension_level":14}}