{"host":"a9gsz7kv8aebwp1f","time":1607893879,"event":{"mods":["AchievementEnabler","BaseMod","Minty Spire (QoL Compilation)"],"gold_per_floor":[110,127,127,144,144,144,160,235,235,262,262,437,437,447,447,546,546,561,561,476,495,520,520,537,135,162,162,162,173,193,210,210,313,313,328,328,50,63,16,16,16,41,121,343,343,343,303,316,316,316],"floor_reached":51,"playtime":2295,"items_purged":[],"score":1116,"play_id":"cbdfc95d-fe76-4873-8c0b-9ce555b5f588","local_time":"20201214061119","is_ascension_mode":true,"campfire_choices":[{"data":"Dualcast","floor":6,"key":"SMITH"},{"floor":11,"key":"REST"},{"data":"Hello World","floor":15,"key":"SMITH"},{"data":"Streamline","floor":23,"key":"SMITH"},{"floor":27,"key":"REST"},{"data":"Glacier","floor":32,"key":"SMITH"},{"data":"Blizzard","floor":40,"key":"SMITH"},{"floor":46,"key":"REST"},{"data":"Madness","floor":49,"key":"SMITH"}],"circlet_count":0,"master_deck":["AscendersBane","Strike_B","Strike_B","Strike_B","Strike_B","Defend_B","Defend_B","Defend_B","Defend_B","Zap","Dualcast+1","Blizzard+1","Cold Snap","Streamline+1","Hello World+1","Redo","Melter","Seek","Sweeping Beam+1","Necronomicurse","Melter+1","BootSequence","Go for the Eyes+1","Go for the Eyes","Cold Snap","Lockon","Glacier+1","All For One","Leap+1","Auto Shields","Redo+1","Leap+1","All For One","Madness+1","Madness+1","Leap+1"],"relics":["Cracked Core","Pocketwatch","Oddly Smooth Stone","TungstenRod","Eternal Feather","Dead Branch","Empty Cage","Necronomicon","Lizard Tail","Red Mask","Sling","Bag of Preparation","Boot","Nuclear Battery","Bag of Marbles","Pear","Bottled Tornado"],"acts_visited":["Exordium","TheCity","TheBeyond"],"potions_floor_usage":[16,29,33,33,50],"damage_taken":[{"damage":3,"enemies":"2 Louse","floor":1,"turns":3},{"damage":1,"enemies":"Cultist","floor":2,"turns":3},{"damage":0,"enemies":"Small Slimes","floor":4,"turns":2},{"damage":6,"enemies":"3 Louse","floor":7,"turns":2},{"damage":33,"enemies":"Lagavulin","floor":10,"turns":5},{"damage":1,"enemies":"Large Slime","floor":14,"turns":4},{"damage":48,"enemies":"Hexaghost","floor":16,"turns":10},{"damage":5,"enemies":"Chosen","floor":18,"turns":4},{"damage":0,"enemies":"Spheric Guardian","floor":21,"turns":2},{"damage":49,"enemies":"Masked Bandits","floor":22,"turns":5},{"damage":17,"enemies":"Snake Plant","floor":24,"turns":3},{"damage":7,"enemies":"Shelled Parasite and Fungi","floor":29,"turns":3},{"damage":15,"enemies":"Cultist and Chosen","floor":30,"turns":5},{"damage":0,"enemies":"Chosen and Byrds","floor":31,"turns":5},{"damage":59,"enemies":"Automaton","floor":33,"turns":11},{"damage":0,"enemies":"Orb Walker","floor":35,"turns":2},{"damage":24,"enemies":"3 Darklings","floor":38,"turns":8},{"damage":18,"enemies":"Nemesis","floor":42,"turns":9},{"damage":33,"enemies":"Maw","floor":48,"turns":9},{"damage":22,"enemies":"Awakened One","floor":50,"turns":18}],"seed_played":"-5027923998855200191","potions_obtained":[{"floor":1,"key":"SneckoOil"},{"floor":2,"key":"GamblersBrew"},{"floor":14,"key":"Weak Potion"},{"floor":16,"key":"Block Potion"},{"floor":18,"key":"CultistPotion"},{"floor":29,"key":"LiquidMemories"},{"floor":38,"key":"FairyPotion"}],"is_trial":false,"path_per_floor":["M","M","?","M","?","R","M","?","T","E","R","?","T","M","R","B",null,"M","?","?","M","?","R","M","$","T","R","?","M","M","M","R","B",null,"M","?","$","M","$","R","$","E","T","?","?","R","?","M","R","B",null],"character_chosen":"DEFECT","items_purchased":["Sling","Bag of Preparation","Go for the Eyes","Hologram","Bag of Marbles","Auto Shields","Strength Potion","Leap"],"campfire_rested":3,"item_purchase_floors":[25,25,25,25,37,37,37,39],"current_hp_per_floor":[72,71,71,71,71,71,65,54,54,21,54,54,54,53,62,14,65,60,48,48,48,41,53,36,36,36,75,75,68,53,53,68,9,64,64,69,69,45,45,63,63,55,55,55,44,92,92,59,80,58],"gold":316,"neow_bonus":"TEN_PERCENT_HP_BONUS","is_daily":false,"chose_seed":false,"campfire_upgraded":6,"win_rate":0.0,"timestamp":1607893879,"path_taken":["M","M","?","?","?","R","M","?","T","E","R","?","?","M","R","BOSS","M","?","?","M","?","R","M","$","T","R","?","M","?","M","R","BOSS","M","?","$","M","?","R","$","E","T","?","?","R","?","M","R","BOSS"],"items_purchased_type":["Relic","Relic","Card","Card","Relic","Card","Potion","Card"],"build_version":"2020-11-30","purchased_purges":0,"victory":true,"max_hp_per_floor":[82,82,82,82,82,82,82,82,82,82,82,82,82,82,82,82,82,82,82,82,82,82,82,82,82,82,82,82,82,82,82,82,82,82,82,82,82,82,82,82,82,92,92,92,92,92,92,92,92,92],"card_choices":[{"not_picked":["Barrage","Beam Cell"],"picked":"Blizzard","floor":1},{"not_picked":["Redo","Static Discharge"],"picked":"Cold Snap","floor":2},{"not_picked":["Compile Driver","Stack"],"picked":"Streamline","floor":4},{"not_picked":["Reprogram","Leap"],"picked":"Hello World","floor":7},{"not_picked":["Consume","Turbo"],"picked":"Redo","floor":10},{"not_picked":["Sweeping Beam","Hologram"],"picked":"Melter","floor":14},{"not_picked":["Fission","Multi-Cast"],"picked":"Seek","floor":16},{"not_picked":["Darkness","Steam Power+1"],"picked":"Sweeping Beam+1","floor":18},{"not_picked":["Leap","FTL"],"picked":"Melter+1","floor":21},{"not_picked":["Genetic Algorithm","Rip and Tear"],"picked":"BootSequence","floor":22},{"not_picked":["Rip and Tear+1","Scrape"],"picked":"Go for the Eyes+1","floor":24},{"not_picked":["Fission","Reprogram"],"picked":"Cold Snap","floor":29},{"not_picked":["Barrage","Fusion"],"picked":"Lockon","floor":30},{"not_picked":["Stack","Ball Lightning"],"picked":"Glacier","floor":31},{"not_picked":["Amplify","Echo Form"],"picked":"All For One","floor":33},{"not_picked":["Gash","Rebound+1"],"picked":"Leap+1","floor":35},{"not_picked":["Beam Cell","Coolheaded"],"picked":"Redo+1","floor":38},{"not_picked":["Compile Driver+1","Machine Learning"],"picked":"All For One","floor":42},{"not_picked":["Stack","Cold Snap+1"],"picked":"Leap+1","floor":48}],"player_experience":416633,"relics_obtained":[{"floor":9,"key":"TungstenRod"},{"floor":10,"key":"Eternal Feather"},{"floor":13,"key":"Dead Branch"},{"floor":19,"key":"Necronomicon"},{"floor":22,"key":"Red Mask"},{"floor":26,"key":"Boot"},{"floor":42,"key":"Pear"},{"floor":43,"key":"Bottled Tornado"}],"event_choices":[{"damage_healed":0,"gold_gain":0,"player_choice":"Gave Potion","damage_taken":0,"relics_obtained":["Pocketwatch"],"max_hp_gain":0,"max_hp_loss":0,"event_name":"WeMeetAgain","floor":3,"gold_loss":0},{"damage_healed":0,"gold_gain":0,"player_choice":"Box","damage_taken":0,"relics_obtained":["Oddly Smooth Stone"],"max_hp_gain":0,"max_hp_loss":0,"event_name":"Big Fish","floor":5,"gold_loss":0,"cards_obtained":["Regret"]},{"damage_healed":0,"gold_gain":75,"player_choice":"Gather Gold","damage_taken":11,"max_hp_gain":0,"max_hp_loss":0,"event_name":"World of Goop","floor":8,"gold_loss":0},{"damage_healed":0,"gold_gain":175,"player_choice":"AGREE","damage_taken":0,"max_hp_gain":0,"max_hp_loss":0,"event_name":"Liars Game","floor":12,"gold_loss":0,"cards_obtained":["Doubt"]},{"damage_healed":0,"gold_gain":0,"player_choice":"Obtained Book","damage_taken":16,"max_hp_gain":0,"max_hp_loss":0,"event_name":"Cursed Tome","floor":19,"gold_loss":0},{"damage_healed":0,"gold_gain":0,"player_choice":"Obtained Relic","damage_taken":0,"relics_obtained":["Lizard Tail"],"max_hp_gain":0,"max_hp_loss":0,"event_name":"Addict","floor":20,"gold_loss":85},{"damage_healed":0,"gold_gain":0,"player_choice":"Fought Bandits","damage_taken":0,"max_hp_gain":0,"max_hp_loss":0,"event_name":"Masked Bandits","floor":22,"gold_loss":0},{"damage_healed":0,"gold_gain":0,"player_choice":"Ignored","damage_taken":0,"max_hp_gain":0,"max_hp_loss":0,"event_name":"Vampires","floor":28,"gold_loss":0},{"cards_removed":["Hologram"],"damage_healed":5,"gold_gain":0,"player_choice":"Offered Common","damage_taken":0,"max_hp_gain":0,"max_hp_loss":0,"event_name":"Bonfire Elementals","floor":36,"gold_loss":0},{"cards_removed":["Hologram"],"damage_healed":5,"gold_gain":0,"player_choice":"Offered Special","damage_taken":0,"max_hp_gain":0,"max_hp_loss":0,"event_name":"Bonfire Elementals","floor":36,"gold_loss":0},{"damage_healed":0,"gold_gain":222,"player_choice":"Wore Mask","damage_taken":0,"max_hp_gain":0,"max_hp_loss":0,"event_name":"Tomb of Lord Red Mask","floor":44,"gold_loss":0},{"damage_healed":0,"gold_gain":0,"player_choice":"Embrace Madness","damage_taken":12,"max_hp_gain":0,"max_hp_loss":0,"event_name":"Winding Halls","floor":45,"gold_loss":0,"cards_obtained":["Madness","Madness"]},{"damage_healed":0,"gold_gain":0,"player_choice":"Upgraded Two","damage_taken":0,"max_hp_gain":0,"max_hp_loss":0,"event_name":"Designer","floor":47,"gold_loss":40,"cards_upgraded":["Leap","Madness"]}],"is_beta":false,"boss_relics":[{"not_picked":["Pandora\u0027s Box","FrozenCore"],"picked":"Empty Cage"},{"not_picked":["Astrolabe","Snecko Eye"],"picked":"Nuclear Battery"}],"items_purged_floors":[],"is_endless":false,"potions_floor_spawned":[1,2,14,16,18,24,29,38,48],"ascension_level":11}}