{"host":"u2dm6glrpyjr66v9","time":1607857412,"event":{"mods":["AchievementEnabler","BaseMod","CapriCore","Colored Map","Colored Powertips","DeckTracker","Friendly Minions","Minty Spire (QoL Compilation)","Quick Restart","StSLib","SuperFastMode","The Immortal"],"gold_per_floor":[118,118,72,85,98,98,132,144,144,1,23,97,97,16,16,121,121,140,157,157,173,173,173,193,193,218,218,237,237,249,21,21,118,118,128,146,0,0,0,0,0,0,77,97,97,107,107,121,121,121,121,121,21,54,54,54],"floor_reached":55,"playtime":1537,"items_purged":["Venomology","Writhe"],"score":640,"play_id":"5333f6b4-6abe-47e9-b6c4-fa3270c22121","local_time":"20201213200332","is_ascension_mode":false,"campfire_choices":[{"data":"Blade Dance","floor":6,"key":"SMITH"},{"data":"Adrenaline","floor":13,"key":"SMITH"},{"data":"Accuracy","floor":15,"key":"SMITH"},{"floor":23,"key":"RECALL"},{"data":"A Thousand Cuts","floor":25,"key":"SMITH"},{"data":"Infinite Blades","floor":27,"key":"SMITH"},{"data":"Cloak And Dagger","floor":32,"key":"SMITH"},{"data":"Terror","floor":40,"key":"SMITH"},{"data":"Accuracy","floor":45,"key":"SMITH"},{"floor":49,"key":"REST"},{"data":"Accuracy","floor":52,"key":"SMITH"}],"circlet_count":0,"master_deck":["Survivor","Neutralize","Blade Dance+1","Dagger Throw","Blade Dance","Accuracy+1","Deflect","Adrenaline+1","All Out Attack","Accuracy+1","A Thousand Cuts+1","Terror+1","Storm of Steel","Accuracy+1","Blade Dance","Masterful Stab","Infinite Blades+1","Prepared","Prepared","Cloak And Dagger+1","Deflect","Slice","Caltrops","Blade Dance","Phantasmal Killer","Cloak And Dagger","Impatience","Parasite","Endless Agony","Slice","Reflex+1"],"relics":["Ring of the Snake","NeowsBlessing","Kunai","Bottled Lightning","Bottled Flame","Odd Mushroom","Pandora\u0027s Box","NlothsMask","ClockworkSouvenir","SlaversCollar","Red Mask","Toy Ornithopter","Letter Opener"],"acts_visited":["Exordium","TheCity","TheBeyond","TheEnding"],"potions_floor_usage":[18,21,24,24,33,33,44,50,50,50],"damage_taken":[{"damage":0,"enemies":"Jaw Worm","floor":1,"turns":1},{"damage":0,"enemies":"Cultist","floor":4,"turns":1},{"damage":0,"enemies":"Small Slimes","floor":5,"turns":1},{"damage":17,"enemies":"Gremlin Nob","floor":7,"turns":5},{"damage":2,"enemies":"Blue Slaver","floor":8,"turns":4},{"damage":0,"enemies":"The Mushroom Lair","floor":11,"turns":3},{"damage":23,"enemies":"The Guardian","floor":16,"turns":8},{"damage":8,"enemies":"Shell Parasite","floor":18,"turns":2},{"damage":23,"enemies":"2 Thieves","floor":19,"turns":3},{"damage":21,"enemies":"Chosen and Byrds","floor":21,"turns":5},{"damage":10,"enemies":"Sentry and Sphere","floor":24,"turns":3},{"damage":0,"enemies":"Snake Plant","floor":28,"turns":4},{"damage":17,"enemies":"3 Cultists","floor":30,"turns":5},{"damage":35,"enemies":"Collector","floor":33,"turns":4},{"damage":28,"enemies":"3 Darklings","floor":35,"turns":5},{"damage":11,"enemies":"Orb Walker","floor":36,"turns":3},{"damage":9,"enemies":"Writhing Mass","floor":44,"turns":3},{"damage":4,"enemies":"Maw","floor":46,"turns":4},{"damage":6,"enemies":"Spire Growth","floor":48,"turns":3},{"damage":45,"enemies":"Donu and Deca","floor":50,"turns":5},{"damage":60,"enemies":"Shield and Spear","floor":54,"turns":5},{"damage":10,"enemies":"The Heart","floor":55,"turns":2}],"seed_played":"3683049203610886060","potions_obtained":[{"floor":1,"key":"Block Potion"},{"floor":7,"key":"Weak Potion"},{"floor":11,"key":"Dexterity Potion"},{"floor":21,"key":"ColorlessPotion"},{"floor":28,"key":"SteroidPotion"},{"floor":35,"key":"GhostInAJar"},{"floor":36,"key":"LiquidBronze"},{"floor":48,"key":"SteroidPotion"}],"is_trial":false,"path_per_floor":["M","?","$","M","M","R","E","M","T","$","?","?","R","$","R","B",null,"M","M","?","M","?","R","M","R","T","R","M","?","M","$","R","B",null,"M","M","?","?","$","R","?","$","T","M","R","M","T","M","R","B",null,"R","$","E","B"],"character_chosen":"THE_SILENT","items_purchased":["Blade Dance","Adrenaline","Accuracy","ClockworkSouvenir"],"campfire_rested":1,"item_purchase_floors":[3,10,14,31],"current_hp_per_floor":[70,70,70,70,70,70,53,51,51,51,51,51,51,51,51,28,70,62,39,39,18,70,70,60,60,60,60,60,60,43,43,43,8,70,42,31,31,49,49,49,49,49,49,40,40,36,36,30,51,21,70,70,70,10,0,0],"gold":54,"neow_bonus":"THREE_ENEMY_KILL","is_daily":false,"chose_seed":false,"campfire_upgraded":9,"win_rate":0.0,"timestamp":1607857412,"path_taken":["M","?","$","M","?","R","E","M","T","$","?","?","R","?","R","BOSS","M","M","?","?","?","R","?","R","T","R","M","?","M","$","R","BOSS","M","M","?","?","$","R","?","$","T","M","R","M","?","M","R","BOSS","R","$","E","BOSS"],"items_purchased_type":["Card","Card","Card","Relic"],"build_version":"2020-11-30","purchased_purges":2,"victory":false,"max_hp_per_floor":[70,70,70,70,70,70,70,70,70,70,70,70,70,70,70,70,70,70,70,70,70,70,70,70,70,70,70,70,70,70,70,70,70,70,70,70,70,70,70,70,70,70,70,70,70,70,70,70,70,70,70,70,70,70,70,70],"card_choices":[{"not_picked":["Predator","Acrobatics","Dagger Throw"],"picked":"SKIP","floor":1},{"not_picked":["Deadly Poison","Bane"],"picked":"Dagger Throw","floor":4},{"not_picked":["Dagger Throw","Dagger Spray"],"picked":"Blade Dance","floor":5},{"not_picked":["Backflip","Concentrate"],"picked":"Accuracy","floor":7},{"not_picked":["Escape Plan","Deadly Poison"],"picked":"Deflect","floor":8},{"not_picked":["Crippling Poison","Deadly Poison"],"picked":"All Out Attack","floor":11},{"not_picked":["Tools of the Trade","Venomology"],"picked":"A Thousand Cuts","floor":16},{"not_picked":["Bane+1","PiercingWail"],"picked":"Deflect","floor":18},{"not_picked":["Flechettes","Quick Slash","Bane"],"picked":"SKIP","floor":19},{"not_picked":["Noxious Fumes","Dodge and Roll"],"picked":"Slice","floor":21},{"not_picked":["Grand Finale","Poisoned Stab","Dagger Throw"],"picked":"SKIP","floor":24},{"not_picked":["Finisher","Sucker Punch"],"picked":"Caltrops","floor":28},{"not_picked":["Bouncing Flask","Deflect"],"picked":"Blade Dance","floor":30},{"not_picked":["Corpse Explosion","Malaise"],"picked":"Phantasmal Killer","floor":33},{"not_picked":["Deadly Poison","Underhanded Strike+1","Quick Slash+1"],"picked":"SKIP","floor":35},{"not_picked":["Prepared","Poisoned Stab"],"picked":"Cloak And Dagger","floor":36},{"not_picked":["Mind Blast","Chrysalis"],"picked":"Impatience","floor":41},{"not_picked":["Blade Dance","Acrobatics"],"picked":"Endless Agony","floor":44},{"not_picked":["Dagger Spray+1","Bane"],"picked":"Slice","floor":46},{"not_picked":["Prepared+1","Quick Slash+1","Outmaneuver"],"picked":"SKIP","floor":48},{"not_picked":["Escape Plan","Poisoned Stab+1"],"picked":"Reflex+1","floor":54}],"player_experience":53666,"relics_obtained":[{"floor":7,"key":"Bottled Lightning"},{"floor":9,"key":"Bottled Flame"},{"floor":11,"key":"Odd Mushroom"},{"floor":47,"key":"Toy Ornithopter"},{"floor":54,"key":"Letter Opener"}],"event_choices":[{"damage_healed":0,"gold_gain":0,"player_choice":"Gave Potion","damage_taken":0,"relics_obtained":["Kunai"],"max_hp_gain":0,"max_hp_loss":0,"event_name":"WeMeetAgain","floor":2,"gold_loss":0},{"damage_healed":0,"gold_gain":0,"player_choice":"Fought Mushrooms","damage_taken":0,"max_hp_gain":0,"max_hp_loss":0,"event_name":"Mushrooms","floor":11,"gold_loss":0},{"damage_healed":0,"gold_gain":74,"player_choice":"Gained Gold","damage_taken":0,"max_hp_gain":0,"max_hp_loss":0,"event_name":"Golden Wing","floor":12,"gold_loss":0},{"damage_healed":0,"gold_gain":0,"player_choice":"Trade","damage_taken":0,"relics_obtained":["NlothsMask"],"max_hp_gain":0,"max_hp_loss":0,"event_name":"FaceTrader","floor":20,"gold_loss":0},{"damage_healed":52,"gold_gain":0,"player_choice":"Full Heal","damage_taken":0,"max_hp_gain":0,"max_hp_loss":0,"event_name":"Wheel of Change","floor":22,"gold_loss":0},{"damage_healed":0,"gold_gain":0,"player_choice":"Ignored","damage_taken":0,"max_hp_gain":0,"max_hp_loss":0,"event_name":"Ghosts","floor":29,"gold_loss":0},{"damage_healed":0,"gold_gain":0,"player_choice":"Paid","damage_taken":0,"relics_obtained":["Red Mask"],"max_hp_gain":0,"max_hp_loss":0,"event_name":"Tomb of Lord Red Mask","floor":37,"gold_loss":146},{"damage_healed":18,"gold_gain":0,"player_choice":"Writhe","damage_taken":0,"max_hp_gain":0,"max_hp_loss":0,"event_name":"Winding Halls","floor":38,"gold_loss":0,"cards_obtained":["Writhe"]},{"damage_healed":0,"gold_gain":0,"player_choice":"Memory 1","damage_taken":0,"max_hp_gain":0,"max_hp_loss":0,"event_name":"SensoryStone","floor":41,"gold_loss":0}],"is_beta":false,"boss_relics":[{"not_picked":["Cursed Key","SacredBark"],"picked":"Pandora\u0027s Box"},{"not_picked":["Runic Dome","Tiny House"],"picked":"SlaversCollar"}],"items_purged_floors":[31,53],"is_endless":false,"potions_floor_spawned":[1,7,11,21,28,35,36,48],"killed_by":"The Heart","ascension_level":0}}