{"host":"rbk1qdcjpzmlze2h","time":1607825227,"event":{"mods":["2.2 Compatiblity","Act Like it!","Ascension Reborn","Aspiration","BaseMod","Beaked The Cultist","Better Match","Better Note","Better Sensory Stone","Better Third Choice","Better-Laid Plans","Card Forge","Colored Powertips","Conspire","Curses Come First","Dio Mod","Displayed Cursed Tome","Filter the Spire","Friendly Minions","Gensokyo","GifTheSpireLib","Gold Saver","Halation","Hallownest","Hermit","Highlight Path","Infinite Spire","Marisa（霧雨　魔理沙）","Minty Spire (QoL Compilation)","Quick Restart","Random Character Mod","Rare Cards Sparkle","Replay The Spire","Ryuuou龙王","Shade Mod","Shop Mod","Spicy Shops","StSLib","The Bug Knight","The Jungle","TheArtist","TheBandit","TheVacant","Thieving Mod","Transform Curses","Waifu the Spire","WarShipGirlsR/战舰少女R mod"],"gold_per_floor":[117,133,133,58,73,108,120,120,143,143,143,173,205,12,12,135,135,135,135,135],"floor_reached":18,"playtime":2204,"items_purged":[],"score":228,"play_id":"8d5f887d-319f-4939-b201-0faaba5e34b9","local_time":"20201212210707","daily_mods":["Heirloom","Flight"],"is_ascension_mode":true,"campfire_choices":[{"data":"wariomod:DonateDraw","floor":8,"key":"SMITH"},{"data":"wariomod:DoubleDash","floor":8,"key":"SMITH"},{"data":"wariomod:Leapslam","floor":10,"key":"SMITH"},{"data":"Outmaneuver","floor":10,"key":"SMITH"},{"data":"wariomod:BoomBoom","floor":15,"key":"SMITH"},{"data":"wariomod:WipeClean","floor":15,"key":"SMITH"}],"circlet_count":0,"master_deck":["wariomod:Strike+1","wariomod:Strike+1","wariomod:Strike+1","wariomod:Defend+1","wariomod:Defend+1","wariomod:Defend+1","wariomod:Step+1","wariomod:SpaceSwap+1","wariomod:SilenceBombs+1","Quick Slash","Outmaneuver+1","Strike_G","conspire:Banana+1","wariomod:DoubleDash+1","wariomod:DonateDraw+1","wariomod:Leapslam+1","wariomod:EmptyMind+1","wariomod:WipeClean+1","wariomod:TempestBlasts","conspire:Banana+1","wariomod:BoomBoom+1","wariomod:GodlyGift"],"relics":["wariomod:TheHat","Hammer of Thor","Seething Fire","Anvil of the Gods","Replay:Arrowhead","Membership Card","halation:AfternoonTea","Iron Hammer","Garlic","MerchantsRug","Replay:Bandana","Replay:Grab Bag","conspire:RoyalGoblet","Painkiller Herb","SlaversCollar","halation:HeavySnake"],"acts_visited":["Gensokyo:Gensokyo","theJungle:Jungle"],"potions_floor_usage":[14],"damage_taken":[{"damage":0,"enemies":"Gensokyo:2_Kodama","floor":1,"turns":2},{"damage":0,"enemies":"Gensokyo:Gryphon","floor":2,"turns":3},{"damage":1,"enemies":"Gensokyo:Python","floor":5,"turns":3},{"damage":12,"enemies":"Gensokyo:Aya","floor":6,"turns":5},{"damage":0,"enemies":"Gensokyo:LivingMonolith","floor":7,"turns":2},{"damage":0,"enemies":"Gensokyo:Cirno","floor":12,"turns":5},{"damage":1,"enemies":"Gensokyo:Aya","floor":13,"turns":4},{"damage":32,"enemies":"Gensokyo:Reimu","floor":16,"turns":10},{"damage":0,"enemies":"Shell Parasite","floor":18,"turns":1}],"seed_played":"6474962912525102461","potions_obtained":[{"floor":2,"key":"SpeedPotion"},{"floor":5,"key":"Explosive Potion"},{"floor":13,"key":"AttackPotion"}],"is_trial":true,"path_per_floor":["M","M","?","?","M","E","M","R","T","R","?","E","E","$","R","B",null,"?"],"character_chosen":"THE_BANDIT","items_purchased":["MerchantsRug","wariomod:TempestBlasts","DollysMirror","Replay:Bandana","wariomod:BoomBoom","Fruit Juice"],"campfire_rested":0,"item_purchase_floors":[14,14,14,14,14,14],"current_hp_per_floor":[80,80,80,80,81,71,71,71,71,71,71,73,74,79,79,51,97,99,99,99],"gold":135,"neow_bonus":"","is_daily":false,"chose_seed":false,"campfire_upgraded":6,"win_rate":0.0,"timestamp":1607825227,"path_taken":["M","?","?","?","?","E","?","R","T","R","?","E","E","$","R","BOSS","?"],"items_purchased_type":["Relic","Card","Relic","Relic","Card","Potion"],"build_version":"2020-11-30","purchased_purges":0,"victory":false,"max_hp_per_floor":[80,80,80,80,82,84,84,84,84,84,84,86,88,93,93,97,97,99,99,99],"card_choices":[{"not_picked":["wariomod:AwfulLook","wariomod:DeepDig"],"picked":"wariomod:SpaceSwap","floor":1},{"not_picked":["wariomod:RacingSpeed","wariomod:CursedSpaces"],"picked":"wariomod:SilenceBombs","floor":2},{"not_picked":["Forethought+1","Panacea+1"],"picked":"conspire:Banana+1","floor":4},{"not_picked":["wariomod:CursedSpaces","wariomod:ThatsNotAll"],"picked":"wariomod:DoubleDash","floor":5},{"not_picked":["wariomod:ThatsNotAll","wariomod:Bombshield"],"picked":"wariomod:DonateDraw","floor":6},{"not_picked":["wariomod:ChargeForth","wariomod:SelfImprison"],"picked":"wariomod:Leapslam","floor":7},{"not_picked":["wariomod:CursedSpaces","wariomod:ThatsNotAll"],"picked":"wariomod:EmptyMind","floor":12},{"not_picked":["wariomod:AwfulLook","wariomod:SimpleShield"],"picked":"wariomod:WipeClean","floor":13},{"not_picked":["wariomod:KeyFinisher","wariomod:Sidestep"],"picked":"wariomod:GodlyGift","floor":16}],"player_experience":166506,"relics_obtained":[{"floor":6,"key":"halation:AfternoonTea"},{"floor":9,"key":"Regal Pillow"},{"floor":12,"key":"Iron Hammer"},{"floor":13,"key":"Garlic"}],"event_choices":[{"damage_healed":0,"gold_gain":0,"player_choice":"2","damage_taken":0,"max_hp_gain":0,"max_hp_loss":0,"event_name":"betterMatch:BetterMatch","floor":4,"gold_loss":0,"cards_obtained":["betterMatch:ColorlessUncommonCard"]}],"is_beta":false,"boss_relics":[{"not_picked":["Honey Jar","Cursed Key"],"picked":"Replay:Grab Bag"},{"not_picked":["aspiration:FutureDiary","ReplayTheSpireMod:Onyx Gauntlets"],"picked":"conspire:RoyalGoblet"},{"not_picked":["conspire:SeveredTorchhead","Runic Dome"],"picked":"Painkiller Herb"},{"not_picked":["SacredBark","halation:HeavySnake"],"picked":"SlaversCollar"},{"not_picked":["Pandora\u0027s Box","Kintsugi"],"picked":"aspiration:RunicSpoon"}],"items_purged_floors":[],"is_endless":false,"potions_floor_spawned":[2,5,13],"killed_by":"Shell Parasite","ascension_level":0}}