{"host":"ry6l6fs2ordh092u","time":1607884450,"event":{"mods":["AchievementEnabler","BaseMod","BetterRewards","Gold Saver","Minty Spire (QoL Compilation)","Quick Restart","StSLib","SuperFastMode","The Jungle"],"gold_per_floor":[1046,1062,1062,1076,1076,1107,1107,1139,1139,1155,1185,1185,1212,1212,1212,1286,1286,1297,1313,922,933,933,968,968,993,1018,1028,694,713,738,750,750,827,827,841,566,566,266,319,319,333,365,435,467,467,499,524,534,534,534,534,534,534,534,568,568],"floor_reached":57,"playtime":1128,"items_purged":["Strike_G","Strike_G","Defend_G","Defend_G","Strike_G","Defend_G","Strike_G","Neutralize","Blade Dance+1","Survivor+1"],"score":4627,"play_id":"73681a72-1386-40aa-b484-73f61cc22890","local_time":"20201214033410","is_ascension_mode":true,"campfire_choices":[{"data":"Deep Breath","floor":7.0,"key":"SMITH"},{"data":"Well Laid Plans","floor":12.0,"key":"SMITH"},{"floor":15.0,"key":"RECALL"},{"data":"Backflip","floor":24.0,"key":"SMITH"},{"data":"Calculated Gamble","floor":32.0,"key":"SMITH"},{"data":"Grand Finale","floor":40.0,"key":"SMITH"},{"data":"Acrobatics","floor":45.0,"key":"SMITH"},{"floor":49.0,"key":"DIG"},{"floor":53.0,"key":"DIG"}],"circlet_count":0,"master_deck":["AscendersBane","Well Laid Plans+1","Backflip+1","Deep Breath+1","Acrobatics+1","Reflex+1","Tactician+1","Calculated Gamble+1","Accuracy+1","Grand Finale+1"],"relics":["Ring of the Snake","Bag of Preparation","Pantograph","Gremlin Horn","Tough Bandages","OrangePellets","Strawberry","Ornamental Fan","Lee\u0027s Waffle","InkBottle","Medical Kit","White Beast Statue","Sundial","Lantern","MealTicket","Incense Burner","Shuriken","Bottled Lightning","Darkstone Periapt","Runic Pyramid","TheAbacus","Pear","Toy Ornithopter","Potion Belt","War Paint","Philosopher\u0027s Stone","Unceasing Top","Molten Egg 2","Question Card","Art of War","Shovel","Vajra","Mercury Hourglass","Eternal Feather"],"acts_visited":["Exordium","theJungle:Jungle","TheBeyond","TheEnding"],"potions_floor_usage":[56,56,56,56,56,56,56],"damage_taken":[{"damage":0.0,"enemies":"Small Slimes","floor":1.0,"turns":2.0},{"damage":0.0,"enemies":"Cultist","floor":2.0,"turns":2.0},{"damage":0.0,"enemies":"2 Louse","floor":4.0,"turns":1.0},{"damage":0.0,"enemies":"Lagavulin","floor":6.0,"turns":1.0},{"damage":0.0,"enemies":"3 Sentries","floor":8.0,"turns":1.0},{"damage":0.0,"enemies":"Exordium Wildlife","floor":10.0,"turns":1.0},{"damage":0.0,"enemies":"Gremlin Nob","floor":11.0,"turns":1.0},{"damage":0.0,"enemies":"3 Sentries","floor":13.0,"turns":1.0},{"damage":0.0,"enemies":"Slime Boss","floor":16.0,"turns":1.0},{"damage":0.0,"enemies":"Shell Parasite","floor":18.0,"turns":1.0},{"damage":0.0,"enemies":"theJungle:5_Spyders","floor":19.0,"turns":1.0},{"damage":0.0,"enemies":"theJungle:JungleHuntersEncounter","floor":21.0,"turns":1.0},{"damage":0.0,"enemies":"theJungle:2_Phrogs","floor":23.0,"turns":1.0},{"damage":0.0,"enemies":"theJungle:MamaSnecko","floor":25.0,"turns":1.0},{"damage":0.0,"enemies":"theJungle:Lyon","floor":27.0,"turns":1.0},{"damage":0.0,"enemies":"theJungle:Snecko_Cultist_And_Trap","floor":29.0,"turns":1.0},{"damage":0.0,"enemies":"theJungle:2_Phrogs","floor":30.0,"turns":1.0},{"damage":0.0,"enemies":"theJungle:2_Snecko_Cultists","floor":31.0,"turns":1.0},{"damage":0.0,"enemies":"theJungle:FunGuy","floor":33.0,"turns":1.0},{"damage":0.0,"enemies":"Orb Walker","floor":35.0,"turns":1.0},{"damage":0.0,"enemies":"2 Orb Walkers","floor":39.0,"turns":1.0},{"damage":0.0,"enemies":"3 Shapes","floor":41.0,"turns":1.0},{"damage":0.0,"enemies":"Reptomancer","floor":42.0,"turns":1.0},{"damage":0.0,"enemies":"Giant Head","floor":44.0,"turns":1.0},{"damage":0.0,"enemies":"Nemesis","floor":46.0,"turns":1.0},{"damage":0.0,"enemies":"Mind Bloom Boss Battle","floor":47.0,"turns":1.0},{"damage":0.0,"enemies":"Writhing Mass","floor":48.0,"turns":1.0},{"damage":0.0,"enemies":"Time Eater","floor":50.0,"turns":2.0},{"damage":0.0,"enemies":"Donu and Deca","floor":51.0,"turns":1.0},{"damage":0.0,"enemies":"Shield and Spear","floor":55.0,"turns":1.0},{"damage":0,"enemies":"The Heart","floor":56,"turns":4}],"seed_played":"7616672446215044923","potions_obtained":[{"floor":1.0,"key":"ColorlessPotion"},{"floor":4.0,"key":"Poison Potion"},{"floor":6.0,"key":"DistilledChaos"},{"floor":8.0,"key":"FearPotion"},{"floor":10.0,"key":"Block Potion"},{"floor":16.0,"key":"Swift Potion"},{"floor":27.0,"key":"SpeedPotion"},{"floor":29.0,"key":"CunningPotion"},{"floor":33.0,"key":"SteroidPotion"},{"floor":41.0,"key":"PowerPotion"},{"floor":44.0,"key":"EntropicBrew"}],"is_trial":false,"path_per_floor":["M","M","?","M","?","E","R","E","T","M","E","R","E","?","R","B",null,"M","M","$","M","?","E","R","E","T","M","$","M","E","M","R","B",null,"M","$","?","$","?","R","M","E","T","E","R","E","?","M","R","B","B",null,"R","$","E","B",null],"character_chosen":"THE_SILENT","items_purchased":["Bag of Preparation","Well Laid Plans","Pantograph","Prepared","Gremlin Horn","Tough Bandages","OrangePellets","Strawberry","Ornamental Fan","Lee\u0027s Waffle","InkBottle","Blade Dance","Medical Kit","Backflip","White Beast Statue","Deep Breath","Sundial","Lantern","Acrobatics","DuplicationPotion","TheAbacus","Calculated Gamble"],"campfire_rested":0,"item_purchase_floors":[0,0,0,0,0,0,0,0,0,0,0,0,0,0,0,0,0,0,0,0,20,28],"current_hp_per_floor":[80,80,73,73,73,73,73,73,73,73,73,73,73,49,49,74,79,79,79,80,80,80,90,90,90,90,90,90,90,90,90,90,90,90,90,90,90,90,90,90,90,90,90,90,90,90,90,90,90,90,90,90,90,90,90,90],"gold":568,"neow_bonus":"","is_daily":false,"chose_seed":false,"campfire_upgraded":6,"win_rate":0.0,"timestamp":1607884450,"path_taken":["M","M","?","M","?","E","R","E","T","?","E","R","E","?","R","BOSS","M","M","$","M","?","E","R","E","T","?","$","M","E","M","R","BOSS","M","$","?","$","?","R","M","E","T","E","R","E","?","M","R","BOSS","BOSS","R","$","E","BOSS"],"items_purchased_type":["Relic","Card","Relic","Card","Relic","Relic","Relic","Relic","Relic","Relic","Relic","Card","Relic","Card","Relic","Card","Relic","Relic","Card","Potion","Relic","Card"],"build_version":"2020-11-30","purchased_purges":10,"victory":true,"max_hp_per_floor":[80,80,80,80,80,80,80,80,80,80,80,80,80,80,80,80,80,80,80,80,80,80,90,90,90,90,90,90,90,90,90,90,90,90,90,90,90,90,90,90,90,90,90,90,90,90,90,90,90,90,90,90,90,90,90,90],"card_choices":[{"not_picked":["Slice","Blade Dance"],"picked":"Reflex","floor":1.0},{"not_picked":["Well Laid Plans","Dagger Spray","Bane"],"picked":"SKIP","floor":2.0},{"not_picked":["Phantasmal Killer","Deadly Poison","Underhanded Strike"],"picked":"SKIP","floor":4.0},{"not_picked":["Poisoned Stab","Backflip","Flying Knee"],"picked":"SKIP","floor":6.0},{"not_picked":["Sucker Punch","Cloak And Dagger","Well Laid Plans"],"picked":"SKIP","floor":8.0},{"not_picked":["Acrobatics","Backstab","Setup"],"picked":"SKIP","floor":10.0},{"not_picked":["Acrobatics","Backstab","Setup"],"picked":"SKIP","floor":10.0},{"not_picked":["Crippling Poison","Bullet Time","Heel Hook"],"picked":"SKIP","floor":11.0},{"not_picked":["Flying Knee","Poisoned Stab","Slice"],"picked":"SKIP","floor":13.0},{"not_picked":["PiercingWail","Caltrops","Bane+1"],"picked":"SKIP","floor":18.0},{"not_picked":["Flechettes","Backstab","Sucker Punch"],"picked":"SKIP","floor":19.0},{"not_picked":["Deflect","Quick Slash+1","Cloak And Dagger"],"picked":"SKIP","floor":21.0},{"not_picked":["Caltrops","Poisoned Stab"],"picked":"Tactician+1","floor":23.0},{"not_picked":["Bane","Outmaneuver","Predator"],"picked":"SKIP","floor":25.0},{"not_picked":["Crippling Poison","Flechettes","All Out Attack"],"picked":"SKIP","floor":27.0},{"not_picked":["Prepared","Bane","Corpse Explosion"],"picked":"SKIP","floor":29.0},{"not_picked":["Footwork","Setup"],"picked":"Accuracy+1","floor":30.0},{"not_picked":["Underhanded Strike","Dagger Throw","Noxious Fumes+1"],"picked":"SKIP","floor":31.0},{"not_picked":["Doppelganger","Storm of Steel"],"picked":"Grand Finale","floor":33.0},{"not_picked":["Acrobatics","Deflect","Bane"],"picked":"SKIP","floor":35.0},{"not_picked":["Deadly Poison+1","Sucker Punch+1","Backflip+1"],"picked":"SKIP","floor":41.0},{"not_picked":["Deadly Poison+1","Sucker Punch+1","Backflip+1"],"picked":"SKIP","floor":41.0},{"not_picked":["Corpse Explosion","Dagger Spray+1","Backflip"],"picked":"SKIP","floor":42.0},{"not_picked":["Prepared","Blade Dance","Flying Knee+1"],"picked":"SKIP","floor":44.0},{"not_picked":["Outmaneuver","Skewer+1","Bouncing Flask","Caltrops+1"],"picked":"SKIP","floor":46.0},{"not_picked":["Footwork+1","Quick Slash+1","Masterful Stab+1","Prepared+1"],"picked":"SKIP","floor":48.0},{"not_picked":["Sucker Punch+1","Night Terror","Deadly Poison+1","All Out Attack+1"],"picked":"SKIP","floor":55.0}],"player_experience":427532,"relics_obtained":[{"floor":6.0,"key":"MealTicket"},{"floor":8.0,"key":"Incense Burner"},{"floor":9.0,"key":"Shuriken"},{"floor":11.0,"key":"Bottled Lightning"},{"floor":13.0,"key":"Darkstone Periapt"},{"floor":23.0,"key":"Pear"},{"floor":25.0,"key":"Toy Ornithopter"},{"floor":26.0,"key":"Potion Belt"},{"floor":30.0,"key":"War Paint"},{"floor":39.0,"key":"Unceasing Top"},{"floor":42.0,"key":"Molten Egg 2"},{"floor":44.0,"key":"Question Card"},{"floor":46.0,"key":"Art of War"},{"floor":47.0,"key":"Shovel"},{"floor":49.0,"key":"Vajra"},{"floor":53.0,"key":"Mercury Hourglass"},{"floor":55.0,"key":"Eternal Feather"}],"event_choices":[{"cards_removed":["Strike_G"],"damage_healed":0.0,"max_hp_gain":0.0,"max_hp_loss":0.0,"gold_gain":0.0,"event_name":"Golden Wing","player_choice":"Card Removal","floor":3.0,"gold_loss":0.0,"damage_taken":7.0},{"cards_removed":["Defend_G"],"damage_healed":0.0,"max_hp_gain":0.0,"max_hp_loss":0.0,"gold_gain":0.0,"event_name":"Purifier","player_choice":"Purged","floor":5.0,"gold_loss":0.0,"damage_taken":0.0},{"damage_healed":0.0,"max_hp_gain":0.0,"max_hp_loss":0.0,"gold_gain":0.0,"event_name":"Shining Light","player_choice":"Entered Light","floor":14.0,"gold_loss":0.0,"damage_taken":24.0,"cards_upgraded":["Reflex","Survivor"]},{"cards_removed":["Defend_G"],"damage_healed":0.0,"max_hp_gain":0.0,"max_hp_loss":0.0,"gold_gain":0.0,"event_name":"Bonfire Elementals","player_choice":"Offered Basic","floor":22.0,"gold_loss":0.0,"damage_taken":0.0},{"cards_removed":["Prepared"],"damage_healed":0.0,"max_hp_gain":0.0,"max_hp_loss":0.0,"gold_gain":0.0,"event_name":"Falling","player_choice":"Removed Skill","floor":37.0,"gold_loss":0.0,"damage_taken":0.0},{"damage_healed":0.0,"max_hp_gain":0.0,"max_hp_loss":0.0,"gold_gain":0.0,"event_name":"Mysterious Sphere","player_choice":"Fight","floor":39.0,"gold_loss":0.0,"damage_taken":0.0},{"damage_healed":0.0,"max_hp_gain":0.0,"max_hp_loss":0.0,"gold_gain":0.0,"event_name":"MindBloom","player_choice":"Fight","floor":47.0,"gold_loss":0.0,"damage_taken":0.0}],"is_beta":false,"boss_relics":[{"not_picked":["Ring of the Serpent","Cursed Key"],"picked":"Runic Pyramid"},{"not_picked":["Snecko Eye","Pandora\u0027s Box"],"picked":"Philosopher\u0027s Stone"}],"items_purged_floors":[0,0,0,0,0,0,20,28,36,38],"is_endless":false,"potions_floor_spawned":[1,2,4,6,8,10,11,13,16,18,19,21,23,25,27,29,30,31,33,35,39,41,42,44,46,47,48,55],"ascension_level":20}}