{"host":"65bhxfoqsqjg61le","time":1607883706,"event":{"mods":["2.2 Compatiblity","AchievementEnabler","BaseMod","Better Third Choice","Colored Powertips","Conspire","DeckTracker","Downfall","Energized Spire","GifTheSpireLib","Googly Eyes","Hubris","Infinite Spire","Minty Spire (QoL Compilation)","Quick Restart","RRrroohrrRGHHhhh!!","Random Character Button","Rare Cards Sparkle","Replay The Spire","Shade Mod","StSLib","Stuff the Spire","The IronCluck","Wandering Minibosses","egg","everything is the same but u backflip on backflip","slay the spire mod where everything is the same but ironclad has a cowboy hat","thorton"],"gold_per_floor":[99,128,128,128,128,128,128,157,7,33,50,50,69,54,72,167,167,92,109,143,156,156,66,66,66,86,86,86,86,106,118,131,226,226,226,226,226,244,255,255,255,255,269,302,320,340,356,356,370,370],"floor_reached":51,"playtime":4076,"items_purged":["StuffTheSpire:GnomedCurse"],"score":892,"play_id":"774439c0-f282-4bc6-9efd-01e5ef7b7dac","local_time":"20201213132146","is_ascension_mode":false,"campfire_choices":[{"data":"infinitespire:Gouge","floor":3.0,"key":"SMITH"},{"floor":9.0,"key":"RECALL"},{"data":"hexamod:HeatMetal","floor":18.0,"key":"SMITH"},{"data":"hexamod:Float","floor":22.0,"key":"SMITH"},{"data":"hexamod:StepThrough","floor":25.0,"key":"SMITH"},{"data":"conspire:Banana","floor":27.0,"key":"SMITH"},{"floor":35.0,"key":"DIG"},{"data":"StuffTheSpire:Ambrosia","floor":40.0,"key":"SMITH"},{"data":"Bullet Time","floor":42.0,"key":"SMITH"}],"circlet_count":0,"master_deck":["hexamod:Strike","hexamod:Strike","hexamod:Strike","hexamod:Defend","hexamod:Defend","hexamod:Defend","hexamod:Defend","hexamod:Sear","hexamod:Float+1","infinitespire:Gouge+1","hexamod:FirstSeal","hexamod:StepThrough+1","hexamod:GhostflameBarrier","hexamod:Hexaguard","hexamod:HeatMetal+1","conspire:Banana+1","Guardian:Gem_White","Shade:LastGasp","thethorton:OddChange","Bullet Time+1","StuffTheSpire:Ambrosia+1","thethorton:ThickSkin+1","Choke+1","hubris:InfiniteBlow"],"relics":["hexamod:SpiritBrand","downfall:HeartsMalice","hubris:Spice","hubris:Potato","downfall:HeartBlessingGreen","downfall:HeartBlessingBlue","PrismaticShard","Busted Crown","downfall:HeartBlessingRed","Replay:WaspNest","hubris:Stopwatch","StuffTheSpire:EmeraldSignet","Toy Ornithopter","Chemical X"],"acts_visited":["Exordium","TheCity","TheBeyond"],"potions_floor_usage":[44,50,50,50],"damage_taken":[{"damage":0.0,"enemies":"Lagavulin","floor":2.0,"turns":1.0},{"damage":0.0,"enemies":"downfall:FleeingMerchant","floor":5.0,"turns":1.0},{"damage":0.0,"enemies":"Gremlin Nob","floor":8.0,"turns":1.0},{"damage":3.0,"enemies":"3 Sentries","floor":10.0,"turns":7.0},{"damage":0.0,"enemies":"Small Slimes","floor":11.0,"turns":3.0},{"damage":0.0,"enemies":"Jaw Worm","floor":13.0,"turns":3.0},{"damage":0.0,"enemies":"downfall:FleeingMerchant","floor":14.0,"turns":4.0},{"damage":0.0,"enemies":"2 Louse","floor":15.0,"turns":3.0},{"damage":10.0,"enemies":"downfall:Silent","floor":16.0,"turns":9.0},{"damage":0.0,"enemies":"Chosen","floor":19.0,"turns":4.0},{"damage":0.0,"enemies":"conspire:SneckoGhost","floor":20.0,"turns":6.0},{"damage":4.0,"enemies":"3 Byrds","floor":21.0,"turns":4.0},{"damage":0.0,"enemies":"downfall:FleeingMerchant","floor":23.0,"turns":4.0},{"damage":4.0,"enemies":"Snake Plant","floor":26.0,"turns":3.0},{"damage":1.0,"enemies":"Shelled Parasite and Fungi","floor":30.0,"turns":4.0},{"damage":8.0,"enemies":"Snecko","floor":31.0,"turns":6.0},{"damage":0.0,"enemies":"Centurion and Healer","floor":32.0,"turns":5.0},{"damage":27.0,"enemies":"downfall:Watcher","floor":33.0,"turns":8.0},{"damage":0.0,"enemies":"Orb Walker","floor":38.0,"turns":4.0},{"damage":35.0,"enemies":"3 Shapes","floor":39.0,"turns":5.0},{"damage":8.0,"enemies":"3 Darklings","floor":43.0,"turns":7.0},{"damage":17,"enemies":"Nemesis","floor":44,"turns":6},{"damage":16,"enemies":"Jaw Worm Horde","floor":45,"turns":5},{"damage":15,"enemies":"Spire Growth","floor":46,"turns":5},{"damage":20,"enemies":"4 Shapes","floor":47,"turns":7},{"damage":8,"enemies":"Maw","floor":49,"turns":7},{"damage":36,"enemies":"downfall:Defect","floor":50,"turns":6}],"seed_played":"697943897922869507","potions_obtained":[{"floor":2.0,"key":"Toxic Potion"},{"floor":11.0,"key":"Fire Potion"},{"floor":16.0,"key":"LiquidMemories"},{"floor":19.0,"key":"DistilledChaos"},{"floor":21.0,"key":"Strength Potion"},{"floor":26.0,"key":"Reflective Coating"},{"floor":30.0,"key":"BlessingOfTheForge"},{"floor":38.0,"key":"CultistPotion"},{"floor":45,"key":"Weak Potion"}],"is_trial":false,"path_per_floor":["R","E","R","?","$","?","T","E","R","E","M","?","M","$","M","B",null,"R","M","E","M","R","$","T","R","M","R","?","AVR","M","M","M","B",null,"R","?","?","M","M","R","T","R","M","E","M","M","M","AVR","M","B",null],"character_chosen":"THE_SPIRIT","items_purchased":[],"campfire_rested":0,"item_purchase_floors":[],"current_hp_per_floor":[53,61,61,54,54,54,54,54,64,76,83,83,90,90,97,88,98,98,99,100,101,101,102,94,94,95,95,95,95,97,96,98,73,101,93,93,93,96,71,71,71,71,74,68,63,59,50,50,55,45],"gold":370,"neow_bonus":"THREE_ENEMY_KILL","is_daily":false,"chose_seed":false,"campfire_upgraded":7,"win_rate":0.0,"timestamp":1607883706,"path_taken":["R","E","R","?","$","?","T","E","R","E","M","?","M","?","M","BOSS","R","M","E","M","R","$","T","R","M","R","?","AVR","M","?","M","BOSS","R","?","?","?","?","R","T","R","M","E","M","?","M","AVR","M","BOSS"],"items_purchased_type":[],"build_version":"2020-11-30","purchased_purges":1,"victory":true,"max_hp_per_floor":[70,78,78,78,78,78,78,78,88,96,96,96,96,96,97,98,98,98,99,100,101,101,102,94,94,95,95,95,95,97,97,99,101,101,93,93,93,96,99,99,99,99,103,107,111,115,119,119,123,127],"card_choices":[{"not_picked":["infinitespire:TheBestDefense","infinitespire:NeuralNetwork"],"picked":"infinitespire:Gouge","floor":1.0},{"not_picked":["hexamod:NightmareGuise","hexamod:SwordOfDarkness","hexamod:GhostOfSpireFuture"],"picked":"SKIP","floor":2.0},{"not_picked":["hexamod:InspiringFlames","hexamod:CatchUp"],"picked":"hexamod:StepThrough","floor":5.0},{"not_picked":["hexamod:InspiringFlames","hexamod:RainOfEmbers"],"picked":"hexamod:GhostflameBarrier","floor":8.0},{"not_picked":["hexamod:TurnItUp","hexamod:SkipABeat"],"picked":"hexamod:Hexaguard","floor":10.0},{"not_picked":["hexamod:PhantomCloak","hexamod:GhostShield"],"picked":"hexamod:HeatMetal","floor":11.0},{"not_picked":["Guardian:Incinerate","Clash","Slimebound:GoopSpray"],"picked":"SKIP","floor":13.0},{"not_picked":["hubris:SpiceAddiction","conspire:ExplosiveBarrier"],"picked":"conspire:Banana","floor":14.0},{"not_picked":["expansioncontent:CaCaw","sneckomod:Unknown1Cost"],"picked":"Guardian:Gem_White","floor":15.0},{"not_picked":["Shade:Coordination","Fission"],"picked":"Shade:LastGasp","floor":16.0},{"not_picked":["FlurryOfBlows+1"],"picked":"SKIP","floor":19.0},{"not_picked":["expansioncontent:DonusPower"],"picked":"SKIP","floor":20.0},{"not_picked":["champ:GladiatorsShout"],"picked":"SKIP","floor":21.0},{"not_picked":["hexamod:Hexaguard"],"picked":"SKIP","floor":23.0},{"not_picked":["sneckomod:Unknown3Cost"],"picked":"SKIP","floor":26.0},{"not_picked":["Slimebound:SplitMire"],"picked":"SKIP","floor":30.0},{"not_picked":["StuffTheSpire:Fury"],"picked":"SKIP","floor":31.0},{"not_picked":[],"picked":"thethorton:OddChange","floor":32.0},{"not_picked":[],"picked":"Bullet Time","floor":33.0},{"not_picked":["StuffTheSpire:Rapture","StuffTheSpire:BrainWave"],"picked":"StuffTheSpire:Ambrosia","floor":36.0},{"not_picked":[],"picked":"thethorton:ThickSkin+1","floor":38.0},{"not_picked":["Guardian:Planning"],"picked":"SKIP","floor":39.0},{"not_picked":["hubris:SpiceAddiction"],"picked":"SKIP","floor":43.0},{"not_picked":["champ:RisingSlash+1"],"picked":"SKIP","floor":44},{"not_picked":["Shade:SkeletonHug"],"picked":"SKIP","floor":45},{"not_picked":[],"picked":"Choke+1","floor":46},{"not_picked":["hubris:SpiceAddiction"],"picked":"SKIP","floor":47},{"not_picked":["hubris:SpiceAddiction"],"picked":"SKIP","floor":49}],"player_experience":1007879,"relics_obtained":[{"floor":2.0,"key":"hubris:Spice"},{"floor":8.0,"key":"hubris:Potato"},{"floor":10.0,"key":"hubris:Spice"},{"floor":20.0,"key":"Regal Pillow"},{"floor":24.0,"key":"hubris:Spice"},{"floor":35.0,"key":"hubris:Spice"},{"floor":41.0,"key":"StuffTheSpire:EmeraldSignet"},{"floor":44,"key":"Toy Ornithopter"}],"event_choices":[{"cards_removed":["hexamod:Strike"],"damage_healed":0.0,"max_hp_gain":0.0,"max_hp_loss":0.0,"gold_gain":0.0,"event_name":"Purifier","player_choice":"Purged","floor":28.0,"gold_loss":0.0,"damage_taken":0.0},{"damage_healed":0.0,"max_hp_gain":0.0,"max_hp_loss":0.0,"gold_gain":0.0,"event_name":"Duplicator","player_choice":"Ignored","floor":37.0,"gold_loss":0.0,"damage_taken":0.0}],"is_beta":false,"boss_relics":[{"not_picked":["energizedSpire:MagnifyingGlass","SacredBark"],"picked":"Busted Crown"},{"not_picked":["conspire:RoyalGoblet","hubris:Spice"],"picked":"hubris:Stopwatch"}],"items_purged_floors":[23],"is_endless":false,"potions_floor_spawned":[2,11,16,19,21,26,30,38,39,45,47,49],"ascension_level":0}}