{"host":"x4i48uok34n1rpsm","time":1607834213,"event":{"mods":["Aspiration","BaseMod","Better Third Choice","Colored Map","Highlight Path","Minty Spire (QoL Compilation)","Permanent Neow","Replay The Spire","StSLib"],"gold_per_floor":[117,117,129,139,139,169,169,201,201,201,201,55,75,96,96,96,96,222,222,242,300,316,334,347,386,404,440,491,166,186,186,186,225,225,351,351,376,376,394,24,48,84,84,128,153,172,172,203,53,74,0,0,0,0,0,38,38],"floor_reached":58,"playtime":4700,"items_purged":["Strike_R","Doubt","Delirium","Parasite"],"score":1655,"play_id":"884ae6a1-edca-44f4-a9b2-f55d86e21826","local_time":"20201213063653","is_ascension_mode":true,"campfire_choices":[{"data":"White Noise","floor":7.0,"key":"SMITH"},{"data":"Berserk","floor":17.0,"key":"SMITH"},{"floor":32.0,"key":"RECALL"},{"data":"Hologram","floor":34.0,"key":"SMITH"},{"data":"Seek","floor":54.0,"key":"SMITH"}],"circlet_count":0,"master_deck":["Strike_R","Strike_R","Defend_R","Defend_R","Bash","Coolheaded","Apotheosis+1","White Noise+1","ReplayTheSpireMod:Omega Cannon","BasicCrystalCard","Loop","Berserk+1","Genetic Algorithm","Core Surge","BootSequence","Defragment","Hologram+1","Inflame","Shrug It Off+1","Reboot","Metallicize","ReplayTheSpireMod:Reroute Power","Cleave+1","ReplayTheSpireMod:Omega Cannon+1","Spot Weakness","Seek+1"],"relics":["Black Blood","aspiration:DefectSkillbook","aspiration:FutureDiary","Anchor","Centennial Puzzle","Singing Bowl","Golden Idol","Replay:Grab Bag","Philosopher\u0027s Stone","Cursed Key","Ring of Chaos","Molten Egg 2","Replay:Bottled Steam","Iron Hammer","ReplayFunnel","aspiration:HummingbirdHeart","Replay:Drink Me","Ring of Hypnosis","aspiration:FaultyCoupler","Oddly Smooth Stone","FossilizedHelix","MealTicket","HornCleat","Red Mask","Replay:Mystery Machine"],"acts_visited":["Exordium","TheCity","TheBeyond","TheEnding"],"potions_floor_usage":[57,57,57],"damage_taken":[{"damage":6.0,"enemies":"2 Louse","floor":1.0,"turns":2.0},{"damage":3.0,"enemies":"Small Slimes","floor":3.0,"turns":5.0},{"damage":0.0,"enemies":"Cultist","floor":4.0,"turns":3.0},{"damage":15.0,"enemies":"Lagavulin","floor":6.0,"turns":7.0},{"damage":0.0,"enemies":"3 Sentries","floor":8.0,"turns":4.0},{"damage":1.0,"enemies":"3 Louse","floor":13.0,"turns":5.0},{"damage":0.0,"enemies":"Lots of Slimes","floor":14.0,"turns":1.0},{"damage":7.0,"enemies":"Slime Boss","floor":18.0,"turns":5.0},{"damage":0.0,"enemies":"Chosen","floor":20.0,"turns":4.0},{"damage":2.0,"enemies":"2 Thieves","floor":22.0,"turns":3.0},{"damage":3.0,"enemies":"Centurion and Healer","floor":23.0,"turns":6.0},{"damage":0.0,"enemies":"Cultist and Chosen","floor":24.0,"turns":4.0},{"damage":6.0,"enemies":"Slavers","floor":25.0,"turns":5.0},{"damage":0.0,"enemies":"3 Cultists","floor":26.0,"turns":5.0},{"damage":18.0,"enemies":"Book of Stabbing","floor":27.0,"turns":5.0},{"damage":5.0,"enemies":"Chosen and Byrds","floor":30.0,"turns":5.0},{"damage":0.0,"enemies":"Replay:Snechameleon","floor":33.0,"turns":4.0},{"damage":0.0,"enemies":"Collector","floor":35.0,"turns":4.0},{"damage":0.0,"enemies":"Orb Walker","floor":37.0,"turns":3.0},{"damage":0.0,"enemies":"3 Darklings","floor":39.0,"turns":3.0},{"damage":0.0,"enemies":"Maw","floor":41.0,"turns":6.0},{"damage":0.0,"enemies":"Nemesis","floor":42.0,"turns":5.0},{"damage":0.0,"enemies":"Giant Head","floor":44.0,"turns":5.0},{"damage":0.0,"enemies":"Sphere and 2 Shapes","floor":46.0,"turns":3.0},{"damage":0.0,"enemies":"Nemesis","floor":48.0,"turns":5.0},{"damage":0.0,"enemies":"4 Shapes","floor":50.0,"turns":4.0},{"damage":0.0,"enemies":"Awakened One","floor":52.0,"turns":6.0},{"damage":0,"enemies":"Shield and Spear","floor":56,"turns":5},{"damage":3,"enemies":"The Heart","floor":57,"turns":8}],"seed_played":"5328176032033549892","potions_obtained":[{"floor":8.0,"key":"Block Potion"},{"floor":18.0,"key":"Dexterity Potion"},{"floor":20.0,"key":"Explosive Potion"},{"floor":22.0,"key":"Fire Potion"},{"floor":25.0,"key":"ColorlessPotion"},{"floor":27.0,"key":"Swift Potion"},{"floor":30.0,"key":"Swift Potion"},{"floor":37.0,"key":"Explosive Potion"},{"floor":39.0,"key":"Elixir"},{"floor":46.0,"key":"FearPotion"},{"floor":56,"key":"Dexterity Potion"}],"is_trial":false,"path_per_floor":["M","?","M","M","?","E","R","E","T","?","?","$","M","M","R_BF","PTL","R","B",null,"M","?","M","M","M","E","M","E","T","$","M","?","R","E","R","B",null,"M","?","M","$","M","E","?","E","T","M","?","E","$","M","R_BF","B",null,"R","$","E","B",null],"character_chosen":"IRONCLAD","items_purchased":["Loop","ReplayFunnel","Metallicize","aspiration:FaultyCoupler"],"campfire_rested":0,"item_purchase_floors":[12,29,29,40],"current_hp_per_floor":[80,80,80,80,80,71,71,77,77,57,57,57,62,68,68,68,68,67,80,82,84,84,86,86,86,86,80,80,80,86,69,69,81,81,91,69,69,69,71,71,73,75,75,77,77,79,79,81,78,78,78,78,78,78,78,80,80],"gold":38,"neow_bonus":"DOUBLE_BOSS_RELIC","is_daily":false,"chose_seed":false,"campfire_upgraded":4,"win_rate":0.0,"timestamp":1607834213,"path_taken":["M","?","M","M","?","E","R","E","T","?","?","$","M","M","R_BF","PTL","R","BOSS","M","?","?","M","M","E","M","E","T","$","M","?","R","E","R","BOSS","M","?","M","$","M","E","?","E","T","?","?","E","?","M","R_BF","BOSS","R","$","E","BOSS"],"items_purchased_type":["Card","Relic","Card","Relic"],"build_version":"2020-11-30","purchased_purges":4,"victory":true,"max_hp_per_floor":[80,80,80,80,80,80,80,80,80,80,80,80,80,80,80,80,80,80,80,82,84,84,86,86,86,86,86,86,86,86,91,91,91,91,91,69,69,69,71,71,73,75,75,77,77,79,79,81,78,78,78,78,78,78,78,80,80],"card_choices":[{"not_picked":["ReplayTheSpireMod:Repulse","Perfected Strike","Disarm"],"picked":"Coolheaded","floor":1.0},{"not_picked":["Thunderclap","Consume","Darkness","ReplayTheSpireMod:GoodbyeWorld"],"picked":"SKIP","floor":3.0},{"not_picked":["Intimidate","Warcry","Sever Soul"],"picked":"White Noise","floor":4.0},{"not_picked":["Rage","Auto Shields","ReplayTheSpireMod:Repulse"],"picked":"ReplayTheSpireMod:Omega Cannon","floor":6.0},{"not_picked":["Perfected Strike","Auto Shields","ReplayTheSpireMod:GoodbyeWorld"],"picked":"BasicCrystalCard","floor":8.0},{"not_picked":["Ball Lightning","Hello World","Undo"],"picked":"Berserk","floor":13.0},{"not_picked":["Force Field","ReplayTheSpireMod:Repulse","Heavy Blade"],"picked":"Genetic Algorithm","floor":14.0},{"not_picked":["Biased Cognition","Offering","Feed"],"picked":"Core Surge","floor":18.0},{"not_picked":["Streamline","Sword Boomerang+1","Life Link","Armaments"],"picked":"Singing Bowl","floor":20.0},{"not_picked":["Chaos","ReplayTheSpireMod:Muscle Training","ReplaySort+1"],"picked":"BootSequence","floor":21.0},{"not_picked":["Thunderclap+1","ReplayTheSpireMod:Limb From Limb+1","Loop","Glacier"],"picked":"Singing Bowl","floor":21.0},{"not_picked":["Coolheaded+1","Double Energy+1","Conserve Battery+1"],"picked":"Defragment","floor":22.0},{"not_picked":["Defy Death","Flex+1","Turbo","Amplify"],"picked":"Singing Bowl","floor":23.0},{"not_picked":["Bloodletting","Sword Boomerang+1","Gash+1"],"picked":"Hologram","floor":24.0},{"not_picked":["Twin Strike+1","Compile Driver+1","Clash+1"],"picked":"Inflame","floor":25.0},{"not_picked":["Flex","Storm","Immolate+1"],"picked":"Shrug It Off","floor":26.0},{"not_picked":["Scrape+1","Conserve Battery+1","Body Slam+1"],"picked":"Reboot","floor":27.0},{"not_picked":["True Grit","Bloodletting+1","Recycle"],"picked":"ReplayTheSpireMod:Reroute Power","floor":30.0},{"not_picked":["Steam","ReplayTheSpireMod:LeadingStrike+1","Streamline+1"],"picked":"Cleave+1","floor":33.0},{"not_picked":["Replay:Many Hands","Machine Learning","Corruption"],"picked":"ReplayTheSpireMod:Omega Cannon+1","floor":35.0},{"not_picked":["Havoc+1","ReplayTheSpireMod:Muscle Training","Sweeping Beam+1"],"picked":"Spot Weakness","floor":37.0},{"not_picked":["Hologram","Gash+1","ReplayTheSpireMod:LeadingStrike+1","Headbutt+1"],"picked":"Singing Bowl","floor":39.0},{"not_picked":["Sweeping Beam+1","Twin Strike+1","Searing Blow+1","Chaos+1"],"picked":"Singing Bowl","floor":41.0},{"not_picked":["ReplayTheSpireMod:Calculation Training+1","Corruption","Replay:Undeath\u0027s Touch+1","Battle Trance+1"],"picked":"Singing Bowl","floor":42.0},{"not_picked":["Dual Wield+1","Replay:Undeath\u0027s Touch+1","Shrug It Off+1","Cold Snap+1"],"picked":"Singing Bowl","floor":44.0},{"not_picked":["Iron Wave+1","Leap","Perfected Strike+1","Clash+1"],"picked":"Singing Bowl","floor":46.0},{"not_picked":["Rebound+1","Cleave+1","Life Link","Clash+1"],"picked":"Singing Bowl","floor":48.0},{"not_picked":["Beam Cell+1","Abandon","ReplayTheSpireMod:Stacked+1"],"picked":"Seek","floor":50.0},{"not_picked":["Burning Pact+1","Run Through+1","Body Slam+1","Armaments"],"picked":"Singing Bowl","floor":56}],"player_experience":217472,"relics_obtained":[{"floor":6.0,"key":"Anchor"},{"floor":8.0,"key":"Centennial Puzzle"},{"floor":9.0,"key":"Singing Bowl"},{"floor":21.0,"key":"Molten Egg 2"},{"floor":25.0,"key":"Replay:Bottled Steam"},{"floor":27.0,"key":"Iron Hammer"},{"floor":33.0,"key":"aspiration:HummingbirdHeart"},{"floor":38.0,"key":"Ring of Hypnosis"},{"floor":42.0,"key":"Oddly Smooth Stone"},{"floor":44.0,"key":"FossilizedHelix"},{"floor":45.0,"key":"MealTicket"},{"floor":48.0,"key":"HornCleat"},{"floor":56,"key":"Replay:Mystery Machine"}],"event_choices":[{"damage_healed":80.0,"max_hp_gain":0.0,"max_hp_loss":80.0,"gold_gain":0.0,"event_name":"betterThird:BetterShining","player_choice":"Embrace","floor":2.0,"gold_loss":0.0,"damage_taken":0.0},{"cards_removed":["Strike_R"],"damage_healed":0.0,"max_hp_gain":0.0,"max_hp_loss":0.0,"gold_gain":0.0,"event_name":"Living Wall","player_choice":"Forget","floor":5.0,"gold_loss":0.0,"damage_taken":0.0},{"damage_healed":0.0,"max_hp_gain":0.0,"max_hp_loss":0.0,"gold_gain":0.0,"event_name":"Golden Idol","player_choice":"Take Damage","floor":10.0,"gold_loss":0.0,"damage_taken":20.0,"relics_obtained":["Golden Idol"]},{"damage_healed":0.0,"max_hp_gain":0.0,"max_hp_loss":0.0,"gold_gain":0.0,"event_name":"The Woman in Blue","player_choice":"Bought 0 Potions","floor":11.0,"gold_loss":0.0,"damage_taken":0.0},{"damage_healed":0.0,"max_hp_gain":5.0,"max_hp_loss":0.0,"gold_gain":0.0,"event_name":"Forgotten Altar","player_choice":"Shed Blood","floor":31.0,"gold_loss":0.0,"damage_taken":22.0},{"damage_healed":0.0,"max_hp_gain":0.0,"max_hp_loss":0.0,"gold_gain":0.0,"event_name":"Accursed Blacksmith","player_choice":"Forge","floor":43.0,"gold_loss":0.0,"damage_taken":0.0,"cards_upgraded":["Shrug It Off"]},{"cards_removed":["Defend_R"],"damage_healed":0.0,"max_hp_gain":0.0,"max_hp_loss":0.0,"gold_gain":0.0,"event_name":"Falling","player_choice":"Removed Skill","floor":47.0,"gold_loss":0.0,"damage_taken":0.0},{"damage_healed":0.0,"max_hp_gain":0.0,"max_hp_loss":0.0,"gold_gain":0.0,"event_name":"Tomb of Lord Red Mask","player_choice":"Paid","floor":51.0,"gold_loss":74.0,"damage_taken":0.0,"relics_obtained":["Red Mask"]}],"is_beta":false,"boss_relics":[{"not_picked":["SlaversCollar","Replay:Wanted Poster"],"picked":"Replay:Grab Bag"},{"not_picked":["Velvet Choker","Coffee Dripper"],"picked":"Philosopher\u0027s Stone"},{"not_picked":["Busted Crown","Mark of Pain"],"picked":"Cursed Key"},{"not_picked":["Calling Bell","Pandora\u0027s Box"],"picked":"Black Blood"},{"not_picked":["Astrolabe","aspiration:RitualDagger"],"picked":"Ring of Chaos"},{"not_picked":["SacredBark","Replay:Ancient Bell"],"picked":"Replay:Drink Me"}],"items_purged_floors":[12,29,40,49],"is_endless":false,"potions_floor_spawned":[8,18,20,22,25,27,30,37,39,46,50,56],"ascension_level":1}}