{"host":"tmiksjdllv4oe9un","time":1607824164,"event":{"mods":["Act Like it!","BaseMod","BetterRewards","Defuse TimeMaze Blight","Duelist Mod","Faster Ascension Climbing","GifTheSpireLib","Googly Eyes","Hallownest","Infinite Spire","Minty Spire (QoL Compilation)","Quick Restart","Replay The Spire","StSLib"],"gold_per_floor":[144,154,166,166,166,195,246,246,246,257,292,304,304,304],"floor_reached":13,"playtime":450,"items_purged":["theDuelist:Sparks"],"score":190,"play_id":"abfeafe0-d6e4-431c-b423-994af39774ba","local_time":"20201212204924","is_ascension_mode":true,"campfire_choices":[{"data":"theDuelist:TyrantWing","floor":8.0,"key":"SMITH"}],"circlet_count":0,"master_deck":["AscendersBane","theDuelist:BabyDragon","theDuelist:CastleWalls","theDuelist:CastleWalls","theDuelist:CaveDragon","theDuelist:CaveDragon","theDuelist:LesserDragon","theDuelist:LesserDragon","theDuelist:Sparks","theDuelist:YamataDragon","theDuelist:PotGreed","theDuelist:TyrantWing+1","theDuelist:VampireCurse"],"relics":["theDuelist:MillenniumPuzzle","theDuelist:CardPoolRelic","theDuelist:CardPoolBasicRelic","theDuelist:BoosterPackPoolRelic","theDuelist:CardPoolAddRelic","theDuelist:CardPoolMinusRelic","theDuelist:CardPoolSaveRelic","theDuelist:CardPoolOptionsRelic","King of Hearts","theDuelist:MillenniumScale","Replay:Wax Seal","Pet Ghost","Ginger","Mirror"],"acts_visited":["Exordium"],"potions_floor_usage":[],"damage_taken":[{"damage":5.0,"enemies":"Cultist","floor":1.0,"turns":3.0},{"damage":0.0,"enemies":"Jaw Worm","floor":2.0,"turns":3.0},{"damage":1.0,"enemies":"Small Slimes","floor":3.0,"turns":2.0},{"damage":22.0,"enemies":"3 Sentries","floor":6.0,"turns":12.0},{"damage":7.0,"enemies":"Looter","floor":10.0,"turns":3.0},{"damage":17.0,"enemies":"Gremlin Nob","floor":11.0,"turns":4.0},{"damage":1.0,"enemies":"Exordium Thugs","floor":12.0,"turns":5.0},{"damage":19,"enemies":"Lagavulin","floor":13,"turns":4}],"seed_played":"-3455121647686288934","potions_obtained":[{"floor":2.0,"key":"theDuelist:VoidBottle"},{"floor":6.0,"key":"theDuelist:ExtraOrbsBottle"},{"floor":11.0,"key":"theDuelist:BottledKuriboh"}],"is_trial":false,"path_per_floor":["M","M","M","?","?","E","T","R","T","M","E","M","E"],"character_chosen":"THE_DUELIST","items_purchased":[],"campfire_rested":0,"item_purchase_floors":[],"current_hp_per_floor":[58,58,57,57,57,35,35,35,35,28,11,10,0,0],"gold":304,"neow_bonus":"","is_daily":false,"chose_seed":false,"campfire_upgraded":1,"win_rate":0.0,"timestamp":1607824164,"path_taken":["M","M","M","?","?","E","?","R","T","?","E","M","E"],"items_purchased_type":[],"build_version":"2020-11-30","purchased_purges":1,"victory":false,"max_hp_per_floor":[70,70,70,70,70,70,70,70,70,70,70,70,70,70],"card_choices":[{"not_picked":["theDuelist:LightningDarts","theDuelist:RainbowBridge","theDuelist:RainbowOverdragon","theDuelist:Jinzo"],"picked":"theDuelist:PotGreed","floor":1.0},{"not_picked":["theDuelist:MadSwordBeast","theDuelist:BlackStego","theDuelist:RedRisingDragon","theDuelist:MoltenDestruction","theDuelist:GoldSarcophagus"],"picked":"SKIP","floor":2.0},{"not_picked":["theDuelist:WhiteHornDragon","theDuelist:SilverWing","theDuelist:DragonMirror"],"picked":"theDuelist:TyrantWing","floor":3.0},{"not_picked":["theDuelist:MaskedDragon","theDuelist:SnowDragon","theDuelist:AncientPixieDragon","theDuelist:BlackPtera","theDuelist:FireDarts"],"picked":"SKIP","floor":6.0},{"not_picked":["theDuelist:StampingDestruction","theDuelist:SpiralSpearStrike","theDuelist:FluteSummoning","theDuelist:EvilMind","theDuelist:VeilDarkness"],"picked":"SKIP","floor":10.0},{"not_picked":["theDuelist:TwinHeadedFire","theDuelist:CurseDragon","theDuelist:FrostflameDragon","theDuelist:DragonPiper","theDuelist:HorusServant"],"picked":"SKIP","floor":11.0},{"not_picked":["theDuelist:Hinotama","theDuelist:DarkCreator","theDuelist:BigKoala","theDuelist:Terraforming","theDuelist:HaneHane"],"picked":"SKIP","floor":12.0}],"player_experience":15055,"relics_obtained":[{"floor":4.0,"key":"King of Hearts"},{"floor":6.0,"key":"Replay:Wax Seal"},{"floor":7.0,"key":"Pet Ghost"},{"floor":9.0,"key":"Ginger"},{"floor":11.0,"key":"Mirror"}],"event_choices":[{"damage_healed":0.0,"max_hp_gain":0.0,"max_hp_loss":0.0,"gold_gain":0.0,"event_name":"Millennium Items","player_choice":"Took item - Received: Millennium Scale","duelist":true,"floor":5.0,"gold_loss":0.0,"damage_taken":0.0}],"is_beta":false,"boss_relics":[],"items_purged_floors":[0],"is_endless":false,"potions_floor_spawned":[2,6,11],"killed_by":"Lagavulin","ascension_level":20}}