{"host":"fjbqinbax2bs4pe1","time":1607841784,"event":{"mods":["BaseMod","Colored Powertips","Duelist Mod","GifTheSpireLib","Grow up Mod","Lobotomy","LobotomyExtend","Minty Spire (QoL Compilation)","Replay The Spire","Shop Mod","Spicy Shops","StSLib","[IsaacMod]ÒÔÈö¼âËþ"],"gold_per_floor":[245,245,245,245,22,103,103,181,181,277,277,337,418,472,472,766,766,823,244,244,317,317,317,365,443,545,638,663,753,783,885,942,736,736,790,841,850,1045,1129,1129,1138,1192,737,737,767,767,1070,1097,1097,1097],"floor_reached":18,"playtime":1496,"items_purged":["Strike_G","Defend_R","Strike_R","Dazed","ReplayTheSpireMod:Muscle Training+1","Dazed"],"score":634,"play_id":"6372ba2c-a2bd-43e9-af60-05db72af748c","local_time":"20201213144304","daily_mods":["Vintage","Elite Swarm","Lethality","Midas","Night Terrors","Terminal"],"is_ascension_mode":true,"campfire_choices":[{"floor":7.0,"key":"REST"},{"floor":6.0,"key":"REST"},{"floor":13.0,"key":"REST"},{"floor":15.0,"key":"REST"}],"circlet_count":0,"master_deck":["Strike_R","Strike_R","Strike_R+1","Strike_R","Defend_R","Defend_R","Defend_R+1","Eruption+1","Reaper","Rupture","Dazed","Demon Form","Hemogenesis","Twin Strike","Limit Break+1","CurseOfTheBell","Hemokinesis","Heavy Blade+1","Limit Break+1","Berserk+1","Offering+1","Hemogenesis+1","Spot Weakness+1","Spot Weakness+1","Sword Boomerang","Limit Break+1","Inflame","Apotheosis+1","Demon Form+1","Hemogenesis+1","Enlightenment+1","Offering+1"],"relics":["replay:Trail_Library","HushsDoor","Pantograph","Replay:M_SmolderingBlood","MerchantsRug","Membership Card","BloodBag","Strawberry","PillsDrop","Bottled Tornado","StrikeDummy","Chameleon Ring","Happy Flower","Meat on the Bone","Self Forming Clay","MealTicket","Calling Bell","Dream Catcher","InkBottle","BookofShadows","Gremlin Horn","Mirror","Blue Doll","Orichalcum","Frozen Eye","Golden Egg","White Beast Statue","Ancient Tea Set","Prayer Wheel","Replay:Bottled Flurry","Tiny Chest","TungstenRod","LaetitiaHeart","Toxic Egg 2","LetterFromLob","Omamori","Nunchaku","ReplayTheSpireMod:Spearhead","ReplayTheSpireMod:CursedCoin","Anchor","Strange Spoon","CeramicFish","Vajra","Replay:Arrowhead","Blue Candle","Bag of Marbles","HornCleat","ReplayTheSpireMod:ShopPack","War Paint","Ornamental Fan","Replay:Bottled Steam","TheAbacus","EdensBlessing","Ring of Chaos","Damocles"],"acts_visited":["Exordium","TheCity"],"potions_floor_usage":[],"damage_taken":[{"damage":0.0,"enemies":"Cultist","floor":1.0,"turns":2.0},{"damage":31.0,"enemies":"Replay:BlueRogue","floor":6.0,"turns":4.0},{"damage":59.0,"enemies":"Gremlin Nob","floor":8.0,"turns":4.0},{"damage":39.0,"enemies":"Replay:BlueRogue","floor":10.0,"turns":4.0},{"damage":9.0,"enemies":"Small Slimes","floor":12.0,"turns":3.0},{"damage":4.0,"enemies":"Gremlin Nob","floor":13.0,"turns":3.0},{"damage":5.0,"enemies":"2 Louse","floor":14.0,"turns":3.0},{"damage":38.0,"enemies":"Slime Boss","floor":16.0,"turns":6.0},{"damage":55.0,"enemies":"3 Byrds","floor":18.0,"turns":4.0},{"damage":18.0,"enemies":"2 Thieves","floor":24.0,"turns":3.0},{"damage":3.0,"enemies":"theDuelist:KaibaA2","floor":25.0,"turns":4.0},{"damage":18.0,"enemies":"Gremlin Leader","floor":26.0,"turns":3.0},{"damage":23.0,"enemies":"theDuelist:KaibaA2","floor":27.0,"turns":3.0},{"damage":8.0,"enemies":"Gremlin Leader","floor":29.0,"turns":4.0},{"damage":15.0,"enemies":"Snake Plant","floor":30.0,"turns":3.0},{"damage":22.0,"enemies":"Slavers","floor":31.0,"turns":2.0},{"damage":0.0,"enemies":"Slavers","floor":32.0,"turns":1.0},{"damage":1.0,"enemies":"2 Louse","floor":1.0,"turns":1.0},{"damage":6.0,"enemies":"Jaw Worm","floor":4.0,"turns":1.0},{"damage":1.0,"enemies":"Cultist","floor":5.0,"turns":2.0},{"damage":11.0,"enemies":"Gremlin Nob","floor":7.0,"turns":3.0},{"damage":6.0,"enemies":"3 Sentries","floor":8.0,"turns":2.0},{"damage":1.0,"enemies":"Exordium Thugs","floor":11.0,"turns":1.0},{"damage":1.0,"enemies":"2 Fungi Beasts","floor":14.0,"turns":1.0},{"damage":6.0,"enemies":"Slime Boss","floor":16.0,"turns":3.0},{"damage":11,"enemies":"Spheric Guardian","floor":18,"turns":2}],"seed_played":"-3864871628884729367","potions_obtained":[{"floor":6.0,"key":"ColorlessPotion"},{"floor":10.0,"key":"Energy Potion"},{"floor":12.0,"key":"AttackPotion"},{"floor":15.0,"key":"LiquidBronze"},{"floor":15.0,"key":"ElixirPotion"},{"floor":18.0,"key":"EssenceOfSteel"},{"floor":24.0,"key":"ColorlessPotion"},{"floor":25.0,"key":"Dexterity Potion"},{"floor":26.0,"key":"Block Potion"},{"floor":1.0,"key":"LiquidMemories"},{"floor":14.0,"key":"Energy Potion"},{"floor":16.0,"key":"HeartOfIron"}],"is_trial":true,"path_per_floor":["M","?","WH","?","$","E","R","E","T","E","WH","M","E","M","R","B",null,"M","$","WH","T","PTL","PTL","M","E","E","E","T","E","M","E","?","M","$","?","M","M","R","?","E","T","T","M","$","R","M","R","B",null,"M"],"character_chosen":"IRONCLAD","items_purchased":["MerchantsRug","Membership Card","Strawberry","PillsDrop","Rupture","Gremlin Horn","Mirror","Blue Doll","Orichalcum","Frozen Eye","Hemokinesis","Omamori","Spot Weakness+1","Nunchaku","ReplayTheSpireMod:Spearhead","ReplayTheSpireMod:CursedCoin","Anchor","Strange Spoon","ReplayTheSpireMod:ShopPack","War Paint","Ornamental Fan","Replay:Bottled Steam","TheAbacus","Damocles","Hemogenesis","Enlightenment+1","Offering+1"],"campfire_rested":4,"item_purchase_floors":[5,5,5,5,5,19,19,19,19,19,19,2,2,2,2,2,2,2,12,12,12,12,12,17,17,17,17],"current_hp_per_floor":[94,104,114,117,94,73,161,112,122,121,131,137,148,158,168,222,251,217,242,232,242,252,262,276,326,376,384,394,401,396,384,29,38,41,45,54,69,73,87,96,105,117,126,130,142,146,150,137,0,0],"gold":1097,"neow_bonus":"TWENTY_PERCENT_HP_BONUS","is_daily":false,"chose_seed":false,"campfire_upgraded":0,"win_rate":0.0,"timestamp":1607841784,"path_taken":["M","?","WH","?","$","E","R","E","T","E","WH","?","E","M","R","BOSS","M","$","WH","WH","PTL","PTL","M","E","E","E","T","E","M","E","?","M","$","?","M","M","R","?","E","T","?","?","$","R","M","R","BOSS","M"],"items_purchased_type":["Relic","Relic","Relic","Relic","Card","Relic","Relic","Relic","Relic","Relic","Card","Relic","Card","Relic","Relic","Relic","Relic","Relic","Relic","Relic","Relic","Relic","Relic","Relic","Card","Card","Card"],"build_version":"2020-11-30","purchased_purges":6,"victory":false,"max_hp_per_floor":[98,107,116,125,148,157,161,170,179,188,197,206,215,224,233,242,251,260,269,330,339,348,357,366,378,382,391,400,409,418,427,29,38,47,56,65,69,78,87,96,105,117,126,130,142,146,155,137,137,137],"card_choices":[{"not_picked":[],"picked":"Bomb","floor":0.0},{"not_picked":["Ragnarok","Immolate"],"picked":"Reaper","floor":3.0},{"not_picked":["Hemogenesis","Offering"],"picked":"Limit Break","floor":6.0},{"not_picked":["Berserk","Impervious"],"picked":"Demon Form","floor":8.0},{"not_picked":["Juggernaut","Fiend Fire"],"picked":"Hemogenesis","floor":10.0},{"not_picked":["Demonic Infusion","Impervious"],"picked":"Limit Break","floor":13.0},{"not_picked":["Bludgeon","Demon Form"],"picked":"Limit Break","floor":16.0},{"not_picked":["Hemogenesis","Barricade"],"picked":"Limit Break","floor":25.0},{"not_picked":["Brutality","Bludgeon"],"picked":"Berserk","floor":26.0},{"not_picked":["Barricade","Fiend Fire"],"picked":"Offering","floor":27.0},{"not_picked":["Corruption","Immolate"],"picked":"Hemogenesis","floor":29.0},{"not_picked":["Fiend Fire","Barricade","Juggernaut"],"picked":"SKIP","floor":31.0},{"not_picked":["Dropkick","Clothesline"],"picked":"Sword Boomerang","floor":6.0},{"not_picked":["Demonic Infusion+1","Exhume+1"],"picked":"Limit Break+1","floor":8.0},{"not_picked":["Poisoned Strike","ReplayTheSpireMod:Brewmster"],"picked":"Apotheosis","floor":12.0},{"not_picked":["Barricade","Corruption"],"picked":"Demon Form","floor":16.0}],"player_experience":3757,"relics_obtained":[{"floor":1.0,"key":"Pantograph"},{"floor":1.0,"key":"LetterFromLob"},{"floor":6.0,"key":"Bottled Tornado"},{"floor":8.0,"key":"StrikeDummy"},{"floor":10.0,"key":"Chameleon Ring"},{"floor":12.0,"key":"Meat on the Bone"},{"floor":13.0,"key":"Self Forming Clay"},{"floor":14.0,"key":"MealTicket"},{"floor":17.0,"key":"Dream Catcher"},{"floor":17.0,"key":"InkBottle"},{"floor":17.0,"key":"ForgetMeNow"},{"floor":18.0,"key":"BookofShadows"},{"floor":21.0,"key":"Golden Egg"},{"floor":24.0,"key":"White Beast Statue"},{"floor":25.0,"key":"WingedGreaves"},{"floor":26.0,"key":"Ancient Tea Set"},{"floor":27.0,"key":"Prayer Wheel"},{"floor":28.0,"key":"TheBean"},{"floor":29.0,"key":"Replay:Bottled Flurry"},{"floor":30.0,"key":"Tiny Chest"},{"floor":31.0,"key":"TungstenRod"},{"floor":1.0,"key":"Toxic Egg 2"},{"floor":1.0,"key":"LetterFromLob"},{"floor":4.0,"key":"CeramicFish"},{"floor":5.0,"key":"Vajra"},{"floor":7.0,"key":"Replay:Arrowhead"},{"floor":8.0,"key":"BelialBook"},{"floor":9.0,"key":"Blue Candle"},{"floor":10.0,"key":"Bag of Marbles"},{"floor":11.0,"key":"HornCleat"},{"floor":14.0,"key":"EdensBlessing"}],"event_choices":[{"cards_removed":["m_Survivalism"],"damage_healed":0.0,"max_hp_gain":0.0,"max_hp_loss":0.0,"gold_gain":0.0,"event_name":"Golden Wing","player_choice":"Card Removal","floor":4.0,"gold_loss":0.0,"damage_taken":7.0},{"damage_healed":0.0,"max_hp_gain":0.0,"max_hp_loss":0.0,"gold_gain":0.0,"event_name":"Shining Light","player_choice":"Entered Light","floor":3.0,"gold_loss":0.0,"damage_taken":8.0,"cards_upgraded":["Eruption","Strike_R"]},{"damage_healed":0.0,"max_hp_gain":0.0,"max_hp_loss":0.0,"gold_gain":0.0,"event_name":"Dead Adventurer","player_choice":"Searched \u00271\u0027 times","floor":7.0,"gold_loss":0.0,"damage_taken":0.0}],"is_beta":false,"boss_relics":[{"not_picked":["Cursed Key","Painkiller Herb"],"picked":"Calling Bell"},{"not_picked":["Replay:Ancient Bell","Abe\u0027s Treasure"],"picked":"Ring of Chaos"},{"not_picked":[]}],"items_purged_floors":[5,19,19,2,12,17],"is_endless":false,"potions_floor_spawned":[6,10,12,18,24,25,26,27,29,31,32,1,4,5,7,8,11,14,16],"killed_by":"Spheric Guardian","ascension_level":1}}