{"host":"f7rb14kzcw8hx1r1","time":1607896177,"event":{"mods":["BaseMod","Better Note","Better Third Choice","Colored Map","Highlight Path","Hubris","Minty Spire (QoL Compilation)","Replay The Spire","StSLib"],"gold_per_floor":[111,111,131,131,131,131,158,158,158,170,182,201,66,66,66,164,164,176,196,214,70,90,90,90,119,119,119,44,76,76,91,91,193,193,204,204,57,72,84,84,103,118,118,118,135,135,135,148,148,148],"floor_reached":51,"playtime":1679,"items_purged":["Strike_R","Strike_R"],"score":689,"play_id":"9618c6d4-cb33-412c-859d-dbc7b821e613","local_time":"20201213224937","is_ascension_mode":false,"campfire_choices":[{"data":"Bash","floor":6,"key":"SMITH"},{"data":"Infernal Blade","floor":8,"key":"SMITH"},{"data":"Iron Wave","floor":15,"key":"SMITH"},{"data":"Demon Form","floor":27,"key":"SMITH"},{"data":"Flame Barrier","floor":30,"key":"SMITH"},{"data":"Clothesline","floor":32,"key":"SMITH"},{"data":"True Grit","floor":40,"key":"SMITH"},{"data":"Demon Form","floor":44,"key":"SMITH"},{"data":"Iron Wave","floor":46,"key":"SMITH"},{"data":"Cleave","floor":49,"key":"SMITH"}],"circlet_count":0,"master_deck":["Defend_R+1","Defend_R+1","Defend_R+1","Defend_R+1","Bash+1","Cleave+1","Iron Wave+1","Infernal Blade+1","Hemokinesis","Clothesline+1","Offering","Headbutt+1","Disarm+1","Demon Form+1","Flame Barrier+1","Demon Form+1","True Grit+1","Sword Boomerang+1","Iron Wave+1","Dark Shackles"],"relics":["Burning Blood","hubris:ToyBattleship","Mercury Hourglass","Regal Pillow","Sozu","Bag of Preparation","hubris:Reverence","Replay:Bottled Eggs","Busted Crown","hubris:Towel","Replay:Rubber Ducky"],"acts_visited":["Exordium","TheCity","TheBeyond"],"potions_floor_usage":[33,33,33],"damage_taken":[{"damage":14,"enemies":"Jaw Worm","floor":1,"turns":4},{"damage":3,"enemies":"Small Slimes","floor":3,"turns":3},{"damage":24,"enemies":"3 Sentries","floor":7,"turns":10},{"damage":0,"enemies":"Cultist","floor":10,"turns":2},{"damage":2,"enemies":"Large Slime","floor":11,"turns":4},{"damage":4,"enemies":"Blue Slaver","floor":12,"turns":2},{"damage":27,"enemies":"The Guardian","floor":16,"turns":10},{"damage":8,"enemies":"Chosen","floor":18,"turns":2},{"damage":4,"enemies":"Shell Parasite","floor":19,"turns":5},{"damage":9,"enemies":"Snake Plant","floor":20,"turns":3},{"damage":0,"enemies":"Snecko","floor":22,"turns":4},{"damage":31,"enemies":"Gremlin Leader","floor":25,"turns":4},{"damage":18,"enemies":"Slavers","floor":29,"turns":3},{"damage":6,"enemies":"3 Cultists","floor":31,"turns":4},{"damage":64,"enemies":"Automaton","floor":33,"turns":8},{"damage":3,"enemies":"3 Shapes","floor":35,"turns":5},{"damage":13,"enemies":"3 Darklings","floor":38,"turns":5},{"damage":5,"enemies":"Spire Growth","floor":39,"turns":5},{"damage":6,"enemies":"Maw","floor":41,"turns":6},{"damage":16,"enemies":"Jaw Worm Horde","floor":42,"turns":4},{"damage":0,"enemies":"Spire Growth","floor":45,"turns":4},{"damage":2,"enemies":"Writhing Mass","floor":48,"turns":5},{"damage":24,"enemies":"Donu and Deca","floor":50,"turns":8}],"seed_played":"9094135897534618457","potions_obtained":[{"floor":7,"key":"LiquidBronze"},{"floor":11,"key":"EssenceOfSteel"},{"floor":12,"key":"AttackPotion"},{"floor":16,"key":"BloodPotion"}],"is_trial":false,"path_per_floor":["M","?","M","?","?","R","E","R","T","M","M","M","$","?","R","B",null,"M","M","M","$","M","?","?","E","T","R","$","E","R","M","R","B",null,"M","?","$","M","M","R","M","M","T","R","M","R","?","M","R_BF","B",null],"character_chosen":"IRONCLAD","items_purchased":["Offering","Demon Form","True Grit"],"campfire_rested":0,"item_purchase_floors":[13,21,37],"current_hp_per_floor":[72,77,80,80,80,80,62,62,62,68,72,74,74,56,56,35,85,83,85,82,82,85,85,85,60,60,60,60,48,48,48,48,7,85,85,85,85,78,79,79,79,69,69,69,75,75,75,79,79,61],"gold":148,"neow_bonus":"REMOVE_CARD","is_daily":false,"chose_seed":false,"campfire_upgraded":10,"win_rate":0.0,"timestamp":1607896177,"path_taken":["M","?","M","?","?","R","E","R","T","M","?","M","$","?","R","BOSS","M","M","M","$","M","?","?","E","T","R","$","E","R","M","R","BOSS","M","?","$","M","M","R","M","M","T","R","M","R","?","M","R_BF","BOSS"],"items_purchased_type":["Card","Card","Card"],"build_version":"2020-11-30","purchased_purges":2,"victory":true,"max_hp_per_floor":[80,85,85,85,85,85,85,85,85,85,85,85,85,85,85,85,85,85,85,85,85,85,85,85,85,85,85,85,85,85,85,85,85,85,85,85,85,85,85,85,85,85,85,85,85,85,85,85,85,85],"card_choices":[{"not_picked":["Thunderclap","Run Through"],"picked":"Cleave","floor":1},{"not_picked":["Seeing Red","hubris:ReadiedAction"],"picked":"Iron Wave","floor":3},{"not_picked":["Fiend Fire","Uppercut"],"picked":"Infernal Blade","floor":7},{"not_picked":["Clothesline","Warcry"],"picked":"Hemokinesis","floor":10},{"not_picked":["Warcry","Defy Death","hubris:SharpeningStone"],"picked":"SKIP","floor":11},{"not_picked":["Replay:Undeath\u0027s Touch","Anger"],"picked":"Clothesline","floor":12},{"not_picked":["Massacre","Headbutt","ReplayTheSpireMod:Corrosion Curse+1"],"picked":"SKIP","floor":18},{"not_picked":["ReplayTheSpireMod:Corrosion Curse","Perfected Strike+1"],"picked":"Headbutt+1","floor":19},{"not_picked":["Pommel Strike","Flex+1"],"picked":"Disarm+1","floor":20},{"not_picked":["Demonic Infusion","Clothesline"],"picked":"Flame Barrier","floor":22},{"not_picked":["Perfected Strike","Replay:Undeath\u0027s Touch","Reckless Charge+1"],"picked":"SKIP","floor":25},{"not_picked":["Uppercut","hubris:ReadiedAction","Fire Breathing+1"],"picked":"SKIP","floor":29},{"not_picked":["Combust+1","Entrench","Flex"],"picked":"SKIP","floor":31},{"not_picked":["Replay:Many Hands","Immolate"],"picked":"Demon Form","floor":33},{"not_picked":["Perfected Strike+1"],"picked":"SKIP","floor":35},{"not_picked":["Anger+1"],"picked":"SKIP","floor":38},{"not_picked":[],"picked":"Sword Boomerang+1","floor":39},{"not_picked":["Carnage"],"picked":"SKIP","floor":41},{"not_picked":["hubris:ReadiedAction"],"picked":"SKIP","floor":42},{"not_picked":[],"picked":"Iron Wave","floor":45},{"not_picked":[],"picked":"Dark Shackles","floor":47},{"not_picked":["Eclipse"],"picked":"SKIP","floor":48}],"player_experience":819448,"relics_obtained":[{"floor":7,"key":"hubris:ToyBattleship"},{"floor":9,"key":"Mercury Hourglass"},{"floor":25,"key":"Bag of Preparation"},{"floor":26,"key":"hubris:Reverence"},{"floor":29,"key":"Replay:Bottled Eggs"},{"floor":43,"key":"Replay:Rubber Ducky"}],"event_choices":[{"damage_healed":0,"gold_gain":0,"player_choice":"Donut","damage_taken":0,"max_hp_gain":5,"max_hp_loss":0,"event_name":"Big Fish","floor":2,"gold_loss":0},{"cards_removed":["Strike_R"],"damage_healed":0,"gold_gain":0,"player_choice":"Forget","damage_taken":0,"max_hp_gain":0,"max_hp_loss":0,"event_name":"Living Wall","floor":4,"gold_loss":0},{"cards_removed":["Strike_R"],"damage_healed":0,"gold_gain":0,"player_choice":"Offered Basic","damage_taken":0,"max_hp_gain":0,"max_hp_loss":0,"event_name":"Bonfire Elementals","floor":5,"gold_loss":0},{"damage_healed":0,"gold_gain":0,"player_choice":"Relic ","damage_taken":18,"max_hp_gain":0,"max_hp_loss":0,"event_name":"betterThird:BetterScrap","floor":14,"gold_loss":0,"cards_obtained":["Darkness"]},{"cards_removed":["Strike_R"],"damage_healed":0,"gold_gain":0,"player_choice":"Give","damage_taken":0,"max_hp_gain":0,"max_hp_loss":0,"event_name":"betterNote:BetterNote","floor":23,"gold_loss":0,"cards_obtained":["hubris:Gluttony"]},{"damage_healed":0,"gold_gain":0,"player_choice":"Memory 1","damage_taken":0,"max_hp_gain":0,"max_hp_loss":0,"event_name":"SensoryStone","floor":47,"gold_loss":0}],"is_beta":false,"boss_relics":[{"not_picked":["Abe\u0027s Treasure","Ring of Chaos"],"picked":"Sozu"},{"not_picked":["Astrolabe","hubris:HollowSoul"],"picked":"Busted Crown"}],"items_purged_floors":[28,37],"is_endless":false,"potions_floor_spawned":[7,11,12,16,18,19,29,31,35,39,41,48],"ascension_level":0}}