{"host":"ds28d883r3sz42zs","time":1607896894,"event":{"mods":["2.2 Compatiblity","AchievementEnabler","Act Like it!","BaseMod","Bestiary","Better Match","Better Sensory Stone","Better Third Choice","Better-Laid Plans","BetterRewards","Block Reminder","Challenge The Spire","Colored Map","Colored Powertips","Defuse TimeMaze Blight","Disable Question Mark Monsters","Displayed Cursed Tome","Emptier Cage","GifTheSpireLib","Gold Saver","Minty Spire (QoL Compilation)","Permanent Neow","Practice Mode","Quick Restart","Random Character Button","Rare Cards Sparkle","Relic Filter","Relic Stats","SacredBarkPlus","StSLib","SuperFastMode","Uncapped","Unknown Chances"],"gold_per_floor":[1042,1052,178,195,215,248,265,292,319,319,76,109,109,128,128,231,231,241,259,259,259,270,270,295,295,295,295,308,319,42,57,57,154,154,169,185,39,59,76,76,105,105,105,119,119,119,145,145,145,145,145,145,71,100,100],"floor_reached":56,"playtime":2065,"items_purged":["Strike_B","Strike_B","Melter"],"score":1640,"play_id":"57ff7acd-f2dc-4250-907c-0064c4937c43","local_time":"20201213170134","is_ascension_mode":true,"campfire_choices":[{"data":"Go for the Eyes","floor":10.0,"key":"SMITH"},{"data":"Electrodynamics","floor":13.0,"key":"SMITH"},{"data":"Capacitor","floor":15.0,"key":"SMITH"},{"data":"FTL","floor":23,"key":"SMITH"},{"data":"Machine Learning","floor":25,"key":"SMITH"},{"data":"Finesse","floor":27,"key":"SMITH"},{"data":"Coolheaded","floor":32,"key":"SMITH"},{"data":"Biased Cognition","floor":40,"key":"SMITH"},{"floor":42,"key":"RECALL"},{"data":"Capacitor","floor":45,"key":"SMITH"},{"data":"Reinforced Body","floor":49,"key":"SMITH"},{"data":"Coolheaded","floor":52,"key":"SMITH"}],"circlet_count":0,"master_deck":["Defend_B","Defend_B","Defend_B+1","Zap","Dualcast","Go for the Eyes+1","Ball Lightning","Capacitor+1","Finesse+1","FTL+1","Coolheaded+1","Auto Shields","Coolheaded+1","Electrodynamics+1","Machine Learning+1","Fusion+1","Rainbow+1","Melter+1","Reinforced Body+1","Compile Driver","Compile Driver+1","Storm+1","Biased Cognition+1","Rainbow+1","Aggregate+1","Capacitor+1","Echo Form","Echo Form","Core Surge"],"relics":["Tiny House","Medical Kit","Bronze Scales","Symbiotic Virus","Pantograph","Bird Faced Urn","Toy Ornithopter","Centennial Puzzle","Regal Pillow","Astrolabe","Enchiridion","Dream Catcher","Mummified Hand","Lee\u0027s Waffle","Snecko Eye","DollysMirror","MealTicket","Anchor","Art of War"],"acts_visited":["Exordium","TheCity","TheBeyond","TheEnding"],"potions_floor_usage":[16,18,24,24,29,55,55],"damage_taken":[{"damage":0.0,"enemies":"Cultist","floor":1.0,"turns":3.0},{"damage":1.0,"enemies":"2 Louse","floor":2.0,"turns":2.0},{"damage":2.0,"enemies":"Jaw Worm","floor":4.0,"turns":2.0},{"damage":12.0,"enemies":"Red Slaver","floor":5.0,"turns":2.0},{"damage":19.0,"enemies":"3 Sentries","floor":6.0,"turns":6.0},{"damage":0.0,"enemies":"Lots of Slimes","floor":7.0,"turns":2.0},{"damage":4.0,"enemies":"Lagavulin","floor":8.0,"turns":7.0},{"damage":10.0,"enemies":"Gremlin Nob","floor":12.0,"turns":3.0},{"damage":5.0,"enemies":"3 Louse","floor":14.0,"turns":2.0},{"damage":19,"enemies":"Slime Boss","floor":16,"turns":7},{"damage":13,"enemies":"Shell Parasite","floor":18,"turns":4},{"damage":1,"enemies":"3 Byrds","floor":19,"turns":2},{"damage":16,"enemies":"Shelled Parasite and Fungi","floor":22,"turns":4},{"damage":14,"enemies":"Gremlin Leader","floor":24,"turns":6},{"damage":15,"enemies":"Centurion and Healer","floor":28,"turns":3},{"damage":6,"enemies":"3 Cultists","floor":29,"turns":4},{"damage":10,"enemies":"Snake Plant","floor":31,"turns":2},{"damage":57,"enemies":"Collector","floor":33,"turns":9},{"damage":0,"enemies":"3 Darklings","floor":35,"turns":1},{"damage":12,"enemies":"3 Shapes","floor":36,"turns":3},{"damage":0,"enemies":"Maw","floor":38,"turns":5},{"damage":9,"enemies":"Sphere and 2 Shapes","floor":39,"turns":3},{"damage":7,"enemies":"Giant Head","floor":41,"turns":7},{"damage":14,"enemies":"Writhing Mass","floor":44,"turns":4},{"damage":6,"enemies":"Nemesis","floor":47,"turns":3},{"damage":15,"enemies":"Donu and Deca","floor":50,"turns":4},{"damage":26,"enemies":"Shield and Spear","floor":54,"turns":3},{"damage":57,"enemies":"The Heart","floor":55,"turns":8}],"seed_played":"-4481892672462530961","potions_obtained":[{"floor":0.0,"key":"BlessingOfTheForge"},{"floor":1.0,"key":"BlessingOfTheForge"},{"floor":4.0,"key":"ColorlessPotion"},{"floor":6.0,"key":"Explosive Potion"},{"floor":12.0,"key":"LiquidMemories"},{"floor":16,"key":"Explosive Potion"},{"floor":19,"key":"FairyPotion"},{"floor":24,"key":"LiquidMemories"},{"floor":28,"key":"ColorlessPotion"},{"floor":33,"key":"SmokeBomb"},{"floor":36,"key":"SpeedPotion"}],"is_trial":false,"path_per_floor":["M","M","$","M","M","E","M","E","T","R","$","E","R","M","R","B",null,"M","M","?","?","M","R","E","R","T","R","M","M","$","M","R","B",null,"M","M","$","M","M","R","E","R","T","M","R","?","E","?","R","B",null,"R","$","E","B",null],"character_chosen":"DEFECT","items_purchased":["Medical Kit","Bronze Scales","Symbiotic Virus","Ball Lightning","Capacitor","Strength Potion","Finesse","Centennial Puzzle","Lee\u0027s Waffle","DollysMirror","Ancient Potion"],"campfire_rested":0,"item_purchase_floors":[3,3,3,3,3,3,3,11,30,37,53],"current_hp_per_floor":[73,72,72,70,58,39,39,35,35,35,35,27,27,26,26,43,71,69,72,56,56,46,46,50,50,50,50,43,50,87,79,79,34,74,84,79,79,87,82,82,87,87,87,79,79,62,78,78,78,74,81,81,83,67,31],"gold":100,"neow_bonus":"BOSS_RELIC","is_daily":false,"chose_seed":false,"campfire_upgraded":11,"win_rate":0.0,"timestamp":1607896894,"path_taken":["M","?","$","?","M","E","M","E","T","R","?","E","R","?","R","BOSS","M","M","?","?","M","R","E","R","T","R","?","M","$","M","R","BOSS","M","M","$","?","M","R","E","R","T","M","R","?","E","?","R","BOSS","R","$","E","BOSS"],"items_purchased_type":["Relic","Relic","Relic","Card","Card","Potion","Card","Relic","Relic","Relic","Potion"],"build_version":"2020-11-30","purchased_purges":3,"victory":true,"max_hp_per_floor":[80,80,80,80,80,80,80,80,80,80,80,80,80,80,80,80,80,80,80,80,80,80,80,80,80,80,80,80,80,87,87,87,87,87,87,87,87,87,87,87,87,87,87,87,87,87,87,83,83,83,83,83,83,83,83],"relic_stats":{"Regal Pillow":0,"Lee\u0027s Waffle":37,"counters":[28,110],"Astrolabe":["Fusion","Rainbow","Melter"],"Medical Kit":[10],"Centennial Puzzle":[57],"Dream Catcher":0,"Mummified Hand":[151],"Bronze Scales":[350],"Pantograph":54,"Bird Faced Urn":[148],"Snecko Eye":[85,86,101,111],"MealTicket":2,"Art of War":[1],"obtain_stats":[{"Regal Pillow":12,"Lee\u0027s Waffle":30,"Tiny House":0,"Astrolabe":17,"Enchiridion":20,"Medical Kit":3,"Centennial Puzzle":11,"Dream Catcher":24,"Anchor":47,"Mummified Hand":26,"DollysMirror":37,"Bronze Scales":3,"Pantograph":6,"Bird Faced Urn":8,"Snecko Eye":34,"MealTicket":41,"Art of War":54,"Cracked Core":0,"Symbiotic Virus":3,"Toy Ornithopter":9},{"Regal Pillow":8,"Lee\u0027s Waffle":16,"Tiny House":0,"Astrolabe":10,"Enchiridion":12,"Medical Kit":2,"Centennial Puzzle":7,"Dream Catcher":14,"Anchor":25,"Mummified Hand":14,"DollysMirror":20,"Bronze Scales":2,"Pantograph":5,"Bird Faced Urn":7,"Snecko Eye":18,"MealTicket":23,"Art of War":27,"Cracked Core":0,"Symbiotic Virus":2,"Toy Ornithopter":7},{"Regal Pillow":27,"Lee\u0027s Waffle":59,"Tiny House":0,"Astrolabe":36,"Enchiridion":42,"Medical Kit":5,"Centennial Puzzle":24,"Dream Catcher":52,"Anchor":95,"Mummified Hand":52,"DollysMirror":73,"Bronze Scales":5,"Pantograph":15,"Bird Faced Urn":24,"Snecko Eye":70,"MealTicket":88,"Art of War":102,"Cracked Core":0,"Symbiotic Virus":5,"Toy Ornithopter":24}],"Toy Ornithopter":25},"card_choices":[{"not_picked":["Skim","Coolheaded"],"picked":"Melter","floor":0.0},{"not_picked":["Coolheaded","Redo"],"picked":"Melter","floor":1.0},{"not_picked":["Undo","Capacitor"],"picked":"Go for the Eyes","floor":2.0},{"not_picked":["Rainbow","Sweeping Beam"],"picked":"FTL","floor":4.0},{"not_picked":["Sweeping Beam","Tempest"],"picked":"Coolheaded","floor":5.0},{"not_picked":["Barrage","Skim"],"picked":"Auto Shields","floor":6.0},{"not_picked":["Gash","Lockon"],"picked":"Coolheaded","floor":7.0},{"not_picked":["Sunder","Redo","Stack"],"picked":"SKIP","floor":8.0},{"not_picked":["Steam Power","Stack"],"picked":"Electrodynamics","floor":12.0},{"not_picked":["Redo","Tempest","Gash"],"picked":"SKIP","floor":14.0},{"not_picked":["Electrodynamics","Meteor Strike"],"picked":"Machine Learning","floor":16},{"not_picked":["Conserve Battery","Steam"],"picked":"Reinforced Body","floor":18},{"not_picked":["Beam Cell","Steam","Stack"],"picked":"SKIP","floor":19},{"not_picked":["Go for the Eyes","Force Field","Beam Cell"],"picked":"SKIP","floor":22},{"not_picked":["Reinforced Body","Go for the Eyes"],"picked":"Compile Driver","floor":24},{"not_picked":["Thunder Strike","Chaos"],"picked":"Compile Driver+1","floor":28},{"not_picked":["Double Energy+1","Recycle","Barrage"],"picked":"SKIP","floor":29},{"not_picked":["Hello World","Stack"],"picked":"Storm+1","floor":31},{"not_picked":["Thunder Strike","Meteor Strike"],"picked":"Biased Cognition","floor":33},{"not_picked":["Coolheaded","Leap","Tempest"],"picked":"SKIP","floor":35},{"not_picked":["Chaos","Sweeping Beam","Hologram"],"picked":"SKIP","floor":36},{"not_picked":["Compile Driver","Barrage+1","Redo"],"picked":"SKIP","floor":38},{"not_picked":["Stack+1","Coolheaded+1"],"picked":"Aggregate+1","floor":39},{"not_picked":["Cold Snap+1","Sunder+1"],"picked":"Capacitor","floor":41},{"not_picked":["Compile Driver+1","Coolheaded"],"picked":"Echo Form","floor":44},{"not_picked":["Hologram+1","Turbo"],"picked":"Core Surge","floor":47},{"not_picked":["Gash+1","Conserve Battery+1","Compile Driver"],"picked":"SKIP","floor":54}],"player_experience":647990,"relics_obtained":[{"floor":6.0,"key":"Pantograph"},{"floor":8.0,"key":"Bird Faced Urn"},{"floor":9.0,"key":"Toy Ornithopter"},{"floor":12.0,"key":"Regal Pillow"},{"floor":24,"key":"Dream Catcher"},{"floor":26,"key":"Mummified Hand"},{"floor":41,"key":"MealTicket"},{"floor":47,"key":"Anchor"},{"floor":54,"key":"Art of War"}],"event_choices":[{"damage_healed":0,"gold_gain":0,"player_choice":"Obtained Book","damage_taken":16,"max_hp_gain":0,"max_hp_loss":0,"event_name":"Cursed Tome","floor":20,"gold_loss":0},{"cards_removed":["Melter"],"damage_healed":0,"gold_gain":0,"player_choice":"Purged","damage_taken":0,"max_hp_gain":0,"max_hp_loss":0,"event_name":"Purifier","floor":21,"gold_loss":0},{"damage_healed":0,"gold_gain":3,"player_choice":"2","damage_taken":0,"max_hp_gain":0,"max_hp_loss":17,"event_name":"betterStone:BetterStone","floor":46,"gold_loss":0},{"damage_healed":0,"gold_gain":0,"player_choice":"Max HP","damage_taken":0,"max_hp_gain":0,"max_hp_loss":4,"event_name":"Winding Halls","floor":48,"gold_loss":0}],"is_beta":false,"boss_relics":[{"not_picked":["Pandora\u0027s Box","SlaversCollar"],"picked":"Astrolabe"},{"not_picked":["Sozu","Philosopher\u0027s Stone"],"picked":"Snecko Eye"}],"items_purged_floors":[3,11,30],"is_endless":false,"potions_floor_spawned":[1,4,6,12,16,19,24,28,33,36,38,41,44,54],"ascension_level":9}}