{"host":"vd5put2n5b3t1prw","time":1607839954,"event":{"mods":["2.2 Compatiblity","AchievementEnabler","BaseMod","Better Altar","Better Match","Better Note","Better Sensory Stone","Better Silent Start","Better Skull","Better Third Choice","Better Vampires","Better-Laid Plans","BetterRewards","Block Reminder","Card Forge","Colored Map","Custom Start","Downfall","Emptier Cage","Minty Spire (QoL Compilation)","Quick Restart","Random Character Button","Relic Stats","Reorder Act Four","Spicy Shops","StSLib","Transform Curses","Waifu the Spire"],"gold_per_floor":[349,362,381,398,323,333,333,259,365,290,310,330,349,362,374,479,479,479,504,504,504,504,98,153,173,184,210,210,220,232,332,343,446,446,371,382,208,239,239,258,258,278,308,308,157,176,226,276,289,289,289,318,318,89,89],"floor_reached":56,"playtime":2002,"items_purged":[],"score":1716,"play_id":"59e5fc38-7268-4fa7-92b5-b0addaf372d1","local_time":"20201213001234","is_ascension_mode":false,"campfire_choices":[{"floor":1,"key":"RECALL"},{"floor":5,"key":"REST"},{"floor":10,"key":"REST"},{"floor":18,"key":"REST"},{"floor":20,"key":"REST"},{"floor":22,"key":"REST"},{"floor":35,"key":"REST"},{"floor":39,"key":"REST"},{"floor":44,"key":"REST"},{"floor":53,"key":"REST"}],"circlet_count":0,"master_deck":["Dropkick+1","Dropkick+1","Dropkick+1","Dropkick+1","Adrenaline+1","Adrenaline+1","Thunderclap+1","Blasphemy+1"],"relics":["hexamod:SpiritBrand","Hammer of Thor","Seething Fire","Anvil of the Gods","downfall:HeartBlessingRed","PreservedInsect","Bag of Preparation","Anchor","Lantern","Orichalcum","Dream Catcher","downfall:HeartBlessingBlue","hexamod:IceCube","Meat on the Bone","Kunai","Bag of Marbles","Tiny Chest","Akabeko","MutagenicStrength","downfall:CloakOfManyFaces","CultistMask","FaceOfCleric","NlothsMask","GremlinMask","SsserpentHead","Black Star","downfall:HeartBlessingGreen","Sling","Pen Nib","Molten Egg 2","Ice Cream","Question Card","Bottled Lightning","HandDrill","Potion Belt","Mummified Hand","Bronze Scales","Chemical X","Turnip","Frozen Eye"],"acts_visited":["Exordium","TheCity","TheBeyond","TheEnding"],"potions_floor_usage":[],"damage_taken":[{"damage":0,"enemies":"Small Slimes","floor":2,"turns":1},{"damage":0,"enemies":"Cultist","floor":3,"turns":1},{"damage":0,"enemies":"Jaw Worm","floor":4,"turns":1},{"damage":0,"enemies":"downfall:FleeingMerchant","floor":6,"turns":1},{"damage":0,"enemies":"Exordium Wildlife","floor":11,"turns":1},{"damage":0,"enemies":"3 Louse","floor":12,"turns":1},{"damage":0,"enemies":"Lots of Slimes","floor":13,"turns":1},{"damage":0,"enemies":"Gremlin Gang","floor":14,"turns":1},{"damage":0,"enemies":"Blue Slaver","floor":15,"turns":1},{"damage":0,"enemies":"downfall:Watcher","floor":16,"turns":1},{"damage":0,"enemies":"Gremlin Leader","floor":19,"turns":1},{"damage":0,"enemies":"Spheric Guardian","floor":25,"turns":1},{"damage":0,"enemies":"3 Byrds","floor":26,"turns":1},{"damage":0,"enemies":"Book of Stabbing","floor":27,"turns":1},{"damage":0,"enemies":"Centurion and Healer","floor":29,"turns":1},{"damage":0,"enemies":"Shelled Parasite and Fungi","floor":30,"turns":1},{"damage":0,"enemies":"downfall:FaceTrader","floor":31,"turns":1},{"damage":0,"enemies":"Cultist and Chosen","floor":32,"turns":1},{"damage":0,"enemies":"downfall:Silent","floor":33,"turns":1},{"damage":0,"enemies":"3 Darklings","floor":36,"turns":1},{"damage":0,"enemies":"Giant Head","floor":38,"turns":1},{"damage":0,"enemies":"3 Shapes","floor":40,"turns":1},{"damage":0,"enemies":"Sphere and 2 Shapes","floor":42,"turns":1},{"damage":0,"enemies":"Nemesis","floor":43,"turns":1},{"damage":0,"enemies":"3 Darklings","floor":46,"turns":1},{"damage":0,"enemies":"4 Shapes","floor":49,"turns":1},{"damage":0,"enemies":"downfall:Ironclad","floor":50,"turns":1},{"damage":0,"enemies":"downfall:CharBossMerchant","floor":52,"turns":1},{"damage":0,"enemies":"downfall:NeowBoss","floor":55,"turns":7}],"seed_played":"8824204517913525062","potions_obtained":[{"floor":2,"key":"Slimebound:ThreeZeroPotion"},{"floor":4,"key":"LiquidBronze"},{"floor":12,"key":"GamblersBrew"},{"floor":16,"key":"DistilledChaos"}],"is_trial":false,"path_per_floor":["R","M","M","M","R","$","T","$","?","R","M","M","M","M","M","B",null,"R","E","R","?","R","$","T","M","M","E","?","M","M","?","M","B",null,"R","M","$","E","R","M","T","M","E","R","$","M","T","?","M","B",null,"E","R","$","B",null],"character_chosen":"THE_SPIRIT","items_purchased":["PreservedInsect","Bag of Preparation","Anchor","Kunai","Bag of Marbles","Sling","Pen Nib","HandDrill","Turnip","Frozen Eye"],"campfire_rested":9,"item_purchase_floors":[6,6,8,23,23,37,37,45,54,54],"current_hp_per_floor":[70,70,70,70,70,70,70,70,9,43,43,43,43,43,43,43,80,80,80,80,80,80,80,80,80,80,80,80,80,80,80,81,82,82,82,83,83,84,84,85,85,86,87,87,87,88,88,88,89,90,90,91,91,91,92],"gold":89,"neow_bonus":"TWO_FIFTY_GOLD","is_daily":false,"chose_seed":false,"campfire_upgraded":0,"win_rate":0.0,"timestamp":1607839954,"path_taken":["R","M","M","M","R","$","T","$","?","R","?","M","M","M","M","BOSS","R","E","R","?","R","$","T","M","M","E","?","M","M","?","M","BOSS","R","M","?","E","R","M","T","M","E","R","$","M","?","?","M","BOSS","E","R","$","BOSS"],"items_purchased_type":["Relic","Relic","Relic","Relic","Relic","Relic","Relic","Relic","Relic","Relic"],"build_version":"2020-11-30","purchased_purges":0,"victory":true,"max_hp_per_floor":[70,70,70,70,70,70,70,70,70,80,80,80,80,80,80,80,80,80,80,80,80,80,80,80,80,80,80,80,80,80,80,81,82,82,82,83,83,84,84,85,85,86,87,87,87,88,88,88,89,90,90,91,91,91,92],"relic_stats":{"counters":[29,35],"PreservedInsect":409,"Pen Nib":[17],"Bag of Preparation":[50],"Orichalcum":[18],"Question Card":5,"SsserpentHead":150,"Dream Catcher":8,"FaceOfCleric":12,"Mummified Hand":[0],"Bronze Scales":[0],"Tiny Chest":1,"Turnip":[0],"Black Star":3,"HandDrill":[0],"Kunai":[56],"Chemical X":[0],"obtain_stats":[{"Ice Cream":38,"Lantern":9,"GremlinMask":31,"downfall:HeartBlessingGreen":35,"Hammer of Thor":0,"Bag of Preparation":6,"Sling":37,"SsserpentHead":31,"Frozen Eye":54,"Dream Catcher":9,"FaceOfCleric":31,"downfall:HeartBlessingBlue":10,"Mummified Hand":52,"Tiny Chest":24,"downfall:CloakOfManyFaces":31,"HandDrill":45,"Kunai":23,"Chemical X":52,"hexamod:SpiritBrand":0,"Potion Belt":47,"downfall:HeartBlessingRed":5,"PreservedInsect":6,"Pen Nib":37,"Seething Fire":0,"Orichalcum":9,"Question Card":43,"Akabeko":27,"Anchor":8,"Anvil of the Gods":0,"MutagenicStrength":28,"Bronze Scales":52,"Molten Egg 2":38,"CultistMask":31,"Turnip":54,"Bag of Marbles":23,"Black Star":34,"Bottled Lightning":43,"hexamod:IceCube":17,"Meat on the Bone":19,"NlothsMask":31},{"Ice Cream":21,"Lantern":4,"GremlinMask":17,"downfall:HeartBlessingGreen":19,"Hammer of Thor":0,"Bag of Preparation":4,"Sling":20,"SsserpentHead":17,"Frozen Eye":28,"Dream Catcher":4,"FaceOfCleric":17,"downfall:HeartBlessingBlue":4,"Mummified Hand":28,"Tiny Chest":11,"downfall:CloakOfManyFaces":17,"HandDrill":24,"Kunai":11,"Chemical X":28,"hexamod:SpiritBrand":0,"Potion Belt":25,"downfall:HeartBlessingRed":3,"PreservedInsect":4,"Pen Nib":20,"Seething Fire":0,"Orichalcum":4,"Question Card":24,"Akabeko":14,"Anchor":4,"Anvil of the Gods":0,"MutagenicStrength":14,"Bronze Scales":28,"Molten Egg 2":21,"CultistMask":17,"Turnip":28,"Bag of Marbles":11,"Black Star":19,"Bottled Lightning":24,"hexamod:IceCube":10,"Meat on the Bone":11,"NlothsMask":17},{"Ice Cream":21,"Lantern":4,"GremlinMask":17,"downfall:HeartBlessingGreen":19,"Hammer of Thor":0,"Bag of Preparation":4,"Sling":20,"SsserpentHead":17,"Frozen Eye":28,"Dream Catcher":4,"FaceOfCleric":17,"downfall:HeartBlessingBlue":4,"Mummified Hand":28,"Tiny Chest":11,"downfall:CloakOfManyFaces":17,"HandDrill":24,"Kunai":11,"Chemical X":28,"hexamod:SpiritBrand":0,"Potion Belt":25,"downfall:HeartBlessingRed":3,"PreservedInsect":4,"Pen Nib":20,"Seething Fire":0,"Orichalcum":4,"Question Card":24,"Akabeko":14,"Anchor":4,"Anvil of the Gods":0,"MutagenicStrength":14,"Bronze Scales":28,"Molten Egg 2":21,"CultistMask":17,"Turnip":28,"Bag of Marbles":11,"Black Star":19,"Bottled Lightning":24,"hexamod:IceCube":10,"Meat on the Bone":11,"NlothsMask":17}],"Meat on the Bone":0},"card_choices":[{"not_picked":["hexamod:FastForward","hexamod:PowerFromBeyond","hexamod:RainOfEmbers"],"picked":"SKIP","floor":2},{"not_picked":["hexamod:ThermalTransfer","hexamod:Incineration","hexamod:Firestarter"],"picked":"SKIP","floor":3},{"not_picked":["hexamod:Firestarter","hexamod:GhostLash","hexamod:SpectralSpark"],"picked":"SKIP","floor":4},{"not_picked":["hexamod:ThirdSeal","hexamod:FirstSeal","hexamod:ChargedBarrage"],"picked":"SKIP","floor":6},{"not_picked":["hexamod:ThermalTransfer","hexamod:SuperheatedStrike","hexamod:FlamesFromBeyond"],"picked":"SKIP","floor":11},{"not_picked":["hexamod:BacktrackSmack","hexamod:EtherealExpedition","hexamod:ThermalTransfer"],"picked":"SKIP","floor":12},{"not_picked":["hexamod:SwordOfDarkness","hexamod:HauntingEcho","hexamod:GhostShield"],"picked":"SKIP","floor":13},{"not_picked":["hexamod:Rewind","hexamod:EmpoweringStance","hexamod:GhostLash"],"picked":"SKIP","floor":14},{"not_picked":["hexamod:Incineration","hexamod:SpectralAdrenaline","hexamod:RainOfEmbers"],"picked":"SKIP","floor":15},{"not_picked":["hexamod:EtherealExpedition+1","hexamod:SkipABeat","hexamod:SecondSeal"],"picked":"SKIP","floor":19},{"not_picked":["hexamod:Haunt","hexamod:Incineration","hexamod:ShieldOfDarkness"],"picked":"SKIP","floor":25},{"not_picked":["hexamod:HeatCrush","hexamod:RainOfEmbers","hexamod:DynamicBlow+1"],"picked":"SKIP","floor":26},{"not_picked":["hexamod:RecurringNightmare","hexamod:FastForward+1","hexamod:Hexaguard+1"],"picked":"SKIP","floor":27},{"not_picked":["hexamod:SwordOfDarkness","hexamod:HeatCrush","hexamod:StepThrough+1"],"picked":"SKIP","floor":29},{"not_picked":["hexamod:InspiringFlames","hexamod:SpectralAdrenaline","hexamod:HeatMetal"],"picked":"SKIP","floor":30},{"not_picked":["hexamod:ShieldOfDarkness","hexamod:NightmareStrike","hexamod:Hexaguard"],"picked":"SKIP","floor":32},{"not_picked":["hexamod:GhostOfSpireFuture","hexamod:ThermalTransfer+1","hexamod:RecurringNightmare"],"picked":"SKIP","floor":36},{"not_picked":["hexamod:SpectersWail+1","hexamod:NecessarySacrifice+1","hexamod:SpectralAdrenaline"],"picked":"SKIP","floor":38},{"not_picked":["hexamod:GhostLash+1","hexamod:HauntingEcho+1","hexamod:StepThrough+1"],"picked":"SKIP","floor":40},{"not_picked":["hexamod:BurningTouch","hexamod:ChargedBarrage","hexamod:RecurringNightmare"],"picked":"SKIP","floor":42},{"not_picked":["hexamod:PhantomFireball+1","hexamod:NecessarySacrifice+1","hexamod:RecurringNightmare"],"picked":"SKIP","floor":43},{"not_picked":["hexamod:StepThrough+1","hexamod:NightmareStrike+1","hexamod:FastForward+1","hexamod:BurningTouch"],"picked":"SKIP","floor":46},{"not_picked":["hexamod:BurningTouch+1","hexamod:SpectersWail+1","hexamod:RadiantFlame+1","hexamod:GhostflameBarrier+1"],"picked":"SKIP","floor":49},{"not_picked":["hexamod:SpectralSpark+1","hexamod:PhantomFireball+1","hexamod:SoulSteal","hexamod:GhostShield+1"],"picked":"SKIP","floor":52}],"player_experience":199001,"relics_obtained":[{"floor":19,"key":"Meat on the Bone"},{"floor":24,"key":"Tiny Chest"},{"floor":27,"key":"Akabeko"},{"floor":31,"key":"downfall:CloakOfManyFaces"},{"floor":38,"key":"Molten Egg 2"},{"floor":38,"key":"Ice Cream"},{"floor":43,"key":"Question Card"},{"floor":43,"key":"Bottled Lightning"},{"floor":47,"key":"Potion Belt"},{"floor":52,"key":"Mummified Hand"},{"floor":52,"key":"Bronze Scales"},{"floor":52,"key":"Chemical X"}],"event_choices":[{"damage_healed":0,"gold_gain":106,"player_choice":"RE RE RE GO ","damage_taken":68,"relics_obtained":["Lantern","Orichalcum","Dream Catcher"],"max_hp_gain":0,"max_hp_loss":0,"event_name":"betterSkull:BetterSkull","floor":9,"gold_loss":0,"cards_upgraded":[]},{"damage_healed":0,"gold_gain":0,"player_choice":"Ignored","damage_taken":0,"max_hp_gain":0,"max_hp_loss":0,"event_name":"betterNote:BetterNote","floor":21,"gold_loss":0,"cards_obtained":["hexamod:SixthSeal"]},{"damage_healed":0,"gold_gain":0,"player_choice":"Inject Mutagens","damage_taken":0,"relics_obtained":["MutagenicStrength"],"max_hp_gain":0,"max_hp_loss":0,"event_name":"Drug Dealer","floor":28,"gold_loss":0},{"damage_healed":0,"gold_gain":0,"player_choice":"Ignored","damage_taken":0,"max_hp_gain":0,"max_hp_loss":0,"event_name":"Accursed Blacksmith","floor":48,"gold_loss":0}],"is_beta":false,"boss_relics":[{"not_picked":["Sozu","SlaversCollar"],"picked":"hexamod:IceCube"},{"not_picked":["Runic Pyramid","Empty Cage"],"picked":"Black Star"}],"items_purged_floors":[],"is_endless":false,"potions_floor_spawned":[2,4,12,16,27,29,31,33,36,42],"ascension_level":0}}