{"host":"jgqxb38yl0c1w101","time":1607828198,"event":{"mods":["2.2 Compatiblity","AchievementEnabler","BaseMod","Beaked The Cultist","Colored Map","Downfall","Hermit","Hubris","Infinite Spire","Minty Spire (QoL Compilation)","StSLib"],"gold_per_floor":[0,11,21,6,24,57,57,57,89,108,108,121,421,421,434,434,434],"floor_reached":16,"playtime":1187,"items_purged":[],"score":144,"play_id":"6319a235-8b04-4469-965d-28834a3afbba","local_time":"20201212215638","is_ascension_mode":true,"campfire_choices":[{"data":"champ:FocusedGladiator","floor":1,"key":"SMITH"}],"circlet_count":0,"master_deck":["champ:Strike","champ:Strike","champ:Strike","champ:Defend","champ:Defend","champ:Defend","champ:Execute","champ:Taunt","champ:FlashCut","champ:FocusedGladiator+1","champ:ArenaPreparation","champ:StanceDance","champ:Control","champ:RageSigil","champ:Haymaker","infinitespire:SevenWalls","champ:FanOfKnives","champ:ViciousMockery","Pain"],"relics":["champ:ChampionCrown","hubris:CuriousFeather","hubris:PeanutButter","Lantern","WarpedTongs","Old Coin"],"acts_visited":["Exordium"],"potions_floor_usage":[6,16],"damage_taken":[{"damage":5,"enemies":"2 Louse","floor":2,"turns":3},{"damage":26,"enemies":"Jaw Worm","floor":3,"turns":2},{"damage":20,"enemies":"downfall:FleeingMerchant","floor":4,"turns":4},{"damage":17,"enemies":"Cultist","floor":5,"turns":2},{"damage":57,"enemies":"Gremlin Nob","floor":6,"turns":4},{"damage":24,"enemies":"Lagavulin","floor":9,"turns":7},{"damage":21,"enemies":"Exordium Wildlife","floor":10,"turns":2},{"damage":1,"enemies":"3 Louse","floor":12,"turns":2},{"damage":1,"enemies":"Blue Slaver","floor":15,"turns":4},{"damage":51,"enemies":"downfall:Defect","floor":16,"turns":5}],"seed_played":"-7011629519173901365","potions_obtained":[{"floor":2,"key":"Dexterity Potion"},{"floor":5,"key":"AttackPotion"},{"floor":10,"key":"Regen Potion"},{"floor":12,"key":"SpeedPotion"}],"is_trial":false,"path_per_floor":["R","M","M","$","M","E","T","?","E","M","?","M","?","?","M","B"],"character_chosen":"THE_CHAMP","items_purchased":[],"campfire_rested":0,"item_purchase_floors":[],"current_hp_per_floor":[90,90,84,79,79,46,46,25,33,38,38,37,25,25,29,0,0],"gold":434,"neow_bonus":"TRANSFORM_TWO_CARDS","is_daily":false,"chose_seed":false,"campfire_upgraded":1,"win_rate":0.0,"timestamp":1607828198,"path_taken":["R","M","M","$","M","E","T","?","E","M","?","?","?","?","M","BOSS"],"items_purchased_type":[],"build_version":"2020-11-30","purchased_purges":0,"victory":false,"max_hp_per_floor":[90,90,90,90,90,90,90,90,90,90,90,90,90,90,90,90,90],"card_choices":[{"not_picked":["champ:Backstep","champ:BladeFlurry"],"picked":"champ:ArenaPreparation","floor":2},{"not_picked":["champ:HeartStrike","champ:RageSigil"],"picked":"champ:StanceDance","floor":3},{"not_picked":["champ:Shatter","champ:FanOfKnives"],"picked":"champ:Control","floor":4},{"not_picked":["champ:DefensiveShout","champ:FocusedGladiator"],"picked":"champ:RageSigil","floor":5},{"not_picked":["champ:BringItOn","champ:PerfectedStrike"],"picked":"champ:Haymaker","floor":6},{"not_picked":["infinitespire:UltimateForm","infinitespire:NeuralNetwork"],"picked":"infinitespire:SevenWalls","floor":8},{"not_picked":["champ:Circumvent","champ:BerserkerStyle"],"picked":"champ:FanOfKnives","floor":9},{"not_picked":["champ:DefensiveShout","champ:StanceDance"],"picked":"champ:ViciousMockery","floor":10},{"not_picked":["champ:Control","champ:ShieldThrow","champ:StanceDance"],"picked":"SKIP","floor":12},{"not_picked":["champ:HeartStrike","champ:DefensiveStyle","champ:StanceDance"],"picked":"SKIP","floor":15}],"player_experience":64224,"relics_obtained":[{"floor":6,"key":"hubris:CuriousFeather"},{"floor":7,"key":"hubris:PeanutButter"},{"floor":9,"key":"Lantern"}],"event_choices":[{"damage_healed":0,"gold_gain":0,"player_choice":"Rummage","damage_taken":0,"relics_obtained":["WarpedTongs"],"max_hp_gain":0,"max_hp_loss":0,"event_name":"Accursed Blacksmith","floor":11,"gold_loss":0,"cards_obtained":["Pain"]},{"damage_healed":0,"gold_gain":0,"player_choice":"Success","damage_taken":12,"relics_obtained":["Old Coin"],"max_hp_gain":0,"max_hp_loss":0,"event_name":"Scrap Ooze","floor":13,"gold_loss":0}],"is_beta":false,"boss_relics":[],"items_purged_floors":[],"is_endless":false,"potions_floor_spawned":[2,5,10,12],"killed_by":"downfall:Defect","ascension_level":1}}