{"host":"ow9msrs9p2ctkx99","time":1607824795,"event":{"mods":["AchievementEnabler","BaseMod","Colored Map","Colored Powertips","Minty Spire (QoL Compilation)","Permanent Neow","Quick Restart","SuperFastMode"],"gold_per_floor":[210,210,18,28,39,68,18,18,44,69,106,106,144,73,73,182,182,210,228,256,188,208,208,133,167,176,210,231,231,165,188,188,188,188],"floor_reached":33,"playtime":917,"items_purged":[],"score":473,"play_id":"1ef1075f-f348-48ae-89dd-67ab1687c55a","local_time":"20201213025955","is_ascension_mode":true,"campfire_choices":[{"data":"Sunder","floor":8.0,"key":"SMITH"},{"data":"Barrage","floor":15.0,"key":"SMITH"},{"data":"Coolheaded","floor":23.0,"key":"SMITH"},{"data":"Dualcast","floor":29.0,"key":"SMITH"},{"data":"Capacitor","floor":32.0,"key":"SMITH"}],"circlet_count":0,"master_deck":["Defend_B","Defend_B","Defend_B","Defend_B","Dualcast+1","Glacier","Barrage+1","Sunder+1","Sweeping Beam","FTL","Ball Lightning","FTL","Melter","Echo Form","Hologram+1","Streamline","Conserve Battery","Capacitor+1","Coolheaded+1","Glacier+1","Writhe","Ball Lightning+1","FTL","Skim"],"relics":["Cracked Core","Bag of Marbles","Akabeko","Toy Ornithopter","CeramicFish","Cables","MealTicket","Cursed Key","Red Mask","Meat on the Bone","Strawberry"],"acts_visited":["Exordium","TheCity"],"potions_floor_usage":[33,33],"damage_taken":[{"damage":2.0,"enemies":"Jaw Worm","floor":1.0,"turns":3.0},{"damage":0.0,"enemies":"Cultist","floor":4.0,"turns":2.0},{"damage":1.0,"enemies":"2 Louse","floor":5.0,"turns":2.0},{"damage":25.0,"enemies":"Lagavulin","floor":6.0,"turns":10.0},{"damage":0.0,"enemies":"2 Fungi Beasts","floor":10.0,"turns":1.0},{"damage":0.0,"enemies":"Gremlin Nob","floor":11.0,"turns":2.0},{"damage":15.0,"enemies":"3 Sentries","floor":13.0,"turns":4.0},{"damage":17.0,"enemies":"Hexaghost","floor":16.0,"turns":9.0},{"damage":7.0,"enemies":"Shell Parasite","floor":18.0,"turns":3.0},{"damage":0.0,"enemies":"Masked Bandits","floor":20.0,"turns":3.0},{"damage":0.0,"enemies":"Chosen","floor":22.0,"turns":3.0},{"damage":25.0,"enemies":"Book of Stabbing","floor":25.0,"turns":7.0},{"damage":19.0,"enemies":"Slavers","floor":27.0,"turns":5.0},{"damage":0.0,"enemies":"Sentry and Sphere","floor":28.0,"turns":2.0},{"damage":3.0,"enemies":"Cultist and Chosen","floor":31.0,"turns":4.0},{"damage":83,"enemies":"Collector","floor":33,"turns":6}],"seed_played":"-1103414570536493771","potions_obtained":[{"floor":1.0,"key":"PotionOfCapacity"},{"floor":13.0,"key":"SteroidPotion"},{"floor":18.0,"key":"SpeedPotion"},{"floor":25.0,"key":"Fire Potion"}],"is_trial":false,"path_per_floor":["M","?","$","M","M","E","?","R","T","M","E","?","E","$","R","B",null,"M","?","?","$","M","R","?","E","T","E","M","R","$","M","R","B"],"character_chosen":"DEFECT","items_purchased":["Akabeko","Barrage","Melter","Capacitor","FTL"],"campfire_rested":0,"item_purchase_floors":[3,3,14,21,30],"current_hp_per_floor":[66,66,66,66,65,40,40,40,40,40,40,40,25,40,40,23,62,55,55,55,70,70,70,70,45,45,45,45,45,60,57,57,0,0],"gold":188,"neow_bonus":"HUNDRED_GOLD","is_daily":false,"chose_seed":false,"campfire_upgraded":5,"win_rate":0.0,"timestamp":1607824795,"path_taken":["M","?","$","?","M","E","?","R","T","M","E","?","E","$","R","BOSS","M","?","?","$","M","R","?","E","T","E","?","R","$","M","R","BOSS"],"items_purchased_type":["Relic","Card","Card","Card","Card"],"build_version":"2020-11-30","purchased_purges":0,"victory":false,"max_hp_per_floor":[75,75,75,75,75,75,75,75,75,75,75,75,75,75,75,75,75,75,75,75,75,75,75,75,75,75,82,82,82,82,82,82,82,82],"card_choices":[{"not_picked":["Lockon","Streamline"],"picked":"Glacier","floor":1.0},{"not_picked":["Redo","Ball Lightning"],"picked":"Sunder","floor":4.0},{"not_picked":["Stack","Streamline"],"picked":"Sweeping Beam","floor":5.0},{"not_picked":["Hello World","Beam Cell","Streamline"],"picked":"SKIP","floor":6.0},{"not_picked":["Undo","Coolheaded"],"picked":"FTL","floor":10.0},{"not_picked":["Lockon","White Noise"],"picked":"Ball Lightning","floor":11.0},{"not_picked":["Double Energy","Fusion"],"picked":"FTL","floor":13.0},{"not_picked":["Hyperbeam","Machine Learning"],"picked":"Echo Form","floor":16.0},{"not_picked":["Heatsinks+1","Sweeping Beam"],"picked":"Hologram+1","floor":18.0},{"not_picked":["Static Discharge+1","FTL"],"picked":"Coolheaded","floor":22.0},{"not_picked":["Streamline","Cold Snap"],"picked":"Glacier+1","floor":25.0},{"not_picked":["Sweeping Beam","Cold Snap+1","Loop"],"picked":"SKIP","floor":27.0},{"not_picked":["Cold Snap","Force Field+1"],"picked":"Ball Lightning+1","floor":28.0},{"not_picked":["Chaos","Turbo"],"picked":"Skim","floor":31.0}],"player_experience":978952,"relics_obtained":[{"floor":6.0,"key":"Toy Ornithopter"},{"floor":9.0,"key":"CeramicFish"},{"floor":11.0,"key":"Cables"},{"floor":13.0,"key":"MealTicket"},{"floor":20.0,"key":"Red Mask"},{"floor":25.0,"key":"Meat on the Bone"},{"floor":27.0,"key":"Strawberry"}],"event_choices":[{"damage_healed":0.0,"max_hp_gain":0.0,"max_hp_loss":0.0,"gold_gain":0.0,"event_name":"WeMeetAgain","player_choice":"Gave Potion","floor":2.0,"gold_loss":0.0,"damage_taken":0.0,"relics_obtained":["Bag of Marbles"]},{"cards_removed":["Strike_B"],"damage_healed":0.0,"max_hp_gain":0.0,"max_hp_loss":0.0,"gold_gain":0.0,"event_name":"The Cleric","player_choice":"Card Removal","floor":7.0,"gold_loss":50.0,"damage_taken":0.0},{"cards_removed":["Strike_B"],"damage_healed":0.0,"max_hp_gain":0.0,"max_hp_loss":0.0,"gold_gain":0.0,"event_name":"Living Wall","player_choice":"Forget","floor":12.0,"gold_loss":0.0,"damage_taken":0.0},{"damage_healed":0.0,"max_hp_gain":0.0,"max_hp_loss":0.0,"gold_gain":0.0,"cards_transformed":["Strike_B","Strike_B"],"event_name":"Drug Dealer","player_choice":"Became Test Subject","floor":19.0,"gold_loss":0.0,"damage_taken":0.0,"cards_obtained":["Streamline","Conserve Battery"]},{"damage_healed":0.0,"max_hp_gain":0.0,"max_hp_loss":0.0,"gold_gain":0.0,"event_name":"Masked Bandits","player_choice":"Fought Bandits","floor":20.0,"gold_loss":0.0,"damage_taken":0.0},{"cards_removed":["Zap"],"damage_healed":0.0,"max_hp_gain":0.0,"max_hp_loss":0.0,"gold_gain":0.0,"event_name":"Beggar","player_choice":"Gave Gold","floor":24.0,"gold_loss":75.0,"damage_taken":0.0}],"is_beta":false,"boss_relics":[{"not_picked":["Tiny House","Snecko Eye"],"picked":"Cursed Key"}],"items_purged_floors":[],"is_endless":false,"potions_floor_spawned":[1,13,18,25],"killed_by":"Collector","ascension_level":9}}