{"host":"acw864156wjp8gcv","time":1607835474,"event":{"mods":["2.2 Compatiblity","AchievementEnabler","Ascension Reborn","Aspiration","BaseMod","Beaked The Cultist","Better Altar","Better Match","Better Note","Better Sensory Stone","Better Silent Start","Better Skull","Better Third Choice","Better Vampires","Challenge The Spire","Colored Map","Colored Powertips","Conspire","Downfall","Energized Spire","Halation","Hubris","Infinite Spire","Ironclad Rager","Jedi Mod","Mimic Mod","Minty Spire (QoL Compilation)","Relic Sorter","Replay The Spire","Shade Mod","Shop Mod","Spicy Shops","Spikes Relics","StSLib","The Construct","The Jungle","UnlockEverythingMod","Wandering Minibosses","everything is the same but u backflip on backflip","vexMod"],"gold_per_floor":[16,33,47,47,67,103,119,119,150,150,163,163,176,218,218,343,343,355,14,30,30,47,47,83,96,96,96,112,128,159,173,173,297,297,315,315,338,338,352,390,390,110,175,187,203,233,249,357,357,477,477,477,8,50,50],"floor_reached":56,"playtime":1400,"items_purged":["hubris:Sloth"],"score":425,"play_id":"44e7cf4e-a5b1-47b8-bbcc-6a796b7f5e18","local_time":"20201212225754","is_ascension_mode":true,"campfire_choices":[{"data":"Perfected Strike","floor":8,"key":"SMITH"},{"data":"Sword Boomerang","floor":10,"key":"SMITH"},{"data":"Twin Strike","floor":15,"key":"SMITH"},{"data":"Perfected Strike","floor":23,"key":"SMITH"},{"data":"Clash","floor":27,"key":"SMITH"},{"data":"Twin Strike","floor":32,"key":"SMITH"},{"floor":41,"key":"RECALL"},{"data":"Pummel","floor":49,"key":"SMITH"},{"data":"Pommel Strike","floor":52,"key":"SMITH"}],"circlet_count":0,"master_deck":["Bash+1","Twin Strike","Twin Strike","Twin Strike","Twin Strike","Twin Strike","Iron Wave","Iron Wave","Iron Wave","Iron Wave","Flex+1","Perfected Strike+1","Sword Boomerang+1","Pommel Strike+1","Twin Strike+1","Perfected Strike+1","Clash+1","Heavy Blade+1","Twin Strike+1","Pommel Strike+1","jedi:strikingstrike+1","Clash+1","Clash+1","Pummel+1","Twin Strike+1","Wild Strike+1","Pommel Strike+1","Perfected Strike","Twin Strike"],"relics":["Burning Blood","hubris:Icosahedron","aspiration:FetidBarrel","aspiration:TomeofQuesting","Orichalcum","infinitespire:Beetle Shell","Smiling Mask","Incense Burner","aspiration:FutureDiary","Brimstone","Akabeko","aspiration:PoetsPen_weak","Nunchaku","hubris:TinFlute","Quantum Egg","infinitespire:WardingShard","jedi:gremlinknob","hubris:ScarierMask","Simple Rune","Pen Nib","Gremlin Food","Whetstone","War Paint","Happy Flower","conspire:GiftBox","vexMod:MemoryStick","infinitespire:EmpoweringShard","halation:PromiseList","jedi:crownofsimplicity","halation:PrussianBluePaint"],"acts_visited":[],"potions_floor_usage":[14],"damage_taken":[{"damage":0,"enemies":"Cultist","floor":1,"turns":2},{"damage":0,"enemies":"conspire:RoseBush","floor":2,"turns":1},{"damage":0,"enemies":"Small Slimes","floor":3,"turns":1},{"damage":0,"enemies":"Looter","floor":5,"turns":1},{"damage":0,"enemies":"Lagavulin","floor":6,"turns":2},{"damage":0,"enemies":"Lots of Slimes","floor":7,"turns":2},{"damage":28,"enemies":"2 Fungi Beasts","floor":11,"turns":5},{"damage":0,"enemies":"Looter","floor":13,"turns":1},{"damage":0,"enemies":"Gremlin Nob","floor":14,"turns":2},{"damage":0,"enemies":"Slime Boss","floor":16,"turns":6},{"damage":0,"enemies":"theJungle:GiantWrat","floor":18,"turns":2},{"damage":0,"enemies":"theJungle:5_Spyders","floor":20,"turns":2},{"damage":0,"enemies":"Snake Plant","floor":22,"turns":1},{"damage":0,"enemies":"theJungle:MamaSnecko","floor":24,"turns":1},{"damage":3,"enemies":"theJungle:Snecko_Cultist_And_Trap","floor":25,"turns":1},{"damage":0,"enemies":"theJungle:Lyon","floor":28,"turns":1},{"damage":0,"enemies":"theJungle:SlimyTreeVines","floor":29,"turns":1},{"damage":0,"enemies":"theJungle:Cassacara","floor":30,"turns":1},{"damage":0,"enemies":"theJungle:2_Flameangoes","floor":31,"turns":1},{"damage":0,"enemies":"theJungle:QueenSpyder","floor":33,"turns":1},{"damage":9,"enemies":"3 Shapes","floor":35,"turns":1},{"damage":0,"enemies":"3 Darklings","floor":37,"turns":1},{"damage":0,"enemies":"Sphere and 2 Shapes","floor":39,"turns":1},{"damage":0,"enemies":"Nemesis","floor":40,"turns":1},{"damage":0,"enemies":"Transient","floor":44,"turns":3},{"damage":0,"enemies":"Writhing Mass","floor":45,"turns":1},{"damage":0,"enemies":"beaked:SuperParasite","floor":46,"turns":1},{"damage":0,"enemies":"Spire Growth","floor":47,"turns":1},{"damage":0,"enemies":"Donu and Deca","floor":50,"turns":2},{"damage":0,"enemies":"Shield and Spear","floor":54,"turns":1},{"damage":139,"enemies":"The Heart","floor":55,"turns":4}],"seed_played":"5643466599214083780","potions_obtained":[{"floor":1,"key":"champ:CounterPotion"},{"floor":2,"key":"Swift Potion"},{"floor":3,"key":"LifebloodPotion"},{"floor":14,"key":"infinitespire:BlackPotion"}],"is_trial":false,"path_per_floor":["M","M","M","?","M","E","M","R","T","R","M","?","M","E","R","B",null,"M","$","M","AVR","M","R","E","M","T","R","M","M","E","M","R","B",null,"M","?","M","?","M","E","R","$","T","M","M","E","M","?","R","B",null,"R","$","E","B",null],"character_chosen":"IRONCLAD","items_purchased":["jedi:forcepush","Brimstone","Akabeko","Gremlin Food","Whetstone","Pummel","infinitespire:EmpoweringShard","halation:PromiseList","Perfected Strike","Twin Strike","jedi:crownofsimplicity"],"campfire_rested":0,"item_purchase_floors":[19,19,19,42,42,42,53,53,53,53,53],"current_hp_per_floor":[64,72,77,77,77,77,77,77,77,77,57,57,65,73,73,82,82,82,82,82,82,82,82,82,82,82,82,82,82,82,82,82,87,87,86,86,87,87,87,87,87,87,87,87,87,87,87,66,66,81,92,92,92,92,28],"gold":50,"neow_bonus":"IRONCLAD_BERSERKER","is_daily":false,"chose_seed":false,"campfire_upgraded":8,"win_rate":0.0,"timestamp":1607835474,"path_taken":["M","M","?","?","?","E","M","R","T","R","M","?","M","E","R","BOSS","M","$","M","AVR","M","R","E","M","T","R","M","M","E","M","R","BOSS","M","?","?","?","M","E","R","$","T","M","M","E","M","?","R","BOSS","R","$","E","BOSS"],"items_purchased_type":["Card","Relic","Relic","Relic","Relic","Card","Relic","Relic","Card","Card","Relic"],"build_version":"2020-11-30","purchased_purges":1,"victory":true,"max_hp_per_floor":[77,77,77,77,77,77,77,77,77,77,77,77,77,77,77,82,82,82,82,82,82,82,82,82,82,82,82,82,82,82,82,82,87,87,87,87,87,87,87,87,87,87,87,87,87,87,87,87,87,92,92,92,92,92,97],"card_choices":[{"not_picked":["Sentinel","Headbutt"],"picked":"Flex+1","floor":1},{"not_picked":["Clothesline","ReplayTheSpireMod:Stacked","Body Slam"],"picked":"SKIP","floor":2},{"not_picked":["ReplayTheSpireMod:Strike From Hell+1","Armaments"],"picked":"Perfected Strike","floor":3},{"not_picked":["Dropkick","Twin Strike","Body Slam"],"picked":"SKIP","floor":5},{"not_picked":["Bloodletting","True Grit"],"picked":"Sword Boomerang","floor":6},{"not_picked":["True Grit+1","Clothesline","Power Through"],"picked":"SKIP","floor":6},{"not_picked":["Intimidate","Spot Weakness","Run Through"],"picked":"SKIP","floor":7},{"not_picked":["Sword Boomerang","Body Slam+1"],"picked":"Pommel Strike","floor":11},{"not_picked":["Run Through","Limit Break","ReplayTheSpireMod:LeadingStrike"],"picked":"SKIP","floor":13},{"not_picked":["ReplayTheSpireMod:Strike From Hell","Heavy Blade"],"picked":"Twin Strike","floor":14},{"not_picked":["Clothesline","Flex","Havoc"],"picked":"SKIP","floor":14},{"not_picked":["ReplayTheSpireMod:Corrosion Curse+1","Clothesline+1","Replay:Undeath\u0027s Touch"],"picked":"SKIP","floor":18},{"not_picked":["Sever Soul","Wild Strike","Anger"],"picked":"SKIP","floor":20},{"not_picked":["Intimidate","Shrug It Off"],"picked":"Perfected Strike","floor":22},{"not_picked":["Shockwave","hubris:ReadiedAction+1"],"picked":"Clash","floor":24},{"not_picked":["Iron Wave","Sword Boomerang"],"picked":"Heavy Blade+1","floor":25},{"not_picked":["Burning Pact","Anger","Wild Strike+1"],"picked":"SKIP","floor":28},{"not_picked":["hubris:ReadiedAction","BarbarianYell"],"picked":"Twin Strike","floor":29},{"not_picked":["Evolve","Metallicize"],"picked":"Pommel Strike+1","floor":30},{"not_picked":["ReplayTheSpireMod:Strike From Hell","Sword Boomerang+1","Seeing Red"],"picked":"SKIP","floor":31},{"not_picked":["hubris:StunningStrike","Brutality"],"picked":"jedi:strikingstrike","floor":33},{"not_picked":["Power Through+1","Havoc"],"picked":"Clash+1","floor":35},{"not_picked":["True Grit+1","Headbutt+1"],"picked":"Clash+1","floor":37},{"not_picked":["Replay:Undeath\u0027s Touch+1","conspire:Charge","Infernal Blade+1"],"picked":"SKIP","floor":39},{"not_picked":["Clash+1","Anger+1","Sword Boomerang+1"],"picked":"SKIP","floor":40},{"not_picked":["Intimidate+1","Wild Strike","Headbutt"],"picked":"SKIP","floor":44},{"not_picked":["Armaments+1","Thunderclap+1","jedi:harder"],"picked":"SKIP","floor":45},{"not_picked":["Rage+1","Iron Wave","True Grit"],"picked":"SKIP","floor":46},{"not_picked":["True Grit+1","Headbutt+1"],"picked":"Twin Strike+1","floor":47},{"not_picked":["Cleave+1","ReplayTheSpireMod:Corrosion Curse+1"],"picked":"Wild Strike+1","floor":48},{"not_picked":["jedi:fear+1","Run Through+1"],"picked":"Pommel Strike","floor":48},{"not_picked":["Flex","Inflame+1","Battle Trance+1"],"picked":"SKIP","floor":54}],"player_experience":101824,"relics_obtained":[{"floor":2,"key":"Lantern"},{"floor":6,"key":"aspiration:FetidBarrel"},{"floor":7,"key":"aspiration:TomeofQuesting"},{"floor":9,"key":"Orichalcum"},{"floor":11,"key":"infinitespire:Beetle Shell"},{"floor":14,"key":"Smiling Mask"},{"floor":16,"key":"Incense Burner"},{"floor":24,"key":"Nunchaku"},{"floor":26,"key":"hubris:TinFlute"},{"floor":26,"key":"Quantum Egg"},{"floor":30,"key":"infinitespire:WardingShard"},{"floor":33,"key":"jedi:gremlinknob"},{"floor":37,"key":"Simple Rune"},{"floor":40,"key":"Pen Nib"},{"floor":43,"key":"War Paint"},{"floor":43,"key":"Happy Flower"},{"floor":46,"key":"conspire:GiftBox"},{"floor":47,"key":"vexMod:MemoryStick"},{"floor":54,"key":"halation:PrussianBluePaint"}],"event_choices":[{"damage_healed":0,"gold_gain":0,"player_choice":"Got Potions","damage_taken":0,"max_hp_gain":0,"max_hp_loss":0,"event_name":"Lab","floor":4,"gold_loss":0},{"damage_healed":0,"gold_gain":0,"player_choice":"Upgraded","damage_taken":0,"max_hp_gain":0,"max_hp_loss":0,"event_name":"Upgrade Shrine","floor":36,"gold_loss":0,"cards_upgraded":["jedi:strikingstrike"]}],"is_beta":false,"boss_relics":[{"not_picked":["jedi:battlestandard","infinitespire:Cupcake"],"picked":"aspiration:FutureDiary"},{"not_picked":["Replay:Drink Me","Astrolabe"],"picked":"hubris:ScarierMask"}],"items_purged_floors":[19],"is_endless":false,"potions_floor_spawned":[3,5,13,20,29,31,35,37,44,47],"ascension_level":-20}}