{"host":"mszes4kzl3qk0fcx","time":1607825465,"event":{"mods":["BaseMod","Minty Spire (QoL Compilation)","StSLib","The Administrix","The Animator"],"gold_per_floor":[131,148,148,113,113,113,133,133,133,152,152,112,122,146,146,146,146],"floor_reached":16,"playtime":3050,"items_purged":[],"score":97,"play_id":"f14042a3-2b52-4156-9b3e-70995a415642","local_time":"20201212211105","is_ascension_mode":true,"campfire_choices":[{"data":"animator:Demiurge","floor":6,"key":"SMITH"},{"data":"animator:Demiurge","floor":8,"key":"SMITH"},{"floor":15,"key":"REST"}],"circlet_count":0,"master_deck":["animator:Strike_Overlord","animator:Defend_Overlord","animator:Strike","animator:Strike","animator:Defend","animator:Defend","animator:Defend","animator:Cocytus","animator:Demiurge+1","animator:Entoma+1","animator:Demiurge+1","animator:NarberalGamma","animator:Priestess"],"relics":["animator:LivingPicture","animator:TheMissingPiece","CloakClasp"],"acts_visited":["Exordium"],"potions_floor_usage":[7,10,13,13,14,16],"damage_taken":[{"damage":0,"enemies":"Small Slimes","floor":1,"turns":3},{"damage":10,"enemies":"Jaw Worm","floor":2,"turns":5},{"damage":0,"enemies":"Cultist","floor":7,"turns":3},{"damage":1,"enemies":"Blue Slaver","floor":10,"turns":3},{"damage":13,"enemies":"Large Slime","floor":13,"turns":6},{"damage":27,"enemies":"Exordium Thugs","floor":14,"turns":5},{"damage":49,"enemies":"Slime Boss","floor":16,"turns":7}],"seed_played":"1491603824135748501","potions_obtained":[{"floor":2,"key":"Explosive Potion"},{"floor":7,"key":"DistilledChaos"},{"floor":12,"key":"animator:FalseLifePotion"},{"floor":12,"key":"Explosive Potion"},{"floor":12,"key":"Strength Potion"},{"floor":14,"key":"AttackPotion"}],"is_trial":false,"path_per_floor":["M","M","?","?","T","R","M","R","T","M","?","?","M","M","R","B"],"character_chosen":"THE_ANIMATOR","items_purchased":[],"campfire_rested":1,"item_purchase_floors":[],"current_hp_per_floor":[72,62,62,72,72,72,72,72,72,72,65,65,52,27,49,0,0],"gold":146,"neow_bonus":"TEN_PERCENT_HP_BONUS","is_daily":false,"chose_seed":false,"campfire_upgraded":2,"win_rate":0.0,"timestamp":1607825465,"path_taken":["M","M","?","?","?","R","?","R","T","M","?","?","M","M","R","BOSS"],"items_purchased_type":[],"build_version":"2020-11-30","purchased_purges":0,"victory":false,"max_hp_per_floor":[72,72,72,72,72,72,72,72,72,73,73,73,73,75,75,75,75],"card_choices":[{"not_picked":["animator:KyokoSakura","animator:Sebas"],"picked":"animator:Entoma","floor":1},{"not_picked":["animator:Mitsurugi","animator:Genos"],"picked":"animator:Demiurge","floor":2},{"not_picked":["animator:Verdia","animator:DolaCouronne","animator:Fredrika"],"picked":"SKIP","floor":7},{"not_picked":["animator:Evileye","animator:Demiurge"],"picked":"animator:NarberalGamma","floor":10},{"not_picked":["animator:Gillette","animator:Geryuganshoop","animator:SayakaMiki"],"picked":"SKIP","floor":13},{"not_picked":["animator:Tatsumaki","animator:AcuraTooru"],"picked":"animator:Priestess","floor":14}],"player_experience":491705,"relics_obtained":[{"floor":9,"key":"CloakClasp"}],"event_choices":[{"damage_healed":0,"gold_gain":0,"player_choice":"Ignored","damage_taken":0,"max_hp_gain":0,"max_hp_loss":0,"event_name":"Liars Game","floor":3,"gold_loss":0},{"damage_healed":18,"gold_gain":0,"player_choice":"Healed","damage_taken":0,"max_hp_gain":0,"max_hp_loss":0,"event_name":"The Cleric","floor":4,"gold_loss":35},{"cards_removed":["animator:Strike"],"damage_healed":0,"gold_gain":0,"player_choice":"Card Removal","damage_taken":7,"max_hp_gain":0,"max_hp_loss":0,"event_name":"Golden Wing","floor":11,"gold_loss":0},{"damage_healed":0,"gold_gain":0,"player_choice":"Bought 3 Potions","damage_taken":0,"max_hp_gain":0,"max_hp_loss":0,"event_name":"The Woman in Blue","floor":12,"gold_loss":0}],"is_beta":false,"boss_relics":[],"items_purged_floors":[],"is_endless":false,"potions_floor_spawned":[2,7,14],"killed_by":"Slime Boss","ascension_level":1}}