{"host":"cr9rpoy6dx9riis3","time":1607857097,"event":{"mods":["AchievementEnabler","BaseMod","Better Altar","Better Note","Better Sensory Stone","Better Skull","Better Third Choice","Better-Laid Plans","BetterRewards","Block Reminder","Curses Come First","Displayed Cursed Tome","Emptier Cage","Marked Mod","Minty Spire (QoL Compilation)","Permanent Neow","Relic Sorter","StSLib","The Blue Laboratory","Transform Curses"],"gold_per_floor":[116,116,37,37,56,56,56,56],"floor_reached":7,"playtime":271,"items_purged":[],"score":43,"play_id":"f4c9ddfb-31ef-4c72-9811-3e09a14e5f6a","local_time":"20201213115817","is_ascension_mode":true,"campfire_choices":[{"data":"Burning Pact","floor":6,"key":"SMITH"}],"circlet_count":0,"master_deck":["Strike_R","Strike_R","Strike_R","Strike_R","Strike_R","Defend_R","Defend_R","Defend_R","Defend_R","Normality","Burning Pact+1"],"relics":["Burning Blood","Darkstone Periapt"],"acts_visited":["Exordium"],"potions_floor_usage":[],"damage_taken":[{"damage":10,"enemies":"Small Slimes","floor":1,"turns":4},{"damage":15,"enemies":"Jaw Worm","floor":5,"turns":8},{"damage":67,"enemies":"Lagavulin","floor":7,"turns":6}],"seed_played":"-6920539864814048840","potions_obtained":[],"is_trial":false,"path_per_floor":["M","?","$","?","M","R","E"],"character_chosen":"IRONCLAD","items_purchased":["Burning Pact"],"campfire_rested":0,"item_purchase_floors":[3],"current_hp_per_floor":[76,76,76,73,64,64,0,0],"gold":56,"neow_bonus":"RANDOM_COLORLESS_2","is_daily":false,"chose_seed":false,"campfire_upgraded":1,"win_rate":0.0,"timestamp":1607857097,"path_taken":["M","?","$","?","M","R","E"],"items_purchased_type":["Card"],"build_version":"2020-11-30","purchased_purges":0,"victory":false,"max_hp_per_floor":[80,80,80,80,80,80,80,80],"card_choices":[{"not_picked":["Flex","Perfected Strike","Thunderclap"],"picked":"SKIP","floor":1},{"not_picked":["Armaments","Havoc","Pummel"],"picked":"SKIP","floor":5}],"player_experience":687852,"relics_obtained":[],"event_choices":[{"cards_removed":["Bash"],"damage_healed":0,"gold_gain":0,"player_choice":"Forget","damage_taken":0,"max_hp_gain":0,"max_hp_loss":0,"event_name":"Living Wall","floor":2,"gold_loss":0},{"damage_healed":0,"gold_gain":0,"player_choice":"Relic ","damage_taken":3,"max_hp_gain":0,"max_hp_loss":0,"event_name":"betterThird:BetterScrap","floor":4,"gold_loss":0,"cards_obtained":["Hyperbeam"]}],"is_beta":false,"boss_relics":[],"items_purged_floors":[],"is_endless":false,"potions_floor_spawned":[],"killed_by":"Lagavulin","ascension_level":2}}