{"host":"kntpungskobv1jqb","time":1607862406,"event":{"mods":["BaseMod","Minty Spire (QoL Compilation)","Replay The Spire","StSLib","SuperFastMode"],"gold_per_floor":[114,126,5,80,60,87,87,115,196,208,223,252,263,263,263,263,263],"floor_reached":16,"playtime":346,"items_purged":[],"score":230,"play_id":"f4a02340-50e9-4e3b-acd6-2f03c6e32d1a","local_time":"20201213202646","is_ascension_mode":true,"campfire_choices":[{"data":"Wild Strike","floor":7,"key":"SMITH"},{"floor":15,"key":"REST"}],"circlet_count":0,"master_deck":["AscendersBane","Strike_R","Strike_R","Strike_R","Strike_R","Strike_R","Defend_R","Defend_R","Defend_R","Bash","Sword Boomerang","Wild Strike+1","Master of Strategy","ReplayTheSpireMod:Private Reserves","Survey Options","Heavy Blade","Perfected Strike","Pommel Strike","Infernal Blade","ReplayTheSpireMod:Corrosion Curse","Twin Strike"],"relics":["Burning Blood","NeowsBlessing","ReplayTheSpireMod:ShopPack","Oddly Smooth Stone","Peace Pipe","Chameleon Ring","Odd Mushroom"],"acts_visited":["Exordium"],"potions_floor_usage":[10,11,16],"damage_taken":[{"damage":0,"enemies":"Cultist","floor":1,"turns":1},{"damage":0,"enemies":"2 Louse","floor":2,"turns":1},{"damage":0,"enemies":"Lagavulin","floor":6,"turns":1},{"damage":38,"enemies":"Gremlin Nob","floor":8,"turns":4},{"damage":0,"enemies":"Jaw Worm","floor":10,"turns":1},{"damage":4,"enemies":"Lots of Slimes","floor":11,"turns":4},{"damage":27,"enemies":"The Mushroom Lair","floor":12,"turns":4},{"damage":14,"enemies":"Large Slime","floor":13,"turns":4},{"damage":49,"enemies":"Fading Forest","floor":16,"turns":4}],"seed_played":"-4391021723653078084","potions_obtained":[{"floor":5,"key":"LiquidMemories"},{"floor":10,"key":"EssenceOfSteel"},{"floor":11,"key":"Death Potion"}],"is_trial":false,"path_per_floor":["M","M","$","?","?","E","R","E","T","M","M","?","M","?","R","B"],"character_chosen":"IRONCLAD","items_purchased":["ReplayTheSpireMod:ShopPack"],"campfire_rested":1,"item_purchase_floors":[3],"current_hp_per_floor":[74,75,75,64,64,70,70,38,38,44,46,25,17,17,39,0,0],"gold":263,"neow_bonus":"THREE_ENEMY_KILL","is_daily":false,"chose_seed":false,"campfire_upgraded":1,"win_rate":0.0,"timestamp":1607862406,"path_taken":["M","?","$","?","?","E","R","E","T","?","M","?","M","?","R","BOSS"],"items_purchased_type":["Relic"],"build_version":"2020-11-30","purchased_purges":0,"victory":false,"max_hp_per_floor":[75,75,75,75,75,75,75,75,75,75,75,75,75,75,75,75,75],"card_choices":[{"not_picked":["Clash","True Grit"],"picked":"Sword Boomerang","floor":1},{"not_picked":["Clothesline","Armaments"],"picked":"Wild Strike","floor":2},{"not_picked":["Magnetism","Poisoned Strike"],"picked":"Master of Strategy","floor":3},{"not_picked":["Flash of Steel","Impatience"],"picked":"ReplayTheSpireMod:Private Reserves","floor":3},{"not_picked":["Impatience","Good Instincts"],"picked":"Survey Options","floor":3},{"not_picked":["Seeing Red","Warcry"],"picked":"Heavy Blade","floor":6},{"not_picked":["Clothesline","True Grit"],"picked":"Perfected Strike","floor":8},{"not_picked":["True Grit","Dropkick"],"picked":"Pommel Strike","floor":10},{"not_picked":["Havoc","Life Link"],"picked":"Infernal Blade","floor":11},{"not_picked":["Dark Embrace","Burning Pact"],"picked":"ReplayTheSpireMod:Corrosion Curse","floor":12},{"not_picked":["Defy Death","Flex"],"picked":"Twin Strike","floor":13}],"player_experience":454647,"relics_obtained":[{"floor":6,"key":"Oddly Smooth Stone"},{"floor":8,"key":"Peace Pipe"},{"floor":9,"key":"Chameleon Ring"},{"floor":12,"key":"Odd Mushroom"}],"event_choices":[{"damage_healed":0,"gold_gain":75,"player_choice":"Gather Gold","damage_taken":11,"max_hp_gain":0,"max_hp_loss":0,"event_name":"World of Goop","floor":4,"gold_loss":0},{"damage_healed":0,"gold_gain":0,"player_choice":"Bought 1 Potion","damage_taken":0,"max_hp_gain":0,"max_hp_loss":0,"event_name":"The Woman in Blue","floor":5,"gold_loss":0},{"damage_healed":0,"gold_gain":0,"player_choice":"Fought Mushrooms","damage_taken":0,"max_hp_gain":0,"max_hp_loss":0,"event_name":"Mushrooms","floor":12,"gold_loss":0},{"cards_removed":["Defend_R"],"damage_healed":0,"gold_gain":0,"player_choice":"Forget","damage_taken":0,"max_hp_gain":0,"max_hp_loss":0,"event_name":"Living Wall","floor":14,"gold_loss":0}],"is_beta":false,"boss_relics":[],"items_purged_floors":[],"is_endless":false,"potions_floor_spawned":[10,11],"killed_by":"Fading Forest","ascension_level":14}}