{"host":"Sumable","time":1607900151,"event":{"mods":["AchievementEnabler","BaseMod","Better Note","BetterRewards","Googly Eyes","Hermit","Minty Spire (QoL Compilation)","Quick Restart","Shop Mod","StSLib","The Cursed","everything is the same but u backflip on backflip","slay the spire mod where everything is the same but ironclad has a cowboy hat"],"gold_per_floor":[362,362,29,53,53,88,88,112,112,151,151,151,172,247,247,373,373,394,412,412,106,120,120,154,154,181,181,181,181],"floor_reached":28,"playtime":1543,"items_purged":[],"score":305,"play_id":"c6ba23d4-2855-4cf7-9792-5b08cd95cf93","local_time":"20201213155550","is_ascension_mode":true,"campfire_choices":[{"floor":7.0,"key":"REST"},{"floor":11.0,"key":"REST"},{"floor":15.0,"key":"REST"},{"floor":23.0,"key":"REST"},{"floor":25,"key":"REST"},{"data":"Bouncing Flask","floor":27,"key":"SMITH"}],"circlet_count":0,"master_deck":["Strike_G","Strike_G","Strike_G","Strike_G","Strike_G","Defend_G","Defend_G","Defend_G","Defend_G","Defend_G","Survivor","Neutralize","Parasite","Slice","Injury","Noxious Fumes+1","Skewer","Deadly Poison","Bane","Bouncing Flask+1","Envenom","Backflip","Deadly Poison","Writhe","Writhe"],"relics":["Ring of the Snake","Golden Idol","Paper Crane","Anchor","Eternal Feather","Calipers","Blue Candle","Cursed Key","Singing Bowl","TwistedFunnel","Bottled Flame","Omamori"],"acts_visited":["Exordium","TheCity"],"potions_floor_usage":[28],"damage_taken":[{"damage":3.0,"enemies":"Cultist","floor":1.0,"turns":4.0},{"damage":0.0,"enemies":"2 Louse","floor":4.0,"turns":3.0},{"damage":27.0,"enemies":"Gremlin Nob","floor":6.0,"turns":5.0},{"damage":2.0,"enemies":"Jaw Worm","floor":8.0,"turns":2.0},{"damage":34.0,"enemies":"3 Sentries","floor":10.0,"turns":8.0},{"damage":17.0,"enemies":"Lots of Slimes","floor":13.0,"turns":4.0},{"damage":60.0,"enemies":"Slime Boss","floor":16.0,"turns":11.0},{"damage":23.0,"enemies":"3 Byrds","floor":18.0,"turns":6.0},{"damage":7.0,"enemies":"Chosen","floor":19.0,"turns":5.0},{"damage":0.0,"enemies":"3 Cultists","floor":22.0,"turns":4.0},{"damage":43.0,"enemies":"Slavers","floor":24.0,"turns":5.0},{"damage":76,"enemies":"Gremlin Leader","floor":28,"turns":6}],"seed_played":"-3468811905331963284","potions_obtained":[{"floor":1.0,"key":"PowerPotion"},{"floor":4.0,"key":"SpeedPotion"},{"floor":10.0,"key":"Poison Potion"},{"floor":19.0,"key":"DistilledChaos"},{"floor":24,"key":"Energy Potion"}],"is_trial":false,"path_per_floor":["M","?","$","M","?","E","R","M","T","E","R","T","M","?","R","B",null,"M","M","?","$","M","R","E","R","T","R","E"],"character_chosen":"THE_SILENT","items_purchased":["Paper Crane","Noxious Fumes","TwistedFunnel","EssenceOfSteel","EssenceOfSteel"],"campfire_rested":5,"item_purchase_floors":[3,3,21,21,21],"current_hp_per_floor":[67,67,67,67,67,40,61,59,59,25,58,58,41,30,63,3,53,30,23,23,23,25,58,17,51,51,66,0,0],"gold":181,"neow_bonus":"TWO_FIFTY_GOLD","is_daily":false,"chose_seed":false,"campfire_upgraded":1,"win_rate":0.0,"timestamp":1607900150,"path_taken":["M","?","$","M","?","E","R","M","T","E","R","?","?","?","R","BOSS","M","M","?","$","M","R","E","R","T","R","E"],"items_purchased_type":["Relic","Card","Relic","Potion","Potion"],"build_version":"2020-12-07","purchased_purges":0,"victory":false,"max_hp_per_floor":[70,70,70,70,70,70,70,70,70,70,70,70,70,70,70,70,70,70,70,70,70,72,72,74,74,74,74,74,74],"card_choices":[{"not_picked":["Caltrops","PiercingWail"],"picked":"Slice","floor":1.0},{"not_picked":["PiercingWail","Underhanded Strike"],"picked":"Skewer","floor":4.0},{"not_picked":["Slice","Backflip"],"picked":"Deadly Poison","floor":6.0},{"not_picked":["Deadly Poison","Leg Sweep"],"picked":"Bane","floor":8.0},{"not_picked":["Blade Dance","Skewer"],"picked":"Bouncing Flask","floor":10.0},{"not_picked":["Slice","Backflip","Footwork"],"picked":"SKIP","floor":13.0},{"not_picked":["Night Terror","Doppelganger"],"picked":"Envenom","floor":16.0},{"not_picked":["Deadly Poison","Prepared"],"picked":"Backflip","floor":18.0},{"not_picked":["Prepared","Expertise+1"],"picked":"Deadly Poison","floor":19.0},{"not_picked":["Outmaneuver","Dagger Throw","Flying Knee"],"picked":"Singing Bowl","floor":22.0},{"not_picked":["All Out Attack+1","Reflex","After Image"],"picked":"Singing Bowl","floor":24}],"player_experience":954031,"relics_obtained":[{"floor":6.0,"key":"Anchor"},{"floor":9.0,"key":"Eternal Feather"},{"floor":10.0,"key":"Calipers"},{"floor":12.0,"key":"Blue Candle"},{"floor":24,"key":"Bottled Flame"},{"floor":26,"key":"Omamori"}],"event_choices":[{"damage_healed":0.0,"max_hp_gain":0.0,"max_hp_loss":0.0,"gold_gain":0.0,"event_name":"Golden Idol","player_choice":"Take Wound","floor":2.0,"gold_loss":0.0,"damage_taken":0.0,"relics_obtained":["Golden Idol"],"cards_obtained":["Injury"]},{"damage_healed":0.0,"max_hp_gain":0.0,"max_hp_loss":0.0,"gold_gain":0.0,"event_name":"Living Wall","player_choice":"Grow","floor":5.0,"gold_loss":0.0,"damage_taken":0.0,"cards_upgraded":["Noxious Fumes"]},{"damage_healed":0.0,"max_hp_gain":0.0,"max_hp_loss":0.0,"gold_gain":75.0,"event_name":"World of Goop","player_choice":"Gather Gold","floor":14.0,"gold_loss":0.0,"damage_taken":11.0},{"damage_healed":0.0,"max_hp_gain":0.0,"max_hp_loss":0.0,"gold_gain":0.0,"event_name":"The Mausoleum","player_choice":"Opened","floor":20.0,"gold_loss":0.0,"damage_taken":0.0,"relics_obtained":["Singing Bowl"],"cards_obtained":["Writhe"]}],"is_beta":true,"boss_relics":[{"not_picked":["Runic Pyramid","Busted Crown"],"picked":"Cursed Key"}],"items_purged_floors":[],"is_endless":false,"potions_floor_spawned":[1,4,10,19,24],"killed_by":"Gremlin Leader","ascension_level":5}}