{"host":"xj1vcaj0kpg926bu","time":1607870430,"event":{"mods":["2.2 Compatiblity","Act Like it!","BaseMod","Friendly Minions","Hallownest","Lobotomy","LobotomyExtend","Minty Spire (QoL Compilation)","Prisma Mod","StSLib","The Animator"],"gold_per_floor":[361,20,36,48,48,81,81,108,108,108,123,123,139,139,139,241,241,261,43,43,62,74,74,99,99,99,109,138,152,152,52,52,147,147,166,178,338,353,353,353,110,133,133,151,184,195,214,242,242,342],"floor_reached":51,"playtime":2698,"items_purged":["Strike_P+1","SpiritShield+1"],"score":1032,"play_id":"0881850d-1a89-4361-a160-a80a32bf4c14","local_time":"20201213224030","is_ascension_mode":false,"campfire_choices":[{"data":"Eruption","floor":7.0,"key":"SMITH"},{"data":"EmptyMind","floor":15.0,"key":"SMITH"},{"data":"EmptyMind","floor":30,"key":"SMITH"},{"data":"Tantrum","floor":32,"key":"SMITH"},{"floor":40,"key":"RECALL"}],"circlet_count":0,"master_deck":["Defend_P+1","Defend_P+1","Defend_P+1","Eruption+1","Vigilance+1","FlurryOfBlows+1","EmptyMind+1","Tantrum+1","LessonLearned+1","MentalFortress+1","DeusExMachina+1","WheelKick+1","FlurryOfBlows+1","Sanctity+1","FollowUp+1","EmptyMind+1","MentalFortress+1","Meditate+1"],"relics":["PureWater","LetterFromLob","Unceasing Top","Mercury Hourglass","White Beast Statue","Singing Bowl","Pantograph","Astrolabe","Lantern","MealTicket","TeardropLocket","PreservedInsect","Coffee Dripper","Hallownest:GodTamersBeastRelic","HornCleat","Ancient Tea Set","Gremlin Horn","Omamori","Thread and Needle"],"acts_visited":["Exordium","Hallownest:Greenpath","Hallownest:CityofTears"],"potions_floor_usage":[29,29,33,37,37,50,50],"damage_taken":[{"damage":0.0,"enemies":"2_ Uuma","floor":1.0,"turns":5.0},{"damage":0.0,"enemies":"Hallownest:monsterHuskWarrior","floor":3.0,"turns":4.0},{"damage":5.0,"enemies":"Hallownest:2_Tiktiks_and_1_Crawlid","floor":4.0,"turns":3.0},{"damage":16.0,"enemies":"Hallownest:eliteVengeflyKing","floor":6.0,"turns":8.0},{"damage":0.0,"enemies":"Hallownest:eliteMossKnight","floor":8.0,"turns":3.0},{"damage":0.0,"enemies":"Hallownest:Wandering_and_Horned","floor":11.0,"turns":3.0},{"damage":9.0,"enemies":"Hallownest:Guard_and_Warrior","floor":13.0,"turns":4.0},{"damage":52.0,"enemies":"Hallownest:BossBrokenVessel","floor":16.0,"turns":7.0},{"damage":0.0,"enemies":"Hallownest:3_Youths","floor":18.0,"turns":4.0},{"damage":0.0,"enemies":"Hallownest:Flukemon_and_Top","floor":21.0,"turns":3.0},{"damage":15.0,"enemies":"Hallownest:monsterMisterMushroom","floor":22.0,"turns":6.0},{"damage":4.0,"enemies":"Hallownest:eliteWatcherKnight","floor":24.0,"turns":11.0},{"damage":0.0,"enemies":"Hallownest:2_Flukemon","floor":27.0,"turns":4.0},{"damage":0.0,"enemies":"Hallownest:eliteSoulWarrior","floor":28.0,"turns":4.0},{"damage":20,"enemies":"Hallownest:3_Mistakes","floor":29,"turns":10},{"damage":0,"enemies":"Hallownest:BossSoulMaster","floor":33,"turns":6},{"damage":0,"enemies":"Hallownest:Shield_Heavy","floor":35,"turns":2},{"damage":0,"enemies":"Hallownest:2_Littles","floor":36,"turns":2},{"damage":0,"enemies":"Hallownest:2_Littles","floor":37,"turns":2},{"damage":0,"enemies":"Hallownest:2_Littles","floor":37,"turns":2},{"damage":8,"enemies":"Hallownest:2_Littles","floor":37,"turns":5},{"damage":0,"enemies":"Hallownest:2_Littles","floor":37,"turns":2},{"damage":0,"enemies":"Hallownest:Xero_Hu_Marmu","floor":38,"turns":3},{"damage":0,"enemies":"Hallownest:Shield_Sturdy","floor":44,"turns":3},{"damage":0,"enemies":"Hallownest:StalkingDevout","floor":45,"turns":2},{"damage":0,"enemies":"Hallownest:2_Great","floor":46,"turns":2},{"damage":3,"enemies":"Hallownest:2_Wing_and_1_Kings","floor":47,"turns":3},{"damage":0,"enemies":"Hallownest:eliteCollector","floor":48,"turns":4},{"damage":0,"enemies":"Hallownest:BossHollowKnight","floor":50,"turns":9}],"seed_played":"-6347823792674261252","potions_obtained":[{"floor":1.0,"key":"Regen Potion"},{"floor":8.0,"key":"StancePotion"},{"floor":11.0,"key":"AttackPotion"},{"floor":13.0,"key":"SteroidPotion"},{"floor":16.0,"key":"BottledMiracle"},{"floor":18.0,"key":"Regen Potion"},{"floor":22.0,"key":"Explosive Potion"},{"floor":24.0,"key":"Dexterity Potion"},{"floor":27.0,"key":"BlessingOfTheForge"},{"floor":28.0,"key":"Energy Potion"},{"floor":29,"key":"SkillPotion"},{"floor":33,"key":"DuplicationPotion"},{"floor":38,"key":"Weak Potion"},{"floor":44,"key":"Explosive Potion"},{"floor":45,"key":"AttackPotion"}],"is_trial":false,"path_per_floor":["M","$","M","M","?","E","R","E","T","?","M","?","M","T","R","B",null,"M","$","?","M","M","M","E","?","T","M","E","M","R","$","R","B",null,"M","M","?","M","?","R","$","T","T","M","E","M","M","E","R","B",null],"character_chosen":"WATCHER","items_purchased":["Unceasing Top","FlurryOfBlows","Lantern","HornCleat"],"campfire_rested":0,"item_purchase_floors":[2,2,19,41],"current_hp_per_floor":[65,65,65,60,51,47,47,47,47,47,49,49,42,42,42,15,69,71,71,71,73,63,63,61,61,61,61,63,43,43,58,58,79,79,81,83,75,75,75,75,83,83,83,85,85,87,86,88,88,93],"gold":342,"neow_bonus":"TWO_FIFTY_GOLD","is_daily":false,"chose_seed":false,"campfire_upgraded":4,"win_rate":0.0,"timestamp":1607870430,"path_taken":["M","$","M","M","?","E","R","E","T","?","M","?","M","?","R","BOSS","M","$","?","M","M","M","E","?","T","M","E","?","R","$","R","BOSS","M","M","?","?","?","R","$","?","T","?","E","M","M","E","R","BOSS"],"items_purchased_type":["Relic","Card","Card","Relic"],"build_version":"2020-11-30","purchased_purges":2,"victory":true,"max_hp_per_floor":[65,65,65,65,65,65,65,65,65,65,67,67,69,69,69,69,69,71,71,71,73,73,73,75,75,75,75,77,77,77,77,77,79,79,81,83,83,83,83,83,83,83,83,85,85,87,89,91,91,93],"card_choices":[{"not_picked":["WheelKick","JustLucky","FlyingSleeves"],"picked":"SKIP","floor":1.0},{"not_picked":["SandsOfTime","PathToVictory","Indignation"],"picked":"SKIP","floor":3.0},{"not_picked":["JustLucky","Fasting2"],"picked":"EmptyMind","floor":4.0},{"not_picked":["Crescendo","EmptyFist"],"picked":"Tantrum","floor":6.0},{"not_picked":["BowlingBash","FlyingSleeves"],"picked":"LessonLearned","floor":8.0},{"not_picked":["Prostrate","Evaluate","SashWhip"],"picked":"Singing Bowl","floor":11.0},{"not_picked":["EmptyFist","SashWhip","Collect"],"picked":"Singing Bowl","floor":13.0},{"not_picked":["Scrawl","SpiritShield"],"picked":"DeusExMachina","floor":16.0},{"not_picked":["Protect","CutThroughFate","EmptyMind"],"picked":"Singing Bowl","floor":18.0},{"not_picked":["Pray","JustLucky","Perseverance"],"picked":"Singing Bowl","floor":21.0},{"not_picked":["Pray+1","ClearTheMind+1"],"picked":"Sanctity+1","floor":22.0},{"not_picked":["Protect","JustLucky","Devotion"],"picked":"Singing Bowl","floor":24.0},{"not_picked":["Pray","Prostrate"],"picked":"FollowUp","floor":27.0},{"not_picked":["WindmillStrike","ForeignInfluence","BowlingBash+1"],"picked":"Singing Bowl","floor":28.0},{"not_picked":["Worship","Protect"],"picked":"EmptyMind","floor":29},{"not_picked":["Wish","Judgement","Omniscience"],"picked":"Singing Bowl","floor":33},{"not_picked":["EmptyFist","ThirdEye+1","Indignation+1"],"picked":"Singing Bowl","floor":35},{"not_picked":["PathToVictory+1","BattleHymn+1","TalkToTheHand"],"picked":"Singing Bowl","floor":36},{"not_picked":["Collect","CrushJoints"],"picked":"MentalFortress+1","floor":38},{"not_picked":["Crescendo","Study","SandsOfTime"],"picked":"Singing Bowl","floor":44},{"not_picked":["EmptyFist","EmptyMind"],"picked":"Meditate","floor":45},{"not_picked":["CrushJoints+1","ClearTheMind","WheelKick"],"picked":"Singing Bowl","floor":46},{"not_picked":["CutThroughFate","ClearTheMind","Prostrate+1"],"picked":"Singing Bowl","floor":47},{"not_picked":["Wish","CrushJoints","Prostrate"],"picked":"Singing Bowl","floor":48},{"not_picked":["Establishment","Vault","LessonLearned"],"picked":"Singing Bowl","floor":50}],"player_experience":480608,"relics_obtained":[{"floor":1.0,"key":"LetterFromLob"},{"floor":6.0,"key":"Mercury Hourglass"},{"floor":8.0,"key":"White Beast Statue"},{"floor":9.0,"key":"Singing Bowl"},{"floor":14.0,"key":"Pantograph"},{"floor":24.0,"key":"MealTicket"},{"floor":26.0,"key":"TeardropLocket"},{"floor":28.0,"key":"PreservedInsect"},{"floor":42,"key":"Ancient Tea Set"},{"floor":43,"key":"Gremlin Horn"},{"floor":45,"key":"Omamori"},{"floor":48,"key":"Thread and Needle"}],"event_choices":[],"is_beta":false,"boss_relics":[{"not_picked":["Velvet Choker","Snecko Eye"],"picked":"Astrolabe"},{"not_picked":["Calling Bell","SlaversCollar"],"picked":"Coffee Dripper"}],"items_purged_floors":[19,31],"is_endless":false,"potions_floor_spawned":[1,8,11,13,16,18,21,22,24,27,28,29,33,35,36,37,37,37,37,38,44,45,46,47,48,50],"ascension_level":0}}