{"host":"1rcu5ixl4icqax5v","time":1607903151,"event":{"mods":["BaseMod","Bestiary","Block Reminder","Colored Map","DeckTracker","Highlight Path","Minty Spire (QoL Compilation)","Quick Restart","Relic Sorter","Relic Stats"],"gold_per_floor":[117,140,155,173,183,211,221,221,272,290,322,333,367,386,386,488,488,499,510,528,280,295,295,324,324,324,324,342,376,376,376,376,474,474,484,499,256,270,285,313,313,338,338,190,204,204,25,70,70,70,70,70,70,95,95],"floor_reached":56,"playtime":6366,"items_purged":["Defend_R","Strike_R+1"],"score":1530,"play_id":"1921b792-c9ac-48c0-ae9e-714969542478","local_time":"20201214024551","is_ascension_mode":true,"campfire_choices":[{"floor":8.0,"key":"REST"},{"data":"True Grit","floor":15.0,"key":"SMITH"},{"floor":23.0,"key":"REST"},{"data":"1","floor":25.0,"key":"LIFT"},{"data":"2","floor":27.0,"key":"LIFT"},{"data":"3","floor":30.0,"key":"LIFT"},{"data":"Apotheosis","floor":32.0,"key":"SMITH"},{"floor":41.0,"key":"REST"},{"floor":46.0,"key":"RECALL"},{"floor":49,"key":"REST"},{"data":"Shockwave","floor":52,"key":"SMITH"}],"circlet_count":0,"master_deck":["Strike_R+1","Defend_R","Defend_R","Defend_R","Bash","Battle Trance","Hemokinesis","Shockwave+1","Shrug It Off","Dropkick","Headbutt","Disarm","Uppercut","True Grit+1","Carnage","Brutality","Rampage+1","True Grit+1","Shockwave+1","Warcry+1","Clothesline+1","Metallicize+1","Apotheosis+1","Bloodletting+1","Metallicize","Limit Break+1","Whirlwind","Rupture+1","Flex+1","Shrug It Off+1","Headbutt","Rage+1","Seeing Red+1","Violence+1","Heavy Blade+1"],"relics":["Sozu","Blood Vial","Vajra","Pear","Astrolabe","Toxic Egg 2","Whetstone","Centennial Puzzle","Girya","Gremlin Horn","Runic Pyramid","Happy Flower","Ice Cream","Molten Egg 2","Ancient Tea Set","TungstenRod","Red Skull"],"acts_visited":["Exordium","TheCity","TheBeyond","TheEnding"],"potions_floor_usage":[],"damage_taken":[{"damage":1.0,"enemies":"Cultist","floor":1.0,"turns":3.0},{"damage":2.0,"enemies":"Jaw Worm","floor":3.0,"turns":2.0},{"damage":2.0,"enemies":"2 Louse","floor":4.0,"turns":2.0},{"damage":11.0,"enemies":"Large Slime","floor":5.0,"turns":4.0},{"damage":13.0,"enemies":"Gremlin Nob","floor":6.0,"turns":4.0},{"damage":9.0,"enemies":"3 Louse","floor":7.0,"turns":3.0},{"damage":3.0,"enemies":"Blue Slaver","floor":10.0,"turns":2.0},{"damage":11.0,"enemies":"3 Sentries","floor":11.0,"turns":5.0},{"damage":1.0,"enemies":"Looter","floor":12.0,"turns":3.0},{"damage":11.0,"enemies":"Lagavulin","floor":13.0,"turns":4.0},{"damage":5.0,"enemies":"Large Slime","floor":14.0,"turns":4.0},{"damage":8.0,"enemies":"The Guardian","floor":16.0,"turns":10.0},{"damage":24.0,"enemies":"2 Thieves","floor":18.0,"turns":4.0},{"damage":1.0,"enemies":"Spheric Guardian","floor":19.0,"turns":3.0},{"damage":11.0,"enemies":"Centurion and Healer","floor":20.0,"turns":5.0},{"damage":4.0,"enemies":"3 Cultists","floor":22.0,"turns":4.0},{"damage":13.0,"enemies":"Book of Stabbing","floor":24.0,"turns":6.0},{"damage":9.0,"enemies":"Cultist and Chosen","floor":28.0,"turns":6.0},{"damage":11.0,"enemies":"Gremlin Leader","floor":29.0,"turns":4.0},{"damage":26.0,"enemies":"Automaton","floor":33.0,"turns":7.0},{"damage":4.0,"enemies":"Orb Walker","floor":35.0,"turns":2.0},{"damage":7.0,"enemies":"3 Shapes","floor":36.0,"turns":5.0},{"damage":6.0,"enemies":"Jaw Worm Horde","floor":38.0,"turns":2.0},{"damage":6.0,"enemies":"Sphere and 2 Shapes","floor":39.0,"turns":5.0},{"damage":7.0,"enemies":"Giant Head","floor":40.0,"turns":6.0},{"damage":7.0,"enemies":"Reptomancer","floor":42.0,"turns":5.0},{"damage":10.0,"enemies":"Spire Growth","floor":45.0,"turns":3.0},{"damage":20,"enemies":"2 Orb Walkers","floor":48,"turns":7},{"damage":17,"enemies":"Awakened One","floor":50,"turns":8},{"damage":2,"enemies":"Shield and Spear","floor":54,"turns":1},{"damage":83,"enemies":"The Heart","floor":55,"turns":7}],"seed_played":"5048577132917163814","potions_obtained":[],"is_trial":false,"path_per_floor":["M","T","M","M","M","E","M","R","T","M","E","M","E","M","R","B",null,"M","M","M","$","M","R","E","R","T","R","M","E","R","T","R","B",null,"M","M","$","M","M","E","R","E","T","$","M","R","$","?","R","B",null,"R","$","E","B",null],"character_chosen":"IRONCLAD","items_purchased":["Apotheosis","Happy Flower","Ancient Tea Set","Violence+1"],"campfire_rested":4,"item_purchase_floors":[21,37,44,47],"current_hp_per_floor":[79,79,77,75,64,51,42,66,66,63,52,51,50,45,45,37,90,66,65,54,54,50,77,64,64,64,64,55,44,44,44,44,18,90,86,79,79,73,67,60,87,82,82,82,74,74,74,56,83,68,90,90,90,88,7],"gold":95,"neow_bonus":"BOSS_RELIC","is_daily":false,"chose_seed":false,"campfire_upgraded":3,"win_rate":0.0,"timestamp":1607903151,"path_taken":["M","?","M","?","M","E","M","R","T","M","E","?","E","M","R","BOSS","M","M","M","$","M","R","E","R","T","R","M","E","R","?","R","BOSS","M","?","$","M","M","E","R","E","T","?","M","R","$","?","R","BOSS","R","$","E","BOSS"],"items_purchased_type":["Card","Relic","Relic","Card"],"build_version":"2020-11-30","purchased_purges":2,"victory":true,"max_hp_per_floor":[80,80,80,80,80,80,80,80,80,80,80,80,90,90,90,90,90,90,90,90,90,90,90,90,90,90,90,90,90,90,90,90,90,90,90,90,90,90,90,90,90,90,90,90,90,90,90,90,90,90,90,90,90,90,90],"relic_stats":{"Sozu":11,"Blood Vial":10,"Centennial Puzzle":[64],"Gremlin Horn":[12,15],"Happy Flower":[14],"counters":[31,136],"Astrolabe":["Rampage","True Grit","Shockwave"],"Whetstone":["Strike_R","Strike_R"],"obtain_stats":[{"Ice Cream":42,"Girya":24,"Pear":13,"Gremlin Horn":29,"Happy Flower":37,"Astrolabe":17,"Vajra":11,"Whetstone":2,"Ancient Tea Set":44,"Burning Blood":0,"Sozu":0,"Blood Vial":40,"Centennial Puzzle":6,"Molten Egg 2":43,"Toxic Egg 2":31,"TungstenRod":48,"Red Skull":54,"Runic Pyramid":34},{"Ice Cream":26,"Girya":17,"Pear":10,"Gremlin Horn":19,"Happy Flower":22,"Astrolabe":12,"Vajra":8,"Whetstone":1,"Ancient Tea Set":26,"Burning Blood":0,"Sozu":0,"Blood Vial":25,"Centennial Puzzle":5,"Molten Egg 2":26,"Toxic Egg 2":19,"TungstenRod":28,"Red Skull":30,"Runic Pyramid":20},{"Ice Cream":110,"Girya":68,"Pear":32,"Gremlin Horn":78,"Happy Flower":92,"Astrolabe":46,"Vajra":25,"Whetstone":3,"Ancient Tea Set":110,"Burning Blood":0,"Sozu":0,"Blood Vial":105,"Centennial Puzzle":15,"Molten Egg 2":110,"Toxic Egg 2":78,"TungstenRod":120,"Red Skull":129,"Runic Pyramid":85}],"TungstenRod":55},"card_choices":[{"not_picked":["Clash","Cleave"],"picked":"Battle Trance","floor":1.0},{"not_picked":["True Grit","Shrug It Off"],"picked":"Hemokinesis","floor":3.0},{"not_picked":["Cleave","Headbutt"],"picked":"Shockwave","floor":4.0},{"not_picked":["Thunderclap","Pommel Strike"],"picked":"Shrug It Off","floor":5.0},{"not_picked":["Dark Embrace","Double Tap"],"picked":"Dropkick","floor":6.0},{"not_picked":["Wild Strike","Pommel Strike"],"picked":"Headbutt","floor":7.0},{"not_picked":["Armaments","Flex","Perfected Strike"],"picked":"SKIP","floor":10.0},{"not_picked":["Warcry","Offering"],"picked":"Disarm","floor":11.0},{"not_picked":["Body Slam","Twin Strike"],"picked":"Uppercut","floor":12.0},{"not_picked":["Heavy Blade","Seeing Red"],"picked":"True Grit","floor":13.0},{"not_picked":["Sword Boomerang","Iron Wave"],"picked":"Carnage","floor":14.0},{"not_picked":["Fiend Fire","Corruption"],"picked":"Brutality","floor":16.0},{"not_picked":["Heavy Blade+1","Dual Wield"],"picked":"Warcry+1","floor":18.0},{"not_picked":["Wild Strike","Heavy Blade+1"],"picked":"Clothesline+1","floor":19.0},{"not_picked":["Sword Boomerang","Clash+1"],"picked":"Metallicize+1","floor":20.0},{"not_picked":["Warcry+1","Cleave+1"],"picked":"Bloodletting+1","floor":22.0},{"not_picked":["Reckless Charge","Iron Wave"],"picked":"Metallicize","floor":24.0},{"not_picked":["True Grit","Cleave","Sword Boomerang"],"picked":"SKIP","floor":28.0},{"not_picked":["Uppercut","Burning Pact","Second Wind"],"picked":"SKIP","floor":29.0},{"not_picked":["Offering+1","Bludgeon"],"picked":"Limit Break+1","floor":33.0},{"not_picked":["Cleave","Entrench+1"],"picked":"Whirlwind","floor":35.0},{"not_picked":["Flex+1","Clash+1"],"picked":"Rupture+1","floor":36.0},{"not_picked":["Sword Boomerang","Cleave+1"],"picked":"Flex+1","floor":38.0},{"not_picked":["Flex+1","Iron Wave"],"picked":"Shrug It Off+1","floor":39.0},{"not_picked":["Armaments+1","Shrug It Off+1"],"picked":"Headbutt","floor":40.0},{"not_picked":["Pummel","Juggernaut"],"picked":"Rage+1","floor":42.0},{"not_picked":["Perfected Strike+1","Sentinel+1"],"picked":"Seeing Red+1","floor":45.0},{"not_picked":["Shrug It Off+1","Anger+1"],"picked":"Heavy Blade+1","floor":54}],"player_experience":610338,"relics_obtained":[{"floor":2.0,"key":"Whetstone"},{"floor":6.0,"key":"Centennial Puzzle"},{"floor":11.0,"key":"Vajra"},{"floor":13.0,"key":"Pear"},{"floor":24.0,"key":"Girya"},{"floor":29.0,"key":"Gremlin Horn"},{"floor":31.0,"key":"Toxic Egg 2"},{"floor":40.0,"key":"Blood Vial"},{"floor":42.0,"key":"Ice Cream"},{"floor":43.0,"key":"Molten Egg 2"},{"floor":48,"key":"TungstenRod"},{"floor":54,"key":"Red Skull"}],"event_choices":[{"damage_healed":0,"gold_gain":0,"player_choice":"Fight","damage_taken":0,"max_hp_gain":0,"max_hp_loss":0,"event_name":"Mysterious Sphere","floor":48,"gold_loss":0}],"is_beta":false,"boss_relics":[{"not_picked":["Mark of Pain","Busted Crown"],"picked":"Astrolabe"},{"not_picked":["Empty Cage","Coffee Dripper"],"picked":"Runic Pyramid"}],"items_purged_floors":[21,37],"is_endless":false,"potions_floor_spawned":[3,4,7,13,14,22,29,33,35,36,42],"ascension_level":4}}