{"host":"ap8nepptd6icxyz7","time":1607883892,"event":{"mods":["2.2 Compatiblity","AchievementEnabler","BaseMod","Bestiary","Better Altar","Better Match","Better Note","Better Sensory Stone","Better Skull","Better Third Choice","Better Vampires","CCEM","Challenge The Spire","Colored Map","Colored Powertips","Colorless Booster Pack","Conspire","Custom Start","Displayed Cursed Tome","EXCEPTION","Energized Spire","Faster Ascension Climbing","Halation","Hermit","Highlight Path","Hubris","Jorbs\u0027s Wanderer Trilogy","Marked Mod","Mimic Mod","Minty Spire (QoL Compilation)","Permanent Neow","Quick Restart","RRrroohrrRGHHhhh!!","Random Character Button","Rare Cards Sparkle","Relic Sorter","Relic Stats","Replay The Spire","SCP261 Mod","SacredBarkPlus","Spicy Shops","Spikes Relics","StSLib","Swap Starting Deck Mod","The Cursed","The Disciple","The Jungle","Uncapped","Wandering Minibosses"],"gold_per_floor":[123,123,123,157,189,17,17,66,66,116,157,169,228,240,252,280,280],"floor_reached":16,"playtime":698,"items_purged":[],"score":171,"play_id":"8d9130ff-f765-4cb9-8bec-5279cc0f6674","local_time":"20201213122452","is_ascension_mode":true,"campfire_choices":[{"floor":7,"key":"REST"},{"floor":12,"key":"REST"}],"circlet_count":0,"master_deck":["Strike_G","Strike_G","Strike_G","Strike_G","Defend_G","Defend_G","Defend_G","Defend_G","Survivor","Neutralize","Quick Slash","Dagger Throw","hubris:EnhanceAbility","Dash","PiercingWail","Masterful Stab"],"relics":["Ring of the Snake","CCEMRelics:TechnogenicHelmet","Replay:Bandana","Ginger","MawBank","halation:PrussianBluePaint","hubris:Icosahedron","hubris:Towel"],"acts_visited":["Exordium"],"potions_floor_usage":[8,8,11,16],"damage_taken":[{"damage":0,"enemies":"Small Slimes","floor":1,"turns":4},{"damage":1,"enemies":"2 Louse","floor":4,"turns":4},{"damage":0,"enemies":"Cultist","floor":5,"turns":3},{"damage":20,"enemies":"Lagavulin","floor":8,"turns":8},{"damage":28,"enemies":"Gremlin Nob","floor":10,"turns":4},{"damage":0,"enemies":"Looter","floor":11,"turns":3},{"damage":20,"enemies":"Lagavulin","floor":13,"turns":8},{"damage":27,"enemies":"Hexaghost","floor":16,"turns":9}],"seed_played":"-259339590887112116","potions_obtained":[{"floor":1,"key":"Dexterity Potion"},{"floor":4,"key":"Adrenaline Potion"},{"floor":10,"key":"Swift Potion"},{"floor":13,"key":"Weak Potion"}],"is_trial":false,"path_per_floor":["M","?","?","M","M","$","R","E","T","E","M","R","E","?","R_BF","B"],"character_chosen":"THE_SILENT","items_purchased":["hubris:EnhanceAbility"],"campfire_rested":2,"item_purchase_floors":[6],"current_hp_per_floor":[63,56,56,55,55,55,70,50,50,22,22,43,23,23,23,0,0],"gold":280,"neow_bonus":"RANDOM_COMMON_RELIC","is_daily":false,"chose_seed":false,"campfire_upgraded":0,"win_rate":0.0,"timestamp":1607883892,"path_taken":["M","?","?","M","M","$","R","E","T","E","?","R","E","?","R_BF","BOSS"],"items_purchased_type":["Card"],"build_version":"2020-11-30","purchased_purges":0,"victory":false,"max_hp_per_floor":[70,70,70,70,70,70,70,70,70,70,70,70,70,70,70,70,70],"relic_stats":{"counters":[8,43],"Ginger":[0],"MawBank":72,"obtain_stats":[{"Replay:Bandana":0,"hubris:Icosahedron":14,"halation:PrussianBluePaint":13,"CCEMRelics:TechnogenicHelmet":8,"Ginger":9,"hubris:Towel":15,"MawBank":10,"Ring of the Snake":0},{"Replay:Bandana":0,"hubris:Icosahedron":7,"halation:PrussianBluePaint":7,"CCEMRelics:TechnogenicHelmet":4,"Ginger":4,"hubris:Towel":7,"MawBank":5,"Ring of the Snake":0},{"Replay:Bandana":0,"hubris:Icosahedron":34,"halation:PrussianBluePaint":34,"CCEMRelics:TechnogenicHelmet":19,"Ginger":19,"hubris:Towel":34,"MawBank":23,"Ring of the Snake":0}],"Ring of the Snake":[16]},"card_choices":[{"not_picked":["Deflect","Backflip"],"picked":"Quick Slash","floor":1},{"not_picked":["Dash","Dagger Spray"],"picked":"Dagger Throw","floor":4},{"not_picked":["Flying Knee","PiercingWail","ShadowRift"],"picked":"SKIP","floor":5},{"not_picked":["Backflip","Caltrops","Poisoned Stab"],"picked":"SKIP","floor":8},{"not_picked":["Doppelganger","hubris:Counter"],"picked":"Dash","floor":10},{"not_picked":["Outmaneuver","Dagger Spray"],"picked":"PiercingWail","floor":11},{"not_picked":["ReplayTheSpireMod:Exploit Weakness","Flying Knee"],"picked":"Masterful Stab","floor":13}],"player_experience":24009,"relics_obtained":[{"floor":8,"key":"CCEMRelics:TechnogenicHelmet"},{"floor":9,"key":"Ginger"},{"floor":10,"key":"MawBank"},{"floor":13,"key":"halation:PrussianBluePaint"}],"event_choices":[{"cards_removed":["Strike_G"],"damage_healed":0,"gold_gain":0,"player_choice":"Card Removal","damage_taken":7,"max_hp_gain":0,"max_hp_loss":0,"event_name":"Golden Wing","floor":2,"gold_loss":0},{"cards_removed":["Defend_G"],"damage_healed":0,"gold_gain":0,"player_choice":"Offered Basic","damage_taken":0,"max_hp_gain":0,"max_hp_loss":0,"event_name":"Bonfire Elementals","floor":3,"gold_loss":0}],"is_beta":false,"boss_relics":[],"items_purged_floors":[],"is_endless":false,"potions_floor_spawned":[1,4,10,13],"killed_by":"Hexaghost","ascension_level":9}}