{"host":"u0f5uy314yz7olfc","time":1607879697,"event":{"mods":["AchievementEnabler","Aspiration","BaseMod","Bestiary","Better Altar","Better Match","Better Note","Better Sensory Stone","Better Skull","Better Synergies","Better Third Choice","Better Vampires","BetterRewards","Block Reminder","Colored Map","Colored Powertips","Dota2Spire","Emptier Cage","Energized Spire","Friendly Minions","GifTheSpireLib","Gold Saver","Highlight Path","Hubris","Infinite Spire","Ironclad Rager","Marked Mod","Minty Spire (QoL Compilation)","Permanent Neow","Quick Restart","Rare Cards Sparkle","Relic Stats","Replay The Spire","Retaliation","Shop Mod","StSLib","The Bladedancer","Watcher Patcher"],"gold_per_floor":[110,18,31,31,31,31,42,72,72,109,109,140,140,315,315,420,420,437,437,454,454,72,72,72,104,178,189,202,202,236,246,246,346,346,361,361,361,373,373,373,373,373],"floor_reached":41,"playtime":2675,"items_purged":[],"score":485,"play_id":"490e4045-1a2b-40ee-a99d-b9914f6ae50e","local_time":"20201214001457","is_ascension_mode":false,"campfire_choices":[{"floor":6,"key":"REST"},{"floor":11,"key":"REST"},{"floor":13,"key":"REST"},{"floor":15,"key":"REST"},{"floor":32,"key":"RECALL"},{"floor":40,"key":"REST"}],"circlet_count":0,"master_deck":["Defend_P","Defend_P","Defend_P","Defend_P","Eruption","Vigilance","Storm","MarkedMod:GentlePulse","FlurryOfBlows","Storm","MentalFortress","Prostrate","PathToVictory+1","PathToVictory+1","MarkedMod:FirstStrike","FlyingSleeves","Apotheosis+1","FlyingSleeves","Wish","Stack","EmptyFist","Doubt","Wish","Underhanded Strike+1","Storm","MentalFortress","Berserk","FollowUp","Hello World+1","Bite","Bite","Bite","Bite","Creative AI","Scrape+1","MarkedMod:ChiBlock","Prostrate","MarkedMod:PinPointDefense","infinitespire:Starlight","infinitespire:SevenWalls","infinitespire:Oblivion"],"relics":["HolyWater","Dota2Spire:Vanguard","Potion Belt","Calipers","Philosopher\u0027s Stone","Runic Pyramid","Nloth\u0027s Gift","MerchantsRug","Happy Flower","Damaru","hubris:Towel","Gremlin Horn","hubris:Metronome","ReplayFunnel","hubris:RunicObelisk","hubris:Icosahedron","hubris:EmptyBottle","Dota2Spire:Bloodstone"],"acts_visited":["Exordium","TheCity","TheBeyond"],"potions_floor_usage":[8,8,12,12,12,30,33,38,38,38],"damage_taken":[{"damage":0,"enemies":"Small Slimes","floor":1,"turns":4},{"damage":0,"enemies":"2 Louse","floor":3,"turns":2},{"damage":13,"enemies":"Jaw Worm","floor":7,"turns":2},{"damage":19,"enemies":"3 Sentries","floor":8,"turns":7},{"damage":7,"enemies":"Lagavulin","floor":12,"turns":5},{"damage":15,"enemies":"Fading Forest","floor":16,"turns":11},{"damage":8,"enemies":"2 Thieves","floor":18,"turns":4},{"damage":3,"enemies":"Spheric Guardian","floor":20,"turns":4},{"damage":15,"enemies":"Replay:Snechameleon","floor":25,"turns":4},{"damage":4,"enemies":"Chosen and Byrds","floor":27,"turns":5},{"damage":4,"enemies":"Centurion and Healer","floor":28,"turns":5},{"damage":20,"enemies":"Gremlin Leader","floor":30,"turns":4},{"damage":2,"enemies":"3 Cultists","floor":31,"turns":5},{"damage":45,"enemies":"hubris:MusketHawk","floor":33,"turns":8},{"damage":25,"enemies":"3 Darklings","floor":35,"turns":8},{"damage":22,"enemies":"3 Shapes","floor":38,"turns":3},{"damage":73,"enemies":"Reptomancer","floor":41,"turns":2}],"seed_played":"6618128660871274793","potions_obtained":[{"floor":1,"key":"Elixir"},{"floor":7,"key":"GamblersBrew"},{"floor":10,"key":"Weak Potion"},{"floor":10,"key":"CultistPotion"},{"floor":10,"key":"Toxic Potion"},{"floor":18,"key":"Death Potion"},{"floor":27,"key":"StancePotion"},{"floor":30,"key":"LifebloodPotion"},{"floor":35,"key":"ColorlessPotion"},{"floor":37,"key":"Cursed Concoction"},{"floor":37,"key":"LiquidMemories"},{"floor":37,"key":"CultistPotion"}],"is_trial":false,"path_per_floor":["M","$","M","?","?","R","M","E","T","?","R","E","R","?","R","B",null,"M","?","M","?","$","?","?","E","T","M","M","?","E","M","R_BF","B",null,"M","?","?","M","AVR","R","E"],"character_chosen":"WATCHER","items_purchased":["Dota2Spire:Vanguard","Storm","MarkedMod:GentlePulse","Secret Technique","FlurryOfBlows","Storm","MentalFortress","PathToVictory","MarkedMod:FirstStrike","MerchantsRug","Happy Flower","Damaru","MentalFortress"],"campfire_rested":5,"item_purchase_floors":[0,0,0,0,0,0,0,2,2,22,22,22,22],"current_hp_per_floor":[40,40,40,40,40,61,48,29,29,1,22,15,36,36,57,52,72,64,82,79,79,79,79,79,64,64,60,56,56,39,46,46,10,62,47,47,47,32,32,50,0,0],"gold":373,"neow_bonus":"","is_daily":false,"chose_seed":false,"campfire_upgraded":0,"win_rate":0.0,"timestamp":1607879697,"path_taken":["M","$","M","?","?","R","M","E","T","?","R","E","R","?","R","BOSS","M","?","M","?","$","?","?","E","T","M","?","?","E","M","R_BF","BOSS","M","?","?","M","AVR","R","E"],"items_purchased_type":["Relic","Card","Card","Card","Card","Card","Card","Card","Card","Relic","Relic","Relic","Card"],"build_version":"2020-11-30","purchased_purges":0,"victory":false,"max_hp_per_floor":[72,72,72,72,72,72,72,72,72,72,72,72,72,72,72,72,72,72,82,82,82,82,82,82,82,82,82,82,62,62,62,62,62,62,62,62,62,62,62,62,62,62],"relic_stats":{"Happy Flower":[14],"Gremlin Horn":[12,13],"counters":[31,131],"Nloth\u0027s Gift":9,"obtain_stats":[{"ReplayFunnel":30,"hubris:Metronome":26,"Calipers":12,"Gremlin Horn":25,"Dota2Spire:Vanguard":0,"Dota2Spire:RefresherOrb":17,"hubris:RunicObelisk":34,"hubris:EmptyBottle":39,"Boot":8,"Dota2Spire:LotusOrb":0,"aspiration:StickyExplosives_weak":0,"hubris:Icosahedron":36,"Mummified Hand":0,"Philosopher\u0027s Stone":17,"Runic Pyramid":17,"Potion Belt":8,"MerchantsRug":3,"Replay:M_StaffOfTheSnake":0,"Dota2Spire:UrnOfShadows":3,"Happy Flower":22,"aspiration:Nostalgia":0,"ReplayTheSpireMod:CursedCoin":3,"Counterbalance":0,"Replay:Grab Bag":17,"Damaru":22,"Dota2Spire:Bloodstone":39,"hubris:Towel":2,"Orrery":0,"HolyWater":17,"Nloth\u0027s Gift":21,"PureWater":0,"ReplayTheSpireMod:Lightbulb":9},{"ReplayFunnel":26,"hubris:Metronome":23,"Calipers":19,"Gremlin Horn":23,"Dota2Spire:Vanguard":14,"Dota2Spire:RefresherOrb":20,"hubris:RunicObelisk":28,"hubris:EmptyBottle":30,"Boot":10,"Dota2Spire:LotusOrb":0,"aspiration:StickyExplosives_weak":11,"hubris:Icosahedron":29,"Mummified Hand":5,"Philosopher\u0027s Stone":20,"Runic Pyramid":20,"Potion Belt":18,"MerchantsRug":2,"Replay:M_StaffOfTheSnake":0,"Dota2Spire:UrnOfShadows":2,"Happy Flower":22,"aspiration:Nostalgia":0,"ReplayTheSpireMod:CursedCoin":2,"Counterbalance":0,"Replay:Grab Bag":20,"Damaru":22,"Dota2Spire:Bloodstone":30,"hubris:Towel":12,"Orrery":11,"HolyWater":20,"Nloth\u0027s Gift":22,"PureWater":0,"ReplayTheSpireMod:Lightbulb":2},{"ReplayFunnel":105,"hubris:Metronome":91,"Calipers":68,"Gremlin Horn":91,"Dota2Spire:Vanguard":48,"Dota2Spire:RefresherOrb":79,"hubris:RunicObelisk":118,"hubris:EmptyBottle":129,"Boot":35,"Dota2Spire:LotusOrb":0,"aspiration:StickyExplosives_weak":37,"hubris:Icosahedron":126,"Mummified Hand":16,"Philosopher\u0027s Stone":79,"Runic Pyramid":79,"Potion Belt":63,"MerchantsRug":4,"Replay:M_StaffOfTheSnake":0,"Dota2Spire:UrnOfShadows":4,"Happy Flower":87,"aspiration:Nostalgia":0,"ReplayTheSpireMod:CursedCoin":4,"Counterbalance":0,"Replay:Grab Bag":79,"Damaru":87,"Dota2Spire:Bloodstone":129,"hubris:Towel":42,"Orrery":37,"HolyWater":79,"Nloth\u0027s Gift":87,"PureWater":0,"ReplayTheSpireMod:Lightbulb":4}]},"card_choices":[{"not_picked":["EmptyBody","Tactician"],"picked":"Prostrate","floor":1},{"not_picked":["Clash","Warcry"],"picked":"FlyingSleeves","floor":3},{"not_picked":["Halt","Outmaneuver"],"picked":"FlyingSleeves","floor":7},{"not_picked":["Outmaneuver","Intimidate"],"picked":"Wish","floor":8},{"not_picked":["Halt","FollowUp"],"picked":"Stack","floor":10},{"not_picked":["FlyingSleeves","Replay:ManipulateFuture"],"picked":"EmptyFist","floor":12},{"not_picked":["Doppelganger","Machine Learning"],"picked":"Wish","floor":16},{"not_picked":["Forethought","Halt"],"picked":"Underhanded Strike+1","floor":18},{"not_picked":["Warcry","Clash"],"picked":"Storm","floor":20},{"not_picked":["Stack","Impatience"],"picked":"Berserk","floor":25},{"not_picked":["Indignation","MarkedMod:Acupuncture"],"picked":"FollowUp","floor":27},{"not_picked":["Vengeance","Intimidate+1"],"picked":"Hello World+1","floor":28},{"not_picked":["FlurryOfBlows","Setup+1"],"picked":"Creative AI","floor":30},{"not_picked":["Warcry","Clash"],"picked":"Scrape+1","floor":31},{"not_picked":["Reboot","Berserk"],"picked":"MarkedMod:ChiBlock","floor":33},{"not_picked":["Outmaneuver","Collect"],"picked":"Prostrate","floor":35},{"not_picked":["CutThroughFate+1","MasterReality"],"picked":"MarkedMod:PinPointDefense","floor":38}],"player_experience":294563,"relics_obtained":[{"floor":8,"key":"Potion Belt"},{"floor":12,"key":"Calipers"},{"floor":25,"key":"Gremlin Horn"},{"floor":26,"key":"hubris:Metronome"},{"floor":30,"key":"ReplayFunnel"}],"event_choices":[{"damage_healed":40,"gold_gain":0,"player_choice":"Embrace","damage_taken":0,"max_hp_gain":0,"max_hp_loss":72,"event_name":"betterThird:BetterShining","floor":5,"gold_loss":0},{"damage_healed":0,"gold_gain":175,"player_choice":"AGREE","damage_taken":140,"max_hp_gain":0,"max_hp_loss":0,"event_name":"betterThird:BetterSerpent","floor":14,"gold_loss":0},{"cards_removed":["Secret Technique"],"damage_healed":8,"gold_gain":0,"player_choice":"Offered Rare","damage_taken":0,"max_hp_gain":10,"max_hp_loss":0,"event_name":"Bonfire Elementals","floor":19,"gold_loss":0},{"damage_healed":0,"gold_gain":0,"player_choice":"Traded Relic","damage_taken":0,"relics_obtained":["Nloth\u0027s Gift"],"max_hp_gain":0,"max_hp_loss":0,"event_name":"N\u0027loth","floor":21,"relics_lost":["Replay:Grab Bag"],"gold_loss":0},{"damage_healed":0,"gold_gain":0,"player_choice":"Upgraded","damage_taken":0,"max_hp_gain":0,"max_hp_loss":0,"event_name":"Upgrade Shrine","floor":23,"gold_loss":0,"cards_upgraded":["PathToVictory"]},{"damage_healed":0,"gold_gain":0,"player_choice":"Became a vampire","damage_taken":0,"max_hp_gain":0,"max_hp_loss":20,"event_name":"Vampires","floor":29,"gold_loss":0,"cards_obtained":["Bite","Bite","Bite","Bite"]},{"damage_healed":0,"gold_gain":0,"player_choice":"Got Potions","damage_taken":0,"max_hp_gain":0,"max_hp_loss":0,"event_name":"Lab","floor":37,"gold_loss":0}],"is_beta":false,"boss_relics":[{"not_picked":["SlaversCollar","hubris:TerracottaHorce"],"picked":"Replay:Grab Bag"},{"not_picked":["Busted Crown","Painkiller Herb"],"picked":"Dota2Spire:RefresherOrb"},{"not_picked":["energizedSpire:HugeHouse","energizedSpire:SpiderWeb"],"picked":"Philosopher\u0027s Stone"},{"not_picked":["hubris:BlackHole","aspiration:SecretTechniqueScroll"],"picked":"HolyWater"},{"not_picked":["aspiration:IroncladSkillbook","aspiration:RitualDagger"],"picked":"Runic Pyramid"},{"not_picked":["infinitespire:Cupcake","hubris:VirtuousBlindfold"],"picked":"hubris:RunicObelisk"}],"items_purged_floors":[],"is_endless":false,"potions_floor_spawned":[1,7,18,27,30,35],"killed_by":"Reptomancer","ascension_level":0}}