{"host":"ek3xvuouaw6vk9if","time":1607843311,"event":{"mods":["BaseMod","Minty Spire (QoL Compilation)","Permanent Neow","Quick Restart","Replay The Spire","StSLib"],"gold_per_floor":[10,21,34,49,49,88,88,113,113,113,131,131,169,194,194,287,287,307,307,307,331,331,331,331],"floor_reached":23,"playtime":995,"items_purged":[],"score":390,"play_id":"0cecaca8-396c-4ab6-a28b-aba9e7885cb2","local_time":"20201213020831","is_ascension_mode":true,"campfire_choices":[{"data":"Sucker Punch","floor":10,"key":"SMITH"},{"data":"Blade Dance","floor":12,"key":"SMITH"},{"floor":15,"key":"REST"}],"circlet_count":0,"master_deck":["AscendersBane","Defend_G","Defend_G","Defend_G","Defend_G","Defend_G","Survivor","Neutralize","Flying Knee","Sucker Punch+1","Prepared+1","Infinite Blades","Blade Dance","Blade Dance+1","Backflip","Unload","Bite","Bite","Bite","Bite","Bite"],"relics":["Ring of the Snake","Byrd Skull","Golden Idol","Replay:Multitool","Bag of Preparation","Art of War","Busted Crown","Enchiridion"],"acts_visited":["Exordium","TheCity"],"potions_floor_usage":[13,16],"damage_taken":[{"damage":6,"enemies":"Jaw Worm","floor":1,"turns":5},{"damage":0,"enemies":"2 Louse","floor":2,"turns":3},{"damage":7,"enemies":"Small Slimes","floor":3,"turns":3},{"damage":6,"enemies":"Looter","floor":4,"turns":4},{"damage":20,"enemies":"3 Sentries","floor":6,"turns":9},{"damage":5,"enemies":"Large Slime","floor":8,"turns":6},{"damage":1,"enemies":"2 Fungi Beasts","floor":11,"turns":3},{"damage":24,"enemies":"Gremlin Nob","floor":13,"turns":4},{"damage":6,"enemies":"Exordium Wildlife","floor":14,"turns":4},{"damage":13,"enemies":"Slime Boss","floor":16,"turns":9},{"damage":22,"enemies":"Spheric Guardian","floor":18,"turns":4},{"damage":0,"enemies":"Chosen","floor":21,"turns":4},{"damage":22,"enemies":"Book of Stabbing","floor":23,"turns":5}],"seed_played":"-4804772285739675064","potions_obtained":[{"floor":2,"key":"SteroidPotion"},{"floor":4,"key":"Venom Potion"},{"floor":16,"key":"Weak Potion"}],"is_trial":false,"path_per_floor":["M","M","M","M","?","E","R","M","T","R","M","R","E","M","R","B",null,"M","?","?","M","?","E"],"character_chosen":"THE_SILENT","items_purchased":[],"campfire_rested":1,"item_purchase_floors":[],"current_hp_per_floor":[53,53,46,40,40,20,38,33,33,33,32,32,8,2,20,7,47,25,25,4,14,14,0,0],"gold":331,"neow_bonus":"ONE_RARE_RELIC","is_daily":false,"chose_seed":false,"campfire_upgraded":2,"win_rate":0.0,"timestamp":1607843311,"path_taken":["M","M","M","M","?","E","R","M","T","R","M","R","E","M","R","BOSS","M","?","?","M","?","E"],"items_purchased_type":[],"build_version":"2020-11-30","purchased_purges":0,"victory":false,"max_hp_per_floor":[66,66,66,66,60,60,60,60,60,60,60,60,60,60,60,60,60,60,42,42,42,42,42,42],"card_choices":[{"not_picked":["Backflip","Deflect"],"picked":"Flying Knee","floor":1},{"not_picked":["Toxin Wave","Bane"],"picked":"Sucker Punch","floor":2},{"not_picked":["Dodge and Roll","Underhanded Strike"],"picked":"Prepared","floor":3},{"not_picked":["Skewer","Phantasmal Killer"],"picked":"Infinite Blades","floor":4},{"not_picked":["Poisoned Stab","Sneak Up"],"picked":"Blade Dance","floor":6},{"not_picked":["Outmaneuver","Concentrate","Underhanded Strike"],"picked":"SKIP","floor":8},{"not_picked":["Distraction","Bane"],"picked":"Blade Dance","floor":11},{"not_picked":["Hidden Blade","Bouncing Flask","Outmaneuver"],"picked":"SKIP","floor":13},{"not_picked":["Dodge and Roll","Blade Dance"],"picked":"Backflip","floor":14},{"not_picked":["Grand Finale","Doppelganger"],"picked":"Unload","floor":16},{"not_picked":["Prepared"],"picked":"SKIP","floor":18},{"not_picked":["Deadly Poison"],"picked":"SKIP","floor":21}],"player_experience":464617,"relics_obtained":[{"floor":6,"key":"Replay:Multitool"},{"floor":9,"key":"Bag of Preparation"},{"floor":13,"key":"Art of War"},{"floor":20,"key":"Enchiridion"}],"event_choices":[{"damage_healed":0,"gold_gain":0,"player_choice":"Lose Max HP","damage_taken":0,"relics_obtained":["Golden Idol"],"max_hp_gain":0,"max_hp_loss":6,"event_name":"Golden Idol","floor":5,"gold_loss":0},{"damage_healed":0,"gold_gain":0,"player_choice":"Became a vampire","damage_taken":0,"max_hp_gain":0,"max_hp_loss":18,"event_name":"Vampires","floor":19,"gold_loss":0,"cards_obtained":["Bite","Bite","Bite","Bite","Bite"]},{"damage_healed":0,"gold_gain":0,"player_choice":"Obtained Book","damage_taken":21,"max_hp_gain":0,"max_hp_loss":0,"event_name":"Cursed Tome","floor":20,"gold_loss":0},{"damage_healed":0,"gold_gain":0,"player_choice":"Ignored","damage_taken":0,"max_hp_gain":0,"max_hp_loss":0,"event_name":"Ghosts","floor":22,"gold_loss":0}],"is_beta":false,"boss_relics":[{"not_picked":["Fusion Hammer","Runic Pyramid"],"picked":"Busted Crown"}],"items_purged_floors":[],"is_endless":false,"potions_floor_spawned":[2,4,8,16],"killed_by":"Book of Stabbing","ascension_level":16}}