{"host":"d8hh7rr4yzitjeuj","time":1607840248,"event":{"mods":["2.2 Compatiblity","AchievementEnabler","BaseMod","CapriCore","Colored Map","Colored Powertips","Highlight Path","Keyboard Shortcuts","Minty Spire (QoL Compilation)","Permanent Neow","Quick Restart","StSLib","SuperFastMode"],"gold_per_floor":[110,121,141,153,153,153,172,172,253,253,253,288,288,67,67,163,163,176,194,194,15,28,28,41,41,41,41,41,54,54,54],"floor_reached":30,"playtime":613,"items_purged":["Strike_B","Strike_B"],"score":460,"play_id":"ec803fbc-21b2-4bc9-bd5b-036f53f4708b","local_time":"20201213151728","is_ascension_mode":true,"campfire_choices":[{"data":"White Noise","floor":6.0,"key":"SMITH"},{"data":"Chaos","floor":8.0,"key":"SMITH"},{"floor":10.0,"key":"REST"},{"data":"Storm","floor":15.0,"key":"SMITH"},{"data":"Defragment","floor":23.0,"key":"SMITH"},{"data":"Amplify","floor":25.0,"key":"SMITH"},{"floor":27.0,"key":"REST"}],"circlet_count":0,"master_deck":["AscendersBane","Defend_B","Defend_B","Defend_B","Defend_B","Zap","Dualcast","Cold Snap","White Noise+1","Chaos+1","Storm+1","Chill","Amplify+1","Storm","Ball Lightning","Core Surge","Loop","Ghostly","Ghostly","Ghostly","Defragment+1","Static Discharge"],"relics":["Inserter","Golden Idol","StrikeDummy","Lizard Tail","Bag of Marbles","Empty Cage"],"acts_visited":["Exordium","TheCity"],"potions_floor_usage":[],"damage_taken":[{"damage":4.0,"enemies":"Small Slimes","floor":1.0,"turns":4.0},{"damage":3.0,"enemies":"2 Louse","floor":2.0,"turns":4.0},{"damage":15.0,"enemies":"Jaw Worm","floor":3.0,"turns":5.0},{"damage":17.0,"enemies":"2 Fungi Beasts","floor":4.0,"turns":4.0},{"damage":15.0,"enemies":"Blue Slaver","floor":7.0,"turns":5.0},{"damage":5.0,"enemies":"Gremlin Nob","floor":12.0,"turns":3.0},{"damage":26.0,"enemies":"Slime Boss","floor":16.0,"turns":7.0},{"damage":19.0,"enemies":"Chosen","floor":18.0,"turns":5.0},{"damage":27.0,"enemies":"Shell Parasite","floor":19.0,"turns":4.0},{"damage":7.0,"enemies":"Snake Plant","floor":22.0,"turns":4.0},{"damage":5.0,"enemies":"Shelled Parasite and Fungi","floor":24.0,"turns":7.0},{"damage":6,"enemies":"Chosen and Byrds","floor":29,"turns":5},{"damage":30,"enemies":"Cultist and Chosen","floor":30,"turns":3}],"seed_played":"4600183586846371382","potions_obtained":[{"floor":4.0,"key":"LiquidMemories"},{"floor":7.0,"key":"PowerPotion"},{"floor":18.0,"key":"SpeedPotion"},{"floor":22.0,"key":"FearPotion"}],"is_trial":false,"path_per_floor":["M","M","M","M","?","R","M","R","T","R","?","E","?","$","R","B",null,"M","M","?","$","M","R","M","R","T","R","?","M","M"],"character_chosen":"DEFECT","items_purchased":["Storm","Ball Lightning","Defragment"],"campfire_rested":2,"item_purchase_floors":[14,14,21],"current_hp_per_floor":[60,57,42,25,25,25,10,10,10,29,18,13,34,34,34,8,50,31,4,4,4,16,16,11,11,11,20,20,14,0,0],"gold":54,"neow_bonus":"BOSS_RELIC","is_daily":false,"chose_seed":false,"campfire_upgraded":5,"win_rate":0.0,"timestamp":1607840248,"path_taken":["M","M","M","M","?","R","M","R","T","R","?","E","?","$","R","BOSS","M","M","?","$","M","R","M","R","T","R","?","M","M"],"items_purchased_type":["Card","Card","Card"],"build_version":"2020-11-30","purchased_purges":2,"victory":false,"max_hp_per_floor":[71,71,71,71,64,64,64,64,64,64,64,64,64,64,64,64,64,64,64,32,32,32,32,32,32,32,32,32,32,32,32],"card_choices":[{"not_picked":["Rebound","Go for the Eyes"],"picked":"Cold Snap","floor":1.0},{"not_picked":["Darkness","Streamline"],"picked":"White Noise","floor":2.0},{"not_picked":["Turbo","Stack"],"picked":"Chaos","floor":3.0},{"not_picked":["Leap","Hello World"],"picked":"Storm","floor":4.0},{"not_picked":["Chaos","Steam Power"],"picked":"Chill","floor":7.0},{"not_picked":["Turbo","Barrage"],"picked":"Amplify","floor":12.0},{"not_picked":["Multi-Cast","Hyperbeam"],"picked":"Core Surge","floor":16.0},{"not_picked":["Ball Lightning","Leap","Rebound"],"picked":"SKIP","floor":18.0},{"not_picked":["Redo","Gash"],"picked":"Loop","floor":19.0},{"not_picked":["Turbo","Sweeping Beam","Beam Cell"],"picked":"SKIP","floor":22.0},{"not_picked":["Doom and Gloom","BootSequence"],"picked":"Static Discharge","floor":24.0},{"not_picked":["Hello World","Sunder","Amplify"],"picked":"SKIP","floor":29}],"player_experience":1332214,"relics_obtained":[{"floor":9.0,"key":"StrikeDummy"},{"floor":12.0,"key":"Bag of Marbles"}],"event_choices":[{"damage_healed":0.0,"max_hp_gain":0.0,"max_hp_loss":7.0,"gold_gain":0.0,"event_name":"Golden Idol","player_choice":"Lose Max HP","floor":5.0,"gold_loss":0.0,"damage_taken":0.0,"relics_obtained":["Golden Idol"]},{"damage_healed":0.0,"max_hp_gain":0.0,"max_hp_loss":0.0,"gold_gain":0.0,"event_name":"Scrap Ooze","player_choice":"Success","floor":11.0,"gold_loss":0.0,"damage_taken":11.0,"relics_obtained":["Lizard Tail"]},{"damage_healed":21.0,"max_hp_gain":0.0,"max_hp_loss":0.0,"gold_gain":0.0,"event_name":"Big Fish","player_choice":"Banana","floor":13.0,"gold_loss":0.0,"damage_taken":0.0},{"damage_healed":0.0,"max_hp_gain":0.0,"max_hp_loss":32.0,"gold_gain":0.0,"event_name":"Ghosts","player_choice":"Became a Ghost","floor":20.0,"gold_loss":0.0,"damage_taken":0.0,"cards_obtained":["Ghostly","Ghostly","Ghostly"]},{"damage_healed":0.0,"max_hp_gain":0.0,"max_hp_loss":0.0,"gold_gain":0.0,"event_name":"The Mausoleum","player_choice":"Ignored","floor":28.0,"gold_loss":0.0,"damage_taken":0.0}],"is_beta":false,"boss_relics":[{"not_picked":["SacredBark","Fusion Hammer"],"picked":"Empty Cage"}],"items_purged_floors":[14,21],"is_endless":false,"potions_floor_spawned":[4,7,18,22],"killed_by":"Cultist and Chosen","ascension_level":20}}