{"host":"7yyoe0ei0fseceei","time":1607869146,"event":{"mods":["BaseMod","Colored Map","Highlight Path","Minty Spire (QoL Compilation)","Quick Restart"],"gold_per_floor":[16,28,40,54,19,53,53,81,106,117,150,150,184,204,204,204,204],"floor_reached":16,"playtime":437,"items_purged":[],"score":314,"play_id":"1db5fe9a-5fa8-4182-8e8d-992b50b38104","local_time":"20201213151906","is_ascension_mode":true,"campfire_choices":[{"floor":12,"key":"REST"},{"data":"Seeing Red","floor":15,"key":"SMITH"}],"circlet_count":0,"master_deck":["AscendersBane","Strike_R","Strike_R","Strike_R","Strike_R","Defend_R","Defend_R","Defend_R","Defend_R+1","Whirlwind","Flex","Cleave","Cleave","Flex+1","Ghostly Armor","Cleave","Seeing Red+1"],"relics":["Burning Blood","Anchor","Akabeko","PreservedInsect","War Paint","Red Skull"],"acts_visited":["Exordium"],"potions_floor_usage":[11,11,16],"damage_taken":[{"damage":23.0,"enemies":"Jaw Worm","floor":1.0,"turns":6.0},{"damage":14.0,"enemies":"2 Louse","floor":2.0,"turns":2.0},{"damage":7.0,"enemies":"Cultist","floor":3.0,"turns":4.0},{"damage":14.0,"enemies":"Blue Slaver","floor":4.0,"turns":4.0},{"damage":10.0,"enemies":"3 Sentries","floor":6.0,"turns":3.0},{"damage":56,"enemies":"Gremlin Nob","floor":8,"turns":5},{"damage":0,"enemies":"Lots of Slimes","floor":10,"turns":2},{"damage":30,"enemies":"Lagavulin","floor":11,"turns":4},{"damage":0,"enemies":"3 Sentries","floor":13,"turns":3},{"damage":1,"enemies":"Looter","floor":14,"turns":2},{"damage":56,"enemies":"Hexaghost","floor":16,"turns":7}],"seed_played":"1694199898741379133","potions_obtained":[{"floor":1.0,"key":"SkillPotion"},{"floor":3.0,"key":"SkillPotion"},{"floor":8,"key":"PowerPotion"},{"floor":11,"key":"DistilledChaos"},{"floor":13,"key":"Ancient Potion"}],"is_trial":false,"path_per_floor":["M","M","M","M","?","E","?","E","T","M","E","R","E","M","R","B"],"character_chosen":"IRONCLAD","items_purchased":[],"campfire_rested":1,"item_purchase_floors":[],"current_hp_per_floor":[51,43,42,34,52,48,85,35,35,41,17,42,48,53,53,0,0],"gold":204,"neow_bonus":"REMOVE_TWO","is_daily":false,"chose_seed":false,"campfire_upgraded":1,"win_rate":0.0,"timestamp":1607869146,"path_taken":["M","M","M","M","?","E","?","E","T","?","E","R","E","M","R","BOSS"],"items_purchased_type":[],"build_version":"2020-11-30","purchased_purges":0,"victory":false,"max_hp_per_floor":[75,75,75,75,75,75,85,85,85,85,85,85,85,85,85,85,85],"card_choices":[{"not_picked":["Shockwave","Dropkick"],"picked":"Whirlwind","floor":1.0},{"not_picked":["Disarm","Wild Strike"],"picked":"Flex","floor":2.0},{"not_picked":["Metallicize","Iron Wave"],"picked":"Cleave","floor":3.0},{"not_picked":["Anger","Dark Embrace"],"picked":"Cleave","floor":4.0},{"not_picked":["Sentinel","Limit Break"],"picked":"Fiend Fire","floor":6.0},{"not_picked":["Shrug It Off","Havoc"],"picked":"Flex","floor":8},{"not_picked":["Twin Strike","Wild Strike"],"picked":"Ghostly Armor","floor":10},{"not_picked":["Clash","Sword Boomerang"],"picked":"Cleave","floor":11},{"not_picked":["Heavy Blade","Twin Strike","Bludgeon"],"picked":"SKIP","floor":13},{"not_picked":["Sever Soul","Thunderclap"],"picked":"Seeing Red","floor":14}],"player_experience":832946,"relics_obtained":[{"floor":6.0,"key":"Anchor"},{"floor":8,"key":"Akabeko"},{"floor":9,"key":"PreservedInsect"},{"floor":11,"key":"War Paint"},{"floor":13,"key":"Red Skull"}],"event_choices":[{"damage_healed":18.0,"max_hp_gain":0.0,"max_hp_loss":0.0,"gold_gain":0.0,"event_name":"The Cleric","player_choice":"Healed","floor":5.0,"gold_loss":35.0,"damage_taken":0.0},{"cards_removed":["Fiend Fire"],"damage_healed":27.0,"max_hp_gain":10.0,"max_hp_loss":0.0,"gold_gain":0.0,"event_name":"Bonfire Elementals","player_choice":"Offered Rare","floor":7.0,"gold_loss":0.0,"damage_taken":0.0}],"is_beta":false,"boss_relics":[],"items_purged_floors":[],"is_endless":false,"potions_floor_spawned":[1,3,8,10,11,13],"killed_by":"Hexaghost","ascension_level":20}}