{"host":"2ccem01eblg14btk","time":1607871536,"event":{"mods":["BaseMod","Colored Map","Downfall","Minty Spire (QoL Compilation)","Quick Restart","StSLib"],"gold_per_floor":[99,99,199,210,226,226,303,303,337,337,350,365,365,377,397,397,397],"floor_reached":16,"playtime":521,"items_purged":[],"score":102,"play_id":"5f553ef3-23a9-4883-af50-43a9146ac982","local_time":"20201213155856","is_ascension_mode":false,"campfire_choices":[{"data":"Guardian:TwinSlam","floor":1.0,"key":"SMITH"},{"data":"Guardian:BronzeOrb","floor":6,"key":"SMITH"},{"data":"Guardian:CurlUp","floor":8,"key":"SMITH"},{"data":"Guardian:RollAttack","floor":10,"key":"SMITH"}],"circlet_count":0,"master_deck":["Guardian:Strike_Guardian","Guardian:Strike_Guardian","Guardian:Strike_Guardian","Guardian:Strike_Guardian","Guardian:Defend_Guardian","Guardian:Defend_Guardian","Guardian:Defend_Guardian","Guardian:Defend_Guardian","Guardian:CurlUp+1","Guardian:TwinSlam+1","Regret","Guardian:BronzeOrb+1","Guardian:RollAttack+1","Guardian:RollAttack","Guardian:Gem_Green","Guardian:Orbwalk","Guardian:Harden"],"relics":["Guardian:ModeShifter","Ancient Tea Set","Singing Bowl","Blood Vial","downfall:ShatteredFragment"],"acts_visited":["Exordium"],"potions_floor_usage":[14,16,16],"damage_taken":[{"damage":5.0,"enemies":"Small Slimes","floor":4.0,"turns":3.0},{"damage":0.0,"enemies":"2 Louse","floor":5.0,"turns":2.0},{"damage":37,"enemies":"3 Sentries","floor":9,"turns":10},{"damage":1,"enemies":"Cultist","floor":11,"turns":3},{"damage":3,"enemies":"2 Fungi Beasts","floor":12,"turns":3},{"damage":10,"enemies":"Exordium Thugs","floor":14,"turns":3},{"damage":0,"enemies":"Lots of Slimes","floor":15,"turns":3},{"damage":35,"enemies":"downfall:Silent","floor":16,"turns":7}],"seed_played":"6115757485581516146","potions_obtained":[{"floor":4.0,"key":"Regen Potion"},{"floor":9,"key":"AttackPotion"},{"floor":14,"key":"LiquidMemories"}],"is_trial":false,"path_per_floor":["R","?","?","M","M","R","T","R","E","R","M","M","?","M","M","B"],"character_chosen":"GUARDIAN","items_purchased":[],"campfire_rested":0,"item_purchase_floors":[],"current_hp_per_floor":[88,88,88,83,83,83,83,83,46,46,47,46,22,14,16,0,0],"gold":397,"neow_bonus":"TEN_PERCENT_HP_BONUS","is_daily":false,"chose_seed":false,"campfire_upgraded":4,"win_rate":0.0,"timestamp":1607871536,"path_taken":["R","?","?","M","M","R","T","R","E","R","M","M","?","M","M","BOSS"],"items_purchased_type":[],"build_version":"2020-11-30","purchased_purges":0,"victory":false,"max_hp_per_floor":[88,88,88,88,88,88,88,88,88,88,88,88,88,88,88,88,88],"card_choices":[{"not_picked":["Guardian:PiercingHide","Guardian:ChargeCore"],"picked":"Guardian:BronzeOrb","floor":4.0},{"not_picked":["Guardian:PrismaticBarrier","Guardian:ChargeCore"],"picked":"Guardian:Gem_Crimson","floor":5.0},{"not_picked":["Guardian:CrystalBeam","Guardian:ChargeCore"],"picked":"Guardian:RollAttack","floor":9},{"not_picked":["Guardian:Planning","Guardian:PrimingBeam"],"picked":"Guardian:RollAttack","floor":11},{"not_picked":["Guardian:Suspension","Guardian:WalkerClaw"],"picked":"Guardian:Gem_Green","floor":12},{"not_picked":["Guardian:Repulse","Guardian:TemporalStrike"],"picked":"Guardian:Orbwalk","floor":14},{"not_picked":["Guardian:FastForward","Guardian:TemporalStrike"],"picked":"Guardian:Harden","floor":15}],"player_experience":110129,"relics_obtained":[{"floor":7,"key":"Singing Bowl"},{"floor":9,"key":"Blood Vial"}],"event_choices":[{"damage_healed":0.0,"max_hp_gain":0.0,"max_hp_loss":0.0,"gold_gain":0.0,"event_name":"Big Fish","player_choice":"Box","floor":2.0,"gold_loss":0.0,"damage_taken":0.0,"relics_obtained":["Ancient Tea Set"],"cards_obtained":["Regret"]}],"is_beta":false,"boss_relics":[],"items_purged_floors":[],"is_endless":false,"potions_floor_spawned":[4,9,14],"killed_by":"downfall:Silent","ascension_level":0}}