{"host":"ya062ahhhuj9au1o","time":1607885018,"event":{"mods":["BaseMod","Better Third Choice","Filter the Spire","Hermit","Minty Spire (QoL Compilation)","Random Character Button","Robot Space Explorer","Somnambulant","StSLib","The Bug Knight","The Cursed","The Servant 0.9.4"],"gold_per_floor":[118,118,193,204,204,204,204],"floor_reached":6,"playtime":303,"items_purged":[],"score":43,"play_id":"145d27f3-20ae-47a9-9267-63681204bb74","local_time":"20201213134338","is_ascension_mode":true,"campfire_choices":[],"circlet_count":0,"master_deck":["RobotSpaceExplorer:Strike","RobotSpaceExplorer:Strike","RobotSpaceExplorer:Strike","RobotSpaceExplorer:Strike","RobotSpaceExplorer:Defend","RobotSpaceExplorer:Defend","RobotSpaceExplorer:Defend","RobotSpaceExplorer:Defend","RobotSpaceExplorer:Scan","RobotSpaceExplorer:MiniLasers","RobotSpaceExplorer:LuckyStrike"],"relics":["RobotSpaceExplorer:RoboCore","Ginger","Juzu Bracelet"],"acts_visited":["Exordium"],"potions_floor_usage":[],"damage_taken":[{"damage":0,"enemies":"Jaw Worm","floor":1,"turns":4},{"damage":0,"enemies":"Small Slimes","floor":4,"turns":4},{"damage":23,"enemies":"3 Sentries","floor":6,"turns":8}],"seed_played":"7214497423892463199","potions_obtained":[{"floor":4,"key":"AttackPotion"},{"floor":5,"key":"Weak Potion"},{"floor":5,"key":"AttackPotion"}],"is_trial":false,"path_per_floor":["M","?","?","M","?","E"],"character_chosen":"RobotSpaceExplorer","items_purchased":[],"campfire_rested":0,"item_purchase_floors":[],"current_hp_per_floor":[54,51,40,40,40,17,17],"gold":204,"neow_bonus":"ONE_RARE_RELIC","is_daily":false,"chose_seed":false,"campfire_upgraded":0,"win_rate":0.0,"timestamp":1607885018,"path_taken":["M","?","?","M","?","E"],"items_purchased_type":[],"build_version":"2020-11-30","purchased_purges":0,"victory":false,"max_hp_per_floor":[75,75,75,75,75,75,75],"card_choices":[{"not_picked":["RobotSpaceExplorer:ImprovisedAttack","RobotSpaceExplorer:MetalStrike"],"picked":"RobotSpaceExplorer:LuckyStrike","floor":1},{"not_picked":["RobotSpaceExplorer:ToxicBomb","RobotSpaceExplorer:LaserBurst","RobotSpaceExplorer:Blitz"],"picked":"SKIP","floor":4}],"player_experience":1608979,"relics_obtained":[],"event_choices":[{"damage_healed":0,"gold_gain":0,"player_choice":"Relic ","damage_taken":3,"max_hp_gain":0,"max_hp_loss":0,"event_name":"betterThird:BetterScrap","floor":2,"gold_loss":0,"cards_obtained":["Blasphemy"]},{"damage_healed":0,"gold_gain":75,"player_choice":"Gold","damage_taken":11,"max_hp_gain":0,"max_hp_loss":0,"event_name":"betterThird:BetterGoop","floor":3,"gold_loss":0},{"damage_healed":0,"gold_gain":0,"player_choice":"Got Potions","damage_taken":0,"max_hp_gain":0,"max_hp_loss":0,"event_name":"Lab","floor":5,"gold_loss":0}],"is_beta":false,"boss_relics":[],"items_purged_floors":[],"is_endless":false,"potions_floor_spawned":[4],"killed_by":"3 Sentries","ascension_level":5}}