{"host":"5f8ute538gzudddu","time":1607835943,"event":{"mods":["BaseMod","Highlight Path","Minty Spire (QoL Compilation)","Relic Stats","StSLib"],"gold_per_floor":[109,124,135,149,149,184,184,198,198,198,198,232,66,99,99,195,195,209,259,274,32,47,91,115,115,165,196,211,211,211],"floor_reached":29,"playtime":1069,"items_purged":["Strike_P"],"score":620,"play_id":"4a0bf6bb-87e1-413c-99d6-5de26fa91397","local_time":"20201212210543","is_ascension_mode":true,"campfire_choices":[{"floor":7.0,"key":"REST"},{"data":"Eruption","floor":11.0,"key":"SMITH"},{"data":"FollowUp","floor":15.0,"key":"SMITH"},{"data":"BowlingBash","floor":25.0,"key":"SMITH"}],"circlet_count":0,"master_deck":["AscendersBane","Strike_P","Strike_P","Strike_P","Defend_P","Defend_P","Defend_P","Defend_P","Eruption+1","Vigilance","Perseverance","FlyingSleeves","FlyingSleeves","Protect","FollowUp+1","Establishment","BowlingBash+1","Sanctity"],"relics":["Busted Crown","Golden Idol","Torii","White Beast Statue","Singing Bowl","Bag of Preparation","Shuriken","Coffee Dripper","Toy Ornithopter","Tiny Chest","Boot","Sundial"],"acts_visited":["Exordium","TheCity"],"potions_floor_usage":[29,29],"damage_taken":[{"damage":1.0,"enemies":"Cultist","floor":1.0,"turns":4.0},{"damage":1.0,"enemies":"Small Slimes","floor":2.0,"turns":4.0},{"damage":9.0,"enemies":"2 Louse","floor":3.0,"turns":2.0},{"damage":8.0,"enemies":"Blue Slaver","floor":4.0,"turns":4.0},{"damage":39.0,"enemies":"Gremlin Nob","floor":6.0,"turns":5.0},{"damage":1.0,"enemies":"2 Fungi Beasts","floor":8.0,"turns":4.0},{"damage":17.0,"enemies":"3 Sentries","floor":12.0,"turns":8.0},{"damage":0.0,"enemies":"Lagavulin","floor":14.0,"turns":7.0},{"damage":1.0,"enemies":"Hexaghost","floor":16.0,"turns":7.0},{"damage":0.0,"enemies":"3 Byrds","floor":18.0,"turns":6.0},{"damage":10.0,"enemies":"2 Thieves","floor":20.0,"turns":3.0},{"damage":7.0,"enemies":"3 Cultists","floor":22.0,"turns":6.0},{"damage":1.0,"enemies":"Slavers","floor":23.0,"turns":5.0},{"damage":19.0,"enemies":"Shelled Parasite and Fungi","floor":24.0,"turns":5.0},{"damage":1.0,"enemies":"Gremlin Leader","floor":27.0,"turns":3.0},{"damage":16.0,"enemies":"Snake Plant","floor":28.0,"turns":5.0},{"damage":36,"enemies":"Book of Stabbing","floor":29,"turns":4}],"seed_played":"-3253895379404397874","potions_obtained":[{"floor":1.0,"key":"PowerPotion"},{"floor":6.0,"key":"Swift Potion"},{"floor":12.0,"key":"DuplicationPotion"},{"floor":16.0,"key":"SteroidPotion"},{"floor":18.0,"key":"Fire Potion"},{"floor":20.0,"key":"Energy Potion"},{"floor":23.0,"key":"ColorlessPotion"},{"floor":24.0,"key":"FearPotion"},{"floor":27.0,"key":"Explosive Potion"},{"floor":28.0,"key":"StancePotion"}],"is_trial":false,"path_per_floor":["M","M","M","M","?","E","R","M","T","?","R","E","$","E","R","B",null,"M","?","M","$","M","E","M","R","T","E","M","E"],"character_chosen":"WATCHER","items_purchased":["Bag of Preparation","Toy Ornithopter"],"campfire_rested":1,"item_purchase_floors":[13,21],"current_hp_per_floor":[60,59,50,42,42,3,21,20,20,25,25,8,8,10,10,11,56,56,49,39,39,34,40,33,33,33,39,25,0,0],"gold":211,"neow_bonus":"BOSS_RELIC","is_daily":false,"chose_seed":false,"campfire_upgraded":3,"win_rate":0.0,"timestamp":1607835943,"path_taken":["M","?","M","M","?","E","R","M","T","?","R","E","?","E","R","BOSS","M","?","?","$","M","E","M","R","T","E","?","E"],"items_purchased_type":["Relic","Relic"],"build_version":"2020-11-30","purchased_purges":1,"victory":false,"max_hp_per_floor":[68,68,68,68,62,62,62,62,62,67,67,67,67,69,69,71,71,71,71,71,71,73,75,77,77,77,79,81,81,81],"relic_stats":{"Busted Crown":32,"Torii":18,"Singing Bowl":14,"counters":[17,82],"Golden Idol":75,"Shuriken":[21],"Sundial":[2],"Tiny Chest":0,"Bag of Preparation":[20],"Boot":[7],"obtain_stats":[{"Torii":6,"Singing Bowl":12,"Golden Idol":5,"Bag of Preparation":13,"Boot":26,"White Beast Statue":9,"Busted Crown":0,"Shuriken":14,"Sundial":27,"Tiny Chest":23,"Coffee Dripper":17,"PureWater":0,"Toy Ornithopter":21},{"Torii":5,"Singing Bowl":7,"Golden Idol":4,"Bag of Preparation":7,"Boot":14,"White Beast Statue":6,"Busted Crown":0,"Shuriken":8,"Sundial":15,"Tiny Chest":13,"Coffee Dripper":9,"PureWater":0,"Toy Ornithopter":11},{"Torii":19,"Singing Bowl":31,"Golden Idol":14,"Bag of Preparation":31,"Boot":70,"White Beast Statue":23,"Busted Crown":0,"Shuriken":38,"Sundial":73,"Tiny Chest":65,"Coffee Dripper":45,"PureWater":0,"Toy Ornithopter":54}],"Toy Ornithopter":30},"card_choices":[{"not_picked":[],"picked":"Perseverance","floor":1.0},{"not_picked":[],"picked":"FlyingSleeves","floor":2.0},{"not_picked":[],"picked":"FlyingSleeves","floor":3.0},{"not_picked":[],"picked":"Protect","floor":4.0},{"not_picked":["SignatureMove"],"picked":"SKIP","floor":6.0},{"not_picked":[],"picked":"FollowUp","floor":8.0},{"not_picked":[],"picked":"Establishment","floor":12.0},{"not_picked":["FlurryOfBlows"],"picked":"Singing Bowl","floor":14.0},{"not_picked":["DevaForm"],"picked":"Singing Bowl","floor":16.0},{"not_picked":[],"picked":"BowlingBash","floor":18.0},{"not_picked":[],"picked":"Sanctity","floor":20.0},{"not_picked":["CrushJoints"],"picked":"Singing Bowl","floor":22.0},{"not_picked":["JustLucky"],"picked":"Singing Bowl","floor":23.0},{"not_picked":["Prostrate"],"picked":"Singing Bowl","floor":24.0},{"not_picked":["Halt"],"picked":"Singing Bowl","floor":27.0},{"not_picked":["CrushJoints"],"picked":"Singing Bowl","floor":28.0}],"player_experience":872839,"relics_obtained":[{"floor":6.0,"key":"Torii"},{"floor":9.0,"key":"White Beast Statue"},{"floor":12.0,"key":"Singing Bowl"},{"floor":14.0,"key":"Shuriken"},{"floor":23.0,"key":"Tiny Chest"},{"floor":26.0,"key":"Boot"},{"floor":27.0,"key":"Sundial"}],"event_choices":[{"damage_healed":0.0,"max_hp_gain":0.0,"max_hp_loss":6.0,"gold_gain":0.0,"event_name":"Golden Idol","player_choice":"Lose Max HP","floor":5.0,"gold_loss":0.0,"damage_taken":0.0,"relics_obtained":["Golden Idol"]},{"damage_healed":0.0,"max_hp_gain":5.0,"max_hp_loss":0.0,"gold_gain":0.0,"event_name":"Big Fish","player_choice":"Donut","floor":10.0,"gold_loss":0.0,"damage_taken":0.0},{"damage_healed":0.0,"max_hp_gain":0.0,"max_hp_loss":0.0,"gold_gain":50.0,"event_name":"FaceTrader","player_choice":"Touch","floor":19.0,"gold_loss":0.0,"damage_taken":7.0}],"is_beta":false,"boss_relics":[{"not_picked":["Ectoplasm","Runic Pyramid"],"picked":"Coffee Dripper"}],"items_purged_floors":[21],"is_endless":false,"potions_floor_spawned":[1,6,12,14,16,18,20,22,23,24,27,28],"killed_by":"Book of Stabbing","ascension_level":20}}