{"host":"x205naxbihvu3p76","time":1607824640,"event":{"mods":["AchievementEnabler","BaseMod","Minty Spire (QoL Compilation)","StSLib","SuperFastMode"],"gold_per_floor":[410,428,428,12,28,28,39,73,97,116,116,143,159,172,172,248,248,265,238,288,301,34,34,34,34],"floor_reached":24,"playtime":570,"items_purged":["Strike_B","Strike_B"],"score":389,"play_id":"2a08983d-61b1-4b75-88ff-35a521bba1e0","local_time":"20201213105720","is_ascension_mode":true,"campfire_choices":[{"data":"Sunder","floor":6,"key":"SMITH"},{"floor":11,"key":"REST"},{"floor":15,"key":"REST"},{"floor":23,"key":"REST"}],"circlet_count":0,"master_deck":["AscendersBane","Strike_B","Defend_B","Defend_B","Defend_B","Defend_B","Zap","Dualcast+1","Undo","Recycle","Sunder+1","Chill","Turbo+1","Coolheaded","Steam","FTL","Ball Lightning","Buffer","Beam Cell","Chill"],"relics":["Cracked Core","Old Coin","DataDisk","Ancient Tea Set","Nunchaku","War Paint","Sozu","Pen Nib"],"acts_visited":["Exordium","TheCity"],"potions_floor_usage":[12,16,18],"damage_taken":[{"damage":9,"enemies":"Jaw Worm","floor":1,"turns":4},{"damage":7,"enemies":"Small Slimes","floor":2,"turns":3},{"damage":3,"enemies":"Cultist","floor":5,"turns":3},{"damage":5,"enemies":"Blue Slaver","floor":7,"turns":4},{"damage":13,"enemies":"Lagavulin","floor":8,"turns":7},{"damage":12,"enemies":"3 Louse","floor":10,"turns":2},{"damage":5,"enemies":"3 Sentries","floor":12,"turns":5},{"damage":0,"enemies":"Lots of Slimes","floor":13,"turns":5},{"damage":0,"enemies":"2 Fungi Beasts","floor":14,"turns":3},{"damage":21,"enemies":"Slime Boss","floor":16,"turns":8},{"damage":15,"enemies":"Chosen","floor":18,"turns":5},{"damage":22,"enemies":"2 Thieves","floor":19,"turns":4},{"damage":13,"enemies":"Centurion and Healer","floor":21,"turns":7},{"damage":27,"enemies":"Gremlin Leader","floor":24,"turns":4}],"seed_played":"-1211929097622974549","potions_obtained":[{"floor":1,"key":"Explosive Potion"},{"floor":7,"key":"Explosive Potion"},{"floor":12,"key":"Weak Potion"},{"floor":13,"key":"DuplicationPotion"}],"is_trial":false,"path_per_floor":["M","M","?","$","M","R","M","E","T","M","R","E","M","M","R","B",null,"M","M","?","M","$","R","E"],"character_chosen":"DEFECT","items_purchased":["Sunder","Chill","DataDisk","Turbo","Pen Nib"],"campfire_rested":3,"item_purchase_floors":[4,4,4,4,22],"current_hp_per_floor":[55,48,48,48,45,45,40,27,27,15,34,29,29,29,48,27,55,40,18,18,5,5,24,0,0],"gold":34,"neow_bonus":"ONE_RARE_RELIC","is_daily":false,"chose_seed":false,"campfire_upgraded":1,"win_rate":0.0,"timestamp":1607824640,"path_taken":["M","M","?","$","M","R","M","E","T","M","R","E","M","M","R","BOSS","M","M","?","M","$","R","E"],"items_purchased_type":["Card","Card","Relic","Card","Relic"],"build_version":"2020-11-30","purchased_purges":2,"victory":false,"max_hp_per_floor":[64,64,64,64,64,64,64,64,64,64,64,64,64,64,64,64,64,64,64,64,64,64,64,64,64],"card_choices":[{"not_picked":["Force Field","Streamline","Hologram"],"picked":"SKIP","floor":1},{"not_picked":["Streamline","Coolheaded"],"picked":"Undo","floor":2},{"not_picked":["Ball Lightning","Consume"],"picked":"Coolheaded","floor":5},{"not_picked":["Coolheaded","Beam Cell","Tempest"],"picked":"SKIP","floor":7},{"not_picked":["Amplify","Auto Shields"],"picked":"Steam","floor":8},{"not_picked":["Rebound","Darkness"],"picked":"FTL","floor":10},{"not_picked":["Steam Power","Cold Snap","Hologram"],"picked":"SKIP","floor":12},{"not_picked":["Recycle","Stack"],"picked":"Ball Lightning","floor":13},{"not_picked":["Scrape","Turbo","Blizzard"],"picked":"SKIP","floor":14},{"not_picked":["Amplify","Seek"],"picked":"Buffer","floor":16},{"not_picked":["Heatsinks+1","Streamline"],"picked":"Beam Cell","floor":18},{"not_picked":["Coolheaded","Undo","Ball Lightning"],"picked":"SKIP","floor":19},{"not_picked":["Barrage","White Noise"],"picked":"Chill","floor":21}],"player_experience":932459,"relics_obtained":[{"floor":8,"key":"Ancient Tea Set"},{"floor":9,"key":"Nunchaku"},{"floor":12,"key":"War Paint"}],"event_choices":[{"damage_healed":0,"gold_gain":0,"cards_transformed":["Strike_B"],"player_choice":"Change","damage_taken":0,"max_hp_gain":0,"max_hp_loss":0,"event_name":"Living Wall","floor":3,"gold_loss":0,"cards_obtained":["Recycle"]},{"damage_healed":0,"gold_gain":50,"player_choice":"Pray","damage_taken":0,"max_hp_gain":0,"max_hp_loss":0,"event_name":"Golden Shrine","floor":20,"gold_loss":0}],"is_beta":false,"boss_relics":[{"not_picked":["Black Star","SacredBark"],"picked":"Sozu"}],"items_purged_floors":[4,22],"is_endless":false,"potions_floor_spawned":[1,7,8,12,13,21],"killed_by":"Gremlin Leader","ascension_level":17}}