{"host":"lnc26sm36s9d8cik","time":1607887181,"event":{"mods":["Act Like it!","Bartender","BaseMod","Dio Mod","Downfall","Duelist Mod","Elementarium","Gensokyo","GifTheSpireLib","Hubris","Magitek Elite","Melee Mod","Mimic Mod","Minty Spire (QoL Compilation)","Prisma Mod","Remilia??????","Shade Mod","Spicy Shops","StSLib","The Administrix","The Alterego","The Animator","The Cursed","The Exalted","The Gatherer","The Hierophant","The Necromancer","The Poker Player","The Senshi","The Servant 0.9.4","The Wild Card","TheBandit","WarShipGirlsR/????R mod"],"gold_per_floor":[218,158,158,173,189,189,169,169,192,224,224,3,32,44,44,139,139,149,149,166,186,196,196,227,227,250,1,28,28,39,67,67,164,214,225,245,245,255,255,255,290,302,370,370,383,383,383,67,67,67],"floor_reached":51,"playtime":4971,"items_purged":["Regret","rmod:chargemoney"],"score":768,"play_id":"33c3d74d-e5b6-45a0-ba13-c5e5b5dc0b95","local_time":"20201213201941","is_ascension_mode":false,"campfire_choices":[{"data":"rmod:expedition","floor":6,"key":"SMITH"},{"data":"rmod:expedition+1","floor":8,"key":"SMITH"},{"data":"rmod:expedition+2","floor":11,"key":"SMITH"},{"data":"rmod:supportescort","floor":15,"key":"SMITH"},{"data":"rmod:fletcher","floor":23,"key":"SMITH"},{"floor":25,"key":"REST"},{"data":"rmod:expedition","floor":32,"key":"SMITH"},{"data":"rmod:expedition+1","floor":40,"key":"SMITH"},{"data":"rmod:expedition+2","floor":47,"key":"SMITH"},{"data":"rmod:supportaircraftcarrier","floor":49,"key":"SMITH"}],"circlet_count":0,"master_deck":["rmod:strick","rmod:strick","rmod:strick","rmod:defend","rmod:defend","rmod:defend+1","rmod:defend","rmod:basicallowance+1","rmod:maingunfire","rmod:fletcherpendant","rmod:fletcherpendant","rmod:fletcherpendant","rmod:combined","rmod:fuelsupply","rmod:fletcherpendant","rmod:expedition+3","rmod:circuitoustactics","rmod:maintain","rmod:supportescort+1","rmod:fletcher+1","CurseOfTheBell","rmod:circuitoustactics","rmod:fletcherpendant","rmod:fuelsupply","rmod:acesubmarine+1","rmod:expedition+3","rmod:steelsupply+1","rmod:windflower","rmod:supportaircraftcarrier+1","rmod:bulid+1","rmod:smokecover+1","rmod:diaomin+1","Doubt","rmod:diaomin"],"relics":["rmod:firstchargereward","Orrery","Bromod:ArcaneTempo","Lantern","CaptainsWheel","War Paint","Ribbon","Calling Bell","hubris:TenFootPole","Mummified Hand","Gambling Chip","rmod:monthlycard","hubris:BundleOfHerbs","Oddly Smooth Stone","Strange Spoon","ScarletDevilRocket","Bag of Preparation","Elementarium:ElementariumTrophy","Tiny House","InkBottle","Bottled Flame","hubris:CrystalStatue","Ornamental Fan","Nunchaku"],"acts_visited":["Exordium","Exordium","TheBeyond"],"potions_floor_usage":[33,42],"damage_taken":[{"damage":0,"enemies":"Cultist","floor":1,"turns":3},{"damage":4,"enemies":"2 Louse","floor":4,"turns":2},{"damage":3,"enemies":"Small Slimes","floor":5,"turns":2},{"damage":23,"enemies":"Lagavulin","floor":10,"turns":7},{"damage":11,"enemies":"3 Sentries","floor":13,"turns":5},{"damage":13,"enemies":"Red Slaver","floor":14,"turns":2},{"damage":4,"enemies":"Hexaghost","floor":16,"turns":10},{"damage":8,"enemies":"Elementarium:MUD_AND_TAR_GOLEMS","floor":18,"turns":5},{"damage":0,"enemies":"Elementarium:VoidCorruption","floor":20,"turns":5},{"damage":5,"enemies":"Elementarium:3_ELEMENTALS","floor":21,"turns":2},{"damage":15,"enemies":"Elementarium:RubyGolem","floor":22,"turns":4},{"damage":0,"enemies":"Elementarium:ElementalPortal","floor":24,"turns":6},{"damage":21,"enemies":"Elementarium:FIRE_NOBILITY","floor":28,"turns":5},{"damage":3,"enemies":"Elementarium:CYCLONE_AND_ORB_OF_FIRE","floor":30,"turns":4},{"damage":0,"enemies":"Elementarium:WarGolem","floor":31,"turns":4},{"damage":25,"enemies":"Elementarium:GoldenDragon","floor":33,"turns":14},{"damage":0,"enemies":"3 Darklings","floor":35,"turns":4},{"damage":0,"enemies":"Orb Walker","floor":36,"turns":4},{"damage":4,"enemies":"Jaw Worm Horde","floor":38,"turns":3},{"damage":37,"enemies":"Giant Head","floor":41,"turns":12},{"damage":6,"enemies":"Writhing Mass","floor":42,"turns":6},{"damage":0,"enemies":"Maw","floor":45,"turns":6},{"damage":1,"enemies":"Jotaro","floor":50,"turns":7}],"seed_played":"-6822381097766907006","potions_obtained":[{"floor":4,"key":"BlessingOfTheForge"},{"floor":7,"key":"LiquidMemories"},{"floor":10,"key":"BlessingOfTheForge"},{"floor":16,"key":"Fire Potion"},{"floor":31,"key":"Energy Potion"},{"floor":33,"key":"Fruit Juice"},{"floor":34,"key":"CultistPotion"},{"floor":41,"key":"Slimebound:ThreeZeroPotion"},{"floor":45,"key":"BlessingOfTheForge"}],"is_trial":false,"path_per_floor":["M","$","?","M","M","R","?","R","T","E","R","$","E","M","R","B",null,"M","?","M","M","M","R","E","R","T","$","E","?","M","E","R","B",null,"M","M","T","M","?","R","E","M","T","?","M","$","R","$","R","B",null],"character_chosen":"PRAEFECT","items_purchased":["Orrery","War Paint","rmod:chargemoney","Strange Spoon","Ornamental Fan","Nunchaku"],"campfire_rested":1,"item_purchase_floors":[2,12,27,27,48,48],"current_hp_per_floor":[75,75,75,71,68,68,68,68,68,45,45,45,34,21,21,17,75,67,38,38,33,18,18,18,29,29,29,38,38,35,35,35,21,48,48,48,48,44,44,44,7,1,1,48,48,48,48,48,48,47],"gold":67,"neow_bonus":"HUNDRED_GOLD","is_daily":false,"chose_seed":false,"campfire_upgraded":9,"win_rate":0.0,"timestamp":1607887181,"path_taken":["M","?","?","M","?","R","?","R","T","E","R","$","E","?","R","BOSS","M","?","M","?","M","R","E","R","T","?","E","?","?","E","R","BOSS","M","M","?","M","?","R","E","M","T","?","M","?","R","$","R","BOSS"],"items_purchased_type":["Relic","Relic","Card","Relic","Relic","Relic"],"build_version":"2020-11-30","purchased_purges":2,"victory":true,"max_hp_per_floor":[75,75,75,75,75,75,75,75,75,75,75,75,75,75,75,75,75,75,38,38,38,38,38,38,38,38,38,38,38,38,38,38,43,48,48,48,48,48,48,48,48,48,48,48,48,48,48,48,48,48],"card_choices":[{"not_picked":["rmod:steelsupply","rmod:advancebysurprise"],"picked":"rmod:fletcherpendant","floor":1},{"not_picked":["rmod:luckystar","rmod:steelsupply"],"picked":"rmod:fletcherpendant","floor":2},{"not_picked":["rmod:aluminumsupply","rmod:u235"],"picked":"rmod:supportescort","floor":2},{"not_picked":["rmod:supportescort","rmod:wife"],"picked":"rmod:fletcherpendant","floor":2},{"not_picked":["rmod:guardianhero","rmod:aviationdawn"],"picked":"rmod:combined","floor":2},{"not_picked":["rmod:supportescort","rmod:circuitoustactics"],"picked":"rmod:fuelsupply","floor":2},{"not_picked":["rmod:salvage","rmod:spoils"],"picked":"rmod:fletcherpendant","floor":4},{"not_picked":["rmod:shuttlebombing","rmod:launchingtorpedo"],"picked":"rmod:expedition","floor":5},{"not_picked":["rmod:ammunitionsupply","rmod:fuelsupply"],"picked":"rmod:circuitoustactics","floor":10},{"not_picked":["rmod:tearstotiara","rmod:goodfighter"],"picked":"rmod:maintain","floor":13},{"not_picked":["rmod:intelligenceanalysis","rmod:steelsupply"],"picked":"rmod:supportescort","floor":14},{"not_picked":["rmod:auspiciousomen","rmod:ridicule"],"picked":"rmod:fletcher","floor":16},{"not_picked":["rmod:tearstotiara+1","rmod:intelligenceanalysis+1"],"picked":"rmod:circuitoustactics","floor":18},{"not_picked":["rmod:steelsupply+1","rmod:launchingtorpedo+1"],"picked":"rmod:fletcherpendant","floor":20},{"not_picked":["rmod:punchline+1","rmod:tearstotiara"],"picked":"rmod:fuelsupply","floor":21},{"not_picked":["rmod:unsinkable","rmod:aggressivemary","rmod:bulid"],"picked":"SKIP","floor":22},{"not_picked":["rmod:tearstotiara","rmod:abidefaith"],"picked":"rmod:acesubmarine","floor":24},{"not_picked":["rmod:combined","rmod:diamondstrike","rmod:tearstotiara"],"picked":"SKIP","floor":28},{"not_picked":["rmod:selfconfidence","rmod:supportescort"],"picked":"rmod:steelsupply+1","floor":30},{"not_picked":["rmod:tearstotiara","rmod:advancebysurprise","rmod:selfconfidence"],"picked":"SKIP","floor":31},{"not_picked":["rmod:supriseattacks","rmod:ridicule"],"picked":"rmod:windflower","floor":33},{"not_picked":["rmod:wife","rmod:salvage+1"],"picked":"rmod:supportaircraftcarrier","floor":34},{"not_picked":["rmod:aviationdawn+1","rmod:combined"],"picked":"rmod:bulid+1","floor":35},{"not_picked":["rmod:victimresponsibility+1","rmod:firesupport"],"picked":"rmod:smokecover+1","floor":36},{"not_picked":["rmod:supriseattacks","rmod:garrisonisland","rmod:steelsupply"],"picked":"SKIP","floor":38},{"not_picked":["rmod:unsinkable","rmod:supportescort","rmod:aluminumsupply+1"],"picked":"SKIP","floor":41},{"not_picked":["rmod:supriseattacks","rmod:diamondstrike+1"],"picked":"rmod:diaomin+1","floor":42},{"not_picked":["rmod:heivgo+1","rmod:supportescort"],"picked":"rmod:diaomin","floor":45}],"player_experience":265218,"relics_obtained":[{"floor":9,"key":"Lantern"},{"floor":10,"key":"CaptainsWheel"},{"floor":13,"key":"Ribbon"},{"floor":17,"key":"hubris:TenFootPole"},{"floor":17,"key":"Mummified Hand"},{"floor":17,"key":"Gambling Chip"},{"floor":24,"key":"hubris:BundleOfHerbs"},{"floor":26,"key":"Oddly Smooth Stone"},{"floor":28,"key":"ScarletDevilRocket"},{"floor":31,"key":"Bag of Preparation"},{"floor":37,"key":"InkBottle"},{"floor":41,"key":"Bottled Flame"},{"floor":43,"key":"hubris:CrystalStatue"}],"event_choices":[{"cards_removed":["rmod:supportescort"],"damage_healed":0,"gold_gain":0,"player_choice":"Gave Card","damage_taken":0,"relics_obtained":["Bromod:ArcaneTempo"],"max_hp_gain":0,"max_hp_loss":0,"event_name":"WeMeetAgain","floor":3,"gold_loss":0},{"damage_healed":0,"gold_gain":0,"player_choice":"Bought 1 Potion","damage_taken":0,"max_hp_gain":0,"max_hp_loss":0,"event_name":"The Woman in Blue","floor":7,"gold_loss":0},{"damage_healed":0,"gold_gain":0,"player_choice":"Sacrifice","damage_taken":0,"relics_obtained":["rmod:monthlycard"],"max_hp_gain":0,"max_hp_loss":37,"event_name":"Elementarium:GreatTreasure","floor":19,"gold_loss":0},{"damage_healed":0,"gold_gain":0,"player_choice":"Read","damage_taken":0,"max_hp_gain":0,"max_hp_loss":0,"event_name":"Elementarium:LostScrolls","floor":29,"gold_loss":0,"cards_obtained":["rmod:expedition"]},{"cards_removed":["rmod:strick"],"damage_healed":0,"gold_gain":0,"player_choice":"Removed Attack","damage_taken":0,"max_hp_gain":0,"max_hp_loss":0,"event_name":"Falling","floor":39,"gold_loss":0},{"damage_healed":47,"gold_gain":0,"player_choice":"Heal","damage_taken":0,"max_hp_gain":0,"max_hp_loss":0,"event_name":"MindBloom","floor":44,"gold_loss":0,"cards_obtained":["Doubt"]}],"is_beta":false,"boss_relics":[{"not_picked":["hubris:TerracottaHorce","Bromod:ArcaneGrace"],"picked":"Calling Bell"},{"not_picked":["hubris:GrandSneckoEye","hubris:CrackedHourglass"],"picked":"Tiny House"}],"items_purged_floors":[12,27],"is_endless":false,"potions_floor_spawned":[4,10,16,24,28,31,33,38,41,45],"ascension_level":0}}