{"host":"Kdaddybrian","time":1607841151,"event":{"mods":["AchievementEnabler","BaseMod","Colored Powertips","Minty Spire (QoL Compilation)","Rare Cards Sparkle","Relic Stats","StSLib"],"gold_per_floor":[110,110,185,203,221,232,252,252,252,265,265,278,258,287,287,389,389,400,400,413,413,92,92,92,108,155,155,174,200,211,228,228,329,329,344,362,412,431,188,188,214,214,214,232,244,260,271,300,300,300,300],"floor_reached":50,"playtime":3526,"items_purged":["Strike_G"],"score":945,"play_id":"5d891efa-d07a-457d-afcf-f8201b70ef46","local_time":"20201213013231","is_ascension_mode":true,"campfire_choices":[{"floor":8,"key":"REST"},{"data":"Dagger Spray","floor":11,"key":"SMITH"},{"floor":15,"key":"REST"},{"floor":23,"key":"REST"},{"data":"Wraith Form v2","floor":27,"key":"SMITH"},{"floor":32,"key":"REST"},{"floor":40,"key":"RECALL"},{"data":"Catalyst","floor":42,"key":"SMITH"},{"floor":49,"key":"REST"}],"circlet_count":0,"master_deck":["AscendersBane","Defend_G","Defend_G","Defend_G","Defend_G","Defend_G","Survivor","Neutralize","Calculated Gamble","Leg Sweep","Dagger Spray+1","Flying Knee","All Out Attack","Blade Dance","Crippling Poison","PiercingWail","Wraith Form v2+1","Bouncing Flask+1","J.A.X.","Leg Sweep","Backflip","Crippling Poison","Bite","Bite","Bite","Bite","Bite","Tools of the Trade","Well Laid Plans","PiercingWail","PiercingWail","Corpse Explosion","Leg Sweep","Reflex+1","Underhanded Strike+1","Catalyst+1","Eviscerate+1","Footwork","Catalyst","Leg Sweep","Dodge and Roll+1","Reflex+1","Tactician+1"],"relics":["Ring of the Snake","NeowsBlessing","Gremlin Horn","Oddly Smooth Stone","Black Star","Enchiridion","Boot","Prayer Wheel","Bottled Tornado","Snecko Eye","FossilizedHelix","Pen Nib","Nunchaku","MealTicket","Sundial"],"acts_visited":["Exordium","TheCity","TheBeyond"],"potions_floor_usage":[6,6,6,14,16,20,30,33,41],"damage_taken":[{"damage":0,"enemies":"Jaw Worm","floor":1,"turns":1},{"damage":0,"enemies":"Cultist","floor":4,"turns":1},{"damage":0,"enemies":"Small Slimes","floor":5,"turns":1},{"damage":19,"enemies":"Exordium Wildlife","floor":6,"turns":8},{"damage":23,"enemies":"Large Slime","floor":7,"turns":11},{"damage":0,"enemies":"Looter","floor":10,"turns":4},{"damage":0,"enemies":"Blue Slaver","floor":12,"turns":3},{"damage":20,"enemies":"Lagavulin","floor":14,"turns":6},{"damage":0,"enemies":"Hexaghost","floor":16,"turns":9},{"damage":5,"enemies":"Chosen","floor":18,"turns":7},{"damage":13,"enemies":"2 Thieves","floor":20,"turns":4},{"damage":39,"enemies":"Centurion and Healer","floor":25,"turns":22},{"damage":6,"enemies":"Snake Plant","floor":28,"turns":5},{"damage":7,"enemies":"Gremlin Leader","floor":29,"turns":7},{"damage":7,"enemies":"Cultist and Chosen","floor":30,"turns":7},{"damage":18,"enemies":"Chosen and Byrds","floor":31,"turns":9},{"damage":43,"enemies":"Automaton","floor":33,"turns":11},{"damage":18,"enemies":"Orb Walker","floor":35,"turns":5},{"damage":0,"enemies":"3 Shapes","floor":36,"turns":5},{"damage":1,"enemies":"Mind Bloom Boss Battle","floor":37,"turns":7},{"damage":13,"enemies":"Spire Growth","floor":38,"turns":4},{"damage":1,"enemies":"Giant Head","floor":41,"turns":8},{"damage":0,"enemies":"3 Darklings","floor":44,"turns":3},{"damage":0,"enemies":"Sphere and 2 Shapes","floor":45,"turns":7},{"damage":0,"enemies":"Jaw Worm Horde","floor":46,"turns":4},{"damage":0,"enemies":"Maw","floor":47,"turns":6},{"damage":50,"enemies":"Nemesis","floor":48,"turns":11},{"damage":57,"enemies":"Time Eater","floor":50,"turns":9}],"seed_played":"-1293384354787969423","potions_obtained":[{"floor":1,"key":"AttackPotion"},{"floor":4,"key":"Block Potion"},{"floor":5,"key":"PowerPotion"},{"floor":10,"key":"Swift Potion"},{"floor":12,"key":"CultistPotion"},{"floor":13,"key":"Strength Potion"},{"floor":25,"key":"ColorlessPotion"},{"floor":28,"key":"Strength Potion"},{"floor":29,"key":"Dexterity Potion"},{"floor":33,"key":"SpeedPotion"},{"floor":36,"key":"Strength Potion"},{"floor":45,"key":"Ancient Potion"}],"is_trial":false,"path_per_floor":["M","?","?","M","M","M","M","R","T","M","R","M","?","E","R","B",null,"M","?","M","?","$","R","?","M","T","R","M","E","M","M","R","B",null,"M","M","?","M","$","R","E","R","T","M","M","M","M","E","R","B"],"character_chosen":"THE_SILENT","items_purchased":["Blood Vial","Backflip","Crippling Poison","Footwork","CultistPotion","Catalyst"],"campfire_rested":5,"item_purchase_floors":[22,22,22,39,39,39],"current_hp_per_floor":[63,63,52,52,52,33,10,31,31,31,31,31,31,11,32,32,61,56,56,43,27,27,48,48,53,53,53,55,60,59,55,70,45,64,48,54,65,56,56,56,67,67,67,70,70,70,70,28,49,0,0],"gold":300,"neow_bonus":"THREE_ENEMY_KILL","is_daily":false,"chose_seed":false,"campfire_upgraded":3,"win_rate":0.0,"timestamp":1607841151,"path_taken":["M","?","?","M","?","M","M","R","T","M","R","M","?","E","R","BOSS","M","?","M","?","$","R","?","M","T","R","M","E","?","M","R","BOSS","M","M","?","M","$","R","E","R","T","M","M","M","M","E","R","BOSS"],"items_purchased_type":["Relic","Card","Card","Card","Potion","Card"],"build_version":"2020-12-07","purchased_purges":1,"victory":false,"max_hp_per_floor":[70,70,70,70,70,70,70,70,70,70,70,70,70,70,70,70,70,70,70,70,70,70,70,70,70,70,70,70,70,70,70,70,70,70,70,70,70,70,70,70,70,70,70,70,70,70,70,70,70,70,70],"relic_stats":{"Nunchaku":[5],"Gremlin Horn":[13,13],"counters":[28,185],"Sundial":[0],"Snecko Eye":[157,139,133,133],"Prayer Wheel":9,"MealTicket":0,"Pen Nib":[5],"Black Star":3,"Boot":[76],"obtain_stats":[{"NeowsBlessing":0,"Gremlin Horn":9,"Oddly Smooth Stone":14,"Enchiridion":21,"Pen Nib":41,"Bottled Tornado":29,"Boot":26,"Blood Vial":22,"Nunchaku":41,"Sundial":48,"Snecko Eye":34,"Prayer Wheel":29,"MealTicket":48,"Black Star":17,"FossilizedHelix":37,"Ring of the Snake":0},{"NeowsBlessing":0,"Gremlin Horn":5,"Oddly Smooth Stone":8,"Enchiridion":11,"Pen Nib":22,"Bottled Tornado":14,"Boot":12,"Blood Vial":11,"Nunchaku":22,"Sundial":27,"Snecko Eye":17,"Prayer Wheel":14,"MealTicket":27,"Black Star":9,"FossilizedHelix":20,"Ring of the Snake":0},{"NeowsBlessing":0,"Gremlin Horn":22,"Oddly Smooth Stone":35,"Enchiridion":55,"Pen Nib":145,"Bottled Tornado":89,"Boot":77,"Blood Vial":55,"Nunchaku":145,"Sundial":176,"Snecko Eye":116,"Prayer Wheel":89,"MealTicket":176,"Black Star":44,"FossilizedHelix":133,"Ring of the Snake":0}],"Ring of the Snake":[56]},"card_choices":[{"not_picked":["Distraction","Reflex"],"picked":"Calculated Gamble","floor":1},{"not_picked":["Quick Slash","Dagger Spray"],"picked":"Leg Sweep","floor":4},{"not_picked":["Poisoned Stab","Quick Slash"],"picked":"Dagger Spray","floor":5},{"not_picked":["Dodge and Roll","Dagger Throw"],"picked":"Flying Knee","floor":6},{"not_picked":["Well Laid Plans","Cloak And Dagger"],"picked":"All Out Attack","floor":7},{"not_picked":["Heel Hook","Dagger Throw"],"picked":"Blade Dance","floor":10},{"not_picked":["Unload","Deadly Poison"],"picked":"Crippling Poison","floor":12},{"not_picked":["Doppelganger","Riddle With Holes"],"picked":"PiercingWail","floor":14},{"not_picked":["Glass Knife","Doppelganger"],"picked":"Wraith Form v2","floor":16},{"not_picked":["Dagger Throw+1","Underhanded Strike+1"],"picked":"Bouncing Flask+1","floor":18},{"not_picked":["Bouncing Flask","Dagger Throw"],"picked":"Leg Sweep","floor":20},{"not_picked":["Skewer","Bane+1","Outmaneuver"],"picked":"SKIP","floor":25},{"not_picked":["Underhanded Strike","Flying Knee+1"],"picked":"Tools of the Trade","floor":28},{"not_picked":["Infinite Blades","Sucker Punch","Dagger Spray"],"picked":"SKIP","floor":29},{"not_picked":["Sucker Punch+1","Deadly Poison"],"picked":"Well Laid Plans","floor":30},{"not_picked":["Concentrate+1","Predator+1","Dagger Spray"],"picked":"SKIP","floor":30},{"not_picked":["Well Laid Plans","Dodge and Roll"],"picked":"PiercingWail","floor":31},{"not_picked":["Slice","Dagger Throw"],"picked":"PiercingWail","floor":31},{"not_picked":["Storm of Steel","Die Die Die"],"picked":"Corpse Explosion","floor":33},{"not_picked":["Poisoned Stab","Cloak And Dagger"],"picked":"Leg Sweep","floor":35},{"not_picked":["Blade Dance","Prepared+1"],"picked":"Reflex+1","floor":35},{"not_picked":["Deflect","Blade Dance+1"],"picked":"Underhanded Strike+1","floor":36},{"not_picked":["Infinite Blades+1","Deflect+1","Prepared"],"picked":"SKIP","floor":36},{"not_picked":["Flying Knee+1","Unload"],"picked":"Catalyst","floor":37},{"not_picked":["Backflip+1","Blade Dance+1"],"picked":"Eviscerate+1","floor":38},{"not_picked":["Finisher+1","Bane","Dagger Throw+1"],"picked":"SKIP","floor":38},{"not_picked":["Backstab","Glass Knife","Slice"],"picked":"SKIP","floor":41},{"not_picked":["Quick Slash","Flying Knee"],"picked":"Leg Sweep","floor":44},{"not_picked":["Terror+1","Deflect+1"],"picked":"Dodge and Roll+1","floor":44},{"not_picked":["Noxious Fumes","Slice"],"picked":"Reflex+1","floor":45},{"not_picked":["Prepared+1","Choke","Slice"],"picked":"SKIP","floor":45},{"not_picked":["Cloak And Dagger","Flechettes+1","Flying Knee"],"picked":"SKIP","floor":46},{"not_picked":["Flying Knee","Cloak And Dagger","Quick Slash"],"picked":"SKIP","floor":46},{"not_picked":["Footwork","Flying Knee+1"],"picked":"Tactician+1","floor":47},{"not_picked":["Dagger Spray","Riddle With Holes+1","All Out Attack"],"picked":"SKIP","floor":47},{"not_picked":["Flechettes+1","Prepared","Backflip"],"picked":"SKIP","floor":48}],"player_experience":2842186,"relics_obtained":[{"floor":9,"key":"Gremlin Horn"},{"floor":14,"key":"Oddly Smooth Stone"},{"floor":21,"key":"Enchiridion"},{"floor":26,"key":"Boot"},{"floor":29,"key":"Prayer Wheel"},{"floor":29,"key":"Bottled Tornado"},{"floor":37,"key":"FossilizedHelix"},{"floor":41,"key":"Pen Nib"},{"floor":41,"key":"Nunchaku"},{"floor":48,"key":"MealTicket"},{"floor":48,"key":"Sundial"}],"event_choices":[{"damage_healed":0,"gold_gain":0,"player_choice":"Leave","damage_taken":0,"max_hp_gain":0,"max_hp_loss":0,"event_name":"The Cleric","floor":2,"gold_loss":0},{"damage_healed":0,"gold_gain":75,"player_choice":"Gather Gold","damage_taken":11,"max_hp_gain":0,"max_hp_loss":0,"event_name":"World of Goop","floor":3,"gold_loss":0},{"damage_healed":0,"gold_gain":0,"player_choice":"Bought 1 Potion","damage_taken":0,"max_hp_gain":0,"max_hp_loss":0,"event_name":"The Woman in Blue","floor":13,"gold_loss":0},{"damage_healed":0,"gold_gain":0,"player_choice":"Obtain J.A.X.","damage_taken":0,"max_hp_gain":0,"max_hp_loss":0,"event_name":"Drug Dealer","floor":19,"gold_loss":0,"cards_obtained":["J.A.X."]},{"damage_healed":0,"gold_gain":0,"player_choice":"Obtained Book","damage_taken":16,"max_hp_gain":0,"max_hp_loss":0,"event_name":"Cursed Tome","floor":21,"gold_loss":0},{"damage_healed":0,"gold_gain":0,"player_choice":"Became a vampire (Vial)","damage_taken":0,"max_hp_gain":0,"max_hp_loss":0,"event_name":"Vampires","floor":24,"relics_lost":["Blood Vial"],"gold_loss":0,"cards_obtained":["Bite","Bite","Bite","Bite","Bite"]},{"damage_healed":0,"gold_gain":0,"player_choice":"Fight","damage_taken":0,"max_hp_gain":0,"max_hp_loss":0,"event_name":"MindBloom","floor":37,"gold_loss":0}],"is_beta":true,"boss_relics":[{"not_picked":["Tiny House","Ectoplasm"],"picked":"Black Star"},{"not_picked":["Busted Crown","Ring of the Serpent"],"picked":"Snecko Eye"}],"items_purged_floors":[22],"is_endless":false,"potions_floor_spawned":[1,4,5,10,12,25,28,29,33,36,37,45,46],"killed_by":"Time Eater","ascension_level":10}}