{"host":"xodzlm10r37577ou","time":1607823567,"event":{"mods":["Act Like it!","BaseMod","KomeijiMod","Marisa£®ÏF”Í°°ƒß¿Ì…≥£©","Minty Spire (QoL Compilation)","Remilia£®¿Ÿ√◊¿Ú—«£©","Replay The Spire","StSLib","The Administrix","The Bug Knight","The Servant 0.9.4","Youmu£®ªÍ∆«—˝√Œ£©"],"gold_per_floor":[179,179,25,25,25,63,90,90,113,132,172,195,223,235,235,339,339,366,366,366],"floor_reached":19,"playtime":1188,"items_purged":[],"score":204,"play_id":"2b51c57c-0f73-4a6a-95c2-dbf069f7ed28","local_time":"20201213093927","is_ascension_mode":false,"campfire_choices":[{"data":"Absorbed","floor":8,"key":"SMITH"},{"data":"StarOfDavid","floor":15,"key":"SMITH"}],"circlet_count":0,"master_deck":["Strike_Remiria","Strike_Remiria","Strike_Remiria","Defend_Remirira","Defend_Remirira","Defend_Remirira","Defend_Remirira","Absorbed+1","Scratch","FierceSweep+1","Impregnable","TricksterDevil","DemonsDinnerFork_Remiria","StarOfDavid+1","BloodCollect","Warpath","FateSonata","Tepes"],"relics":["ThirstyCrossSpe","NeowsBlessing","Chameleon Ring","CeramicFish","Omamori","Dream Catcher","Ornamental Fan","SacredBark"],"acts_visited":["Exordium","TheCity"],"potions_floor_usage":[],"damage_taken":[{"damage":0,"enemies":"Cultist","floor":1,"turns":1},{"damage":0,"enemies":"HollowMod:MossKnight","floor":6,"turns":1},{"damage":0,"enemies":"Small Slimes","floor":7,"turns":2},{"damage":5,"enemies":"Jaw Worm","floor":10,"turns":2},{"damage":18,"enemies":"Replay:BlueRogue","floor":11,"turns":4},{"damage":12,"enemies":"Blue Slaver","floor":12,"turns":3},{"damage":0,"enemies":"Red Slaver","floor":13,"turns":3},{"damage":0,"enemies":"Lots of Slimes","floor":14,"turns":1},{"damage":14,"enemies":"Hexaghost","floor":16,"turns":8},{"damage":31,"enemies":"Spheric Guardian","floor":18,"turns":6}],"seed_played":"-7366405181828039359","potions_obtained":[{"floor":1,"key":"Elixir"},{"floor":6,"key":"Adrenaline Potion"},{"floor":12,"key":"SteroidPotion"}],"is_trial":false,"path_per_floor":["M","?","$","?","?","E","M","R","T","M","E","M","M","M","R","B",null,"M","$"],"character_chosen":"RemiriaScarlet","items_purchased":["CeramicFish"],"campfire_rested":0,"item_purchase_floors":[3],"current_hp_per_floor":[100,97,97,90,90,90,90,90,90,85,67,55,55,55,55,41,100,69,69,69],"gold":366,"neow_bonus":"THREE_ENEMY_KILL","is_daily":false,"chose_seed":false,"campfire_upgraded":2,"win_rate":0.0,"timestamp":1607823567,"path_taken":["M","?","$","?","?","E","M","R","T","?","E","M","M","M","R","BOSS","M","$"],"items_purchased_type":["Relic"],"build_version":"2020-11-30","purchased_purges":0,"victory":false,"max_hp_per_floor":[100,100,100,100,100,100,100,100,100,100,100,100,100,100,100,100,100,100,100,100],"card_choices":[{"not_picked":["BloodCleaner","SeparateFleshBlood"],"picked":"FierceSweep","floor":1},{"not_picked":["RocketKickup","FastHealing"],"picked":"Impregnable","floor":6},{"not_picked":["LifeBreak","ScarletNetherworld"],"picked":"TricksterDevil","floor":7},{"not_picked":["BloodPact","BloodCleaner"],"picked":"DemonsDinnerFork_Remiria","floor":10},{"not_picked":["RocketKickup","Offensive"],"picked":"StarOfDavid","floor":11},{"not_picked":["FierceSweep","ThirstForBlood"],"picked":"BloodCollect","floor":12},{"not_picked":["BloodSurge","BodyStrengthen"],"picked":"Warpath","floor":13},{"not_picked":["StarOfDavid","ThePrice","Tearing"],"picked":"SKIP","floor":14},{"not_picked":["RedtheNightlessCastle","AllTheWorldInNightmare"],"picked":"FateSonata","floor":16},{"not_picked":["VampireKiss_Remiria","BathedInBlood+1"],"picked":"Tepes","floor":18}],"player_experience":859495,"relics_obtained":[{"floor":6,"key":"Omamori"},{"floor":9,"key":"Dream Catcher"},{"floor":11,"key":"Ornamental Fan"}],"event_choices":[{"damage_healed":0,"gold_gain":0,"player_choice":"Success","damage_taken":3,"relics_obtained":["Chameleon Ring"],"max_hp_gain":0,"max_hp_loss":0,"event_name":"Scrap Ooze","floor":2,"gold_loss":0},{"cards_removed":["Strike_Remiria"],"damage_healed":0,"gold_gain":0,"player_choice":"Card Removal","damage_taken":7,"max_hp_gain":0,"max_hp_loss":0,"event_name":"Golden Wing","floor":4,"gold_loss":0},{"damage_healed":0,"gold_gain":0,"player_choice":"Upgraded","damage_taken":0,"max_hp_gain":0,"max_hp_loss":0,"event_name":"Upgrade Shrine","floor":5,"gold_loss":0,"cards_upgraded":["FierceSweep"]}],"is_beta":false,"boss_relics":[{"not_picked":["Coffee Dripper","Velvet Choker"],"picked":"SacredBark"}],"items_purged_floors":[],"is_endless":false,"potions_floor_spawned":[1,6,12,14,16,18],"ascension_level":0}}