{"host":"kda2p2afd6bvz6qo","time":1607889121,"event":{"mods":["BaseMod","Colored Map","Minty Spire (QoL Compilation)","Relic Stats"],"gold_per_floor":[112,138,138,158,169,194,269,295,295,370,370,98,110,125,125,230,230,241,252,105,105,70,101,117,117,144,169,201,201,217,217,217],"floor_reached":31,"playtime":2028,"items_purged":["Decay","Strike_G"],"score":364,"play_id":"8f6640d3-4083-42b1-8cc7-f6efb51cafbb","local_time":"20201213195201","is_ascension_mode":true,"campfire_choices":[{"floor":11.0,"key":"REST"},{"data":"Burst","floor":15.0,"key":"SMITH"},{"floor":25.0,"key":"REST"}],"circlet_count":0,"master_deck":["Strike_G+1","Strike_G+1","Strike_G+1","Defend_G+1","Defend_G+1","Defend_G+1","Defend_G+1","Defend_G+1","Survivor+1","Neutralize","Crippling Poison","Skewer","Die Die Die","Bouncing Flask","Burst+1","Dash","A Thousand Cuts","Outmaneuver+1","Noxious Fumes","Deadly Poison+1","Well Laid Plans","Sucker Punch+1","Normality","Venomology","Blur"],"relics":["Cursed Key","Toy Ornithopter","Snake Skull","Smiling Mask","Ice Cream","Lee\u0027s Waffle","Empty Cage","Mummified Hand","War Paint","FossilizedHelix","Red Mask"],"acts_visited":["Exordium","TheCity"],"potions_floor_usage":[27,27,28,29,29],"damage_taken":[{"damage":0.0,"enemies":"Cultist","floor":1.0,"turns":5.0},{"damage":4.0,"enemies":"Small Slimes","floor":4.0,"turns":4.0},{"damage":10.0,"enemies":"2 Louse","floor":5.0,"turns":2.0},{"damage":7.0,"enemies":"3 Sentries","floor":6.0,"turns":6.0},{"damage":26.0,"enemies":"Gremlin Nob","floor":8.0,"turns":4.0},{"damage":0.0,"enemies":"Large Slime","floor":13.0,"turns":5.0},{"damage":0.0,"enemies":"Lots of Slimes","floor":14.0,"turns":1.0},{"damage":29.0,"enemies":"The Guardian","floor":16.0,"turns":9.0},{"damage":16.0,"enemies":"Shell Parasite","floor":18.0,"turns":5.0},{"damage":2.0,"enemies":"Chosen","floor":19.0,"turns":3.0},{"damage":27.0,"enemies":"Book of Stabbing","floor":23.0,"turns":7.0},{"damage":21.0,"enemies":"Shelled Parasite and Fungi","floor":24.0,"turns":6.0},{"damage":18,"enemies":"Slavers","floor":27,"turns":5},{"damage":23,"enemies":"Masked Bandits","floor":28,"turns":4},{"damage":7,"enemies":"Book of Stabbing","floor":29,"turns":3},{"damage":8,"enemies":"Sentry and Sphere","floor":30,"turns":4},{"damage":10,"enemies":"Slavers","floor":31,"turns":3}],"seed_played":"954003439724924754","potions_obtained":[{"floor":4.0,"key":"Fire Potion"},{"floor":6.0,"key":"AttackPotion"},{"floor":8.0,"key":"SpeedPotion"},{"floor":16.0,"key":"DuplicationPotion"},{"floor":24.0,"key":"Explosive Potion"},{"floor":28,"key":"SmokeBomb"}],"is_trial":false,"path_per_floor":["M","T","?","M","M","E","?","E","T","?","R","$","M","M","R","B",null,"M","M","$","?","$","E","M","R","T","E","?","E","M","E"],"character_chosen":"THE_SILENT","items_purchased":["Burst","Lee\u0027s Waffle","Noxious Fumes","Deadly Poison","Well Laid Plans"],"campfire_rested":2,"item_purchase_floors":[12,12,20,20,22],"current_hp_per_floor":[70,70,56,52,42,40,29,8,8,1,22,77,77,77,77,48,77,61,59,59,59,59,32,11,34,34,26,8,11,3,0,0],"gold":217,"neow_bonus":"BOSS_RELIC","is_daily":false,"chose_seed":false,"campfire_upgraded":1,"win_rate":0.0,"timestamp":1607889121,"path_taken":["M","?","?","M","M","E","?","E","T","?","R","$","?","M","R","BOSS","M","M","$","?","$","E","M","R","T","E","?","E","M","E"],"items_purchased_type":["Card","Relic","Card","Card","Card"],"build_version":"2020-11-30","purchased_purges":2,"victory":false,"max_hp_per_floor":[70,70,70,70,70,70,70,70,70,70,70,77,77,77,77,77,77,77,77,77,77,77,77,77,77,77,77,77,77,77,77,77],"relic_stats":{"Lee\u0027s Waffle":55,"counters":[17,76],"Mummified Hand":[16],"Snake Skull":[81],"War Paint":["Survivor","Deadly Poison"],"Cursed Key":3,"Smiling Mask":75,"obtain_stats":[{"Ice Cream":9,"Lee\u0027s Waffle":12,"Mummified Hand":23,"Snake Skull":6,"Red Mask":28,"War Paint":26,"Cursed Key":0,"Smiling Mask":8,"Empty Cage":17,"Toy Ornithopter":2,"FossilizedHelix":27,"Ring of the Snake":0},{"Ice Cream":5,"Lee\u0027s Waffle":5,"Mummified Hand":11,"Snake Skull":4,"Red Mask":14,"War Paint":12,"Cursed Key":0,"Smiling Mask":5,"Empty Cage":8,"Toy Ornithopter":1,"FossilizedHelix":13,"Ring of the Snake":0},{"Ice Cream":21,"Lee\u0027s Waffle":21,"Mummified Hand":51,"Snake Skull":17,"Red Mask":66,"War Paint":57,"Cursed Key":0,"Smiling Mask":21,"Empty Cage":36,"Toy Ornithopter":5,"FossilizedHelix":62,"Ring of the Snake":0}],"Toy Ornithopter":35},"card_choices":[{"not_picked":["Poisoned Stab","Backflip"],"picked":"Crippling Poison","floor":1.0},{"not_picked":["Blur","Quick Slash"],"picked":"Skewer","floor":4.0},{"not_picked":["Blade Dance","PiercingWail"],"picked":"Die Die Die","floor":5.0},{"not_picked":["Storm of Steel","Outmaneuver"],"picked":"Bouncing Flask","floor":6.0},{"not_picked":["Cloak And Dagger","Reflex","Skewer"],"picked":"SKIP","floor":8.0},{"not_picked":["Distraction","Deflect"],"picked":"Dash","floor":13.0},{"not_picked":["Riddle With Holes","Backstab","Cloak And Dagger"],"picked":"SKIP","floor":14.0},{"not_picked":["Doppelganger","Unload"],"picked":"A Thousand Cuts","floor":16.0},{"not_picked":["Deflect","Heel Hook"],"picked":"Outmaneuver+1","floor":18.0},{"not_picked":["Dodge and Roll","Slice","Poisoned Stab"],"picked":"SKIP","floor":19.0},{"not_picked":["Blur","Bouncing Flask"],"picked":"Sucker Punch+1","floor":23.0},{"not_picked":["Quick Slash","Choke","Poisoned Stab"],"picked":"SKIP","floor":24.0},{"not_picked":["Blade Dance+1","Distraction"],"picked":"Venomology","floor":27},{"not_picked":["Prepared","All Out Attack"],"picked":"Blur","floor":28},{"not_picked":["Prepared","Dagger Throw","Deflect"],"picked":"SKIP","floor":30}],"player_experience":32983,"relics_obtained":[{"floor":2.0,"key":"Toy Ornithopter"},{"floor":6.0,"key":"Snake Skull"},{"floor":8.0,"key":"Smiling Mask"},{"floor":9.0,"key":"Ice Cream"},{"floor":23.0,"key":"Mummified Hand"},{"floor":26.0,"key":"War Paint"},{"floor":27,"key":"FossilizedHelix"},{"floor":28,"key":"Red Mask"}],"event_choices":[{"damage_healed":0.0,"max_hp_gain":0.0,"max_hp_loss":0.0,"gold_gain":0.0,"event_name":"Shining Light","player_choice":"Entered Light","floor":3.0,"gold_loss":0.0,"damage_taken":14.0,"cards_upgraded":["Strike_G","Strike_G"]},{"damage_healed":0.0,"max_hp_gain":0.0,"max_hp_loss":0.0,"gold_gain":75.0,"event_name":"World of Goop","player_choice":"Gather Gold","floor":7.0,"gold_loss":0.0,"damage_taken":11.0},{"damage_healed":0.0,"max_hp_gain":0.0,"max_hp_loss":0.0,"gold_gain":75.0,"event_name":"FaceTrader","player_choice":"Touch","floor":10.0,"gold_loss":0.0,"damage_taken":7.0},{"damage_healed":0.0,"max_hp_gain":0.0,"max_hp_loss":0.0,"gold_gain":0.0,"event_name":"Back to Basics","player_choice":"Simplicity","floor":21.0,"gold_loss":0.0,"damage_taken":0.0,"cards_upgraded":["Strike_G","Defend_G","Defend_G","Defend_G","Defend_G","Defend_G"]},{"damage_healed":0,"gold_gain":0,"player_choice":"Fought Bandits","damage_taken":0,"max_hp_gain":0,"max_hp_loss":0,"event_name":"Masked Bandits","floor":28,"gold_loss":0}],"is_beta":false,"boss_relics":[{"not_picked":["Snecko Eye","SacredBark"],"picked":"Empty Cage"}],"items_purged_floors":[12,20],"is_endless":false,"potions_floor_spawned":[4,6,8,16,24,28],"killed_by":"Slavers","ascension_level":4}}