{"host":"2461dio7vetlq1z3","time":1607861164,"event":{"mods":["AchievementEnabler","Aspiration","BaseMod","Hermit","Lobotomy","Minty Spire (QoL Compilation)","Relic Stats","Spicy Shops","StSLib","Waifu the Spire"],"gold_per_floor":[119,119,119,134,153,183,183,217,217,217,227,227,227,238,238,310,310,324,324,324,342,357,357,357],"floor_reached":23,"playtime":987,"items_purged":[],"score":342,"play_id":"3bd42c58-26e4-44d8-a55a-96814205bfba","local_time":"20201213130604","is_ascension_mode":true,"campfire_choices":[{"data":"Streamline","floor":7,"key":"SMITH"},{"floor":10,"key":"REST"},{"floor":13,"key":"REST"},{"data":"Self Repair","floor":15,"key":"SMITH"}],"circlet_count":0,"master_deck":["AscendersBane","Strike_B+1","Defend_B","Defend_B+1","Defend_B","Zap","Dualcast","Self Repair+1","Streamline+1","Conserve Battery+1","Seek+1","Rainbow+1","Reinforced Body+1","Compile Driver","Fission+1","Thunder Strike+1","Rebound+1","Tempest+1","Defragment","BootSequence+1","Compile Driver+1"],"relics":["Cracked Core","aspiration:DSix","Toxic Egg 2","Strawberry","Darkstone Periapt","Astrolabe"],"acts_visited":["Exordium","TheCity"],"potions_floor_usage":[6,21,23],"damage_taken":[{"damage":3,"enemies":"2 Louse","floor":1,"turns":2},{"damage":4,"enemies":"Small Slimes","floor":4,"turns":4},{"damage":13,"enemies":"Jaw Worm","floor":5,"turns":4},{"damage":35,"enemies":"3 Sentries","floor":6,"turns":10},{"damage":26,"enemies":"Lagavulin","floor":8,"turns":8},{"damage":14,"enemies":"3 Louse","floor":11,"turns":3},{"damage":18,"enemies":"Lots of Slimes","floor":14,"turns":5},{"damage":8,"enemies":"The Guardian","floor":16,"turns":12},{"damage":4,"enemies":"Chosen","floor":18,"turns":3},{"damage":25,"enemies":"2 Thieves","floor":21,"turns":4},{"damage":22,"enemies":"Snake Plant","floor":22,"turns":5},{"damage":75,"enemies":"Gremlin Leader","floor":23,"turns":4}],"seed_played":"3783568186772353093","potions_obtained":[{"floor":1,"key":"FairyPotion"},{"floor":5,"key":"EssenceOfSteel"},{"floor":14,"key":"ColorlessPotion"},{"floor":16,"key":"DuplicationPotion"},{"floor":22,"key":"Dexterity Potion"}],"is_trial":false,"path_per_floor":["M","?","?","M","M","E","R","E","T","R","M","?","R","M","R","B",null,"M","?","?","M","M","E"],"character_chosen":"DEFECT","items_purchased":[],"campfire_rested":2,"item_purchase_floors":[],"current_hp_per_floor":[61,61,61,64,58,37,37,18,18,41,34,18,41,30,30,32,67,73,73,73,58,46,0,0],"gold":357,"neow_bonus":"DSIX","is_daily":false,"chose_seed":false,"campfire_upgraded":2,"win_rate":0.0,"timestamp":1607861164,"path_taken":["M","?","?","M","M","E","R","E","T","R","M","?","R","M","R","BOSS","M","?","?","?","M","E"],"items_purchased_type":[],"build_version":"2020-11-30","purchased_purges":0,"victory":false,"max_hp_per_floor":[71,71,71,71,71,78,78,78,78,78,78,78,78,78,78,78,78,78,78,78,78,78,78,78],"relic_stats":{"Darkstone Periapt":0,"counters":[12,64],"Astrolabe":["Thunder Strike","Rebound","Tempest"],"obtain_stats":[{"Darkstone Periapt":8,"Strawberry":6,"Astrolabe":17,"Toxic Egg 2":2,"Cracked Core":0,"aspiration:DSix":0},{"Darkstone Periapt":5,"Strawberry":4,"Astrolabe":8,"Toxic Egg 2":1,"Cracked Core":0,"aspiration:DSix":0},{"Darkstone Periapt":28,"Strawberry":20,"Astrolabe":48,"Toxic Egg 2":2,"Cracked Core":0,"aspiration:DSix":0}]},"card_choices":[{"not_picked":["Aggregate","Beam Cell"],"picked":"Self Repair","floor":1},{"not_picked":["Rebound","Coolheaded+1"],"picked":"Streamline","floor":4},{"not_picked":["Coolheaded+1","Compile Driver"],"picked":"Conserve Battery+1","floor":5},{"not_picked":["Steam+1","Doom and Gloom"],"picked":"Seek+1","floor":6},{"not_picked":["Hello World","Loop"],"picked":"Rainbow+1","floor":8},{"not_picked":["Cold Snap","Rebound"],"picked":"Reinforced Body+1","floor":11},{"not_picked":["Conserve Battery+1","Ball Lightning"],"picked":"Compile Driver","floor":14},{"not_picked":["Electrodynamics","Buffer"],"picked":"Fission+1","floor":16},{"not_picked":["Barrage","Gash"],"picked":"Defragment","floor":18},{"not_picked":["Stack+1","White Noise+1"],"picked":"BootSequence+1","floor":21},{"not_picked":["Double Energy+1","Turbo+1"],"picked":"Compile Driver+1","floor":22}],"player_experience":669716,"relics_obtained":[{"floor":6,"key":"Strawberry"},{"floor":8,"key":"Darkstone Periapt"}],"event_choices":[{"damage_healed":0,"gold_gain":0,"player_choice":"Ignored","damage_taken":0,"max_hp_gain":0,"max_hp_loss":0,"event_name":"Liars Game","floor":3,"gold_loss":0},{"damage_healed":0,"gold_gain":0,"player_choice":"Entered Light","damage_taken":16,"max_hp_gain":0,"max_hp_loss":0,"event_name":"Shining Light","floor":12,"gold_loss":0,"cards_upgraded":["Defend_B","Strike_B"]},{"cards_removed":["Injury"],"damage_healed":0,"gold_gain":0,"player_choice":"Elegance","damage_taken":0,"max_hp_gain":0,"max_hp_loss":0,"event_name":"Back to Basics","floor":19,"gold_loss":0},{"cards_removed":["Strike_B"],"damage_healed":0,"gold_gain":0,"player_choice":"Purged","damage_taken":0,"max_hp_gain":0,"max_hp_loss":0,"event_name":"Purifier","floor":20,"gold_loss":0}],"is_beta":false,"boss_relics":[{"not_picked":["Sozu","aspiration:Stellarator"],"picked":"Astrolabe"}],"items_purged_floors":[],"is_endless":false,"potions_floor_spawned":[1,5,14,16,18,22],"killed_by":"Gremlin Leader","ascension_level":14}}