{"host":"dntw6kil9p09eemm","time":1607890915,"event":{"mods":["BaseMod","Colored Powertips","Downfall","Minty Spire (QoL Compilation)","StSLib"],"gold_per_floor":[99,112,127,146,246,546,546,564,414,439,456,456,473,486,502,600,600,600,600,612,625,625,650,677,602,630,630,630,650,670,682,696,799,799,799,1798,1798,1814,1814,1844,1844,1844,1844,1844,1844,1844,1844,1844,1844,1844,1844,1844,1844,1844,1844],"floor_reached":56,"playtime":429,"items_purged":[],"score":1648,"play_id":"c1c4ad0d-bbb5-43e3-a9a2-f48eeaae47e4","local_time":"20201214052155","is_ascension_mode":false,"campfire_choices":[{"floor":1.0,"key":"RECALL"},{"floor":9.0,"key":"REST"},{"floor":18.0,"key":"REST"},{"floor":25.0,"key":"REST"},{"floor":27.0,"key":"REST"},{"floor":35.0,"key":"REST"},{"floor":44.0,"key":"REST"},{"floor":54,"key":"REST"}],"circlet_count":0,"master_deck":["champ:Strike","champ:Strike","champ:Strike","champ:Strike","champ:Defend","champ:Defend","champ:Defend","champ:Defend","champ:Execute","champ:Taunt","Normality","Normality"],"relics":["champ:ChampionCrown","downfall:HeartBlessingBlue","downfall:HeartBlessingRed","Busted Crown","Kunai","Dream Catcher","downfall:HeartBlessingGreen","Toxic Egg 2","SlaversCollar","Ornamental Fan"],"acts_visited":["Exordium","TheCity","TheBeyond","TheEnding"],"potions_floor_usage":[],"damage_taken":[{"damage":0.0,"enemies":"Cultist","floor":2.0,"turns":1.0},{"damage":0.0,"enemies":"Small Slimes","floor":3.0,"turns":1.0},{"damage":0.0,"enemies":"2 Louse","floor":4.0,"turns":1.0},{"damage":0.0,"enemies":"downfall:FleeingMerchant","floor":6.0,"turns":1.0},{"damage":0.0,"enemies":"Large Slime","floor":8.0,"turns":1.0},{"damage":0.0,"enemies":"3 Sentries","floor":10.0,"turns":1.0},{"damage":0.0,"enemies":"2 Fungi Beasts","floor":11.0,"turns":1.0},{"damage":0.0,"enemies":"3 Louse","floor":13.0,"turns":1.0},{"damage":0.0,"enemies":"Red Slaver","floor":14.0,"turns":1.0},{"damage":0.0,"enemies":"Blue Slaver","floor":15.0,"turns":1.0},{"damage":0.0,"enemies":"downfall:Defect","floor":16.0,"turns":1.0},{"damage":0.0,"enemies":"Chosen","floor":20.0,"turns":1.0},{"damage":0.0,"enemies":"Spheric Guardian","floor":21.0,"turns":1.0},{"damage":0.0,"enemies":"Slavers","floor":23.0,"turns":1.0},{"damage":0.0,"enemies":"Book of Stabbing","floor":26.0,"turns":1.0},{"damage":0.0,"enemies":"3 Cultists","floor":29.0,"turns":1.0},{"damage":0.0,"enemies":"Centurion and Healer","floor":30.0,"turns":1.0},{"damage":0.0,"enemies":"Shelled Parasite and Fungi","floor":31.0,"turns":1.0},{"damage":0.0,"enemies":"3 Cultists","floor":32.0,"turns":1.0},{"damage":0.0,"enemies":"downfall:Watcher","floor":33.0,"turns":1.0},{"damage":0.0,"enemies":"3 Darklings","floor":38.0,"turns":1.0},{"damage":0.0,"enemies":"Reptomancer","floor":40.0,"turns":1.0},{"damage":0.0,"enemies":"3 Shapes","floor":42.0,"turns":1.0},{"damage":0.0,"enemies":"Maw","floor":45.0,"turns":1.0},{"damage":0,"enemies":"4 Shapes","floor":47,"turns":1},{"damage":0,"enemies":"Jaw Worm Horde","floor":49,"turns":1},{"damage":0,"enemies":"downfall:Ironclad","floor":50,"turns":1},{"damage":0,"enemies":"downfall:CharBossMerchant","floor":52,"turns":1},{"damage":0,"enemies":"downfall:NeowBoss","floor":55,"turns":7}],"seed_played":"1756813798657701529","potions_obtained":[{"floor":11.0,"key":"FairyPotion"},{"floor":16.0,"key":"Explosive Potion"}],"is_trial":false,"path_per_floor":["R","M","M","M","?","$","T","M","R","E","M","?","M","M","M","B",null,"R","?","M","M","?","E","T","R","E","R","?","M","M","M","M","B",null,"R","?","?","M","?","E","T","M","?","R","M","?","M","$","M","B",null,"E","$","R","B",null],"character_chosen":"THE_CHAMP","items_purchased":[],"campfire_rested":7,"item_purchase_floors":[],"current_hp_per_floor":[99,99,99,99,99,99,99,99,109,109,109,114,114,114,114,114,114,114,114,114,114,114,114,114,114,114,114,114,114,114,114,114,114,114,114,114,114,114,114,114,114,114,114,114,114,114,114,114,114,114,114,114,114,114,114],"gold":1844,"neow_bonus":"TEN_PERCENT_HP_BONUS","is_daily":false,"chose_seed":false,"campfire_upgraded":0,"win_rate":0.0,"timestamp":1607890915,"path_taken":["R","M","?","M","?","$","T","M","R","E","M","?","M","M","M","BOSS","R","?","M","M","?","E","T","R","E","R","?","M","?","M","M","BOSS","R","?","?","M","?","E","T","?","?","R","M","?","M","$","M","BOSS","E","$","R","BOSS"],"items_purchased_type":[],"build_version":"2020-11-30","purchased_purges":0,"victory":true,"max_hp_per_floor":[99,99,99,99,99,99,99,99,109,109,109,114,114,114,114,114,114,114,114,114,114,114,114,114,114,114,114,114,114,114,114,114,114,114,114,114,114,114,114,114,114,114,114,114,114,114,114,114,114,114,114,114,114,114,114],"card_choices":[{"not_picked":["champ:BerserkersShout","champ:RapidStrikes","champ:IronFortress"],"picked":"SKIP","floor":2.0},{"not_picked":["champ:StanceDance","champ:BladeFlurry","champ:BerserkersShout"],"picked":"SKIP","floor":3.0},{"not_picked":["champ:FanOfKnives","champ:FlashCut","champ:BerserkersShout"],"picked":"SKIP","floor":4.0},{"not_picked":["champ:EnGarde","champ:EnragedBash","champ:ViciousMockery"],"picked":"SKIP","floor":6.0},{"not_picked":["champ:FanOfKnives","champ:Shatter","champ:ShieldSigil"],"picked":"SKIP","floor":8.0},{"not_picked":["champ:PreciseThrust","champ:CrookedStrike","champ:CheapShot"],"picked":"SKIP","floor":10.0},{"not_picked":["champ:GladiatorsShout","champ:RapidStrikes","champ:EnragedBash"],"picked":"SKIP","floor":11.0},{"not_picked":["champ:BringItOn","champ:Encircle","champ:Shatter"],"picked":"SKIP","floor":13.0},{"not_picked":["champ:FlashCut","champ:RisingSlash","champ:Balance"],"picked":"SKIP","floor":14.0},{"not_picked":["champ:AdrenalArmor","champ:FightOn","champ:BladeFlurry"],"picked":"SKIP","floor":15.0},{"not_picked":["champ:GladiatorsShout"],"picked":"SKIP","floor":20.0},{"not_picked":["champ:ShieldSigil"],"picked":"SKIP","floor":21.0},{"not_picked":["champ:ArenaPreparation"],"picked":"SKIP","floor":23.0},{"not_picked":["champ:Backstep+1"],"picked":"SKIP","floor":26.0},{"not_picked":["champ:EndlessRage+1"],"picked":"SKIP","floor":29.0},{"not_picked":["champ:SkillfulDodge+1"],"picked":"SKIP","floor":30.0},{"not_picked":["champ:IronFortress"],"picked":"SKIP","floor":31.0},{"not_picked":["champ:Circumvent+1"],"picked":"SKIP","floor":32.0},{"not_picked":["champ:RageSigil+1"],"picked":"SKIP","floor":38.0},{"not_picked":["champ:RapidStrikes"],"picked":"SKIP","floor":40.0},{"not_picked":["champ:FanOfKnives+1"],"picked":"SKIP","floor":42.0},{"not_picked":["champ:Circumvent+1"],"picked":"SKIP","floor":45.0},{"not_picked":["champ:EnGarde+1"],"picked":"SKIP","floor":47},{"not_picked":["champ:FocusedDefense+1"],"picked":"SKIP","floor":49},{"not_picked":["champ:PerfectForm"],"picked":"SKIP","floor":52}],"player_experience":294979,"relics_obtained":[{"floor":23.0,"key":"Kunai"},{"floor":24.0,"key":"Dream Catcher"},{"floor":26.0,"key":"Toxic Egg 2"},{"floor":41.0,"key":"Ornamental Fan"}],"event_choices":[{"damage_healed":0.0,"max_hp_gain":5.0,"max_hp_loss":0.0,"gold_gain":0.0,"event_name":"Big Fish","player_choice":"Donut","floor":12.0,"gold_loss":0.0,"damage_taken":0.0},{"damage_healed":0.0,"max_hp_gain":0.0,"max_hp_loss":0.0,"gold_gain":0.0,"event_name":"Vampires","player_choice":"Ignored","floor":22.0,"gold_loss":0.0,"damage_taken":0.0},{"damage_healed":0.0,"max_hp_gain":0.0,"max_hp_loss":0.0,"gold_gain":0.0,"event_name":"Mysterious Sphere","player_choice":"Ignored","floor":37.0,"gold_loss":0.0,"damage_taken":0.0}],"is_beta":false,"boss_relics":[{"not_picked":["Coffee Dripper","Tiny House"],"picked":"Busted Crown"},{"not_picked":["Fusion Hammer","Runic Pyramid"],"picked":"SlaversCollar"}],"items_purged_floors":[],"is_endless":false,"potions_floor_spawned":[4,8,11,13,14,15,16,26,29,30,32,42,45,49,52],"ascension_level":0}}