{"host":"nmyw38vkdf8owddb","time":1607852371,"event":{"mods":["BaseMod","Bestiary","Colored Map","Colored Powertips","DeckTracker","Minty Spire (QoL Compilation)","StSLib","Waifu the Spire"],"gold_per_floor":[114,114,129,129,54,84,99,99,124,154,154,4,19,34,34,134,134,149,164,164,164,164,164,194,209,259,87,87,117,117,132,132,232,232,247,247,247,262,312,342,65,15,15,30,30,45,60,10,10,10,10],"floor_reached":50,"playtime":2403,"items_purged":["Pain","Defend_P","Bite","ThirdEye","Bite"],"score":543,"play_id":"a74d474a-9b53-464f-9b6e-abcd88ae3190","local_time":"20201213183931","daily_mods":["Specialized","Colorless Cards","Binary"],"is_ascension_mode":false,"campfire_choices":[{"data":"Eruption","floor":8,"key":"SMITH"},{"floor":15,"key":"REST"},{"data":"Alpha","floor":23,"key":"SMITH"},{"data":"Nirvana","floor":28,"key":"SMITH"},{"floor":32,"key":"REST"},{"floor":49,"key":"REST"}],"circlet_count":0,"master_deck":["Eruption+1","Vigilance","ThirdEye","ThirdEye","ThirdEye","Flash of Steel","FlyingSleeves","Panacea","BowlingBash","Brilliance","Bite","Bite","Bandage Up","Alpha+1","Secret Technique","Nirvana+1","Flash of Steel","Perseverance","Wallop","Nirvana","Alpha+1","Purity+1","Nirvana+1"],"relics":["HolyWater","WarpedTongs","Strawberry","Akabeko","Pantograph","OrangePellets","InkBottle","Darkstone Periapt","Dream Catcher","Dead Branch","Fusion Hammer","Bag of Preparation","Smiling Mask","DollysMirror","StrikeDummy"],"acts_visited":["Exordium","TheCity","TheBeyond"],"potions_floor_usage":[6,25,25,50,50,50,50,50,50],"damage_taken":[{"damage":9,"enemies":"Small Slimes","floor":1,"turns":3},{"damage":1,"enemies":"Cultist","floor":3,"turns":6},{"damage":24,"enemies":"Lagavulin","floor":6,"turns":7},{"damage":0,"enemies":"2 Louse","floor":7,"turns":2},{"damage":24,"enemies":"3 Sentries","floor":10,"turns":13},{"damage":4,"enemies":"Exordium Thugs","floor":13,"turns":5},{"damage":0,"enemies":"Lots of Slimes","floor":14,"turns":4},{"damage":51,"enemies":"Slime Boss","floor":16,"turns":9},{"damage":0,"enemies":"Chosen","floor":18,"turns":3},{"damage":7,"enemies":"Shell Parasite","floor":19,"turns":5},{"damage":29,"enemies":"Gremlin Leader","floor":24,"turns":6},{"damage":16,"enemies":"Shelled Parasite and Fungi","floor":25,"turns":4},{"damage":25,"enemies":"Book of Stabbing","floor":29,"turns":4},{"damage":1,"enemies":"Chosen and Byrds","floor":31,"turns":3},{"damage":35,"enemies":"Automaton","floor":33,"turns":8},{"damage":0,"enemies":"Orb Walker","floor":35,"turns":3},{"damage":0,"enemies":"3 Darklings","floor":38,"turns":3},{"damage":22,"enemies":"Reptomancer","floor":40,"turns":4},{"damage":0,"enemies":"4 Shapes","floor":44,"turns":4},{"damage":21,"enemies":"Jaw Worm Horde","floor":46,"turns":3},{"damage":0,"enemies":"Maw","floor":47,"turns":7},{"damage":63,"enemies":"Time Eater","floor":50,"turns":4}],"seed_played":"4834798368356638827","potions_obtained":[{"floor":1,"key":"Weak Potion"},{"floor":10,"key":"Dexterity Potion"},{"floor":13,"key":"Block Potion"},{"floor":19,"key":"Weak Potion"},{"floor":25,"key":"FearPotion"},{"floor":33,"key":"SpeedPotion"},{"floor":40,"key":"EntropicBrew"}],"is_trial":false,"path_per_floor":["M","?","M","?","$","E","M","R","T","E","?","$","M","M","R","B",null,"M","M","?","?","?","R","E","M","T","$","R","E","?","M","R","B",null,"M","?","?","M","T","E","$","$","T","M","$","M","M","$","R","B"],"character_chosen":"WATCHER","items_purchased":["OrangePellets","Nirvana","Nirvana","DollysMirror"],"campfire_rested":3,"item_purchase_floors":[12,27,41,41],"current_hp_per_floor":[63,68,67,67,67,50,50,50,50,26,26,26,22,22,45,19,79,79,72,55,55,55,55,37,32,32,32,32,20,20,28,44,33,55,55,55,55,55,55,41,41,41,41,47,47,33,53,53,55,0,0],"gold":10,"neow_bonus":"","is_daily":true,"chose_seed":false,"campfire_upgraded":3,"win_rate":0.0,"timestamp":1607852371,"path_taken":["M","?","?","?","?","E","?","R","T","E","?","?","M","M","R","BOSS","M","M","?","?","?","R","E","M","T","$","R","E","?","M","R","BOSS","M","?","?","?","?","E","?","$","T","M","$","M","M","$","R","BOSS"],"items_purchased_type":["Relic","Card","Card","Relic"],"build_version":"2020-11-30","purchased_purges":5,"victory":false,"max_hp_per_floor":[72,72,72,72,72,79,79,79,79,79,79,79,79,79,79,79,79,79,79,55,55,55,55,55,55,55,55,55,55,55,55,55,55,55,55,55,55,55,55,55,55,55,55,55,55,55,55,55,55,55,55],"card_choices":[{"not_picked":["EmptyFist","Halt"],"picked":"SKIP","floor":1},{"not_picked":["CrushJoints","FollowUp"],"picked":"SKIP","floor":3},{"not_picked":["Finesse"],"picked":"Flash of Steel","floor":6},{"not_picked":["SashWhip","PathToVictory"],"picked":"SKIP","floor":7},{"not_picked":["Indignation"],"picked":"FlyingSleeves","floor":10},{"not_picked":["CrushJoints","Good Instincts"],"picked":"SKIP","floor":13},{"not_picked":["JustLucky"],"picked":"BowlingBash","floor":14},{"not_picked":["Omniscience"],"picked":"Brilliance","floor":16},{"not_picked":["Consecrate+1","Evaluate+1"],"picked":"SKIP","floor":18},{"not_picked":["MentalFortress","CrushJoints+1"],"picked":"SKIP","floor":19},{"not_picked":["LikeWater"],"picked":"Secret Technique","floor":24},{"not_picked":["CrushJoints","CutThroughFate+1"],"picked":"SKIP","floor":25},{"not_picked":["WaveOfTheHand","Deep Breath"],"picked":"SKIP","floor":29},{"not_picked":["Fasting2","SashWhip"],"picked":"SKIP","floor":31},{"not_picked":["JustLucky","SignatureMove+1"],"picked":"SKIP","floor":35},{"not_picked":["BowlingBash+1"],"picked":"Wallop","floor":38},{"not_picked":["CutThroughFate","Scrawl"],"picked":"SKIP","floor":40},{"not_picked":["CutThroughFate","Scrawl"],"picked":"SKIP","floor":40},{"not_picked":["FlurryOfBlows"],"picked":"Purity+1","floor":44},{"not_picked":["Consecrate+1","Conclude"],"picked":"SKIP","floor":46},{"not_picked":["Halt+1"],"picked":"Nirvana+1","floor":47}],"player_experience":314985,"relics_obtained":[{"floor":6,"key":"Strawberry"},{"floor":9,"key":"Akabeko"},{"floor":10,"key":"Pantograph"},{"floor":24,"key":"Darkstone Periapt"},{"floor":26,"key":"Dream Catcher"},{"floor":29,"key":"Dead Branch"},{"floor":39,"key":"Bag of Preparation"},{"floor":40,"key":"Smiling Mask"},{"floor":43,"key":"StrikeDummy"}],"event_choices":[{"cards_removed":["ThirdEye"],"damage_healed":5,"gold_gain":0,"player_choice":"Offered Common","damage_taken":0,"max_hp_gain":0,"max_hp_loss":0,"event_name":"Bonfire Elementals","floor":2,"gold_loss":0},{"cards_removed":["ThirdEye"],"damage_healed":5,"gold_gain":0,"player_choice":"Offered Special","damage_taken":0,"max_hp_gain":0,"max_hp_loss":0,"event_name":"Bonfire Elementals","floor":2,"gold_loss":0},{"damage_healed":0,"gold_gain":0,"player_choice":"Rummage","damage_taken":0,"relics_obtained":["WarpedTongs"],"max_hp_gain":0,"max_hp_loss":0,"event_name":"Accursed Blacksmith","floor":4,"gold_loss":0,"cards_obtained":["Pain"]},{"damage_healed":0,"gold_gain":0,"player_choice":"1 cards matched","damage_taken":0,"max_hp_gain":0,"max_hp_loss":0,"event_name":"Match and Keep!","floor":11,"gold_loss":0,"cards_obtained":["Panacea"]},{"damage_healed":0,"gold_gain":0,"player_choice":"Became a vampire","damage_taken":0,"max_hp_gain":0,"max_hp_loss":24,"event_name":"Vampires","floor":20,"gold_loss":0,"cards_obtained":["Bite","Bite","Bite","Bite","Bite"]},{"damage_healed":0,"gold_gain":0,"cards_transformed":["Defend_P","Defend_P"],"player_choice":"Became Test Subject","damage_taken":0,"max_hp_gain":0,"max_hp_loss":0,"event_name":"Drug Dealer","floor":21,"gold_loss":0,"cards_obtained":["Bandage Up","Alpha"]},{"damage_healed":0,"gold_gain":0,"player_choice":"Opened","damage_taken":0,"relics_obtained":["InkBottle"],"max_hp_gain":0,"max_hp_loss":0,"event_name":"The Mausoleum","floor":22,"gold_loss":0},{"damage_healed":0,"gold_gain":0,"player_choice":"Read","damage_taken":0,"max_hp_gain":0,"max_hp_loss":0,"event_name":"The Library","floor":30,"gold_loss":0,"cards_obtained":["Flash of Steel"]},{"cards_removed":["Bite"],"damage_healed":0,"gold_gain":0,"player_choice":"Removed Attack","damage_taken":0,"max_hp_gain":0,"max_hp_loss":0,"event_name":"Falling","floor":36,"gold_loss":0},{"damage_healed":0,"gold_gain":0,"cards_transformed":["Defend_P"],"player_choice":"Transformed","damage_taken":0,"max_hp_gain":0,"max_hp_loss":0,"event_name":"Transmorgrifier","floor":37,"gold_loss":0,"cards_obtained":["Perseverance"]}],"is_beta":false,"boss_relics":[{"not_picked":["Tiny House","Empty Cage"],"picked":"HolyWater"},{"not_picked":["Pandora\u0027s Box","Philosopher\u0027s Stone"],"picked":"Fusion Hammer"}],"items_purged_floors":[5,27,41,42,48],"is_endless":false,"potions_floor_spawned":[1,10,13,19,24,25,33,40,46],"killed_by":"Time Eater","ascension_level":0}}