{"host":"vpnygm79y7yi43ig","time":1607892870,"event":{"mods":["BaseMod","Bestiary","Minty Spire (QoL Compilation)"],"gold_per_floor":[117,127,127,142,7,42,62,62,62,62,81,93,113,7,7,108,108,121,121,70,70,70,70,96,111,137,137,137],"floor_reached":27,"playtime":1044,"items_purged":[],"score":233,"play_id":"0e1824ab-0e11-470c-9303-e4805b72d4ed","local_time":"20201213125430","is_ascension_mode":false,"campfire_choices":[{"data":"Crippling Poison","floor":8,"key":"SMITH"},{"data":"Glass Knife","floor":10,"key":"SMITH"},{"data":"Footwork","floor":15,"key":"SMITH"},{"data":"Noxious Fumes","floor":23,"key":"SMITH"}],"circlet_count":0,"master_deck":["Strike_G","Strike_G","Strike_G","Defend_G","Defend_G","Defend_G","Defend_G","Defend_G","Survivor","Neutralize","Skewer","PiercingWail","Glass Knife+1","Crippling Poison+1","Dagger Spray","Footwork+1","Deflect","Blade Dance","Noxious Fumes+1","Poisoned Stab","Wraith Form v2","Well Laid Plans","Footwork+1","Cloak And Dagger","Backflip"],"relics":["Ring of the Snake","NeowsBlessing","Regal Pillow","Bag of Marbles","Empty Cage","Frozen Egg 2","Ice Cream","Akabeko"],"acts_visited":["Exordium","TheCity"],"potions_floor_usage":[12,18,27,27],"damage_taken":[{"damage":0,"enemies":"Cultist","floor":1,"turns":1},{"damage":0,"enemies":"Small Slimes","floor":2,"turns":1},{"damage":0,"enemies":"2 Louse","floor":4,"turns":1},{"damage":18,"enemies":"3 Sentries","floor":6,"turns":9},{"damage":14,"enemies":"Exordium Thugs","floor":7,"turns":6},{"damage":0,"enemies":"Blue Slaver","floor":11,"turns":3},{"damage":0,"enemies":"Large Slime","floor":12,"turns":4},{"damage":4,"enemies":"Exordium Wildlife","floor":13,"turns":3},{"damage":16,"enemies":"Slime Boss","floor":16,"turns":7},{"damage":4,"enemies":"2 Thieves","floor":18,"turns":4},{"damage":27,"enemies":"Book of Stabbing","floor":24,"turns":7},{"damage":0,"enemies":"3 Byrds","floor":25,"turns":3},{"damage":31,"enemies":"Gremlin Leader","floor":27,"turns":4}],"seed_played":"-3896264503937287449","potions_obtained":[{"floor":2,"key":"FearPotion"},{"floor":7,"key":"Weak Potion"},{"floor":11,"key":"Block Potion"},{"floor":12,"key":"CunningPotion"}],"is_trial":false,"path_per_floor":["M","M","?","M","$","E","M","R","T","R","M","M","M","$","R","B",null,"M","?","$","?","?","R","E","M","T","E"],"character_chosen":"THE_SILENT","items_purchased":["Glass Knife","Noxious Fumes","Poisoned Stab","Cloak And Dagger"],"campfire_rested":0,"item_purchase_floors":[5,14,14,20],"current_hp_per_floor":[70,70,70,70,70,52,38,38,38,38,38,38,34,34,34,18,70,66,66,66,66,53,53,26,26,26,0,0],"gold":137,"neow_bonus":"THREE_ENEMY_KILL","is_daily":false,"chose_seed":false,"campfire_upgraded":4,"win_rate":0.0,"timestamp":1607892870,"path_taken":["M","?","?","M","?","E","M","R","T","R","M","M","M","$","R","BOSS","M","?","?","?","?","R","E","?","T","E"],"items_purchased_type":["Card","Card","Card","Card"],"build_version":"2020-11-30","purchased_purges":0,"victory":false,"max_hp_per_floor":[70,70,70,70,70,70,70,70,70,70,70,70,70,70,70,70,70,70,70,70,70,75,75,75,75,75,75,75],"card_choices":[{"not_picked":["Deadly Poison","Prepared"],"picked":"Skewer","floor":1},{"not_picked":["Concentrate","Acrobatics"],"picked":"PiercingWail","floor":2},{"not_picked":["Deadly Poison","Eviscerate","Tactician"],"picked":"SKIP","floor":4},{"not_picked":["Underhanded Strike","Night Terror"],"picked":"Crippling Poison","floor":6},{"not_picked":["Caltrops","Cloak And Dagger"],"picked":"Dagger Spray","floor":7},{"not_picked":["Blade Dance","PiercingWail"],"picked":"Footwork","floor":11},{"not_picked":["Dagger Throw","Dagger Spray"],"picked":"Deflect","floor":12},{"not_picked":["Bane","Deadly Poison"],"picked":"Blade Dance","floor":13},{"not_picked":["Die Die Die","Envenom"],"picked":"Wraith Form v2","floor":16},{"not_picked":["Infinite Blades","Deadly Poison"],"picked":"Well Laid Plans","floor":18},{"not_picked":["Backstab","Deadly Poison+1"],"picked":"Backflip","floor":24},{"not_picked":["Poisoned Stab+1","Slice","Expertise"],"picked":"SKIP","floor":25}],"player_experience":169406,"relics_obtained":[{"floor":6,"key":"Regal Pillow"},{"floor":9,"key":"Bag of Marbles"},{"floor":24,"key":"Ice Cream"},{"floor":26,"key":"Akabeko"}],"event_choices":[{"damage_healed":0,"gold_gain":0,"player_choice":"Ignored","damage_taken":0,"max_hp_gain":0,"max_hp_loss":0,"event_name":"NoteForYourself","floor":3,"gold_loss":0},{"damage_healed":0,"gold_gain":0,"player_choice":"Copied","damage_taken":0,"max_hp_gain":0,"max_hp_loss":0,"event_name":"Duplicator","floor":19,"gold_loss":0,"cards_obtained":["Footwork"]},{"damage_healed":0,"gold_gain":0,"player_choice":"Opened","damage_taken":0,"relics_obtained":["Frozen Egg 2"],"max_hp_gain":0,"max_hp_loss":0,"event_name":"The Mausoleum","floor":21,"gold_loss":0},{"damage_healed":0,"gold_gain":0,"player_choice":"Shed Blood","damage_taken":18,"max_hp_gain":5,"max_hp_loss":0,"event_name":"Forgotten Altar","floor":22,"gold_loss":0}],"is_beta":false,"boss_relics":[{"not_picked":["Calling Bell","SlaversCollar"],"picked":"Empty Cage"}],"items_purged_floors":[],"is_endless":false,"potions_floor_spawned":[2,7,11,12,16],"killed_by":"Gremlin Leader","ascension_level":0}}