{"host":"fjbqinbax2bs4pe1","time":1607843662,"event":{"mods":["BaseMod","Colored Powertips","Duelist Mod","GifTheSpireLib","Grow up Mod","Lobotomy","LobotomyExtend","Minty Spire (QoL Compilation)","Replay The Spire","Shop Mod","Spicy Shops","StSLib","[IsaacMod]ÒÔÈö¼âËþ"],"gold_per_floor":[273,273,294,311,411,453,500,529,541,553,665,213,227,263,263,494,494,544,663,370,439,480,568,568,568,592,685,742,742,772,13,13,142,142,175,175,0,36,36,84,102,165,190,232,232,293,393,433,433,442],"floor_reached":51,"playtime":1354,"items_purged":["Doubt","Strike_R","Defend_R","Defend_R","Defend_R","Parasite"],"score":746,"play_id":"425697a4-0ce4-457b-ae8e-a4e436787ade","local_time":"20201213151422","daily_mods":["Vintage","Heirloom","DeadlyEvents","Elite Swarm"],"is_ascension_mode":false,"campfire_choices":[{"data":"BloodyBrimstone","floor":10,"key":"SMITH"},{"data":"Demon Form","floor":15,"key":"SMITH"},{"data":"Rupture","floor":24,"key":"SMITH"},{"data":"Bash","floor":29,"key":"SMITH"},{"data":"BloodyBrimstone","floor":32,"key":"SMITH"},{"data":"Delirium","floor":49,"key":"PURGE"}],"circlet_count":0,"master_deck":["Strike_R","Strike_R","Strike_R+1","Strike_R+1","Defend_R","Bash+1","BloodyBrimstone+1","Hemogenesis+1","Demon Form+1","Offering+1","Offering+1","Fire Breathing+1","Rupture+1","ReplayTheSpireMod:Muscle Training+1","Limit Break+1","Limit Break+1","BloodyBrimstone+1","Reaper","Offering+1","Reaper","Limit Break+1"],"relics":["Burning Blood","HushsDoor","Leech","SalivaCoin","LetterFromLob","BloodBag","Potion Belt","Pantograph","Singing Bowl","MerchantsRug","Membership Card","Replay:Bandana","Bronze Scales","Toxic Egg 2","ReplayTheSpireMod:Spearhead","Vajra","MagicMushroom","Replay:Wax Seal","Replay:Bottled Snecko","Toy Ornithopter","Strange Spoon","Centennial Puzzle","Whetstone","Cauldron","Ancient Tea Set","Ginger","BFFS","Dream Catcher","Replay:Baseball","ReplayTheSpireMod:TigerMarble","ShedSkin_r","HonorFeather","Frozen Egg 2","WingedGreaves","DollysMirror","Bag of Preparation","Nunchaku","Mummified Hand","Mirror","OrangePellets","Painkiller Herb","Pen Nib","Akabeko","PokeGo","Replay:WaspNest","Quantum Egg","Replay:Multitool","Regal Pillow","CeramicFish","DeadEye","Blood Vial","Blue Doll"],"acts_visited":["Exordium","TheCity","TheBeyond"],"potions_floor_usage":[30],"damage_taken":[{"damage":0,"enemies":"Small Slimes","floor":1,"turns":1},{"damage":1,"enemies":"Jaw Worm","floor":3,"turns":2},{"damage":6,"enemies":"Cultist","floor":4,"turns":3},{"damage":14,"enemies":"Gremlin Nob","floor":6,"turns":3},{"damage":4,"enemies":"Replay:BlueRogue","floor":7,"turns":3},{"damage":0,"enemies":"Exordium Wildlife","floor":8,"turns":1},{"damage":0,"enemies":"Exordium Thugs","floor":13,"turns":1},{"damage":9,"enemies":"3 Sentries","floor":14,"turns":2},{"damage":149,"enemies":"The Guardian","floor":16,"turns":11},{"damage":20,"enemies":"Chosen","floor":18,"turns":3},{"damage":77,"enemies":"Hiden Room Battle","floor":19,"turns":3},{"damage":21,"enemies":"Shell Parasite","floor":21,"turns":2},{"damage":13,"enemies":"Snake Plant","floor":22,"turns":1},{"damage":27,"enemies":"theDuelist:KaibaA2","floor":23,"turns":3},{"damage":30,"enemies":"Replay:Snechameleon","floor":27,"turns":2},{"damage":7,"enemies":"Replay:Snechameleon","floor":28,"turns":1},{"damage":6,"enemies":"Snecko","floor":30,"turns":2},{"damage":8,"enemies":"Pondfish","floor":33,"turns":3},{"damage":6,"enemies":"3 Darklings","floor":35,"turns":1},{"damage":6,"enemies":"3 Shapes","floor":38,"turns":1},{"damage":13,"enemies":"R_Hoarder","floor":40,"turns":2},{"damage":6,"enemies":"Sphere and 2 Shapes","floor":41,"turns":1},{"damage":18,"enemies":"Giant Head","floor":42,"turns":1},{"damage":12,"enemies":"Maw","floor":44,"turns":2},{"damage":13,"enemies":"Reptomancer","floor":46,"turns":2},{"damage":0,"enemies":"R_Hoarder","floor":48,"turns":3},{"damage":6,"enemies":"Replay:Hell Engine","floor":50,"turns":1}],"seed_played":"-8275464755810734967","potions_obtained":[{"floor":7,"key":"Block Potion"},{"floor":8,"key":"FairyPotion"},{"floor":13,"key":"Strength Potion"},{"floor":14,"key":"SmokeBomb"},{"floor":18,"key":"BloodPotion"},{"floor":20,"key":"SpeedPotion"},{"floor":20,"key":"Energy Potion"},{"floor":20,"key":"GamblersBrew"},{"floor":20,"key":"PowerPotion"},{"floor":20,"key":"Flashbang"},{"floor":22,"key":"Energy Potion"},{"floor":28,"key":"PowerPotion"},{"floor":33,"key":"Block Potion"},{"floor":40,"key":"Swift Potion"},{"floor":42,"key":"Dexterity Potion"},{"floor":46,"key":"Elixir"}],"is_trial":true,"path_per_floor":["M","?","M","M","WH","E","E","M","T","R","WH","$","M","E","R","B",null,"M","?","$","M","M","E","R","WH","T","E","E","R","M","$","R","B",null,"?","WH","WH","?","?","E","?","E","T","?","WH","E","WH","E","T","B",null],"character_chosen":"IRONCLAD","items_purchased":["MerchantsRug","Membership Card","Replay:Bandana","Bronze Scales","Toxic Egg 2","BelialBook","Offering+1","Strange Spoon","Centennial Puzzle","Whetstone","Cauldron","Ancient Tea Set","Rupture","ReplayTheSpireMod:Muscle Training+1","DollysMirror","Bag of Preparation","Nunchaku","Mummified Hand","Mirror","OrangePellets","BloodyBrimstone"],"campfire_rested":0,"item_purchase_floors":[12,12,12,12,12,17,17,20,20,20,20,20,20,20,31,31,31,31,31,31,31],"current_hp_per_floor":[88,98,115,131,141,140,154,162,172,182,192,202,209,216,226,94,231,233,160,170,168,171,177,187,197,207,11,20,30,37,44,54,58,68,75,85,95,105,112,113,120,124,134,138,150,151,161,173,183,187],"gold":442,"neow_bonus":"HUNDRED_GOLD","is_daily":false,"chose_seed":false,"campfire_upgraded":5,"win_rate":0.0,"timestamp":1607843662,"path_taken":["M","?","?","M","WH","E","?","M","T","R","WH","$","M","E","R","BOSS","M","?","$","M","M","E","R","WH","T","E","?","R","M","$","R","BOSS","?","WH","WH","?","?","E","?","E","T","?","WH","E","WH","E","T","BOSS"],"items_purchased_type":["Relic","Relic","Relic","Relic","Relic","Relic","Card","Relic","Relic","Relic","Relic","Relic","Card","Card","Relic","Relic","Relic","Relic","Relic","Relic","Card"],"build_version":"2020-11-30","purchased_purges":6,"victory":true,"max_hp_per_floor":[97,107,117,131,141,148,155,162,172,182,192,202,209,216,226,233,231,241,248,258,268,272,279,289,299,309,11,20,30,37,44,54,58,68,75,85,95,105,112,113,120,124,134,138,150,154,164,173,183,187],"card_choices":[{"not_picked":[],"picked":"BloodyBrimstone","floor":0},{"not_picked":["Berserk","Exhume"],"picked":"Hemogenesis","floor":6},{"not_picked":["Impervious","Replay:Many Hands","Exhume"],"picked":"SKIP","floor":7},{"not_picked":["Brutality","Double Tap+1"],"picked":"Demon Form","floor":14},{"not_picked":["Barricade","Impervious+1"],"picked":"Offering+1","floor":16},{"not_picked":["Intimidate+1","Bloodletting+1"],"picked":"Fire Breathing+1","floor":19},{"not_picked":["Exhume+1","Brutality"],"picked":"Limit Break+1","floor":23},{"not_picked":["Replay:Many Hands+1","Juggernaut+1","Double Tap+1"],"picked":"Singing Bowl","floor":28},{"not_picked":["Brutality+1","Corruption+1"],"picked":"Reaper","floor":33},{"not_picked":["Juggernaut+1","Brutality+1"],"picked":"Offering+1","floor":40},{"not_picked":["Barricade+1","Corruption+1"],"picked":"Reaper","floor":42},{"not_picked":["Wild Strike","Second Wind","Clash"],"picked":"Singing Bowl","floor":45},{"not_picked":["Juggernaut+1","Demon Form+1"],"picked":"Limit Break+1","floor":46},{"not_picked":["Barricade+1","Corruption+1","Fiend Fire"],"picked":"Singing Bowl","floor":48}],"player_experience":5253,"relics_obtained":[{"floor":1,"key":"SalivaCoin"},{"floor":1,"key":"LetterFromLob"},{"floor":3,"key":"UnicornStump"},{"floor":4,"key":"Potion Belt"},{"floor":6,"key":"MawBank"},{"floor":7,"key":"Pantograph"},{"floor":8,"key":"TheBean"},{"floor":9,"key":"Singing Bowl"},{"floor":13,"key":"ReplayTheSpireMod:Spearhead"},{"floor":14,"key":"Vajra"},{"floor":18,"key":"Replay:Wax Seal"},{"floor":19,"key":"Replay:Bottled Snecko"},{"floor":19,"key":"Toy Ornithopter"},{"floor":21,"key":"Ginger"},{"floor":22,"key":"BFFS"},{"floor":23,"key":"Dream Catcher"},{"floor":26,"key":"ReplayTheSpireMod:TigerMarble"},{"floor":28,"key":"Frozen Egg 2"},{"floor":30,"key":"WingedGreaves"},{"floor":35,"key":"Pen Nib"},{"floor":38,"key":"Replay:WaspNest"},{"floor":40,"key":"Quantum Egg"},{"floor":41,"key":"Replay:Multitool"},{"floor":42,"key":"Regal Pillow"},{"floor":43,"key":"CeramicFish"},{"floor":44,"key":"DeadEye"},{"floor":46,"key":"Blood Vial"},{"floor":48,"key":"Blue Doll"}],"event_choices":[{"damage_healed":0,"gold_gain":0,"player_choice":"Fight","damage_taken":0,"max_hp_gain":0,"max_hp_loss":0,"event_name":"HidenRoomEvent","floor":19,"gold_loss":0},{"damage_healed":0,"gold_gain":0,"cards_transformed":["Parasite"],"player_choice":"Transformed","damage_taken":0,"max_hp_gain":0,"max_hp_loss":0,"event_name":"Transmorgrifier","floor":39,"gold_loss":0,"cards_obtained":["Delirium"]}],"is_beta":false,"boss_relics":[{"not_picked":["SlaversCollar","Fusion Hammer"],"picked":"MagicMushroom"},{"not_picked":[]},{"not_picked":["Sozu","Replay:Ancient Bell"],"picked":"Painkiller Herb"},{"not_picked":[]}],"items_purged_floors":[12,12,17,20,20,31],"is_endless":false,"potions_floor_spawned":[7,8,13,14,18,22,28,33,40,42,46],"ascension_level":0}}