{"host":"fjbqinbax2bs4pe1","time":1607844547,"event":{"mods":["BaseMod","Colored Powertips","Duelist Mod","GifTheSpireLib","Grow up Mod","Lobotomy","LobotomyExtend","Minty Spire (QoL Compilation)","Replay The Spire","Shop Mod","Spicy Shops","StSLib","[IsaacMod]ÒÔÈö¼âËþ"],"gold_per_floor":[110,110,3,13,31,43,77,96,96,96,31,31,70,84,84,201,201,214,234,234,18,40,86,86,125,125,183,211,131,31,53,53,174,174,191,191,191],"floor_reached":36,"playtime":857,"items_purged":["Defend_G+1","Survivor"],"score":716,"play_id":"0680632f-f264-4c9e-9f14-ba020179249d","local_time":"20201213152907","is_ascension_mode":false,"campfire_choices":[{"data":"BloodyBrimstone","floor":10,"key":"SMITH"},{"floor":15,"key":"DIG"},{"data":"Draining Mist","floor":24,"key":"SMITH"},{"floor":32,"key":"REST"}],"circlet_count":0,"master_deck":["Strike_G+1","Strike_G+1","Strike_G+1","Strike_G+1","Strike_G+1","Defend_G+1","Defend_G+1","Defend_G+1","Defend_G+1","Neutralize+1","BloodyBrimstone+1","ReplayTheSpireMod:IOU","Bullet Time","Deadly Poison+1","Draining Mist+1","Poisoned Stab","Acrobatics","Poisoned Stab+1","Draining Mist+1","Dagger Spray","Calculated Gamble","Prepared+1","Caltrops+1","Caltrops+1","Poisoned Stab+1","Atom Bomb+1"],"relics":["Ring of the Snake","HushsDoor","SteamSale","LetterFromLob","MerchantsRug","Pen Nib","Bottled Flame","Replay:Wax Seal","Replay:Bandana","Strange Spoon","Ancient Tea Set","Prayer Wheel","Philosopher\u0027s Stone","TheBean","Snake Skull","Replay:WaspNest","Lee\u0027s Waffle","Omamori","YumHeart","Golden Egg","BookofShadows","Gremlin Food","ReplayTheSpireMod:TigerMarble","Tiny House","Damocles","Replay:Mystery Machine"],"acts_visited":["Exordium","TheCity","TheBeyond"],"potions_floor_usage":[],"damage_taken":[{"damage":0,"enemies":"Jaw Worm","floor":1,"turns":3},{"damage":0,"enemies":"2 Louse","floor":4,"turns":1},{"damage":0,"enemies":"Cultist","floor":5,"turns":2},{"damage":13,"enemies":"Red Slaver","floor":6,"turns":2},{"damage":0,"enemies":"3 Sentries","floor":7,"turns":4},{"damage":0,"enemies":"Looter","floor":8,"turns":1},{"damage":0,"enemies":"Lagavulin","floor":13,"turns":3},{"damage":0,"enemies":"Exordium Thugs","floor":14,"turns":1},{"damage":4,"enemies":"Slime Boss","floor":16,"turns":7},{"damage":0,"enemies":"Spheric Guardian","floor":18,"turns":1},{"damage":0,"enemies":"2 Thieves","floor":19,"turns":1},{"damage":4,"enemies":"Cultist and Chosen","floor":22,"turns":3},{"damage":2,"enemies":"Gremlin Leader","floor":23,"turns":4},{"damage":5,"enemies":"Book of Stabbing","floor":25,"turns":3},{"damage":0,"enemies":"Hiden Room Battle","floor":27,"turns":3},{"damage":2,"enemies":"Shelled Parasite and Fungi","floor":28,"turns":2},{"damage":12,"enemies":"Snecko","floor":29,"turns":4},{"damage":0,"enemies":"Snake Plant","floor":31,"turns":2},{"damage":12,"enemies":"Pondfish","floor":33,"turns":5},{"damage":3,"enemies":"3 Shapes","floor":35,"turns":1}],"seed_played":"2583170561216738884","potions_obtained":[{"floor":6,"key":"Ancient Potion"},{"floor":7,"key":"Flashbang"},{"floor":8,"key":"Weak Potion"}],"is_trial":false,"path_per_floor":["M","?","$","M","M","M","E","M","T","R","$","?","E","M","R","B",null,"M","M","?","$","M","E","R","E","T","?","M","M","$","M","R","B",null,"M","?"],"character_chosen":"THE_SILENT","items_purchased":["MerchantsRug","Replay:Wax Seal","Replay:Bandana","Strange Spoon","TheBean","Snake Skull","Replay:WaspNest","Lee\u0027s Waffle","ReplayTheSpireMod:TigerMarble","Caltrops","Damocles"],"campfire_rested":1,"item_purchase_floors":[3,11,11,11,21,21,21,21,30,30,34],"current_hp_per_floor":[94,101,111,121,128,125,135,145,155,165,175,185,195,203,213,213,227,234,241,251,268,271,279,289,294,304,299,321,318,328,338,357,352,369,373,0,0],"gold":191,"neow_bonus":"TEN_PERCENT_HP_BONUS","is_daily":false,"chose_seed":false,"campfire_upgraded":2,"win_rate":0.0,"timestamp":1607844547,"path_taken":["M","?","$","M","M","M","E","?","T","R","?","?","E","M","R","BOSS","M","M","?","$","M","E","R","E","T","?","?","M","$","M","R","BOSS","M","?"],"items_purchased_type":["Relic","Relic","Relic","Relic","Relic","Relic","Relic","Relic","Relic","Card","Relic"],"build_version":"2020-11-30","purchased_purges":2,"victory":false,"max_hp_per_floor":[94,104,114,121,128,135,142,149,159,169,179,189,196,203,213,217,227,234,241,251,268,275,282,292,299,309,316,323,330,340,347,357,364,369,376,376,376],"card_choices":[{"not_picked":[],"picked":"BloodyBrimstone","floor":0},{"not_picked":["Slice","Deflect","Well Laid Plans"],"picked":"SKIP","floor":1},{"not_picked":["Toxin Wave","Quick Slash","Dodge and Roll"],"picked":"SKIP","floor":4},{"not_picked":["Slice","Toxin Wave","PiercingWail"],"picked":"SKIP","floor":5},{"not_picked":["Dagger Throw","Deflect","Unload"],"picked":"SKIP","floor":6},{"not_picked":["Toxin Wave","Well Laid Plans"],"picked":"Bomb","floor":7},{"not_picked":["Sucker Punch","Dagger Spray","Predator"],"picked":"SKIP","floor":8},{"not_picked":["Acrobatics","Quick Slash","PiercingWail"],"picked":"SKIP","floor":13},{"not_picked":["Eviscerate","PiercingWail","Prepared"],"picked":"SKIP","floor":14},{"not_picked":["Burst","A Thousand Cuts"],"picked":"Bullet Time","floor":16},{"not_picked":["Hidden Blade","Prepared"],"picked":"Deadly Poison+1","floor":18},{"not_picked":["Riddle With Holes","ReplayTheSpireMod:Scrap Shanks"],"picked":"Draining Mist+1","floor":18},{"not_picked":["Toxin Wave","Predator"],"picked":"Poisoned Stab","floor":19},{"not_picked":["Backflip","PiercingWail+1","Eviscerate"],"picked":"SKIP","floor":19},{"not_picked":["Underhanded Strike","Blur"],"picked":"Acrobatics","floor":22},{"not_picked":["ReplayTheSpireMod:Necrosis","Sucker Punch+1"],"picked":"Poisoned Stab","floor":22},{"not_picked":["Underhanded Strike","ReplayTheSpireMod:Tripwire"],"picked":"Draining Mist","floor":23},{"not_picked":["Quick Slash+1","Choke","Fluid Movement+1"],"picked":"SKIP","floor":25},{"not_picked":["Underhanded Strike","Hidden Blade+1"],"picked":"Dagger Spray","floor":27},{"not_picked":["Deadly Poison","Underhanded Strike+1"],"picked":"Calculated Gamble","floor":28},{"not_picked":["Flying Knee+1","Burst","Sucker Punch"],"picked":"SKIP","floor":28},{"not_picked":["Heel Hook","Crippling Poison"],"picked":"Prepared+1","floor":29},{"not_picked":["Quick Slash","Wraith Form v2","Flying Knee"],"picked":"SKIP","floor":29},{"not_picked":["ReplayTheSpireMod:Shiv Toss","Sucker Punch"],"picked":"Poisoned Stab","floor":31},{"not_picked":["Underhanded Strike+1","Deadly Poison","ReplayTheSpireMod:Speed Training"],"picked":"SKIP","floor":31},{"not_picked":["Wraith Form v2","A Thousand Cuts"],"picked":"Atom Bomb","floor":33},{"not_picked":["PiercingWail+1","Acrobatics","Flying Knee"],"picked":"SKIP","floor":35},{"not_picked":["Terror+1","Outmaneuver","Slice"],"picked":"SKIP","floor":35}],"player_experience":6607,"relics_obtained":[{"floor":1,"key":"LetterFromLob"},{"floor":7,"key":"Pen Nib"},{"floor":9,"key":"Bottled Flame"},{"floor":13,"key":"Ancient Tea Set"},{"floor":15,"key":"Prayer Wheel"},{"floor":23,"key":"Omamori"},{"floor":25,"key":"YumHeart"},{"floor":26,"key":"Golden Egg"},{"floor":27,"key":"BookofShadows"},{"floor":27,"key":"Gremlin Food"},{"floor":35,"key":"Replay:Mystery Machine"}],"event_choices":[{"damage_healed":0,"gold_gain":0,"player_choice":"Success","damage_taken":3,"relics_obtained":["War Paint"],"max_hp_gain":0,"max_hp_loss":0,"event_name":"Scrap Ooze","floor":2,"gold_loss":0},{"damage_healed":0,"gold_gain":0,"player_choice":"Upgraded","damage_taken":0,"max_hp_gain":0,"max_hp_loss":0,"event_name":"Upgrade Shrine","floor":12,"gold_loss":0,"cards_upgraded":["Neutralize"]},{"damage_healed":0,"gold_gain":0,"player_choice":"Simplicity","damage_taken":0,"max_hp_gain":0,"max_hp_loss":0,"event_name":"Back to Basics","floor":20,"gold_loss":0,"cards_upgraded":["Strike_G","Strike_G","Strike_G","Strike_G","Strike_G","Defend_G","Defend_G","Defend_G"]},{"damage_healed":0,"gold_gain":0,"player_choice":"Fight","damage_taken":0,"max_hp_gain":0,"max_hp_loss":0,"event_name":"HidenRoomEvent","floor":27,"gold_loss":0},{"damage_healed":0,"gold_gain":0,"player_choice":"Embrace Madness","damage_taken":47,"max_hp_gain":0,"max_hp_loss":0,"event_name":"Winding Halls","floor":36,"gold_loss":0,"cards_obtained":["Madness","Madness"]}],"is_beta":false,"boss_relics":[{"not_picked":["Replay:Ancient Bell","Fusion Hammer"],"picked":"Philosopher\u0027s Stone"},{"not_picked":[]},{"not_picked":["Replay:Grab Bag","Ring of Chaos"],"picked":"Tiny House"},{"not_picked":[]}],"items_purged_floors":[3,34],"is_endless":false,"potions_floor_spawned":[6,7,8,16,22,23,25,28,29],"ascension_level":0}}