{"host":"erulnpr9qdnrfj6h","time":1607874320,"event":{"mods":["AchievementEnabler","BaseMod","Colored Map","Minty Spire (QoL Compilation)","Rare Cards Sparkle","SuperFastMode"],"gold_per_floor":[116,130,130,130,305,331,331,361,361,361,391,24,37,94,94,94,94],"floor_reached":16,"playtime":523,"items_purged":["Strike_G"],"score":237,"play_id":"93d58d88-e0fb-4306-97cd-92489b7a49dd","local_time":"20201214004520","is_ascension_mode":true,"campfire_choices":[{"data":"Blade Dance","floor":7.0,"key":"SMITH"},{"floor":10.0,"key":"REST"},{"floor":15,"key":"REST"}],"circlet_count":0,"master_deck":["AscendersBane","Strike_G","Strike_G","Strike_G","Defend_G","Defend_G","Defend_G","Defend_G","Defend_G","Survivor","Neutralize","Blade Dance+1","Tactician","Doubt","Noxious Fumes","Infinite Blades","PiercingWail"],"relics":["Ring of the Snake","NeowsBlessing","Mango","Lantern","Smiling Mask","Nunchaku","Singing Bowl","Membership Card","Eternal Feather","Sundial"],"acts_visited":["Exordium"],"potions_floor_usage":[14,14,14,14,14,14],"damage_taken":[{"damage":0.0,"enemies":"Cultist","floor":1.0,"turns":1.0},{"damage":0.0,"enemies":"Jaw Worm","floor":2.0,"turns":1.0},{"damage":0.0,"enemies":"Lagavulin","floor":6.0,"turns":1.0},{"damage":62.0,"enemies":"Gremlin Nob","floor":8.0,"turns":6.0},{"damage":31.0,"enemies":"3 Sentries","floor":11.0,"turns":11.0},{"damage":0,"enemies":"Small Slimes","floor":13,"turns":4},{"damage":3,"enemies":"Lagavulin Event","floor":14,"turns":4},{"damage":33,"enemies":"Slime Boss","floor":16,"turns":8}],"seed_played":"-6943496451251294437","potions_obtained":[{"floor":11.0,"key":"Dexterity Potion"},{"floor":13,"key":"FearPotion"}],"is_trial":false,"path_per_floor":["M","M","?","T","?","E","R","E","T","R","E","$","M","?","R","B"],"character_chosen":"THE_SILENT","items_purchased":["Membership Card","Eternal Feather","EntropicBrew"],"campfire_rested":2,"item_purchase_floors":[12,12,12],"current_hp_per_floor":[63,63,56,70,70,70,70,8,8,33,4,4,4,1,35,2,2],"gold":94,"neow_bonus":"THREE_ENEMY_KILL","is_daily":false,"chose_seed":false,"campfire_upgraded":1,"win_rate":0.0,"timestamp":1607874320,"path_taken":["M","?","?","?","?","E","R","E","T","R","E","?","M","?","R","BOSS"],"items_purchased_type":["Relic","Relic","Potion"],"build_version":"2020-11-30","purchased_purges":1,"victory":false,"max_hp_per_floor":[70,70,70,84,84,84,84,84,84,84,86,86,86,86,86,86,86],"card_choices":[{"not_picked":["Dagger Throw","Deflect"],"picked":"Blade Dance","floor":1.0},{"not_picked":["Crippling Poison","Dodge and Roll"],"picked":"Tactician","floor":2.0},{"not_picked":["Acrobatics","Tactician"],"picked":"Noxious Fumes","floor":6.0},{"not_picked":["Slice","Predator","Deflect"],"picked":"SKIP","floor":8.0},{"not_picked":["Dagger Spray","Wraith Form v2","All Out Attack"],"picked":"Singing Bowl","floor":11.0},{"not_picked":["Calculated Gamble","Skewer"],"picked":"Infinite Blades","floor":13},{"not_picked":["Deadly Poison","Caltrops"],"picked":"PiercingWail","floor":14}],"player_experience":166471,"relics_obtained":[{"floor":4.0,"key":"Mango"},{"floor":6.0,"key":"Lantern"},{"floor":8.0,"key":"Smiling Mask"},{"floor":9.0,"key":"Nunchaku"},{"floor":11.0,"key":"Singing Bowl"},{"floor":14,"key":"Sundial"}],"event_choices":[{"cards_removed":["Strike_G"],"damage_healed":0.0,"max_hp_gain":0.0,"max_hp_loss":0.0,"gold_gain":0.0,"event_name":"Golden Wing","player_choice":"Card Removal","floor":3.0,"gold_loss":0.0,"damage_taken":7.0},{"damage_healed":0.0,"max_hp_gain":0.0,"max_hp_loss":0.0,"gold_gain":175.0,"event_name":"Liars Game","player_choice":"AGREE","floor":5.0,"gold_loss":0.0,"damage_taken":0.0,"cards_obtained":["Doubt"]},{"damage_healed":0,"gold_gain":30,"player_choice":"Searched \u00272\u0027 times","damage_taken":0,"max_hp_gain":0,"max_hp_loss":0,"event_name":"Dead Adventurer","floor":14,"gold_loss":0}],"is_beta":false,"boss_relics":[],"items_purged_floors":[12],"is_endless":false,"potions_floor_spawned":[11,13],"killed_by":"Slime Boss","ascension_level":10}}