{"host":"w4b7hmige5bnqipq","time":1607862895,"event":{"mods":["BaseMod","Minty Spire (QoL Compilation)","Rare Cards Sparkle","SuperFastMode","everything is the same but u backflip on backflip","slay the spire mod where everything is the same but ironclad has a cowboy hat"],"gold_per_floor":[111,186,186,186,186,217,217,248,248,266,276,311,311,336,336,408,408,424,437,397,412,185,215,234,260,260,260,260,270,301,314,314,387,387,403,423,423,439,339,373,373,406,429,447,447,447,447],"floor_reached":46,"playtime":1536,"items_purged":["Strike_R","Strike_R"],"score":1058,"play_id":"c6393bb2-24f4-4211-b7d2-d27e643be803","local_time":"20201213203455","is_ascension_mode":true,"campfire_choices":[{"data":"Pommel Strike","floor":7.0,"key":"SMITH"},{"data":"Infernal Blade","floor":15.0,"key":"SMITH"},{"data":"Shrug It Off","floor":27.0,"key":"SMITH"},{"floor":32.0,"key":"REST"},{"data":"Barricade","floor":45,"key":"SMITH"}],"circlet_count":0,"master_deck":["AscendersBane","Strike_R","Strike_R","Strike_R+1","Defend_R+1","Defend_R","Defend_R","Defend_R+1","Bash+1","Hemokinesis+1","Pommel Strike+1","Flex","Shrug It Off+1","Infernal Blade+1","Carnage+1","Intimidate+1","Impervious+1","Iron Wave+1","Feel No Pain","Second Wind+1","True Grit+1","Bloodletting+1","Evolve","Dropkick+1","Barricade+1","Warcry+1","Dropkick+1","Dual Wield+1","Juggernaut","Entrench+1","Battle Trance+1"],"relics":["Burning Blood","NeowsBlessing","Toy Ornithopter","Art of War","Oddly Smooth Stone","Boot","Toxic Egg 2","Magic Flower","SlaversCollar","Nunchaku","Bag of Marbles","Pocketwatch","Blue Candle","Potion Belt","Mark of Pain","Bag of Preparation","Torii"],"acts_visited":["Exordium","TheCity","TheBeyond"],"potions_floor_usage":[],"damage_taken":[{"damage":0.0,"enemies":"Small Slimes","floor":1.0,"turns":1.0},{"damage":0.0,"enemies":"Gremlin Nob","floor":6.0,"turns":1.0},{"damage":0.0,"enemies":"Lagavulin","floor":8.0,"turns":2.0},{"damage":2.0,"enemies":"2 Louse","floor":10.0,"turns":2.0},{"damage":2.0,"enemies":"Cultist","floor":11.0,"turns":2.0},{"damage":2.0,"enemies":"Gremlin Nob","floor":12.0,"turns":1.0},{"damage":23.0,"enemies":"3 Sentries","floor":14.0,"turns":8.0},{"damage":13.0,"enemies":"Slime Boss","floor":16.0,"turns":8.0},{"damage":9.0,"enemies":"2 Thieves","floor":18.0,"turns":3.0},{"damage":13.0,"enemies":"Spheric Guardian","floor":19.0,"turns":3.0},{"damage":16.0,"enemies":"Centurion and Healer","floor":21.0,"turns":8.0},{"damage":26.0,"enemies":"Slavers","floor":23.0,"turns":6.0},{"damage":4.0,"enemies":"Snecko","floor":24.0,"turns":3.0},{"damage":26.0,"enemies":"Book of Stabbing","floor":25.0,"turns":5.0},{"damage":14.0,"enemies":"Snake Plant","floor":29.0,"turns":3.0},{"damage":20.0,"enemies":"Gremlin Leader","floor":30.0,"turns":3.0},{"damage":11.0,"enemies":"Shelled Parasite and Fungi","floor":31.0,"turns":4.0},{"damage":35.0,"enemies":"Champ","floor":33.0,"turns":10.0},{"damage":15.0,"enemies":"3 Darklings","floor":35.0,"turns":5.0},{"damage":11.0,"enemies":"Orb Walker","floor":36.0,"turns":4.0},{"damage":8.0,"enemies":"4 Shapes","floor":38.0,"turns":4.0},{"damage":44.0,"enemies":"Nemesis","floor":40.0,"turns":9.0},{"damage":40.0,"enemies":"Reptomancer","floor":42.0,"turns":10.0},{"damage":3,"enemies":"Spire Growth","floor":44,"turns":9},{"damage":49,"enemies":"Nemesis","floor":46,"turns":3}],"seed_played":"5293501439754528962","potions_obtained":[{"floor":8.0,"key":"Fire Potion"},{"floor":10.0,"key":"SteroidPotion"},{"floor":11.0,"key":"AttackPotion"},{"floor":16.0,"key":"Fruit Juice"},{"floor":18.0,"key":"Dexterity Potion"},{"floor":19.0,"key":"ColorlessPotion"},{"floor":25.0,"key":"CultistPotion"},{"floor":31.0,"key":"SkillPotion"},{"floor":35.0,"key":"SkillPotion"},{"floor":40.0,"key":"Explosive Potion"}],"is_trial":false,"path_per_floor":["M","?","?","?","?","E","R","E","T","M","M","E","?","E","R","B",null,"M","M","?","M","$","E","M","E","T","R","?","M","E","M","R","B",null,"M","M","?","M","$","E","?","E","T","M","R","E"],"character_chosen":"IRONCLAD","items_purchased":["Nunchaku"],"campfire_rested":1,"item_purchase_floors":[22],"current_hp_per_floor":[78,67,60,60,60,66,66,72,72,76,80,80,64,47,47,43,71,79,85,85,78,78,68,73,56,56,56,40,35,24,22,49,31,75,77,75,75,76,76,41,41,26,26,32,32,0,0],"gold":447,"neow_bonus":"THREE_ENEMY_KILL","is_daily":false,"chose_seed":false,"campfire_upgraded":4,"win_rate":0.0,"timestamp":1607862895,"path_taken":["M","?","?","?","?","E","R","E","T","?","M","E","?","E","R","BOSS","M","M","?","M","$","E","?","E","T","R","?","M","E","M","R","BOSS","M","M","?","?","$","E","?","E","T","?","R","E"],"items_purchased_type":["Relic"],"build_version":"2020-11-30","purchased_purges":2,"victory":false,"max_hp_per_floor":[80,80,80,80,80,80,80,80,80,80,80,80,80,80,80,80,80,80,85,85,85,85,85,85,85,85,85,90,90,90,90,90,90,90,90,90,90,90,90,90,90,90,90,90,90,90,90],"card_choices":[{"not_picked":["Armaments","Warcry"],"picked":"Hemokinesis","floor":1.0},{"not_picked":["Iron Wave","Feel No Pain"],"picked":"Pommel Strike","floor":6.0},{"not_picked":["Cleave","Iron Wave"],"picked":"Flex","floor":8.0},{"not_picked":["Dual Wield","Thunderclap"],"picked":"Shrug It Off","floor":10.0},{"not_picked":["Sword Boomerang","Searing Blow"],"picked":"Infernal Blade","floor":11.0},{"not_picked":["Rampage","Clash"],"picked":"Carnage","floor":12.0},{"not_picked":["Clash","Pommel Strike"],"picked":"Intimidate+1","floor":14.0},{"not_picked":["Bludgeon","Exhume+1"],"picked":"Impervious+1","floor":16.0},{"not_picked":["Sword Boomerang","Clash","Body Slam"],"picked":"SKIP","floor":18.0},{"not_picked":["Rage+1","Clothesline+1"],"picked":"Iron Wave+1","floor":19.0},{"not_picked":["Sword Boomerang","Juggernaut"],"picked":"Feel No Pain","floor":21.0},{"not_picked":["Shrug It Off+1","Shockwave+1"],"picked":"Second Wind+1","floor":23.0},{"not_picked":["Flex+1","Dual Wield+1"],"picked":"True Grit+1","floor":24.0},{"not_picked":["Anger","Cleave"],"picked":"Whirlwind+1","floor":25.0},{"not_picked":["Thunderclap","Disarm+1"],"picked":"Bloodletting+1","floor":29.0},{"not_picked":["Flex+1","Dropkick"],"picked":"Evolve","floor":30.0},{"not_picked":["Burning Pact+1","Ghostly Armor+1"],"picked":"Dropkick+1","floor":31.0},{"not_picked":["Exhume+1","Impervious+1"],"picked":"Barricade","floor":33.0},{"not_picked":["Rage+1","Whirlwind","Cleave"],"picked":"SKIP","floor":35.0},{"not_picked":["Intimidate+1","Anger"],"picked":"Warcry+1","floor":36.0},{"not_picked":["Evolve+1","Sword Boomerang"],"picked":"Dual Wield+1","floor":38.0},{"not_picked":["Shrug It Off+1","Clash"],"picked":"Juggernaut","floor":40.0},{"not_picked":["Dark Embrace","Shockwave+1"],"picked":"Entrench+1","floor":42.0},{"not_picked":["Thunderclap","Headbutt+1"],"picked":"Battle Trance+1","floor":44}],"player_experience":387085,"relics_obtained":[{"floor":6.0,"key":"Art of War"},{"floor":8.0,"key":"Oddly Smooth Stone"},{"floor":9.0,"key":"Boot"},{"floor":12.0,"key":"Toxic Egg 2"},{"floor":14.0,"key":"Magic Flower"},{"floor":23.0,"key":"Bag of Marbles"},{"floor":25.0,"key":"Pocketwatch"},{"floor":26.0,"key":"Blue Candle"},{"floor":30.0,"key":"Potion Belt"},{"floor":40.0,"key":"Bag of Preparation"}],"event_choices":[{"damage_healed":0.0,"max_hp_gain":0.0,"max_hp_loss":0.0,"gold_gain":75.0,"event_name":"World of Goop","player_choice":"Gather Gold","floor":2.0,"gold_loss":0.0,"damage_taken":11.0},{"damage_healed":0.0,"max_hp_gain":0.0,"max_hp_loss":0.0,"gold_gain":0.0,"event_name":"Scrap Ooze","player_choice":"Success","floor":3.0,"gold_loss":0.0,"damage_taken":7.0,"relics_obtained":["Toy Ornithopter"]},{"damage_healed":0.0,"max_hp_gain":0.0,"max_hp_loss":0.0,"gold_gain":0.0,"event_name":"Living Wall","player_choice":"Grow","floor":4.0,"gold_loss":0.0,"damage_taken":0.0,"cards_upgraded":["Hemokinesis"]},{"damage_healed":0.0,"max_hp_gain":0.0,"max_hp_loss":0.0,"gold_gain":0.0,"event_name":"Accursed Blacksmith","player_choice":"Forge","floor":5.0,"gold_loss":0.0,"damage_taken":0.0,"cards_upgraded":["Bash"]},{"damage_healed":0.0,"max_hp_gain":0.0,"max_hp_loss":0.0,"gold_gain":0.0,"event_name":"Shining Light","player_choice":"Entered Light","floor":13.0,"gold_loss":0.0,"damage_taken":16.0,"cards_upgraded":["Defend_R","Strike_R"]},{"damage_healed":0.0,"max_hp_gain":0.0,"max_hp_loss":0.0,"gold_gain":0.0,"event_name":"Designer","player_choice":"Upgraded Two","floor":20.0,"gold_loss":40.0,"damage_taken":0.0,"cards_upgraded":["Defend_R","Carnage"]},{"damage_healed":0.0,"max_hp_gain":5.0,"max_hp_loss":0.0,"gold_gain":0.0,"event_name":"Forgotten Altar","player_choice":"Shed Blood","floor":28.0,"gold_loss":0.0,"damage_taken":21.0},{"damage_healed":0.0,"max_hp_gain":0.0,"max_hp_loss":0.0,"gold_gain":0.0,"event_name":"Duplicator","player_choice":"Copied","floor":37.0,"gold_loss":0.0,"damage_taken":0.0,"cards_obtained":["Dropkick"]},{"cards_removed":["Whirlwind"],"damage_healed":0.0,"max_hp_gain":0.0,"max_hp_loss":0.0,"gold_gain":0.0,"event_name":"WeMeetAgain","player_choice":"Gave Card","floor":41.0,"gold_loss":0.0,"damage_taken":0.0,"relics_obtained":["Torii"]}],"is_beta":false,"boss_relics":[{"not_picked":["SacredBark","Runic Pyramid"],"picked":"SlaversCollar"},{"not_picked":["Astrolabe","Cursed Key"],"picked":"Mark of Pain"}],"items_purged_floors":[22,39],"is_endless":false,"potions_floor_spawned":[8,10,11,16,18,19,25,31,35,40],"killed_by":"Nemesis","ascension_level":13}}