{"host":"nh1tx9wty0m9wedw","time":1607823935,"event":{"mods":["BaseMod","Colored Map","Colored Powertips","Minty Spire (QoL Compilation)"],"gold_per_floor":[109,119,50,50,75,94,94,118,118,161,161,204,204,274,274,404,404,425,425,425,50,50,76,76,102,102,102,102,121,133,147,147,252,252,264,264,264,8,58,58,89,89,113,141,153,103,103,123,123,123,123],"floor_reached":50,"playtime":21482,"items_purged":["Strike_G","Pain"],"score":685,"play_id":"e604411d-1c94-4e5a-817f-488ae70ceb81","local_time":"20201213024535","is_ascension_mode":true,"campfire_choices":[{"floor":7,"key":"REST"},{"data":"Tactician","floor":11,"key":"SMITH"},{"floor":13,"key":"REST"},{"data":"Noxious Fumes","floor":15,"key":"SMITH"},{"floor":24,"key":"REST"},{"floor":28,"key":"REST"},{"data":"Outmaneuver","floor":32,"key":"SMITH"},{"floor":40,"key":"REST"},{"data":"Envenom","floor":42,"key":"SMITH"},{"data":"After Image","floor":47,"key":"SMITH"},{"floor":49,"key":"REST"}],"circlet_count":0,"master_deck":["Strike_G","Strike_G","Strike_G","Defend_G","Defend_G","Defend_G","Defend_G","Defend_G","Survivor","Neutralize","Crippling Poison","Dagger Throw","All Out Attack","Tactician+1","Blade Dance","Dash","Finisher","Noxious Fumes+1","Infinite Blades","Tools of the Trade","Blade Dance+1","Catalyst+1","Dash","Outmaneuver+1","Envenom+1","Acrobatics+1","Tactician+1","Dagger Spray+1","Flying Knee+1","After Image+1","PiercingWail+1","Crippling Poison+1"],"relics":["Ring of the Snake","Bloody Idol","Kunai","Dream Catcher","Tough Bandages","Centennial Puzzle","Snecko Eye","Nilry\u0027s Codex","Strange Spoon","Anchor","Vajra","Smiling Mask","Eternal Feather","WarpedTongs","SlaversCollar","Ninja Scroll","Lizard Tail","Sundial","Lantern","Oddly Smooth Stone"],"acts_visited":["Exordium","TheCity","TheBeyond"],"potions_floor_usage":[10,10,18,20,33,33,33,34,35,35,35,44,48,50],"damage_taken":[{"damage":0,"enemies":"Cultist","floor":1,"turns":5},{"damage":3,"enemies":"2 Louse","floor":2,"turns":3},{"damage":0,"enemies":"Small Slimes","floor":5,"turns":2},{"damage":5,"enemies":"3 Louse","floor":6,"turns":3},{"damage":0,"enemies":"Large Slime","floor":8,"turns":4},{"damage":7,"enemies":"Lagavulin","floor":10,"turns":7},{"damage":13,"enemies":"3 Sentries","floor":12,"turns":9},{"damage":17,"enemies":"3 Sentries","floor":14,"turns":6},{"damage":8,"enemies":"Hexaghost","floor":16,"turns":9},{"damage":8,"enemies":"2 Thieves","floor":18,"turns":2},{"damage":0,"enemies":"Spheric Guardian","floor":20,"turns":3},{"damage":36,"enemies":"Gremlin Leader","floor":23,"turns":7},{"damage":4,"enemies":"Book of Stabbing","floor":25,"turns":3},{"damage":14,"enemies":"Centurion and Healer","floor":29,"turns":4},{"damage":22,"enemies":"Snake Plant","floor":30,"turns":5},{"damage":4,"enemies":"Chosen and Byrds","floor":31,"turns":4},{"damage":37,"enemies":"Automaton","floor":33,"turns":7},{"damage":25,"enemies":"3 Shapes","floor":35,"turns":4},{"damage":31,"enemies":"Mind Bloom Boss Battle","floor":39,"turns":5},{"damage":10,"enemies":"Reptomancer","floor":41,"turns":5},{"damage":13,"enemies":"Nemesis","floor":44,"turns":5},{"damage":1,"enemies":"3 Darklings","floor":45,"turns":4},{"damage":44,"enemies":"Spire Growth","floor":48,"turns":4},{"damage":119,"enemies":"Time Eater","floor":50,"turns":13}],"seed_played":"-1176114520095063709","potions_obtained":[{"floor":1,"key":"SmokeBomb"},{"floor":5,"key":"GamblersBrew"},{"floor":6,"key":"Block Potion"},{"floor":14,"key":"Fire Potion"},{"floor":29,"key":"Regen Potion"},{"floor":30,"key":"PowerPotion"},{"floor":31,"key":"Weak Potion"},{"floor":33,"key":"EntropicBrew"},{"floor":39,"key":"SpeedPotion"},{"floor":41,"key":"Regen Potion"},{"floor":45,"key":"Energy Potion"},{"floor":48,"key":"Ancient Potion"}],"is_trial":false,"path_per_floor":["M","M","$","?","M","M","R","M","T","E","R","E","R","?","R","B",null,"M","?","M","$","?","E","R","E","T","?","R","M","M","M","R","B",null,"M","?","?","$","?","R","E","R","T","E","M","$","R","M","R","B"],"character_chosen":"THE_SILENT","items_purchased":["All Out Attack","Strange Spoon","Anchor","Ninja Scroll"],"campfire_rested":6,"item_purchase_floors":[3,21,21,38],"current_hp_per_floor":[70,67,67,50,50,45,66,66,66,59,59,46,67,50,50,42,70,62,46,46,46,46,15,36,37,37,37,70,61,44,45,60,37,70,50,50,50,50,24,60,55,70,70,62,66,66,70,31,70,0,0],"gold":123,"neow_bonus":"REMOVE_CARD","is_daily":false,"chose_seed":false,"campfire_upgraded":5,"win_rate":0.0,"timestamp":1607823935,"path_taken":["M","?","$","?","M","M","R","M","T","E","R","E","R","?","R","BOSS","M","?","M","$","?","E","R","E","T","?","R","M","M","?","R","BOSS","M","?","?","$","?","R","E","R","T","E","M","?","R","M","R","BOSS"],"items_purchased_type":["Card","Relic","Relic","Relic"],"build_version":"2020-11-30","purchased_purges":2,"victory":false,"max_hp_per_floor":[70,70,70,70,70,70,70,70,70,70,70,70,70,70,70,70,70,70,70,70,70,70,70,70,70,70,70,70,70,70,70,70,70,70,70,70,70,70,70,70,70,70,70,70,70,70,70,70,70,70,70],"card_choices":[{"not_picked":["Poisoned Stab","Expertise"],"picked":"Crippling Poison","floor":1},{"not_picked":["Backflip","Deflect"],"picked":"Dagger Throw","floor":2},{"not_picked":["Infinite Blades","Cloak And Dagger"],"picked":"Tactician","floor":5},{"not_picked":["Dodge and Roll","Sucker Punch"],"picked":"Blade Dance","floor":6},{"not_picked":["Concentrate","Dodge and Roll"],"picked":"Dash","floor":8},{"not_picked":["Leg Sweep","PiercingWail"],"picked":"Finisher","floor":10},{"not_picked":["Backflip","Slice"],"picked":"Noxious Fumes","floor":12},{"not_picked":["Crippling Poison","Dodge and Roll"],"picked":"Infinite Blades","floor":13},{"not_picked":["Cloak And Dagger","Acrobatics"],"picked":"Heel Hook","floor":14},{"not_picked":["A Thousand Cuts","Wraith Form v2"],"picked":"Tools of the Trade","floor":16},{"not_picked":["Finisher","Quick Slash+1"],"picked":"Blade Dance+1","floor":18},{"not_picked":["Quick Slash","Flying Knee"],"picked":"Catalyst+1","floor":23},{"not_picked":["Escape Plan","All Out Attack"],"picked":"Dash","floor":25},{"not_picked":["Leg Sweep","Blade Dance"],"picked":"Outmaneuver","floor":28},{"not_picked":["Flechettes","Outmaneuver"],"picked":"Envenom","floor":29},{"not_picked":["Blade Dance+1","Choke"],"picked":"Acrobatics+1","floor":30},{"not_picked":["Flying Knee","Bane"],"picked":"Tactician+1","floor":31},{"not_picked":["Prepared","Quick Slash+1"],"picked":"Dagger Spray+1","floor":35},{"not_picked":["Bouncing Flask+1","Glass Knife"],"picked":"Flying Knee+1","floor":41},{"not_picked":["Bouncing Flask+1","Sucker Punch"],"picked":"After Image","floor":44},{"not_picked":["Underhanded Strike","Dagger Throw"],"picked":"PiercingWail+1","floor":45},{"not_picked":["Deadly Poison","Reflex+1","Caltrops"],"picked":"SKIP","floor":48},{"not_picked":["Acrobatics+1","Underhanded Strike+1"],"picked":"Crippling Poison+1","floor":49}],"player_experience":508046,"relics_obtained":[{"floor":9,"key":"Kunai"},{"floor":10,"key":"Dream Catcher"},{"floor":12,"key":"Tough Bandages"},{"floor":14,"key":"Centennial Puzzle"},{"floor":19,"key":"Nilry\u0027s Codex"},{"floor":23,"key":"Vajra"},{"floor":25,"key":"Smiling Mask"},{"floor":26,"key":"Eternal Feather"},{"floor":39,"key":"Lizard Tail"},{"floor":41,"key":"Sundial"},{"floor":43,"key":"Lantern"},{"floor":44,"key":"Oddly Smooth Stone"}],"event_choices":[{"damage_healed":0,"gold_gain":0,"player_choice":"Take Damage","damage_taken":17,"relics_obtained":["Golden Idol"],"max_hp_gain":0,"max_hp_loss":0,"event_name":"Golden Idol","floor":4,"gold_loss":0},{"damage_healed":0,"gold_gain":0,"player_choice":"Searched \u00271\u0027 times","damage_taken":0,"max_hp_gain":0,"max_hp_loss":0,"event_name":"Dead Adventurer","floor":14,"gold_loss":0},{"damage_healed":0,"gold_gain":0,"player_choice":"Obtained Book","damage_taken":16,"max_hp_gain":0,"max_hp_loss":0,"event_name":"Cursed Tome","floor":19,"gold_loss":0},{"damage_healed":0,"gold_gain":0,"player_choice":"Gave Idol","damage_taken":0,"relics_obtained":["Bloody Idol"],"max_hp_gain":0,"max_hp_loss":0,"event_name":"Forgotten Altar","floor":22,"relics_lost":["Golden Idol"],"gold_loss":0},{"damage_healed":0,"gold_gain":0,"player_choice":"Rummage","damage_taken":0,"relics_obtained":["WarpedTongs"],"max_hp_gain":0,"max_hp_loss":0,"event_name":"Accursed Blacksmith","floor":27,"gold_loss":0,"cards_obtained":["Pain"]},{"damage_healed":0,"gold_gain":0,"player_choice":"Ignored","damage_taken":0,"max_hp_gain":0,"max_hp_loss":0,"event_name":"Tomb of Lord Red Mask","floor":36,"gold_loss":0},{"cards_removed":["Heel Hook"],"damage_healed":0,"gold_gain":0,"player_choice":"Removed Attack","damage_taken":0,"max_hp_gain":0,"max_hp_loss":0,"event_name":"Falling","floor":37,"gold_loss":0},{"damage_healed":0,"gold_gain":0,"player_choice":"Fight","damage_taken":0,"max_hp_gain":0,"max_hp_loss":0,"event_name":"MindBloom","floor":39,"gold_loss":0}],"is_beta":false,"boss_relics":[{"not_picked":["Sozu","Coffee Dripper"],"picked":"Snecko Eye"},{"not_picked":["SacredBark","Velvet Choker"],"picked":"SlaversCollar"}],"items_purged_floors":[21,46],"is_endless":false,"potions_floor_spawned":[1,5,6,14,29,30,31,33,39,41,45,48],"killed_by":"Time Eater","ascension_level":4}}