{"host":"9pqy5lt7vda52ebm","time":1607824590,"event":{"mods":["BaseMod","Minty Spire (QoL Compilation)","Optimize The Spire","Robot Space Explorer","StSLib"],"gold_per_floor":[117,117,129,139,139,139,3,29,29,29,45,64,78,96,96,194,194,214,139,156,174,190,220,220,135,135,135,135,153,185,198,198,303,353,373,237,237,257,275,275,82,96,96,130,146,146,175,192,192,192],"floor_reached":51,"playtime":11481,"items_purged":["RobotSpaceExplorer:Defend","RobotSpaceExplorer:Defend","RobotSpaceExplorer:Defend"],"score":808,"play_id":"01574403-d9ee-4b65-a82e-7f81ea9e38c6","local_time":"20201212205630","is_ascension_mode":true,"campfire_choices":[{"data":"RobotSpaceExplorer:Electropulse","floor":6,"key":"SMITH"},{"floor":10,"key":"REST"},{"floor":15,"key":"REST"},{"data":"RobotSpaceExplorer:Discharger","floor":24,"key":"SMITH"},{"data":"RobotSpaceExplorer:FrostMissile","floor":27,"key":"SMITH"},{"data":"RobotSpaceExplorer:Scan","floor":32,"key":"SMITH"},{"data":"RobotSpaceExplorer:ScrapMissile","floor":40,"key":"SMITH"},{"data":"RobotSpaceExplorer:ScrapToss","floor":46,"key":"SMITH"},{"floor":49,"key":"REST"}],"circlet_count":0,"master_deck":["RobotSpaceExplorer:Strike+1","RobotSpaceExplorer:Scan+1","RobotSpaceExplorer:MiniLasers+1","CurseOfTheBell","RobotSpaceExplorer:Electropulse+1","RobotSpaceExplorer:Calculate+1","RobotSpaceExplorer:FrostMissile+1","RobotSpaceExplorer:Discharger+1","RobotSpaceExplorer:FranticSearch+1","RobotSpaceExplorer:Counterblock+1","RobotSpaceExplorer:SurgingShield+1","RobotSpaceExplorer:GlueShot+1","RobotSpaceExplorer:SwiftStep+1","RobotSpaceExplorer:Comet+1","RobotSpaceExplorer:ScrapMissile+1","RobotSpaceExplorer:Fix+1","RobotSpaceExplorer:Electroshield+1","RobotSpaceExplorer:ScrapMissile+1","RobotSpaceExplorer:Probe+1","RobotSpaceExplorer:Scanner+1","RobotSpaceExplorer:GearShield+1","RobotSpaceExplorer:ScrapMissile","RobotSpaceExplorer:ScrapToss+1","RobotSpaceExplorer:Discharger+1","RobotSpaceExplorer:SelfCleaning+1","RobotSpaceExplorer:Accelerator+1"],"relics":["Calling Bell","Art of War","Toxic Egg 2","StoneCalendar","Letter Opener","Shuriken","Frozen Egg 2","Astrolabe","Boot","Mummified Hand","White Beast Statue","Bronze Scales","The Courier","Tiny House","Regal Pillow","Pantograph","Dream Catcher"],"acts_visited":["Exordium","TheCity","TheBeyond"],"potions_floor_usage":[8,23,23,42,44,45,47],"damage_taken":[{"damage":4,"enemies":"Small Slimes","floor":1,"turns":5},{"damage":0,"enemies":"2 Louse","floor":3,"turns":2},{"damage":6,"enemies":"Cultist","floor":4,"turns":4},{"damage":31,"enemies":"Gremlin Nob","floor":8,"turns":5},{"damage":0,"enemies":"Large Slime","floor":11,"turns":3},{"damage":15,"enemies":"Exordium Thugs","floor":12,"turns":3},{"damage":2,"enemies":"3 Louse","floor":13,"turns":3},{"damage":1,"enemies":"Looter","floor":14,"turns":3},{"damage":16,"enemies":"The Guardian","floor":16,"turns":7},{"damage":4,"enemies":"Spheric Guardian","floor":18,"turns":4},{"damage":14,"enemies":"2 Thieves","floor":20,"turns":4},{"damage":11,"enemies":"Snake Plant","floor":21,"turns":7},{"damage":7,"enemies":"3 Cultists","floor":22,"turns":4},{"damage":2,"enemies":"Slavers","floor":23,"turns":5},{"damage":0,"enemies":"Chosen and Byrds","floor":29,"turns":4},{"damage":6,"enemies":"Book of Stabbing","floor":30,"turns":5},{"damage":8,"enemies":"Cultist and Chosen","floor":31,"turns":3},{"damage":14,"enemies":"Collector","floor":33,"turns":6},{"damage":22,"enemies":"3 Darklings","floor":35,"turns":2},{"damage":0,"enemies":"3 Shapes","floor":38,"turns":3},{"damage":24,"enemies":"Writhing Mass","floor":39,"turns":5},{"damage":12,"enemies":"Transient","floor":42,"turns":5},{"damage":5,"enemies":"Nemesis","floor":44,"turns":6},{"damage":6,"enemies":"Jaw Worm Horde","floor":45,"turns":3},{"damage":32,"enemies":"Reptomancer","floor":47,"turns":5},{"damage":0,"enemies":"Sphere and 2 Shapes","floor":48,"turns":3},{"damage":22,"enemies":"Donu and Deca","floor":50,"turns":6}],"seed_played":"5957540047009810921","potions_obtained":[{"floor":1,"key":"PowerPotion"},{"floor":8,"key":"Strength Potion"},{"floor":11,"key":"SkillPotion"},{"floor":14,"key":"FearPotion"},{"floor":20,"key":"DistilledChaos"},{"floor":29,"key":"BlessingOfTheForge"},{"floor":30,"key":"SmokeBomb"},{"floor":31,"key":"Weak Potion"},{"floor":34,"key":"LiquidMemories"},{"floor":39,"key":"Block Potion"},{"floor":42,"key":"PowerPotion"},{"floor":44,"key":"RobotSpaceExplorer:PlasmaFlask"},{"floor":45,"key":"Swift Potion"},{"floor":47,"key":"FearPotion"},{"floor":48,"key":"FearPotion"}],"is_trial":false,"path_per_floor":["M","?","M","M","?","R","$","E","T","R","M","M","M","M","R","B",null,"M","$","M","M","M","E","R","?","T","R","?","M","E","M","R","B",null,"M","$","?","M","M","R","$","M","T","E","M","R","E","M","R","B",null],"character_chosen":"RobotSpaceExplorer","items_purchased":["RobotSpaceExplorer:Discharger","RobotSpaceExplorer:FranticSearch+1","RobotSpaceExplorer:GearShield+1","RobotSpaceExplorer:ScrapToss","RobotSpaceExplorer:Discharger+1"],"campfire_rested":3,"item_purchase_floors":[7,7,36,41,41],"current_hp_per_floor":[71,56,56,50,43,43,43,12,12,34,34,19,17,16,38,22,75,71,71,57,52,51,55,55,55,55,55,55,61,61,59,59,51,80,58,58,58,64,46,46,46,40,40,41,41,41,15,21,60,58],"gold":192,"neow_bonus":"BOSS_RELIC","is_daily":false,"chose_seed":false,"campfire_upgraded":6,"win_rate":0.0,"timestamp":1607824590,"path_taken":["M","?","M","M","?","R","$","E","T","R","M","M","M","M","R","BOSS","M","$","M","M","M","E","R","?","T","R","?","M","E","M","R","BOSS","M","$","?","?","M","R","$","M","T","E","M","R","E","M","R","BOSS"],"items_purchased_type":["Card","Card","Card","Card","Card"],"build_version":"2020-11-30","purchased_purges":3,"victory":true,"max_hp_per_floor":[75,75,75,75,75,75,75,75,75,75,75,75,75,75,75,75,75,75,75,75,75,75,75,75,75,75,75,75,75,75,75,75,75,80,80,80,80,80,80,80,80,80,80,80,80,80,80,80,80,80],"card_choices":[{"not_picked":["RobotSpaceExplorer:FrostMissile","RobotSpaceExplorer:GlueShot+1"],"picked":"RobotSpaceExplorer:Electropulse","floor":1},{"not_picked":["RobotSpaceExplorer:SwiftStep+1","RobotSpaceExplorer:MetalStrike"],"picked":"RobotSpaceExplorer:Calculate+1","floor":3},{"not_picked":["RobotSpaceExplorer:ShockKick","RobotSpaceExplorer:ShovelStrike"],"picked":"RobotSpaceExplorer:FrostMissile","floor":4},{"not_picked":["RobotSpaceExplorer:Counterblock+1","RobotSpaceExplorer:Probe","RobotSpaceExplorer:FrostMissile"],"picked":"SKIP","floor":8},{"not_picked":["RobotSpaceExplorer:Probe","RobotSpaceExplorer:FrostMissile"],"picked":"RobotSpaceExplorer:Counterblock+1","floor":8},{"not_picked":["RobotSpaceExplorer:GlueShot+1","RobotSpaceExplorer:GearShield+1"],"picked":"RobotSpaceExplorer:Exploration+1","floor":11},{"not_picked":["RobotSpaceExplorer:LaserBurst","RobotSpaceExplorer:SwiftStep+1"],"picked":"RobotSpaceExplorer:SurgingShield+1","floor":12},{"not_picked":["RobotSpaceExplorer:FreezeRay+1","RobotSpaceExplorer:ShovelStrike","RobotSpaceExplorer:ScrapShield+1"],"picked":"SKIP","floor":13},{"not_picked":["RobotSpaceExplorer:MetalStrike","RobotSpaceExplorer:FrostMissile"],"picked":"RobotSpaceExplorer:GlueShot+1","floor":14},{"not_picked":["RobotSpaceExplorer:Multitool+1","RobotSpaceExplorer:Asteroid"],"picked":"RobotSpaceExplorer:Exploration+1","floor":16},{"not_picked":["RobotSpaceExplorer:SurgingStrike","RobotSpaceExplorer:ExhaustFan+1"],"picked":"RobotSpaceExplorer:ScrapMissile","floor":18},{"not_picked":["RobotSpaceExplorer:ScrapMissile+1","RobotSpaceExplorer:MiniDrones"],"picked":"RobotSpaceExplorer:Fix+1","floor":20},{"not_picked":["RobotSpaceExplorer:LaserBurst","RobotSpaceExplorer:Blitz","RobotSpaceExplorer:SlimeMissile+1"],"picked":"SKIP","floor":21},{"not_picked":["RobotSpaceExplorer:MetalStrike","RobotSpaceExplorer:Pulsar+1"],"picked":"RobotSpaceExplorer:Electroshield+1","floor":22},{"not_picked":["RobotSpaceExplorer:RigExplosive+1","RobotSpaceExplorer:Blaster","RobotSpaceExplorer:StunGrenade"],"picked":"SKIP","floor":23},{"not_picked":["RobotSpaceExplorer:ScrapShield+1","RobotSpaceExplorer:ShockKick"],"picked":"RobotSpaceExplorer:ScrapMissile","floor":29},{"not_picked":["RobotSpaceExplorer:FreezeRay+1","RobotSpaceExplorer:Blitz"],"picked":"RobotSpaceExplorer:Probe","floor":30},{"not_picked":["RobotSpaceExplorer:ShockKick","RobotSpaceExplorer:LaserBurst","RobotSpaceExplorer:ImprovisedAttack"],"picked":"SKIP","floor":31},{"not_picked":["RobotSpaceExplorer:ShockKick","RobotSpaceExplorer:LaserBurst","RobotSpaceExplorer:ImprovisedAttack"],"picked":"SKIP","floor":31},{"not_picked":["RobotSpaceExplorer:ShockMissile","RobotSpaceExplorer:Explosion"],"picked":"RobotSpaceExplorer:Scanner+1","floor":33},{"not_picked":["RobotSpaceExplorer:Probe","RobotSpaceExplorer:StarDust+1","RobotSpaceExplorer:FreezeRay+1"],"picked":"SKIP","floor":35},{"not_picked":["RobotSpaceExplorer:MetalStrike","RobotSpaceExplorer:StunGrenade+1","RobotSpaceExplorer:ShovelStrike+1"],"picked":"SKIP","floor":38},{"not_picked":["RobotSpaceExplorer:FreezeRay+1","RobotSpaceExplorer:Counterblock+1"],"picked":"RobotSpaceExplorer:ScrapMissile","floor":39},{"not_picked":["RobotSpaceExplorer:Pulsar+1","RobotSpaceExplorer:StunGrenade","RobotSpaceExplorer:SwiftStep+1"],"picked":"SKIP","floor":42},{"not_picked":["RobotSpaceExplorer:ShovelStrike+1","RobotSpaceExplorer:TurboDodge+1"],"picked":"RobotSpaceExplorer:SelfCleaning+1","floor":44},{"not_picked":["RobotSpaceExplorer:ToxicBomb+1","RobotSpaceExplorer:ShovelStrike+1","RobotSpaceExplorer:SelfCleaning+1"],"picked":"SKIP","floor":45},{"not_picked":["RobotSpaceExplorer:ShovelStrike","RobotSpaceExplorer:GlueShot+1"],"picked":"RobotSpaceExplorer:Accelerator+1","floor":47},{"not_picked":["RobotSpaceExplorer:Probe+1","RobotSpaceExplorer:SurgingStrike+1","RobotSpaceExplorer:Pulsar+1"],"picked":"SKIP","floor":48}],"player_experience":332306,"relics_obtained":[{"floor":0,"key":"Art of War"},{"floor":0,"key":"Toxic Egg 2"},{"floor":0,"key":"StoneCalendar"},{"floor":8,"key":"Letter Opener"},{"floor":9,"key":"Shuriken"},{"floor":13,"key":"Frozen Egg 2"},{"floor":23,"key":"Boot"},{"floor":23,"key":"Mummified Hand"},{"floor":26,"key":"Bronze Scales"},{"floor":30,"key":"The Courier"},{"floor":43,"key":"Regal Pillow"},{"floor":44,"key":"Pantograph"},{"floor":47,"key":"Dream Catcher"}],"event_choices":[{"damage_healed":0,"gold_gain":0,"player_choice":"Entered Light","damage_taken":15,"max_hp_gain":0,"max_hp_loss":0,"event_name":"Shining Light","floor":2,"gold_loss":0,"cards_upgraded":["RobotSpaceExplorer:Strike","RobotSpaceExplorer:MiniLasers"]},{"cards_removed":["RobotSpaceExplorer:Strike"],"damage_healed":0,"gold_gain":0,"player_choice":"Card Removal","damage_taken":7,"max_hp_gain":0,"max_hp_loss":0,"event_name":"Golden Wing","floor":5,"gold_loss":0},{"damage_healed":0,"gold_gain":0,"player_choice":"Obtained Relic","damage_taken":0,"relics_obtained":["White Beast Statue"],"max_hp_gain":0,"max_hp_loss":0,"event_name":"Addict","floor":25,"gold_loss":85},{"cards_removed":["RobotSpaceExplorer:DroneSwarm"],"damage_healed":0,"gold_gain":0,"player_choice":"Elegance","damage_taken":0,"max_hp_gain":0,"max_hp_loss":0,"event_name":"Back to Basics","floor":28,"gold_loss":0},{"damage_healed":0,"gold_gain":0,"player_choice":"Upgraded","damage_taken":0,"max_hp_gain":0,"max_hp_loss":0,"event_name":"Upgrade Shrine","floor":37,"gold_loss":0,"cards_upgraded":["RobotSpaceExplorer:Probe"]}],"is_beta":false,"boss_relics":[{"not_picked":["Busted Crown","Coffee Dripper"],"picked":"Astrolabe"},{"not_picked":["Sozu","Pandora\u0027s Box"],"picked":"Tiny House"}],"items_purged_floors":[19,36,41],"is_endless":false,"potions_floor_spawned":[1,8,11,14,16,20,21,22,29,30,31,33,35,38,39,42,44,45,47,48],"ascension_level":3}}