{"host":"vm2xipfi7knqomas","time":1607900210,"event":{"mods":["BaseMod","BetterRewards","Downfall","Hermit","Minty Spire (QoL Compilation)","Shop Mod","StSLib"],"gold_per_floor":[115,131,148,167,167,199,219,219,219,230,240,240,251,279,279,374,374,394,63,76,76,76,76,76,76,101,101,126,126,143,1,1,97,97,116,116,131,146,165,165,190,240,263,196,196,212,151,0,0,0],"floor_reached":51,"playtime":3079,"items_purged":["hermit:Strike_Hermit"],"score":832,"play_id":"1ce25290-0091-4e67-b6ac-3397a087548d","local_time":"20201213175650","is_ascension_mode":false,"campfire_choices":[{"data":"hermit:WideOpen","floor":8.0,"key":"SMITH"},{"floor":15.0,"key":"REST"},{"data":"hermit:TakeAim","floor":23.0,"key":"SMITH"},{"data":"hermit:Combo","floor":25.0,"key":"SMITH"},{"data":"hermit:CalledShot","floor":27.0,"key":"SMITH"},{"floor":29,"key":"REST"},{"data":"hermit:Roughhouse","floor":32,"key":"SMITH"},{"floor":40,"key":"REST"},{"data":"hermit:Determination","floor":45,"key":"SMITH"},{"floor":49,"key":"REST"}],"circlet_count":0,"master_deck":["hermit:Strike_Hermit+1","hermit:Defend_Hermit+1","hermit:Defend_Hermit+1","hermit:Defend_Hermit+1","hermit:Defend_Hermit+1","hermit:Snapshot","hermit:Covet","hermit:GoldenBullet","hermit:WideOpen+1","hermit:CalledShot+1","hermit:Vantage","hermit:Ricochet","hermit:GhostlyPresence","hermit:TakeAim+1","hermit:Manifest+1","hermit:Combo+1","hermit:Gestalt+1","hermit:Gambit+1","hermit:SprayPray+1","hermit:BigShot","hermit:ItchyTrigger+1","hermit:Dive+1","hermit:Reprieve+1","Writhe","hermit:Roulette","hermit:Roughhouse+1","hermit:HoleUp+1","hermit:Magnum","hermit:LowProfile+1","hermit:BodyArmor+1","hermit:Midnight+1","hermit:Adapt","hermit:Determination+1","hermit:Snipe+1","hermit:Virtue+1"],"relics":["hermit:Momento","NeowsBlessing","Pen Nib","Toxic Egg 2","The Courier","hermit:BartenderGlass","hermit:RyeStalk","Ancient Tea Set","Ornamental Fan","Oddly Smooth Stone","Regal Pillow","Toy Ornithopter","SacredBark","Bag of Marbles","Calipers","Strawberry","Red Mask"],"acts_visited":["Exordium","TheCity","TheBeyond"],"potions_floor_usage":[28,28,28,33,37,38,38,38,39,39,39,41,41,41,41,41,50,50,50,50,50],"damage_taken":[{"damage":0.0,"enemies":"Small Slimes","floor":1.0,"turns":1.0},{"damage":7.0,"enemies":"2 Louse","floor":2.0,"turns":2.0},{"damage":0.0,"enemies":"Cultist","floor":3.0,"turns":2.0},{"damage":1.0,"enemies":"Exordium Wildlife","floor":4.0,"turns":2.0},{"damage":24.0,"enemies":"Lagavulin","floor":6.0,"turns":5.0},{"damage":10.0,"enemies":"Looter","floor":7.0,"turns":3.0},{"damage":0.0,"enemies":"2 Fungi Beasts","floor":10.0,"turns":2.0},{"damage":0.0,"enemies":"Red Slaver","floor":11.0,"turns":2.0},{"damage":12.0,"enemies":"Exordium Thugs","floor":13.0,"turns":5.0},{"damage":14.0,"enemies":"3 Sentries","floor":14.0,"turns":8.0},{"damage":28.0,"enemies":"Hexaghost","floor":16.0,"turns":11.0},{"damage":22.0,"enemies":"3 Byrds","floor":18.0,"turns":8.0},{"damage":2.0,"enemies":"2 Thieves","floor":20.0,"turns":4.0},{"damage":34,"enemies":"Gremlin Leader","floor":28,"turns":12},{"damage":2,"enemies":"Snecko","floor":30,"turns":4},{"damage":69,"enemies":"Champ","floor":33,"turns":15},{"damage":53,"enemies":"3 Darklings","floor":35,"turns":12},{"damage":1,"enemies":"Orb Walker","floor":37,"turns":5},{"damage":1,"enemies":"Spire Growth","floor":38,"turns":3},{"damage":22,"enemies":"Sphere and 2 Shapes","floor":39,"turns":11},{"damage":1,"enemies":"Nemesis","floor":41,"turns":5},{"damage":18,"enemies":"Mind Bloom Boss Battle","floor":42,"turns":6},{"damage":9,"enemies":"4 Shapes","floor":46,"turns":7},{"damage":74,"enemies":"Awakened One","floor":50,"turns":25}],"seed_played":"8981236794801747512","potions_obtained":[{"floor":1.0,"key":"Weak Potion"},{"floor":3.0,"key":"Energy Potion"},{"floor":4.0,"key":"Guardian:BlockOnCardUsePotion"},{"floor":7.0,"key":"hermit:BlackBile"},{"floor":12.0,"key":"Strength Potion"},{"floor":16.0,"key":"LiquidBronze"},{"floor":28,"key":"GamblersBrew"},{"floor":33,"key":"LiquidMemories"},{"floor":38,"key":"hermit:BlackBile"},{"floor":42,"key":"LiquidMemories"},{"floor":46,"key":"Energy Potion"}],"is_trial":false,"path_per_floor":["M","M","M","M","?","E","M","R","T","M","M","?","M","E","R","B",null,"M","$","M","?","?","R","?","R","T","R","E","R","M","$","R","B",null,"M","?","M","M","M","R","E","?","T","$","R","M","$","?","R","B",null],"character_chosen":"HERMIT","items_purchased":["hermit:RyeStalk","Ancient Tea Set","hermit:BigShot","Toy Ornithopter","hermit:HoleUp+1","hermit:Determination","hermit:Snipe+1","hermit:Virtue+1"],"campfire_rested":4,"item_purchase_floors":[19,19,19,31,31,44,44,47],"current_hp_per_floor":[75,68,68,67,72,48,38,38,38,38,38,38,26,12,36,8,80,58,58,56,56,56,56,56,56,56,56,26,65,67,67,67,15,80,27,19,27,41,34,73,90,72,79,79,79,70,70,70,97,37],"gold":0,"neow_bonus":"THREE_ENEMY_KILL","is_daily":false,"chose_seed":false,"campfire_upgraded":6,"win_rate":0.0,"timestamp":1607900210,"path_taken":["M","M","M","M","?","E","M","R","T","M","M","?","?","E","R","BOSS","M","$","M","?","?","R","?","R","T","R","E","R","M","$","R","BOSS","M","?","M","?","M","R","E","?","T","?","R","?","$","?","R","BOSS"],"items_purchased_type":["Relic","Relic","Card","Relic","Card","Card","Card","Card"],"build_version":"2020-11-30","purchased_purges":1,"victory":true,"max_hp_per_floor":[75,75,75,75,80,80,80,80,80,80,80,80,80,80,80,80,80,80,80,80,80,80,80,80,80,80,80,80,80,80,80,80,80,80,80,80,80,80,80,80,90,90,97,97,97,97,97,97,97,97],"card_choices":[{"not_picked":["hermit:Snipe","hermit:WideOpen"],"picked":"hermit:GoldenBullet","floor":1.0},{"not_picked":["hermit:NoHoldsBarred","hermit:TakeCover"],"picked":"hermit:WideOpen","floor":2.0},{"not_picked":["hermit:Cheat","hermit:SprayPray"],"picked":"hermit:CalledShot","floor":3.0},{"not_picked":["hermit:Gestalt","hermit:Midnight"],"picked":"hermit:Vantage","floor":4.0},{"not_picked":["hermit:WideOpen","hermit:ItchyTrigger"],"picked":"hermit:Ricochet","floor":6.0},{"not_picked":["hermit:Manifest","hermit:WideOpen"],"picked":"hermit:GhostlyPresence","floor":7.0},{"not_picked":["hermit:BodyArmor+1","hermit:Feint+1"],"picked":"hermit:TakeAim","floor":10.0},{"not_picked":["hermit:Quickdraw","hermit:DeadMansHand+1"],"picked":"hermit:Manifest+1","floor":11.0},{"not_picked":["hermit:Gambit+1","hermit:BodyArmor+1"],"picked":"hermit:Combo","floor":13.0},{"not_picked":["hermit:Showdown","hermit:CalledShot"],"picked":"hermit:Gestalt+1","floor":14.0},{"not_picked":["hermit:Purgatory","hermit:RoundhouseKick"],"picked":"hermit:Gambit+1","floor":16.0},{"not_picked":["hermit:Feint+1","hermit:Dive+1"],"picked":"hermit:SprayPray+1","floor":18.0},{"not_picked":["hermit:Virtue+1","hermit:Ricochet"],"picked":"hermit:ItchyTrigger+1","floor":20.0},{"not_picked":["hermit:Coalescence+1","hermit:Quickdraw"],"picked":"hermit:Roulette","floor":28},{"not_picked":["hermit:Roulette+1","hermit:Showdown"],"picked":"hermit:Roughhouse","floor":30},{"not_picked":["hermit:Reprieve+1","hermit:FinalCanter"],"picked":"hermit:Magnum","floor":33},{"not_picked":["hermit:GhostlyPresence+1","hermit:Maintenance+1"],"picked":"hermit:LowProfile+1","floor":35},{"not_picked":["hermit:HighCaliber","hermit:Desperado+1","hermit:CalledShot"],"picked":"SKIP","floor":37},{"not_picked":["hermit:TrackingShot","hermit:Spite+1"],"picked":"hermit:BodyArmor+1","floor":38},{"not_picked":["hermit:FullyLoaded+1","hermit:Malice"],"picked":"hermit:Midnight+1","floor":39},{"not_picked":["hermit:Dive+1","hermit:WideOpen"],"picked":"hermit:Adapt","floor":41},{"not_picked":["hermit:Maintenance+1","hermit:Roulette","hermit:GhostlyPresence+1"],"picked":"SKIP","floor":46}],"player_experience":117158,"relics_obtained":[{"floor":6.0,"key":"Pen Nib"},{"floor":9.0,"key":"Toxic Egg 2"},{"floor":14.0,"key":"The Courier"},{"floor":26.0,"key":"Oddly Smooth Stone"},{"floor":28,"key":"Regal Pillow"},{"floor":41,"key":"Bag of Marbles"},{"floor":42,"key":"Calipers"},{"floor":43,"key":"Strawberry"}],"event_choices":[{"damage_healed":0.0,"max_hp_gain":5.0,"max_hp_loss":0.0,"gold_gain":0.0,"event_name":"Big Fish","player_choice":"Donut","floor":5.0,"gold_loss":0.0,"damage_taken":0.0},{"damage_healed":0.0,"max_hp_gain":0.0,"max_hp_loss":0.0,"gold_gain":0.0,"event_name":"Lab","player_choice":"Got Potions","floor":12.0,"gold_loss":0.0,"damage_taken":0.0},{"damage_healed":0.0,"max_hp_gain":0.0,"max_hp_loss":0.0,"gold_gain":0.0,"cards_transformed":["hermit:Strike_Hermit","hermit:Strike_Hermit"],"event_name":"Drug Dealer","player_choice":"Became Test Subject","floor":21.0,"gold_loss":0.0,"damage_taken":0.0,"cards_obtained":["hermit:Dive","hermit:Reprieve"]},{"damage_healed":0.0,"max_hp_gain":0.0,"max_hp_loss":0.0,"gold_gain":0.0,"event_name":"The Mausoleum","player_choice":"Opened","floor":22.0,"gold_loss":0.0,"damage_taken":0.0,"relics_obtained":["Ornamental Fan"],"cards_obtained":["Writhe"]},{"damage_healed":0.0,"max_hp_gain":0.0,"max_hp_loss":0.0,"gold_gain":0.0,"event_name":"Back to Basics","player_choice":"Simplicity","floor":24.0,"gold_loss":0.0,"damage_taken":0.0,"cards_upgraded":["hermit:Strike_Hermit","hermit:Defend_Hermit","hermit:Defend_Hermit","hermit:Defend_Hermit","hermit:Defend_Hermit"]},{"damage_healed":0,"gold_gain":0,"player_choice":"Damaged","damage_taken":8,"max_hp_gain":0,"max_hp_loss":0,"event_name":"Wheel of Change","floor":36,"gold_loss":0},{"damage_healed":0,"gold_gain":0,"player_choice":"Fight","damage_taken":0,"max_hp_gain":0,"max_hp_loss":0,"event_name":"MindBloom","floor":42,"gold_loss":0},{"damage_healed":0,"gold_gain":0,"player_choice":"Paid","damage_taken":0,"relics_obtained":["Red Mask"],"max_hp_gain":0,"max_hp_loss":0,"event_name":"Tomb of Lord Red Mask","floor":48,"gold_loss":151}],"is_beta":false,"boss_relics":[{"not_picked":["Philosopher\u0027s Stone","Ectoplasm"],"picked":"hermit:BartenderGlass"},{"not_picked":["Pandora\u0027s Box","Coffee Dripper"],"picked":"SacredBark"}],"items_purged_floors":[19],"is_endless":false,"potions_floor_spawned":[1,3,4,7,13,16,28,33,35,38,42,46],"ascension_level":0}}