{"host":"ow9msrs9p2ctkx99","time":1607828247,"event":{"mods":["AchievementEnabler","BaseMod","Colored Map","Colored Powertips","Minty Spire (QoL Compilation)","Permanent Neow","Quick Restart","SuperFastMode"],"gold_per_floor":[114,289,306,306,306,306,341,341,341,341,341,215,215,232,232,336,336,349,349,369,369,369],"floor_reached":21,"playtime":303,"items_purged":["Doubt"],"score":263,"play_id":"79487cf4-6b03-43da-8cfa-2a57cf456f53","local_time":"20201213035727","is_ascension_mode":true,"campfire_choices":[{"floor":6,"key":"REST"},{"data":"Hyperbeam","floor":8,"key":"SMITH"},{"data":"Beam Cell","floor":10,"key":"SMITH"},{"data":"Sweeping Beam","floor":13,"key":"SMITH"},{"floor":15,"key":"REST"}],"circlet_count":0,"master_deck":["AscendersBane","Strike_B","Strike_B","Defend_B","Defend_B","Defend_B","Defend_B+1","Zap","Dualcast+1","Hyperbeam+1","Sweeping Beam+1","Beam Cell+1","Turbo","Compile Driver","Seek","Sunder","Melter","Multi-Cast","Go for the Eyes"],"relics":["FrozenCore","Anchor","Juzu Bracelet","Mummified Hand"],"acts_visited":["Exordium","TheCity"],"potions_floor_usage":[11,16,16],"damage_taken":[{"damage":0,"enemies":"Small Slimes","floor":1,"turns":2},{"damage":23,"enemies":"Jaw Worm","floor":3,"turns":4},{"damage":12,"enemies":"3 Sentries","floor":7,"turns":6},{"damage":0,"enemies":"2 Louse","floor":14,"turns":1},{"damage":41,"enemies":"The Guardian","floor":16,"turns":11},{"damage":28,"enemies":"Spheric Guardian","floor":18,"turns":4},{"damage":16,"enemies":"3 Byrds","floor":20,"turns":4},{"damage":20,"enemies":"Snake Plant","floor":21,"turns":2}],"seed_played":"-6025722923171035060","potions_obtained":[{"floor":1,"key":"EssenceOfSteel"},{"floor":7,"key":"PotionOfCapacity"},{"floor":11,"key":"FearPotion"},{"floor":11,"key":"Fruit Juice"},{"floor":11,"key":"SmokeBomb"}],"is_trial":false,"path_per_floor":["M","?","M","T","?","R","E","R","T","R","?","$","R","M","R","B",null,"M","?","M","M"],"character_chosen":"DEFECT","items_purchased":["Turbo"],"campfire_rested":2,"item_purchase_floors":[12],"current_hp_per_floor":[50,50,27,27,12,34,22,22,22,22,27,27,27,27,51,10,63,35,35,19,0,0],"gold":369,"neow_bonus":"THREE_RARE_CARDS","is_daily":false,"chose_seed":false,"campfire_upgraded":3,"win_rate":0.0,"timestamp":1607828247,"path_taken":["M","?","M","?","?","R","E","R","T","R","?","$","R","M","R","BOSS","M","?","M","M"],"items_purchased_type":["Card"],"build_version":"2020-11-30","purchased_purges":1,"victory":false,"max_hp_per_floor":[75,75,75,75,75,75,75,75,75,75,80,80,80,80,80,80,80,80,80,80,80,80],"card_choices":[{"not_picked":["Rainbow","Fission"],"picked":"Hyperbeam","floor":0},{"not_picked":["Tempest","Blizzard","Coolheaded"],"picked":"SKIP","floor":1},{"not_picked":["Coolheaded","Redo"],"picked":"Sweeping Beam","floor":3},{"not_picked":["Stack","Scrape"],"picked":"Beam Cell","floor":7},{"not_picked":["Coolheaded","Beam Cell"],"picked":"Compile Driver","floor":14},{"not_picked":["Reboot","Thunder Strike"],"picked":"Seek","floor":16},{"not_picked":["Go for the Eyes","Storm"],"picked":"Sunder","floor":18},{"not_picked":["Cold Snap","Redo"],"picked":"Go for the Eyes","floor":20}],"player_experience":981816,"relics_obtained":[{"floor":4,"key":"Anchor"},{"floor":7,"key":"Juzu Bracelet"},{"floor":9,"key":"Mummified Hand"}],"event_choices":[{"damage_healed":0,"gold_gain":175,"player_choice":"AGREE","damage_taken":0,"max_hp_gain":0,"max_hp_loss":0,"event_name":"Liars Game","floor":2,"gold_loss":0,"cards_obtained":["Doubt"]},{"damage_healed":0,"gold_gain":0,"player_choice":"Entered Light","damage_taken":15,"max_hp_gain":0,"max_hp_loss":0,"event_name":"Shining Light","floor":5,"gold_loss":0,"cards_upgraded":["Dualcast","Defend_B"]},{"damage_healed":0,"gold_gain":0,"player_choice":"Got Potions","damage_taken":0,"max_hp_gain":0,"max_hp_loss":0,"event_name":"Lab","floor":11,"gold_loss":0},{"damage_healed":0,"gold_gain":0,"cards_transformed":["Strike_B","Strike_B"],"player_choice":"Became Test Subject","damage_taken":0,"max_hp_gain":0,"max_hp_loss":0,"event_name":"Drug Dealer","floor":19,"gold_loss":0,"cards_obtained":["Melter","Multi-Cast"]}],"is_beta":false,"boss_relics":[{"not_picked":["Ectoplasm","Velvet Choker"],"picked":"FrozenCore"}],"items_purged_floors":[12],"is_endless":false,"potions_floor_spawned":[1,7,14],"killed_by":"Snake Plant","ascension_level":10}}