{"host":"g3js2eermvvpeiqn","time":1607856976,"event":{"mods":["BaseMod","DeckTracker","Downfall","Minty Spire (QoL Compilation)","Quick Restart","StSLib"],"gold_per_floor":[115,127,127,52,2,2,14,14,66,17,31,44,44,59,59,158,158,170,190,71,71,71,71],"floor_reached":22,"playtime":545,"items_purged":["Defend_P"],"score":194,"play_id":"7364222d-d82b-4145-95f2-53e0ffe37f67","local_time":"20201213045616","is_ascension_mode":true,"campfire_choices":[{"data":"Eruption","floor":6.0,"key":"SMITH"},{"data":"Protect","floor":8.0,"key":"SMITH"},{"data":"LessonLearned","floor":15.0,"key":"SMITH"}],"circlet_count":0,"master_deck":["Strike_P","Strike_P","Strike_P","Defend_P","Defend_P","Defend_P","Eruption+1","Vigilance","Protect+1","EmptyBody","BowlingBash","LessonLearned+1","Ragnarok","CurseOfTheBell","Prostrate","ClearTheMind","Worship"],"relics":["PureWater","NeowsBlessing","FossilizedHelix","Regal Pillow","Calling Bell","PreservedInsect","Meat on the Bone","Torii"],"acts_visited":["Exordium","TheCity"],"potions_floor_usage":[16,19],"damage_taken":[{"damage":0.0,"enemies":"Small Slimes","floor":1.0,"turns":1.0},{"damage":0.0,"enemies":"Jaw Worm","floor":2.0,"turns":1.0},{"damage":0.0,"enemies":"2 Louse","floor":7.0,"turns":2.0},{"damage":4.0,"enemies":"Large Slime","floor":11.0,"turns":6.0},{"damage":0.0,"enemies":"Gremlin Gang","floor":12.0,"turns":3.0},{"damage":12.0,"enemies":"Lots of Slimes","floor":14.0,"turns":3.0},{"damage":17,"enemies":"Slime Boss","floor":16,"turns":11},{"damage":0,"enemies":"Spheric Guardian","floor":18,"turns":3},{"damage":40,"enemies":"Shell Parasite","floor":19,"turns":7},{"damage":0,"enemies":"Snake Plant","floor":22,"turns":2}],"seed_played":"2461766467361779381","potions_obtained":[{"floor":1.0,"key":"BottledMiracle"},{"floor":11.0,"key":"FearPotion"},{"floor":12.0,"key":"Dexterity Potion"},{"floor":16,"key":"BlessingOfTheForge"}],"is_trial":false,"path_per_floor":["M","M","?","$","?","R","M","R","T","$","M","M","$","M","R","B",null,"M","M","$","?","M"],"character_chosen":"WATCHER","items_purchased":["EmptyBody","ClearTheMind","Worship"],"campfire_rested":0,"item_purchase_floors":[10,20,20],"current_hp_per_floor":[72,72,65,65,65,65,65,65,65,65,61,61,61,49,49,32,72,72,44,44,44,44,44],"gold":71,"neow_bonus":"THREE_ENEMY_KILL","is_daily":false,"chose_seed":false,"campfire_upgraded":3,"win_rate":0.0,"timestamp":1607856976,"path_taken":["M","M","?","$","?","R","M","R","T","$","M","M","?","M","R","BOSS","M","M","$","?","M"],"items_purchased_type":["Card","Card","Card"],"build_version":"2020-11-30","purchased_purges":1,"victory":false,"max_hp_per_floor":[72,72,72,72,72,72,72,72,72,72,72,72,72,72,72,72,72,72,72,72,72,72,72],"card_choices":[{"not_picked":["WreathOfFlame","Meditate","Perseverance"],"picked":"SKIP","floor":1.0},{"not_picked":["ThirdEye","FollowUp"],"picked":"Protect","floor":2.0},{"not_picked":["SashWhip","FlyingSleeves","ForeignInfluence"],"picked":"SKIP","floor":7.0},{"not_picked":["Sanctity","FlurryOfBlows"],"picked":"BowlingBash","floor":11.0},{"not_picked":["Swivel","BattleHymn","LikeWater"],"picked":"SKIP","floor":12.0},{"not_picked":["PathToVictory","SandsOfTime"],"picked":"LessonLearned","floor":14.0},{"not_picked":["Scrawl","MasterReality"],"picked":"Ragnarok","floor":16},{"not_picked":["Consecrate","BattleHymn"],"picked":"Prostrate","floor":18},{"not_picked":["JustLucky+1","Nirvana","Wireheading"],"picked":"SKIP","floor":19}],"player_experience":1446071,"relics_obtained":[{"floor":9.0,"key":"Regal Pillow"},{"floor":17,"key":"PreservedInsect"},{"floor":17,"key":"Meat on the Bone"},{"floor":17,"key":"Torii"}],"event_choices":[{"damage_healed":0.0,"max_hp_gain":0.0,"max_hp_loss":0.0,"gold_gain":0.0,"event_name":"Scrap Ooze","player_choice":"Success","floor":3.0,"gold_loss":0.0,"damage_taken":7.0,"relics_obtained":["FossilizedHelix"]},{"cards_removed":["Strike_P"],"damage_healed":0.0,"max_hp_gain":0.0,"max_hp_loss":0.0,"gold_gain":0.0,"event_name":"The Cleric","player_choice":"Card Removal","floor":5.0,"gold_loss":50.0,"damage_taken":0.0}],"is_beta":false,"boss_relics":[{"not_picked":["Coffee Dripper","Tiny House"],"picked":"Calling Bell"}],"items_purged_floors":[4],"is_endless":false,"potions_floor_spawned":[1,11,12,16],"killed_by":"Snake Plant","ascension_level":2}}