{"host":"Jinnai","time":1607892578,"event":{"mods":["BaseMod","Bestiary","Block Reminder","Colored Map","Colored Powertips","Highlight Path","Keyboard Shortcuts","Minty Spire (QoL Compilation)","Quick Restart","Relic Stats"],"gold_per_floor":[113,188,203,217,237,237,255,255,255],"floor_reached":8,"playtime":333,"items_purged":[],"score":98,"play_id":"2b4c799a-9030-4674-9874-af8ad3db9754","local_time":"20201213154938","is_ascension_mode":true,"campfire_choices":[{"floor":6,"key":"REST"}],"circlet_count":0,"master_deck":["AscendersBane","Strike_P","Strike_P","Strike_P","Strike_P","Defend_P","Defend_P","Defend_P","Defend_P","Eruption","Vigilance","DevaForm","MentalFortress","EmptyFist","ReachHeaven","CutThroughFate","CutThroughFate"],"relics":["PureWater"],"acts_visited":["Exordium"],"potions_floor_usage":[8],"damage_taken":[{"damage":8,"enemies":"2 Louse","floor":1,"turns":3},{"damage":2,"enemies":"Jaw Worm","floor":3,"turns":5},{"damage":13,"enemies":"Small Slimes","floor":4,"turns":3},{"damage":26,"enemies":"Exordium Wildlife","floor":5,"turns":6},{"damage":0,"enemies":"Large Slime","floor":7,"turns":4},{"damage":26,"enemies":"3 Sentries","floor":8,"turns":4}],"seed_played":"-8395886552918781925","potions_obtained":[{"floor":1,"key":"Dexterity Potion"},{"floor":7,"key":"BottledMiracle"}],"is_trial":false,"path_per_floor":["M","?","M","M","M","R","M","E"],"character_chosen":"WATCHER","items_purchased":[],"campfire_rested":1,"item_purchase_floors":[],"current_hp_per_floor":[53,42,40,27,1,21,21,0,0],"gold":255,"neow_bonus":"ONE_RANDOM_RARE_CARD","is_daily":false,"chose_seed":false,"campfire_upgraded":0,"win_rate":0.0,"timestamp":1607892578,"path_taken":["M","?","M","M","M","R","M","E"],"items_purchased_type":[],"build_version":"2020-12-07","purchased_purges":0,"victory":false,"max_hp_per_floor":[68,68,68,68,68,68,68,68,68],"relic_stats":{"counters":[6,25],"obtain_stats":[{"PureWater":0},{"PureWater":0},{"PureWater":0}]},"card_choices":[{"not_picked":["ClearTheMind","PathToVictory"],"picked":"MentalFortress","floor":1},{"not_picked":["CrushJoints","BowlingBash"],"picked":"EmptyFist","floor":3},{"not_picked":["Swivel","Consecrate"],"picked":"ReachHeaven","floor":4},{"not_picked":["SignatureMove","EmptyFist"],"picked":"CutThroughFate","floor":5},{"not_picked":["Perseverance","Weave"],"picked":"CutThroughFate","floor":7}],"player_experience":1478520,"relics_obtained":[],"event_choices":[{"damage_healed":0,"gold_gain":75,"player_choice":"Gather Gold","damage_taken":11,"max_hp_gain":0,"max_hp_loss":0,"event_name":"World of Goop","floor":2,"gold_loss":0}],"is_beta":true,"boss_relics":[],"items_purged_floors":[],"is_endless":false,"potions_floor_spawned":[1,7],"killed_by":"3 Sentries","ascension_level":19}}