{"host":"9d9dhukr2jywmy0f","time":1607873494,"event":{"mods":["2.2 Compatiblity","Alarm Clock","BaseMod","Bestiary","Block Reminder","Colored Map","Colored Powertips","Curses Come First","DeckTracker","Displayed Cursed Tome","Highlight Path","Key Reminder","Keyboard Shortcuts","Minty Spire (QoL Compilation)","MonsterHotkey","Potion Indicator Mod","Quick Restart","RNG Fix","Rare Cards Sparkle","Relic Sorter","Relic Stats","Spire Birthday Party","StSLib","Synergy Search","The Disciple","Unceasing Turn Reminder","Unknown Chances"],"gold_per_floor":[115,115,132,132,132,164,180,180,230,8,8,8,35,52,52,154,154,170,95,95,95,114,114],"floor_reached":22,"playtime":1970,"items_purged":["Strike_Br"],"score":267,"play_id":"12cfa8f3-dec1-463a-9ba3-4e424fd58a86","local_time":"20201213233134","is_ascension_mode":false,"campfire_choices":[{"data":"Tempo","floor":8.0,"key":"SMITH"},{"data":"SecondHand","floor":11.0,"key":"SMITH"},{"data":"Goo","floor":15.0,"key":"SMITH"}],"circlet_count":0,"master_deck":["Strike_Br+1","Strike_Br+1","Defend_Br","Defend_Br","SecondHand+1","PatternShift","Grave+1","Goo+9","CurseOfTheBell","LockedMedicine+1","LockedCalendar","LockedTurtyl"],"relics":["Chronometer","NeowsBlessing","Shuriken","Juzu Bracelet","Potion Belt","Dream Catcher","Calling Bell","Smiling Mask","Matryoshka","Unceasing Top"],"acts_visited":["Exordium","TheCity"],"potions_floor_usage":[],"damage_taken":[{"damage":0.0,"enemies":"Jaw Worm","floor":1.0,"turns":4.0},{"damage":0.0,"enemies":"2 Louse","floor":3.0,"turns":2.0},{"damage":0.0,"enemies":"Gremlin Nob","floor":6.0,"turns":1.0},{"damage":0.0,"enemies":"Cultist","floor":7.0,"turns":4.0},{"damage":5.0,"enemies":"Lagavulin","floor":13.0,"turns":8.0},{"damage":3.0,"enemies":"Exordium Thugs","floor":14.0,"turns":3.0},{"damage":0.0,"enemies":"Slime Boss","floor":16.0,"turns":8.0},{"damage":1,"enemies":"Chosen","floor":18,"turns":6},{"damage":34,"enemies":"3 Byrds","floor":22,"turns":11}],"seed_played":"2935963368455135156","potions_obtained":[{"floor":6.0,"key":"DistilledChaos"},{"floor":7.0,"key":"AttackPotion"},{"floor":13.0,"key":"FearPotion"},{"floor":18,"key":"Strength Potion"},{"floor":22,"key":"SpeedPotion"}],"is_trial":false,"path_per_floor":["M","?","M","?","?","E","M","R","T","$","R","?","E","M","R","B",null,"M","?","?","?","M"],"character_chosen":"CHRONO_CLASS","items_purchased":["Potion Belt"],"campfire_rested":0,"item_purchase_floors":[10],"current_hp_per_floor":[65,65,65,52,52,52,52,52,52,52,52,52,47,44,44,44,65,64,64,64,64,30,30],"gold":114,"neow_bonus":"THREE_ENEMY_KILL","is_daily":false,"chose_seed":false,"campfire_upgraded":3,"win_rate":0.0,"timestamp":1607873494,"path_taken":["M","?","M","?","?","E","M","R","T","$","R","?","E","M","R","BOSS","M","?","?","?","M"],"items_purchased_type":["Relic"],"build_version":"2020-11-30","purchased_purges":1,"victory":false,"max_hp_per_floor":[65,65,65,65,65,65,65,65,65,65,65,65,65,65,65,65,65,65,65,65,65,65,65],"relic_stats":{"Dream Catcher":0,"counters":[9,47],"Shuriken":[11],"Juzu Bracelet":2,"Smiling Mask":0,"obtain_stats":[{"Potion Belt":10,"Calling Bell":17,"Dream Catcher":13,"Matryoshka":17,"NeowsBlessing":0,"Chronometer":0,"Shuriken":6,"Juzu Bracelet":9,"Smiling Mask":17,"Unceasing Top":17},{"Potion Belt":4,"Calling Bell":7,"Dream Catcher":5,"Matryoshka":7,"NeowsBlessing":0,"Chronometer":0,"Shuriken":3,"Juzu Bracelet":4,"Smiling Mask":7,"Unceasing Top":7},{"Potion Belt":11,"Calling Bell":30,"Dream Catcher":19,"Matryoshka":30,"NeowsBlessing":0,"Chronometer":0,"Shuriken":7,"Juzu Bracelet":11,"Smiling Mask":30,"Unceasing Top":30}],"Unceasing Top":[0]},"card_choices":[{"not_picked":["PrimeTime","Parity"],"picked":"Backlash","floor":1.0},{"not_picked":["Analog","LockedScales","FormalWear"],"picked":"SKIP","floor":3.0},{"not_picked":["MasterKey","LockedBlood","Echoward"],"picked":"SKIP","floor":6.0},{"not_picked":["LockedAnchor","ShortSighted"],"picked":"Tempo","floor":7.0},{"not_picked":["Break","LockedBlood","LockedAnchor"],"picked":"SKIP","floor":13.0},{"not_picked":["LockedTurtyl","LockedOrichalcum"],"picked":"Goo","floor":14.0},{"not_picked":["Flay","MasterKey"],"picked":"Chronoelasticity","floor":16.0},{"not_picked":["WindUp+1","BiteCommand"],"picked":"LockedMedicine+1","floor":18}],"player_experience":672498,"relics_obtained":[{"floor":6.0,"key":"Shuriken"},{"floor":9.0,"key":"Juzu Bracelet"},{"floor":13.0,"key":"Dream Catcher"},{"floor":17.0,"key":"Smiling Mask"},{"floor":17.0,"key":"Matryoshka"},{"floor":17.0,"key":"Unceasing Top"}],"event_choices":[{"cards_removed":["Defend_Br"],"damage_healed":0.0,"max_hp_gain":0.0,"max_hp_loss":0.0,"gold_gain":0.0,"event_name":"Living Wall","player_choice":"Forget","floor":2.0,"gold_loss":0.0,"damage_taken":0.0},{"damage_healed":0.0,"max_hp_gain":0.0,"max_hp_loss":0.0,"gold_gain":0.0,"event_name":"Shining Light","player_choice":"Entered Light","floor":4.0,"gold_loss":0.0,"damage_taken":13.0,"cards_upgraded":["Strike_Br","Strike_Br"]},{"damage_healed":0.0,"max_hp_gain":0.0,"max_hp_loss":0.0,"gold_gain":0.0,"event_name":"Liars Game","player_choice":"Ignored","floor":5.0,"gold_loss":0.0,"damage_taken":0.0},{"damage_healed":0.0,"max_hp_gain":0.0,"max_hp_loss":0.0,"gold_gain":0.0,"cards_transformed":["Defend_Br"],"event_name":"Transmorgrifier","player_choice":"Transformed","floor":12.0,"gold_loss":0.0,"damage_taken":0.0,"cards_obtained":["TickedOff"]},{"cards_removed":["Strike_Br"],"damage_healed":0,"gold_gain":0,"player_choice":"Gave Gold","damage_taken":0,"max_hp_gain":0,"max_hp_loss":0,"event_name":"Beggar","floor":19,"gold_loss":75},{"cards_removed":["Backlash"],"damage_healed":0,"gold_gain":0,"player_choice":"Elegance","damage_taken":0,"max_hp_gain":0,"max_hp_loss":0,"event_name":"Back to Basics","floor":21,"gold_loss":0}],"is_beta":false,"boss_relics":[{"not_picked":["SlaversCollar","Empty Cage"],"picked":"Calling Bell"}],"items_purged_floors":[10],"is_endless":false,"potions_floor_spawned":[6,7,13,18,22],"killed_by":"3 Byrds","ascension_level":0}}