{"host":"ow9msrs9p2ctkx99","time":1607873516,"event":{"mods":["AchievementEnabler","BaseMod","Colored Map","Colored Powertips","Minty Spire (QoL Compilation)","Permanent Neow","Quick Restart","SuperFastMode"],"gold_per_floor":[113,113,130,142,156,156,175,175,175,23,23,198,198,217,217,322,322,337,337,262,187,187,187,187,187],"floor_reached":24,"playtime":351,"items_purged":["Doubt"],"score":285,"play_id":"cf83f36d-b47a-4264-b020-0a153669ee4d","local_time":"20201213163156","is_ascension_mode":true,"campfire_choices":[{"floor":6,"key":"REST"},{"data":"Dualcast","floor":8,"key":"SMITH"},{"floor":13,"key":"REST"},{"data":"The Bomb","floor":15,"key":"SMITH"},{"floor":23,"key":"REST"}],"circlet_count":0,"master_deck":["AscendersBane","Strike_B","Defend_B","Defend_B","Defend_B","Defend_B","Zap","Dualcast+1","The Bomb+1","Beam Cell","Ball Lightning","Sweeping Beam","Skim","Multi-Cast","Turbo+1","Barrage"],"relics":["Cracked Core","Symbiotic Virus","Juzu Bracelet","Sundial","Nuclear Battery","Nilry\u0027s Codex"],"acts_visited":["Exordium","TheCity"],"potions_floor_usage":[7,16,24],"damage_taken":[{"damage":2,"enemies":"Jaw Worm","floor":1,"turns":3},{"damage":6,"enemies":"Cultist","floor":3,"turns":3},{"damage":0,"enemies":"2 Louse","floor":4,"turns":2},{"damage":19,"enemies":"Exordium Wildlife","floor":5,"turns":4},{"damage":14,"enemies":"Lots of Slimes","floor":7,"turns":3},{"damage":12,"enemies":"Looter","floor":14,"turns":3},{"damage":7,"enemies":"Slime Boss","floor":16,"turns":5},{"damage":42,"enemies":"3 Byrds","floor":18,"turns":4},{"damage":35,"enemies":"Gremlin Leader","floor":24,"turns":2}],"seed_played":"-2947126683426301785","potions_obtained":[{"floor":4,"key":"Swift Potion"},{"floor":5,"key":"AttackPotion"},{"floor":16,"key":"PowerPotion"}],"is_trial":false,"path_per_floor":["M","?","M","M","M","R","M","R","T","$","?","?","R","M","R","B",null,"M","?","$","?","?","R","E"],"character_chosen":"DEFECT","items_purchased":["Juzu Bracelet"],"campfire_rested":3,"item_purchase_floors":[10],"current_hp_per_floor":[48,48,42,42,23,45,31,31,31,31,19,19,41,29,29,22,62,20,20,20,20,4,26,0,0],"gold":187,"neow_bonus":"RANDOM_COLORLESS_2","is_daily":false,"chose_seed":false,"campfire_upgraded":2,"win_rate":0.0,"timestamp":1607873516,"path_taken":["M","?","M","?","?","R","M","R","T","$","?","?","R","M","R","BOSS","M","?","$","?","?","R","E"],"items_purchased_type":["Relic"],"build_version":"2020-11-30","purchased_purges":1,"victory":false,"max_hp_per_floor":[75,75,75,75,75,75,75,75,75,75,75,75,75,75,75,75,75,75,75,75,75,75,75,75,75],"card_choices":[{"not_picked":["HandOfGreed","Magnetism"],"picked":"The Bomb","floor":0},{"not_picked":["Hologram","Steam Power"],"picked":"Beam Cell","floor":1},{"not_picked":["Coolheaded","Hologram"],"picked":"Ball Lightning","floor":3},{"not_picked":["Recycle","Leap"],"picked":"Sweeping Beam","floor":4},{"not_picked":["Steam Power","Leap","Stack"],"picked":"SKIP","floor":5},{"not_picked":["Storm","Coolheaded","Scrape"],"picked":"SKIP","floor":7},{"not_picked":["Compile Driver","Self Repair"],"picked":"Skim","floor":14},{"not_picked":["Creative AI","Reboot"],"picked":"Multi-Cast","floor":16},{"not_picked":["Streamline+1","Darkness"],"picked":"Turbo+1","floor":18}],"player_experience":1017689,"relics_obtained":[{"floor":9,"key":"Symbiotic Virus"},{"floor":22,"key":"Nilry\u0027s Codex"}],"event_choices":[{"cards_removed":["Strike_B"],"damage_healed":0,"gold_gain":0,"player_choice":"Purged","damage_taken":0,"max_hp_gain":0,"max_hp_loss":0,"event_name":"Purifier","floor":2,"gold_loss":0},{"damage_healed":0,"gold_gain":0,"player_choice":"Success","damage_taken":12,"relics_obtained":["Sundial"],"max_hp_gain":0,"max_hp_loss":0,"event_name":"Scrap Ooze","floor":11,"gold_loss":0},{"damage_healed":0,"gold_gain":175,"player_choice":"AGREE","damage_taken":0,"max_hp_gain":0,"max_hp_loss":0,"event_name":"Liars Game","floor":12,"gold_loss":0,"cards_obtained":["Doubt"]},{"damage_healed":0,"gold_gain":0,"cards_transformed":["Strike_B"],"player_choice":"Transformed","damage_taken":0,"max_hp_gain":0,"max_hp_loss":0,"event_name":"Transmorgrifier","floor":19,"gold_loss":0,"cards_obtained":["Barrage"]},{"cards_removed":["Strike_B"],"damage_healed":0,"gold_gain":0,"player_choice":"Gave Gold","damage_taken":0,"max_hp_gain":0,"max_hp_loss":0,"event_name":"Beggar","floor":21,"gold_loss":75},{"damage_healed":0,"gold_gain":0,"player_choice":"Obtained Book","damage_taken":16,"max_hp_gain":0,"max_hp_loss":0,"event_name":"Cursed Tome","floor":22,"gold_loss":0}],"is_beta":false,"boss_relics":[{"not_picked":["Velvet Choker","Ectoplasm"],"picked":"Nuclear Battery"}],"items_purged_floors":[20],"is_endless":false,"potions_floor_spawned":[4,5,16],"killed_by":"Gremlin Leader","ascension_level":11}}