{"host":"557iavmgkmyrqkcw","time":1607845648,"event":{"mods":["2.2 Compatiblity","AchievementEnabler","BaseMod","Better Note","Better Sensory Stone","Better Third Choice","Downfall","Friendly Minions","HololiveMod","Marisa????????","Minty Spire (QoL Compilation)","Replay The Spire","StSLib","The Alterego","The Fake Hero","The IronCluck","The Servant 0.9.4","Waifu the Spire"],"gold_per_floor":[167,167,16,16,116,116,166,196,196,46,31,48,117,137,150,253,253,178,188,188,203,220,220,271,271,305,305,322,342,342,342,252,252,271,372,372,449,466,494,494,494,494,494,512,529,529,370,384,259,278,288,288,288,317,12,12,12],"floor_reached":58,"playtime":6038,"items_purged":["Languid","Pain","Parasite"],"score":1355,"play_id":"f366a8ed-d744-4057-9a12-0a583c4b2d8a","local_time":"20201212234728","is_ascension_mode":false,"campfire_choices":[{"data":"champ:ShieldWall","floor":6,"key":"SMITH"},{"floor":10,"key":"RECALL"},{"data":"Regret","floor":18,"key":"PURGE"},{"data":"champ:Devastate","floor":23,"key":"SMITH"},{"data":"champ:Improvising","floor":25,"key":"SMITH"},{"data":"champ:FlashCut","floor":27,"key":"SMITH"},{"data":"1","floor":40,"key":"LIFT"},{"data":"2","floor":46,"key":"LIFT"},{"data":"expansioncontent:DefensiveStance","floor":56,"key":"SMITH"}],"circlet_count":0,"master_deck":["champ:Strike+1","champ:Strike","champ:Strike","champ:Defend","champ:Defend","champ:Defend","champ:Execute+1","champ:Taunt+1","champ:ShieldWall+1","champ:Improvising+1","champ:FlashCut+1","champ:GladiatorStyle","champ:ArenaPreparation","champ:DefensiveShout","champ:Devastate+1","CurseOfTheBell","champ:Lariat+1","champ:CalledShot","champ:GutPunch","champ:EnragedBash+1","champ:LastStand","champ:BerserkerStyle","champ:RecklessLeap+1","champ:SteelEdge","champ:EndlessRage","champ:HeartStrike+1","expansioncontent:DefensiveStance+1","Chrysalis"],"relics":["champ:ChampionCrown","downfall:HeartsMalice","Lantern","Hololive_LightStick","downfall:HeartBlessingGreen","downfall:HeartBlessingBlue","Kunai","Replay:Grab Bag","ChewingGum","Cursed Key","Calling Bell","SlaversCollar","Dream Catcher","Iron Hammer","Ice Cream","downfall:HeartBlessingRed","Blood Vial","Letter Opener","Busted Crown","Girya","Ring of Fangs","Ring of Misfortune","Darkstone Periapt","Replay:Kaleidoscope","Replay:WaspNest","ReplayTheSpireMod:ShopPack","Mirror"],"acts_visited":["Exordium","TheCity","TheBeyond","TheEnding"],"potions_floor_usage":[19,19,19,35,35,47,47,57,57,57],"damage_taken":[{"damage":0,"enemies":"downfall:FleeingMerchant","floor":3,"turns":1},{"damage":0,"enemies":"Lagavulin","floor":8,"turns":1},{"damage":0,"enemies":"Small Slimes","floor":9,"turns":1},{"damage":9,"enemies":"downfall:FleeingMerchant","floor":11,"turns":4},{"damage":0,"enemies":"Cultist","floor":12,"turns":2},{"damage":0,"enemies":"Jaw Worm","floor":14,"turns":3},{"damage":2,"enemies":"2 Fungi Beasts","floor":15,"turns":2},{"damage":81,"enemies":"downfall:Watcher","floor":16,"turns":9},{"damage":0,"enemies":"3 Byrds","floor":19,"turns":2},{"damage":27,"enemies":"Chosen","floor":21,"turns":4},{"damage":18,"enemies":"Snake Plant","floor":22,"turns":5},{"damage":10,"enemies":"Replay:Snechameleon","floor":26,"turns":4},{"damage":18,"enemies":"Chosen and Byrds","floor":28,"turns":4},{"damage":40,"enemies":"3 Cultists","floor":29,"turns":5},{"damage":0,"enemies":"downfall:FleeingMerchant","floor":32,"turns":4},{"damage":0,"enemies":"Snecko","floor":34,"turns":3},{"damage":88,"enemies":"downfall:Ironclad","floor":35,"turns":7},{"damage":44,"enemies":"3 Darklings","floor":38,"turns":4},{"damage":19,"enemies":"R_Hoarder","floor":39,"turns":5},{"damage":18,"enemies":"Orb Walker","floor":44,"turns":2},{"damage":44,"enemies":"Jaw Worm Horde","floor":45,"turns":3},{"damage":20,"enemies":"downfall:FleeingMerchant","floor":47,"turns":4},{"damage":55,"enemies":"Writhing Mass","floor":48,"turns":5},{"damage":33,"enemies":"4 Shapes","floor":50,"turns":4},{"damage":30,"enemies":"Jaw Worm Horde","floor":51,"turns":4},{"damage":74,"enemies":"downfall:Defect","floor":52,"turns":5},{"damage":93,"enemies":"downfall:CharBossMerchant","floor":54,"turns":7},{"damage":63,"enemies":"downfall:NeowBoss","floor":57,"turns":29}],"seed_played":"7440510711541214312","potions_obtained":[{"floor":8,"key":"PowerPotion"},{"floor":12,"key":"SmokeBomb"},{"floor":14,"key":"Fire Potion"},{"floor":15,"key":"Fire Potion"},{"floor":16,"key":"Explosive Potion"},{"floor":28,"key":"SteroidPotion"},{"floor":29,"key":"sneckomod:MuddlingPotion"},{"floor":34,"key":"Toxic Potion"},{"floor":35,"key":"Guardian:BlockOnCardUsePotion"},{"floor":38,"key":"BlessingOfTheForge"},{"floor":48,"key":"SpeedPotion"}],"is_trial":false,"path_per_floor":["R","?","$","?","?","R","T","E","M","R","$","M","T","M","M","B",null,"R","M","?","M","M","R","T","R","E","R","M","M","PTL","PTL","$","?","M","B",null,"R","M","E","R","?","?","T","M","M","R","$","M","$","M","M","B",null,"E","$","R","B",null],"character_chosen":"THE_CHAMP","items_purchased":["Lantern","champ:EndlessRage","Replay:Kaleidoscope","Mirror","SpeedPotion"],"campfire_rested":0,"item_purchase_floors":[3,47,47,55,55],"current_hp_per_floor":[90,90,90,90,90,90,90,90,90,100,100,100,100,100,100,43,100,100,100,100,93,83,83,83,83,85,85,79,56,56,56,82,82,100,42,100,100,88,99,99,99,99,99,100,98,98,99,106,103,103,97,74,103,103,103,103,103],"gold":12,"neow_bonus":"THREE_ENEMY_KILL","is_daily":false,"chose_seed":false,"campfire_upgraded":5,"win_rate":0.0,"timestamp":1607845648,"path_taken":["R","?","?","?","?","R","T","E","?","R","$","M","?","M","M","BOSS","R","M","?","M","?","R","T","R","E","R","M","M","PTL","PTL","$","?","M","BOSS","R","M","E","R","?","?","T","M","?","R","$","M","$","M","M","BOSS","E","$","R","BOSS"],"items_purchased_type":["Relic","Card","Relic","Relic","Potion"],"build_version":"2020-11-30","purchased_purges":3,"victory":true,"max_hp_per_floor":[90,90,90,90,90,90,90,90,90,100,100,100,100,100,100,100,100,100,100,100,100,100,100,100,100,100,100,100,100,100,100,100,100,100,100,100,100,100,100,100,100,100,100,100,100,100,100,106,103,103,103,103,103,103,103,103,103],"card_choices":[{"not_picked":["champ:Encircle","champ:Haymaker"],"picked":"champ:ShieldWall","floor":3},{"not_picked":["champ:Backstep","champ:FlashCut"],"picked":"champ:Improvising","floor":8},{"not_picked":["champ:PerfectedStrike","champ:CalledShot"],"picked":"champ:FlashCut","floor":9},{"not_picked":["champ:BladeFlurry","champ:FocusedBerserking"],"picked":"champ:GladiatorStyle","floor":11},{"not_picked":["champ:HeartStrike","champ:PerfectedStrike","champ:GladiatorsShout"],"picked":"SKIP","floor":12},{"not_picked":["champ:PerfectedStrike","champ:GutPunch"],"picked":"champ:ArenaPreparation","floor":14},{"not_picked":["champ:StanceDance","champ:Circumvent"],"picked":"champ:DefensiveShout","floor":15},{"not_picked":["champ:CheapShot","champ:DancingMaster"],"picked":"champ:Devastate","floor":16},{"not_picked":["champ:FlashCut","champ:ViciousMockery"],"picked":"champ:Lariat+1","floor":19},{"not_picked":["champ:DefensiveShout","champ:BladeFlurry","champ:FlashCut+1"],"picked":"SKIP","floor":21},{"not_picked":["champ:FlashCut+1","champ:RecklessLeap","champ:BerserkersShout+1"],"picked":"SKIP","floor":22},{"not_picked":["champ:CrownThrow","champ:DefensiveShout","champ:GladiatorsShout"],"picked":"SKIP","floor":26},{"not_picked":["champ:FocusedDefense+1","champ:Backstep"],"picked":"champ:CalledShot","floor":28},{"not_picked":["champ:BringItOn","champ:Circumvent"],"picked":"champ:GutPunch","floor":29},{"not_picked":["champ:DefensiveShout+1","champ:RapidStrikes","champ:TornadoPunch"],"picked":"SKIP","floor":32},{"not_picked":["champ:TornadoPunch","champ:Circumvent+1"],"picked":"champ:EnragedBash+1","floor":34},{"not_picked":["champ:VampiricStrike","champ:DancingMaster"],"picked":"champ:LastStand","floor":35},{"not_picked":[],"picked":"champ:BerserkerStyle","floor":38},{"not_picked":[],"picked":"champ:RecklessLeap+1","floor":39},{"not_picked":["champ:BerserkersShout"],"picked":"SKIP","floor":44},{"not_picked":["champ:BladeFlurry"],"picked":"SKIP","floor":45},{"not_picked":[],"picked":"champ:SteelEdge","floor":47},{"not_picked":["champ:Encircle+1"],"picked":"SKIP","floor":48},{"not_picked":["champ:CrookedStrike"],"picked":"SKIP","floor":50},{"not_picked":["champ:StanceDance"],"picked":"SKIP","floor":51},{"not_picked":[],"picked":"champ:HeartStrike+1","floor":54},{"not_picked":[],"picked":"expansioncontent:DefensiveStance","floor":55},{"not_picked":[],"picked":"Chrysalis","floor":55}],"player_experience":547903,"relics_obtained":[{"floor":8,"key":"Hololive_LightStick"},{"floor":13,"key":"Kunai"},{"floor":17,"key":"Dream Catcher"},{"floor":17,"key":"Iron Hammer"},{"floor":17,"key":"Ice Cream"},{"floor":24,"key":"Blood Vial"},{"floor":26,"key":"Letter Opener"},{"floor":39,"key":"Girya"},{"floor":41,"key":"Ring of Fangs"},{"floor":41,"key":"Ring of Misfortune"},{"floor":43,"key":"Darkstone Periapt"},{"floor":54,"key":"Replay:WaspNest"},{"floor":54,"key":"ReplayTheSpireMod:ShopPack"}],"event_choices":[{"cards_removed":["champ:Strike"],"damage_healed":0,"gold_gain":0,"player_choice":"Purged","damage_taken":0,"max_hp_gain":0,"max_hp_loss":0,"event_name":"Purifier","floor":2,"gold_loss":0},{"damage_healed":0,"gold_gain":100,"player_choice":"Gold","damage_taken":0,"max_hp_gain":0,"max_hp_loss":0,"event_name":"Wheel of Change","floor":5,"gold_loss":0},{"damage_healed":0,"gold_gain":0,"player_choice":"Ignored","damage_taken":0,"max_hp_gain":0,"max_hp_loss":0,"event_name":"betterNote:BetterNote","floor":20,"gold_loss":0,"cards_obtained":["Slimebound:MassRepurpose"]},{"cards_removed":["champ:Defend"],"damage_healed":0,"gold_gain":0,"player_choice":"Purged","damage_taken":0,"max_hp_gain":0,"max_hp_loss":0,"event_name":"Purifier","floor":42,"gold_loss":0}],"is_beta":false,"boss_relics":[{"not_picked":["Replay:Ancient Bell","Runic Dome"],"picked":"Replay:Grab Bag"},{"not_picked":["Philosopher\u0027s Stone","Fusion Hammer"],"picked":"ChewingGum"},{"not_picked":["ReplayTheSpireMod:Onyx Gauntlets","Ectoplasm"],"picked":"Cursed Key"},{"not_picked":["Runic Pyramid","Pandora\u0027s Box"],"picked":"Calling Bell"},{"not_picked":["Empty Cage","Ring of Chaos"],"picked":"SlaversCollar"},{"not_picked":["Honey Jar","Painkiller Herb"],"picked":"Busted Crown"}],"items_purged_floors":[32,47,49],"is_endless":false,"potions_floor_spawned":[8,12,14,15,16,28,29,34,35,38,48],"ascension_level":0}}