{"host":"kw4o7b3ro2ktmmbe","time":1607845383,"event":{"mods":["BaseMod","Minty Spire (QoL Compilation)","StSLib","The Death Knight","Treasure Hunter"],"gold_per_floor":[99,99,49,49,49,49,49,49,49],"floor_reached":8,"playtime":525,"items_purged":[],"score":62,"play_id":"c3ad985d-49e5-4790-9fa4-6eace06d9f6a","local_time":"20201213204303","is_ascension_mode":true,"campfire_choices":[],"circlet_count":0,"master_deck":["DeathKnight:Strike_DeathKnight","DeathKnight:Strike_DeathKnight","DeathKnight:Strike_DeathKnight","DeathKnight:Strike_DeathKnight","DeathKnight:Strike_DeathKnight","DeathKnight:Defend_DeathKnight","DeathKnight:Defend_DeathKnight","DeathKnight:Defend_DeathKnight","DeathKnight:Defend_DeathKnight","DeathKnight:Defend_DeathKnight","DeathKnight:RuneTap","DeathKnight:BoneShield","DeathKnight:BludPresence","DeathKnight:Lichborne","TH:Mimic","DeathKnight:BladedArmor"],"relics":["Ectoplasm","Toxic Egg 2","DeathKnight:TomeOfBloodSpecialization"],"acts_visited":["Exordium"],"potions_floor_usage":[8],"damage_taken":[{"damage":10,"enemies":"Small Slimes","floor":1,"turns":5},{"damage":8,"enemies":"Jaw Worm","floor":2,"turns":4},{"damage":3,"enemies":"2 Louse","floor":4,"turns":4},{"damage":45,"enemies":"Lagavulin","floor":6,"turns":11},{"damage":4,"enemies":"3 Sentries","floor":8,"turns":1}],"seed_played":"230009802151806629","potions_obtained":[{"floor":6,"key":"DeathKnight:RimePotion"}],"is_trial":false,"path_per_floor":["M","M","?","M","?","E","?","E"],"character_chosen":"DEATH_KNIGHT","items_purchased":[],"campfire_rested":0,"item_purchase_floors":[],"current_hp_per_floor":[65,57,57,54,47,2,2,0,0],"gold":49,"neow_bonus":"BOSS_RELIC","is_daily":false,"chose_seed":false,"campfire_upgraded":0,"win_rate":0.0,"timestamp":1607845383,"path_taken":["M","M","?","M","?","E","?","E"],"items_purchased_type":[],"build_version":"2020-11-30","purchased_purges":0,"victory":false,"max_hp_per_floor":[75,75,75,75,75,75,75,75,75],"card_choices":[{"not_picked":["DeathKnight:BoneSpear","DeathKnight:RuneShock"],"picked":"DeathKnight:BoneShield","floor":1},{"not_picked":["DeathKnight:MindFreeze","DeathKnight:ScourgeStrike"],"picked":"DeathKnight:BludPresence","floor":2},{"not_picked":["DeathKnight:ScourgeStrike","DeathKnight:Parry"],"picked":"DeathKnight:Lichborne","floor":4},{"not_picked":["TH:EnergyPotion"],"picked":"TH:Mimic","floor":6},{"not_picked":["DeathKnight:Marrowrend","DeathKnight:DeathCoil"],"picked":"DeathKnight:BladedArmor","floor":6}],"player_experience":1762306,"relics_obtained":[{"floor":6,"key":"DeathKnight:TomeOfBloodSpecialization"}],"event_choices":[{"cards_removed":["DeathKnight:RuneStrike"],"damage_healed":0,"gold_gain":0,"player_choice":"Card Removal","damage_taken":0,"max_hp_gain":0,"max_hp_loss":0,"event_name":"The Cleric","floor":3,"gold_loss":50},{"damage_healed":0,"gold_gain":0,"player_choice":"Success","damage_taken":7,"relics_obtained":["Toxic Egg 2"],"max_hp_gain":0,"max_hp_loss":0,"event_name":"Scrap Ooze","floor":5,"gold_loss":0},{"damage_healed":0,"gold_gain":0,"player_choice":"Ignored","damage_taken":0,"max_hp_gain":0,"max_hp_loss":0,"event_name":"Golden Idol","floor":7,"gold_loss":0}],"is_beta":false,"boss_relics":[],"items_purged_floors":[],"is_endless":false,"potions_floor_spawned":[6],"killed_by":"3 Sentries","ascension_level":2}}