{"host":"xcuflocadasoaqda","time":1607880303,"event":{"mods":["BaseMod","Bestiary","Filter the Spire","Minty Spire (QoL Compilation)","Relic Stats"],"gold_per_floor":[113,123,48,62,75,75,110,110,110,110,120,138,165,179,179,251,251,261,273,286,286,302,332,348,398,424,457,457,491,305,305,305,379,379,396,406,178,178,188,213,213,239,239,239,270,288,213,265,265,265,265,265,265,21,47,47],"floor_reached":57,"playtime":6960,"items_purged":["Perfected Strike","Perfected Strike","Infernal Blade"],"score":2974,"play_id":"a8823f3e-9f90-492a-b8a9-b2d938d0b205","local_time":"20201213112503","is_ascension_mode":true,"campfire_choices":[{"data":"Hemokinesis","floor":6.0,"key":"SMITH"},{"floor":8.0,"key":"REST"},{"floor":10.0,"key":"REST"},{"data":"True Grit","floor":15.0,"key":"SMITH"},{"data":"Armaments","floor":28.0,"key":"SMITH"},{"data":"Ghostly","floor":32.0,"key":"SMITH"},{"floor":41.0,"key":"RECALL"},{"data":"Ghostly","floor":44.0,"key":"SMITH"},{"data":"Feel No Pain","floor":49.0,"key":"SMITH"},{"data":"Ghostly","floor":53.0,"key":"SMITH"}],"circlet_count":0,"master_deck":["AscendersBane","Bash","True Grit+1","Entrench","Shockwave","Corruption","Cleave","Armaments+1","Pommel Strike","Iron Wave","Hemokinesis+1","Double Tap","Sentinel","Rampage","Feed","Flame Barrier+1","Ghostly+1","Ghostly+1","Ghostly+1","Dual Wield","Intimidate+1","Dark Embrace","Barricade","PanicButton","Burning Pact","Feel No Pain+1","Exhume","Shrug It Off","Sentinel"],"relics":["Pandora\u0027s Box","Toy Ornithopter","Letter Opener","Bird Faced Urn","Runic Pyramid","Ancient Tea Set","Blood Vial","Omamori","Eternal Feather","PreservedInsect","Coffee Dripper","Self Forming Clay","White Beast Statue","Ice Cream","Torii","OrangePellets","Pen Nib"],"acts_visited":["Exordium","TheCity","TheBeyond","TheEnding"],"potions_floor_usage":[56,56],"damage_taken":[{"damage":4.0,"enemies":"Cultist","floor":1.0,"turns":3.0},{"damage":2.0,"enemies":"Jaw Worm","floor":2.0,"turns":3.0},{"damage":3.0,"enemies":"Small Slimes","floor":4.0,"turns":3.0},{"damage":15.0,"enemies":"Blue Slaver","floor":5.0,"turns":4.0},{"damage":35.0,"enemies":"3 Sentries","floor":7.0,"turns":5.0},{"damage":4.0,"enemies":"2 Fungi Beasts","floor":11.0,"turns":3.0},{"damage":3.0,"enemies":"Lots of Slimes","floor":12.0,"turns":3.0},{"damage":4.0,"enemies":"Lagavulin","floor":13.0,"turns":4.0},{"damage":2.0,"enemies":"Red Slaver","floor":14.0,"turns":2.0},{"damage":35.0,"enemies":"Hexaghost","floor":16.0,"turns":9.0},{"damage":4.0,"enemies":"Chosen","floor":18.0,"turns":3.0},{"damage":8.0,"enemies":"3 Byrds","floor":19.0,"turns":4.0},{"damage":2.0,"enemies":"Centurion and Healer","floor":20.0,"turns":4.0},{"damage":5.0,"enemies":"Snecko","floor":22.0,"turns":4.0},{"damage":19.0,"enemies":"Slavers","floor":23.0,"turns":6.0},{"damage":19.0,"enemies":"Cultist and Chosen","floor":24.0,"turns":6.0},{"damage":2.0,"enemies":"Gremlin Leader","floor":27.0,"turns":5.0},{"damage":1.0,"enemies":"Slavers","floor":29.0,"turns":4.0},{"damage":22.0,"enemies":"Champ","floor":33.0,"turns":18.0},{"damage":2.0,"enemies":"3 Shapes","floor":35.0,"turns":6.0},{"damage":18.0,"enemies":"3 Darklings","floor":36.0,"turns":5.0},{"damage":1.0,"enemies":"Jaw Worm Horde","floor":39.0,"turns":6.0},{"damage":3.0,"enemies":"Giant Head","floor":40.0,"turns":5.0},{"damage":11.0,"enemies":"Reptomancer","floor":42.0,"turns":6.0},{"damage":7.0,"enemies":"Giant Head","floor":45.0,"turns":6.0},{"damage":7.0,"enemies":"Transient","floor":46.0,"turns":6.0},{"damage":3.0,"enemies":"2 Orb Walkers","floor":48.0,"turns":4.0},{"damage":1.0,"enemies":"Donu and Deca","floor":50.0,"turns":10.0},{"damage":7.0,"enemies":"Awakened One","floor":51.0,"turns":14.0},{"damage":23.0,"enemies":"Shield and Spear","floor":55.0,"turns":6.0},{"damage":17,"enemies":"The Heart","floor":56,"turns":9}],"seed_played":"1052404267113122481","potions_obtained":[{"floor":2.0,"key":"PowerPotion"},{"floor":11.0,"key":"Strength Potion"},{"floor":12.0,"key":"BloodPotion"},{"floor":14.0,"key":"Block Potion"},{"floor":19.0,"key":"Swift Potion"},{"floor":24.0,"key":"DistilledChaos"},{"floor":29.0,"key":"Swift Potion"},{"floor":36.0,"key":"PowerPotion"},{"floor":39.0,"key":"LiquidMemories"},{"floor":55.0,"key":"Energy Potion"}],"is_trial":false,"path_per_floor":["M","M","$","M","M","R","E","R","T","R","M","M","E","M","R","B",null,"M","M","M","?","M","E","M","?","T","E","R","E","$","?","R","B",null,"M","M","$","?","M","E","R","E","T","R","E","M","$","?","R","B","B",null,"R","$","E","B",null],"character_chosen":"IRONCLAD","items_purchased":["Dark Embrace","PanicButton","Exhume","OrangePellets","Sentinel"],"campfire_rested":2,"item_purchase_floors":[30,37,47,54,54],"current_hp_per_floor":[64,62,62,59,44,44,9,31,31,53,49,46,47,47,47,19,61,59,56,59,40,38,29,15,15,15,20,20,32,32,32,44,28,49,65,59,59,64,81,86,88,85,85,92,91,92,92,103,104,112,119,120,120,120,111,120],"gold":47,"neow_bonus":"BOSS_RELIC","is_daily":false,"chose_seed":false,"campfire_upgraded":7,"win_rate":0.0,"timestamp":1607880303,"path_taken":["M","M","?","?","M","R","E","R","T","R","M","M","E","M","R","BOSS","M","?","M","?","M","E","M","?","T","E","R","E","$","?","R","BOSS","M","M","$","?","?","E","R","E","T","R","E","M","?","?","R","BOSS","BOSS","R","$","E","BOSS"],"items_purchased_type":["Card","Card","Card","Relic","Card"],"build_version":"2020-11-30","purchased_purges":3,"victory":true,"max_hp_per_floor":[75,75,75,75,75,75,75,75,75,75,75,75,75,75,75,75,75,75,78,81,40,43,46,49,49,49,52,52,56,56,56,56,56,56,68,72,72,72,84,88,88,92,92,92,96,96,96,104,104,112,120,120,120,120,128,128],"relic_stats":{"Torii":5,"counters":[31,176],"Self Forming Clay":[84],"Eternal Feather":22,"PreservedInsect":399,"Pen Nib":[2],"Letter Opener":[453],"Blood Vial":20,"OrangePellets":[4],"Bird Faced Urn":[81],"Pandora\u0027s Box":["Perfected Strike","True Grit","Entrench","Shockwave","Corruption","Clash","Perfected Strike","Cleave","Armaments"],"obtain_stats":[{"Ice Cream":45,"Torii":48,"Self Forming Clay":40,"Eternal Feather":29,"PreservedInsect":31,"Pen Nib":55,"Omamori":27,"Letter Opener":9,"Ancient Tea Set":23,"Burning Blood":0,"White Beast Statue":42,"Blood Vial":26,"OrangePellets":54,"Bird Faced Urn":13,"Pandora\u0027s Box":0,"Coffee Dripper":34,"Toy Ornithopter":7,"Runic Pyramid":17},{"Ice Cream":25,"Torii":27,"Self Forming Clay":23,"Eternal Feather":18,"PreservedInsect":18,"Pen Nib":30,"Omamori":17,"Letter Opener":5,"Ancient Tea Set":15,"Burning Blood":0,"White Beast Statue":24,"Blood Vial":16,"OrangePellets":29,"Bird Faced Urn":8,"Pandora\u0027s Box":0,"Coffee Dripper":19,"Toy Ornithopter":5,"Runic Pyramid":10},{"Ice Cream":127,"Torii":137,"Self Forming Clay":115,"Eternal Feather":75,"PreservedInsect":75,"Pen Nib":167,"Omamori":71,"Letter Opener":18,"Ancient Tea Set":60,"Burning Blood":0,"White Beast Statue":121,"Blood Vial":66,"OrangePellets":161,"Bird Faced Urn":28,"Pandora\u0027s Box":0,"Coffee Dripper":93,"Toy Ornithopter":18,"Runic Pyramid":39}],"Toy Ornithopter":30},"card_choices":[{"not_picked":["Headbutt","Havoc"],"picked":"Pommel Strike","floor":1.0},{"not_picked":["Flex","Anger"],"picked":"Iron Wave","floor":2.0},{"not_picked":["Flex","Combust","Dual Wield"],"picked":"SKIP","floor":4.0},{"not_picked":["Second Wind","Havoc"],"picked":"Hemokinesis","floor":5.0},{"not_picked":["Flex","Fire Breathing"],"picked":"Double Tap","floor":7.0},{"not_picked":["Thunderclap","Pommel Strike"],"picked":"Sentinel","floor":11.0},{"not_picked":["Rage","Iron Wave","Pommel Strike"],"picked":"SKIP","floor":12.0},{"not_picked":["Flex","Body Slam"],"picked":"Rampage","floor":13.0},{"not_picked":["Second Wind","Juggernaut","Clothesline"],"picked":"SKIP","floor":14.0},{"not_picked":["Limit Break","Double Tap"],"picked":"Feed","floor":16.0},{"not_picked":["Hemokinesis","Wild Strike","Heavy Blade"],"picked":"SKIP","floor":18.0},{"not_picked":["Uppercut","Body Slam"],"picked":"Flame Barrier+1","floor":19.0},{"not_picked":["Thunderclap","Entrench"],"picked":"Infernal Blade","floor":20.0},{"not_picked":["Perfected Strike","Warcry","Iron Wave"],"picked":"SKIP","floor":22.0},{"not_picked":["Havoc","Wild Strike"],"picked":"Dual Wield","floor":23.0},{"not_picked":["Clash","Twin Strike"],"picked":"Intimidate+1","floor":24.0},{"not_picked":["Reaper","Anger","Entrench"],"picked":"SKIP","floor":27.0},{"not_picked":["Clothesline","Anger","Ghostly Armor"],"picked":"SKIP","floor":29.0},{"not_picked":["Berserk","Limit Break"],"picked":"Barricade","floor":33.0},{"not_picked":["Warcry","Heavy Blade","Cleave"],"picked":"SKIP","floor":35.0},{"not_picked":["Heavy Blade+1","Perfected Strike","Dual Wield+1"],"picked":"SKIP","floor":36.0},{"not_picked":["Pummel","Headbutt"],"picked":"Burning Pact","floor":39.0},{"not_picked":["Twin Strike+1","Warcry","Anger"],"picked":"SKIP","floor":40.0},{"not_picked":["Berserk","Barricade","Corruption"],"picked":"SKIP","floor":42.0},{"not_picked":["Anger","Intimidate","Carnage"],"picked":"SKIP","floor":45.0},{"not_picked":["Sword Boomerang","Heavy Blade+1"],"picked":"Feel No Pain","floor":46.0},{"not_picked":["Armaments","Cleave"],"picked":"Shrug It Off","floor":48.0},{"not_picked":["Hemokinesis","Pommel Strike","Havoc+1"],"picked":"SKIP","floor":55.0}],"player_experience":1721368,"relics_obtained":[{"floor":7.0,"key":"Toy Ornithopter"},{"floor":9.0,"key":"Letter Opener"},{"floor":13.0,"key":"Bird Faced Urn"},{"floor":23.0,"key":"Ancient Tea Set"},{"floor":26.0,"key":"Blood Vial"},{"floor":27.0,"key":"Omamori"},{"floor":29.0,"key":"Eternal Feather"},{"floor":40.0,"key":"Self Forming Clay"},{"floor":42.0,"key":"White Beast Statue"},{"floor":45.0,"key":"Ice Cream"},{"floor":48.0,"key":"Torii"},{"floor":55.0,"key":"Pen Nib"}],"event_choices":[{"damage_healed":0.0,"max_hp_gain":0.0,"max_hp_loss":41.0,"gold_gain":0.0,"event_name":"Ghosts","player_choice":"Became a Ghost","floor":21.0,"gold_loss":0.0,"damage_taken":0.0,"cards_obtained":["Ghostly","Ghostly","Ghostly"]},{"damage_healed":0.0,"max_hp_gain":0.0,"max_hp_loss":0.0,"gold_gain":50.0,"event_name":"Nest","player_choice":"Stole From Cult","floor":25.0,"gold_loss":0.0,"damage_taken":0.0},{"damage_healed":0.0,"max_hp_gain":0.0,"max_hp_loss":0.0,"gold_gain":0.0,"event_name":"Addict","player_choice":"Stole Relic","floor":31.0,"gold_loss":0.0,"damage_taken":0.0,"relics_obtained":["PreservedInsect"],"cards_obtained":["Shame"]},{"cards_removed":["Clash"],"damage_healed":5.0,"max_hp_gain":0.0,"max_hp_loss":0.0,"gold_gain":0.0,"event_name":"Bonfire Elementals","player_choice":"Offered Common","floor":38.0,"gold_loss":0.0,"damage_taken":0.0},{"cards_removed":["Clash"],"damage_healed":5.0,"max_hp_gain":0.0,"max_hp_loss":0.0,"gold_gain":0.0,"event_name":"Bonfire Elementals","player_choice":"Offered Special","floor":38.0,"gold_loss":0.0,"damage_taken":0.0},{"damage_healed":0.0,"max_hp_gain":0.0,"max_hp_loss":0.0,"gold_gain":0.0,"event_name":"Mysterious Sphere","player_choice":"Fight","floor":48.0,"gold_loss":0.0,"damage_taken":0.0}],"is_beta":false,"boss_relics":[{"not_picked":["Mark of Pain","Runic Cube"],"picked":"Runic Pyramid"},{"not_picked":["Tiny House","Fusion Hammer"],"picked":"Coffee Dripper"}],"items_purged_floors":[3,30,37],"is_endless":false,"potions_floor_spawned":[2,11,12,14,19,24,27,29,36,39,45,46,48,55],"ascension_level":20}}