{"host":"8eddgt5t5e8es31j","time":1607898478,"event":{"mods":["2.2 Compatiblity","AchievementEnabler","BaseMod","Downfall","Hermit","Hubris","Infinite Spire","Minty Spire (QoL Compilation)","Quick Restart","Replay The Spire","StSLib"],"gold_per_floor":[110,110,130,146,163,163,198,216,216,241,260,277,277,290,290,392,392,409,424,438,438,456,456,456,456],"floor_reached":24,"playtime":918,"items_purged":[],"score":214,"play_id":"9b912010-f022-4bc1-8eac-32085693c589","local_time":"20201213162758","is_ascension_mode":true,"campfire_choices":[{"data":"Inflame","floor":6.0,"key":"SMITH"},{"floor":13.0,"key":"REST"},{"floor":15.0,"key":"REST"},{"floor":23.0,"key":"REST"}],"circlet_count":0,"master_deck":["Strike_R","Strike_R","Strike_R","Strike_R","Strike_R","Defend_R","Defend_R","Defend_R","Defend_R","Bash","Inflame+1","Cleave","Spot Weakness+1","Pommel Strike","Pommel Strike","Seeing Red+1","Cleave","Thunderclap+1"],"relics":["Black Blood","NeowsBlessing","Toxic Egg 2","infinitespire:Eraser","Blood Vial","Juzu Bracelet"],"acts_visited":["Exordium","TheCity"],"potions_floor_usage":[24],"damage_taken":[{"damage":0.0,"enemies":"Small Slimes","floor":1.0,"turns":1.0},{"damage":0.0,"enemies":"Cultist","floor":3.0,"turns":1.0},{"damage":0.0,"enemies":"Jaw Worm","floor":4.0,"turns":1.0},{"damage":28.0,"enemies":"Lots of Slimes","floor":5.0,"turns":5.0},{"damage":49.0,"enemies":"Lagavulin","floor":7.0,"turns":8.0},{"damage":10.0,"enemies":"2 Fungi Beasts","floor":8.0,"turns":3.0},{"damage":9.0,"enemies":"Blue Slaver","floor":11.0,"turns":4.0},{"damage":11.0,"enemies":"Lots of Slimes","floor":12.0,"turns":2.0},{"damage":20.0,"enemies":"Looter","floor":14.0,"turns":3.0},{"damage":47.0,"enemies":"Fading Forest","floor":16.0,"turns":11.0},{"damage":43.0,"enemies":"3 Byrds","floor":18.0,"turns":5.0},{"damage":25.0,"enemies":"Spheric Guardian","floor":19.0,"turns":4.0},{"damage":13.0,"enemies":"Snecko","floor":20.0,"turns":4.0},{"damage":47.0,"enemies":"Centurion and Healer","floor":22.0,"turns":7.0},{"damage":54,"enemies":"Nightmare","floor":24,"turns":6}],"seed_played":"1126908841580424844","potions_obtained":[{"floor":4.0,"key":"Energy Potion"},{"floor":8.0,"key":"Explosive Potion"},{"floor":12.0,"key":"Fire Potion"},{"floor":16.0,"key":"Venom Potion"},{"floor":18.0,"key":"FairyPotion"},{"floor":19.0,"key":"Fruit Juice"}],"is_trial":false,"path_per_floor":["M","?","M","M","M","R","E","M","T","T","M","M","R","M","R","B",null,"M","M","M","AVR","M","R","NM"],"character_chosen":"IRONCLAD","items_purchased":[],"campfire_rested":3,"item_purchase_floors":[],"current_hp_per_floor":[80,80,80,80,58,58,15,11,11,11,10,7,31,19,43,26,80,49,43,44,44,37,62,10,10],"gold":456,"neow_bonus":"THREE_ENEMY_KILL","is_daily":false,"chose_seed":false,"campfire_upgraded":1,"win_rate":0.0,"timestamp":1607898478,"path_taken":["M","?","M","?","M","R","E","M","T","?","M","M","R","?","R","BOSS","M","M","M","AVR","M","R","NM"],"items_purchased_type":[],"build_version":"2020-11-30","purchased_purges":0,"victory":false,"max_hp_per_floor":[80,80,80,80,80,80,80,80,80,80,80,80,80,80,80,80,80,80,85,85,85,85,85,85,85],"card_choices":[{"not_picked":["Clothesline","Replay:Undeath\u0027s Touch","ReplayTheSpireMod:Stacked"],"picked":"SKIP","floor":1.0},{"not_picked":["Twin Strike","Sever Soul"],"picked":"Inflame","floor":3.0},{"not_picked":["Fire Breathing","Warcry","Clothesline"],"picked":"SKIP","floor":4.0},{"not_picked":["Run Through","Rampage","Shrug It Off"],"picked":"SKIP","floor":5.0},{"not_picked":["Feed","ReplayReversal+1"],"picked":"Cleave","floor":7.0},{"not_picked":["Clash","Havoc+1"],"picked":"Spot Weakness+1","floor":8.0},{"not_picked":["Wild Strike","Warcry+1"],"picked":"Pommel Strike","floor":11.0},{"not_picked":["Havoc+1","Iron Wave"],"picked":"Pommel Strike","floor":12.0},{"not_picked":["Disarm+1","ReplayTheSpireMod:Limb From Limb"],"picked":"Seeing Red+1","floor":14.0},{"not_picked":["Evolve+1","Clash+1"],"picked":"Cleave","floor":18.0},{"not_picked":["Dark Embrace","Second Wind+1","Body Slam"],"picked":"SKIP","floor":19.0},{"not_picked":["Sever Soul","hubris:ReadiedAction+1","Dark Embrace+1"],"picked":"SKIP","floor":20.0},{"not_picked":["Seeing Red+1","Battle Trance+1"],"picked":"Thunderclap+1","floor":22.0}],"player_experience":41491,"relics_obtained":[{"floor":7.0,"key":"Toxic Egg 2"},{"floor":9.0,"key":"infinitespire:Eraser"},{"floor":10.0,"key":"Blood Vial"}],"event_choices":[{"damage_healed":0.0,"max_hp_gain":0.0,"max_hp_loss":0.0,"gold_gain":0.0,"event_name":"The Woman in Blue","player_choice":"Bought 0 Potions","floor":2.0,"gold_loss":0.0,"damage_taken":0.0}],"is_beta":false,"boss_relics":[{"not_picked":["Ectoplasm","Astrolabe"],"picked":"Black Blood"}],"items_purged_floors":[],"is_endless":false,"potions_floor_spawned":[4,8,12,16,18,19],"killed_by":"Nightmare","ascension_level":1}}