{"host":"lxihx0b6awoz2w1j","time":1607822047,"event":{"mods":["Aspiration","BaseMod","Better Third Choice","CapriCore","Colored Powertips","Downfall","Hermit","HololiveMod","Hubris","Infinite Spire","JesterMod","Luminous","Marisa????????","Melee Mod","Minty Spire (QoL Compilation)","Prisma Mod","Relic Stats","Shade Mod","Spicy Shops","StSLib","The Alterego","The Blue Laboratory","The Cursed","The Disciple","The Forsaken","The Immortal","The Jungle","The Runesmith","The Senshi","The Servant 0.9.4","Waifu the Spire"],"gold_per_floor":[119,129,143,33,50,82,82,113,136,149,149,179,196,196,196,293,293,293,293,293,293,293,293,50,50,50,50,50,50,50,50,50,50,50,50,50,50,50,50,50,50,50,50,50,50,50,50,50,50,50],"floor_reached":51,"playtime":3294,"items_purged":[],"score":875,"play_id":"1163b828-a150-494e-9ecb-725422f4a085","local_time":"20201213021407","is_ascension_mode":false,"campfire_choices":[{"floor":7.0,"key":"REST"},{"data":"alterego_mod:BrynhildrsRune","floor":11.0,"key":"SMITH"},{"data":"alterego_mod:BrynhildrRomantia","floor":15.0,"key":"SMITH"},{"data":"alterego_mod:DiscoLights","floor":25.0,"key":"SMITH"},{"data":"alterego_mod:ChallengeComplete","floor":29.0,"key":"SMITH"},{"data":"alterego_mod:TrickOrTreatment","floor":32.0,"key":"SMITH"},{"data":"alterego_mod:Vow","floor":40,"key":"SMITH"},{"data":"alterego_mod:Impale","floor":46,"key":"SMITH"},{"data":"alterego_mod:Birthday","floor":49,"key":"SMITH"}],"circlet_count":0,"master_deck":["alterego_mod:Strike","alterego_mod:Strike","alterego_mod:Strike","alterego_mod:Strike","alterego_mod:Defend","alterego_mod:Defend","alterego_mod:Defend","alterego_mod:Defend+1","alterego_mod:Impale+1","alterego_mod:BigMeatyClaws+1","alterego_mod:BrynhildrsRune+1","alterego_mod:Punishment","alterego_mod:ChallengeComplete","alterego_mod:1TonWallop","alterego_mod:Stockings","alterego_mod:Pet","alterego_mod:Exercise","alterego_mod:ChallengeComplete+1","alterego_mod:BrynhildrRomantia+1","alterego_mod:Undulate","alterego_mod:STier","alterego_mod:Birthday","infinitespire:Punishment","alterego_mod:DiscoLights+1","alterego_mod:SuperDuperMasochism+1","alterego_mod:Undulate","alterego_mod:PurpleHair+1","alterego_mod:GoddessCore","alterego_mod:Mirror","alterego_mod:TrickOrTreatment+1","alterego_mod:Vow+1","alterego_mod:PresenceConcealment+1","alterego_mod:Birthday+1","alterego_mod:Undulate","alterego_mod:Mirror+1","alterego_mod:MagicResistance+1","alterego_mod:MagicResistance"],"relics":["alterego_mod:MasochisticConstitution","infinitespire:PuzzleCube","Hololive_LightStick","hubris:64BitClover","Akabeko","infinitespire:BottledMercury","Ectoplasm","Chemical X","hubris:VirtuousBlindfold","Turnip","infinitespire:EmpoweringShard","aspiration:AnachronicSnailShell","War Paint","infinitespire:Cupcake","Strawberry","hubris:Icosahedron","infinitespire:CheckeredPen","Matryoshka","Meat on the Bone"],"acts_visited":["TheBeyond"],"potions_floor_usage":[35,44,50],"damage_taken":[{"damage":1.0,"enemies":"2 Louse","floor":1.0,"turns":3.0},{"damage":0.0,"enemies":"Small Slimes","floor":2.0,"turns":2.0},{"damage":17.0,"enemies":"infinitespire:Voidling","floor":3.0,"turns":4.0},{"damage":12.0,"enemies":"Gremlin Gang","floor":5.0,"turns":3.0},{"damage":24.0,"enemies":"Gremlin Nob","floor":6.0,"turns":5.0},{"damage":19.0,"enemies":"Lagavulin","floor":8.0,"turns":11.0},{"damage":3.0,"enemies":"3 Louse","floor":10.0,"turns":2.0},{"damage":3.0,"enemies":"3 Sentries","floor":12.0,"turns":4.0},{"damage":0.0,"enemies":"Looter","floor":13.0,"turns":2.0},{"damage":0.0,"enemies":"Slime Boss","floor":16.0,"turns":6.0},{"damage":0.0,"enemies":"Chosen","floor":18.0,"turns":5.0},{"damage":0.0,"enemies":"Shell Parasite","floor":20.0,"turns":3.0},{"damage":0.0,"enemies":"3 Cultists","floor":22.0,"turns":3.0},{"damage":2.0,"enemies":"Centurion and Healer","floor":23.0,"turns":3.0},{"damage":3.0,"enemies":"Snake Plant","floor":27.0,"turns":2.0},{"damage":6.0,"enemies":"Gremlin Leader","floor":28.0,"turns":5.0},{"damage":0.0,"enemies":"Sentry and Sphere","floor":30.0,"turns":2.0},{"damage":0.0,"enemies":"Centurion and Healer","floor":31.0,"turns":2.0},{"damage":20.0,"enemies":"Collector","floor":33.0,"turns":7.0},{"damage":5,"enemies":"3 Darklings","floor":35,"turns":4},{"damage":0,"enemies":"Orb Walker","floor":36,"turns":2},{"damage":0,"enemies":"Transient","floor":37,"turns":5},{"damage":0,"enemies":"Sphere and 2 Shapes","floor":38,"turns":4},{"damage":15,"enemies":"4 Shapes","floor":41,"turns":5},{"damage":3,"enemies":"3 Darklings","floor":44,"turns":4},{"damage":0,"enemies":"Jaw Worm Horde","floor":45,"turns":3},{"damage":24,"enemies":"Nemesis","floor":48,"turns":6},{"damage":5,"enemies":"hubris:GrandSnecko","floor":50,"turns":6}],"seed_played":"1523464178950954723","potions_obtained":[{"floor":2.0,"key":"LiquidBronze"},{"floor":6.0,"key":"hexamod:EctoCoolerPotion"},{"floor":13.0,"key":"SneckoOil"},{"floor":22.0,"key":"blueLaboratory:BottledHope"},{"floor":27.0,"key":"PowerPotion"},{"floor":30.0,"key":"blueLaboratory:LouseDecoction"},{"floor":37,"key":"blueLaboratory:BubblePotion"},{"floor":44,"key":"ColorlessPotion"}],"is_trial":false,"path_per_floor":["M","M","M","$","M","E","R","E","T","M","R","E","M","?","R","B",null,"M","AVR","M","?","M","M","$","R","T","M","E","R","M","M","R","B",null,"M","M","M","M","?","R","M","?","T","M","M","R","AVR","E","R","B",null],"character_chosen":"The_Alterego","items_purchased":["infinitespire:PuzzleCube","alterego_mod:Stockings","infinitespire:EmpoweringShard"],"campfire_rested":1,"item_purchase_floors":[4,4,24],"current_hp_per_floor":[70,70,68,68,71,48,70,59,59,57,57,62,62,70,70,81,81,85,85,89,89,89,94,94,94,94,94,96,96,96,100,100,85,101,97,102,109,113,113,113,103,103,103,101,114,114,114,95,95,96],"gold":50,"neow_bonus":"UPGRADE_CARD","is_daily":false,"chose_seed":false,"campfire_upgraded":8,"win_rate":0.0,"timestamp":1607822047,"path_taken":["M","M","M","$","M","E","R","E","T","M","R","E","M","?","R","BOSS","M","AVR","M","?","M","M","$","R","T","?","E","R","?","M","R","BOSS","M","M","M","?","?","R","M","?","T","M","M","R","AVR","E","R","BOSS"],"items_purchased_type":["Relic","Card","Relic"],"build_version":"2020-11-30","purchased_purges":0,"victory":true,"max_hp_per_floor":[71,71,72,72,73,74,74,75,75,76,76,77,77,77,77,81,81,85,85,89,89,89,94,94,94,94,95,96,96,96,100,100,101,101,102,102,109,113,113,113,118,112,112,113,117,117,117,118,118,119],"relic_stats":{"counters":[28,113],"Ectoplasm":381,"Turnip":[13],"Chemical X":[18],"War Paint":["alterego_mod:Defend","alterego_mod:SuperDuperMasochism"],"obtain_stats":[{"infinitespire:BottledMercury":12,"alterego_mod:MasochisticConstitution":0,"hubris:64BitClover":8,"hubris:VirtuousBlindfold":19,"infinitespire:CheckeredPen":43,"War Paint":28,"Akabeko":9,"Hololive_LightStick":6,"hubris:Icosahedron":39,"Matryoshka":47,"aspiration:AnachronicSnailShell":26,"Strawberry":37,"Ectoplasm":17,"Turnip":23,"infinitespire:EmpoweringShard":24,"Chemical X":19,"infinitespire:PuzzleCube":4,"infinitespire:Cupcake":34,"Meat on the Bone":48},{"infinitespire:BottledMercury":8,"alterego_mod:MasochisticConstitution":0,"hubris:64BitClover":6,"hubris:VirtuousBlindfold":11,"infinitespire:CheckeredPen":24,"War Paint":16,"Akabeko":6,"Hololive_LightStick":5,"hubris:Icosahedron":23,"Matryoshka":26,"aspiration:AnachronicSnailShell":14,"Strawberry":22,"Ectoplasm":10,"Turnip":14,"infinitespire:EmpoweringShard":14,"Chemical X":11,"infinitespire:PuzzleCube":3,"infinitespire:Cupcake":19,"Meat on the Bone":27},{"infinitespire:BottledMercury":34,"alterego_mod:MasochisticConstitution":0,"hubris:64BitClover":28,"hubris:VirtuousBlindfold":47,"infinitespire:CheckeredPen":94,"War Paint":63,"Akabeko":28,"Hololive_LightStick":17,"hubris:Icosahedron":89,"Matryoshka":101,"aspiration:AnachronicSnailShell":56,"Strawberry":85,"Ectoplasm":42,"Turnip":56,"infinitespire:EmpoweringShard":56,"Chemical X":47,"infinitespire:PuzzleCube":9,"infinitespire:Cupcake":74,"Meat on the Bone":107}],"Meat on the Bone":0},"card_choices":[{"not_picked":["alterego_mod:Maid","alterego_mod:Undulate"],"picked":"alterego_mod:Punishment","floor":1.0},{"not_picked":["alterego_mod:Cooking","alterego_mod:Lingerie"],"picked":"alterego_mod:ChallengeComplete","floor":2.0},{"not_picked":["alterego_mod:PerceptionDisorder","alterego_mod:Punishment"],"picked":"alterego_mod:1TonWallop","floor":3.0},{"not_picked":["alterego_mod:BustOut","alterego_mod:SuperDuperMasochism"],"picked":"alterego_mod:Pet","floor":5.0},{"not_picked":["alterego_mod:Cooking","alterego_mod:Santa"],"picked":"alterego_mod:Exercise","floor":6.0},{"not_picked":["alterego_mod:Cooking","alterego_mod:Cycle"],"picked":"alterego_mod:Complex","floor":8.0},{"not_picked":["alterego_mod:DustData","alterego_mod:BiFurious"],"picked":"alterego_mod:ChallengeComplete","floor":10.0},{"not_picked":["alterego_mod:MagicResistance","alterego_mod:GachaTicket"],"picked":"alterego_mod:BrynhildrRomantia","floor":12.0},{"not_picked":["alterego_mod:Complex","alterego_mod:Pet"],"picked":"alterego_mod:Undulate","floor":13.0},{"not_picked":["alterego_mod:Alter","alterego_mod:RingBreak"],"picked":"alterego_mod:STier","floor":16.0},{"not_picked":["alterego_mod:1TonWallop","alterego_mod:Cushion"],"picked":"alterego_mod:Birthday","floor":18.0},{"not_picked":["alterego_mod:Mirror","alterego_mod:BreastValley"],"picked":"alterego_mod:DiscoLights","floor":20.0},{"not_picked":["alterego_mod:Skirt","alterego_mod:Punishment","alterego_mod:Jiggle"],"picked":"SKIP","floor":22.0},{"not_picked":["alterego_mod:Complex","alterego_mod:Skirt"],"picked":"alterego_mod:Undulate","floor":23.0},{"not_picked":["alterego_mod:HighServant","alterego_mod:Valentines+1"],"picked":"alterego_mod:PurpleHair+1","floor":27.0},{"not_picked":["alterego_mod:Bunnysuit+1","alterego_mod:Jiggle"],"picked":"alterego_mod:GoddessCore","floor":28.0},{"not_picked":["alterego_mod:SuperDuperMasochism","alterego_mod:1TonWallop"],"picked":"alterego_mod:Mirror","floor":30.0},{"not_picked":["alterego_mod:MagicResistance+1","alterego_mod:Cooking"],"picked":"alterego_mod:TrickOrTreatment","floor":31.0},{"not_picked":["alterego_mod:SideboobHour","alterego_mod:Tantrum"],"picked":"alterego_mod:Vow","floor":33.0},{"not_picked":["alterego_mod:Support","alterego_mod:HighServant+1"],"picked":"alterego_mod:PresenceConcealment+1","floor":35},{"not_picked":["alterego_mod:GachaTicket","alterego_mod:Cooking","alterego_mod:Lingerie"],"picked":"SKIP","floor":36},{"not_picked":["alterego_mod:SuperDuperMasochism","alterego_mod:Smother"],"picked":"alterego_mod:Birthday","floor":37},{"not_picked":["alterego_mod:DestructionOfProperty","alterego_mod:Bunnysuit+1","alterego_mod:HighServant+1"],"picked":"SKIP","floor":38},{"not_picked":["alterego_mod:Skirt+1","alterego_mod:Stockings+1"],"picked":"alterego_mod:Undulate","floor":41},{"not_picked":["alterego_mod:Cycle","alterego_mod:BreastValley+1"],"picked":"alterego_mod:Mirror+1","floor":44},{"not_picked":["alterego_mod:DustData","alterego_mod:Lift"],"picked":"alterego_mod:MagicResistance+1","floor":45},{"not_picked":["alterego_mod:PresenceConcealment+1","alterego_mod:BusterCard"],"picked":"alterego_mod:MagicResistance","floor":48}],"player_experience":518252,"relics_obtained":[{"floor":6.0,"key":"Hololive_LightStick"},{"floor":8.0,"key":"hubris:64BitClover"},{"floor":9.0,"key":"Akabeko"},{"floor":12.0,"key":"infinitespire:BottledMercury"},{"floor":23.0,"key":"Turnip"},{"floor":26.0,"key":"aspiration:AnachronicSnailShell"},{"floor":28.0,"key":"War Paint"},{"floor":37,"key":"Strawberry"},{"floor":43,"key":"infinitespire:CheckeredPen"},{"floor":48,"key":"Meat on the Bone"}],"event_choices":[{"damage_healed":0.0,"max_hp_gain":0.0,"max_hp_loss":0.0,"gold_gain":0.0,"cards_transformed":["alterego_mod:Complex"],"event_name":"Transmorgrifier","player_choice":"Transformed","floor":21.0,"gold_loss":0.0,"damage_taken":0.0,"cards_obtained":["alterego_mod:SuperDuperMasochism"]},{"damage_healed":0,"gold_gain":0,"player_choice":"Max HP","damage_taken":0,"max_hp_gain":0,"max_hp_loss":6,"event_name":"Winding Halls","floor":42,"gold_loss":0}],"is_beta":false,"boss_relics":[{"not_picked":["Runic Pyramid","hubris:Backtick"],"picked":"Ectoplasm"},{"not_picked":["hubris:ScarierMask","Empty Cage"],"picked":"infinitespire:Cupcake"}],"items_purged_floors":[],"is_endless":false,"potions_floor_spawned":[2,6,13,22,27,30,31,37,41,44,45,48],"ascension_level":0}}