{"host":"agga6lej02o7kt08","time":1607888460,"event":{"mods":["Aspiration","BaseMod","Colored Map","Colored Powertips","Downfall","Hubris","Minty Spire (QoL Compilation)","Replay The Spire","StSLib"],"gold_per_floor":[99,110,110,110,130,142,142,160,182,210,229,329,329,349,363,463,463,463,463,339,351,351,351,375,300,370,295,353,353,353,378,378],"floor_reached":31,"playtime":1720,"items_purged":["champ:Defend","champ:Strike+1"],"score":278,"play_id":"57e08e01-d969-44d6-bc5d-31b337e039e8","local_time":"20201214044100","is_ascension_mode":false,"campfire_choices":[{"data":"champ:Execute","floor":1,"key":"SMITH"},{"data":"champ:FocusedDefense","floor":3,"key":"SMITH"},{"data":"champ:AdrenalArmor","floor":18,"key":"SMITH"},{"data":"champ:AdrenalArmor","floor":22,"key":"SMITH"},{"data":"champ:SwordThrow","floor":27,"key":"SMITH"}],"circlet_count":0,"master_deck":["champ:Strike+1","champ:Strike+1","champ:Strike+1","champ:Defend","champ:Defend","champ:Defend","champ:Execute+1","champ:Taunt","champ:StanceDance","champ:FanOfKnives","champ:CrookedStrike","champ:RecklessLeap","champ:FocusedBerserking","champ:AdrenalArmor+1","champ:SwordThrow+1","champ:EndlessRage+1","champ:AdrenalArmor+1","champ:BerserkerStyle"],"relics":["champ:ChampionCrown","Replay:Bottled Eggs","Odd Mushroom","ReplayTheSpireMod:TigerMarble","Ring of Fury","Black Star","downfall:KnowingSkull","Replay:Baseball","Kunai","downfall:HeartBlessingBlue"],"acts_visited":["Exordium","TheCity"],"potions_floor_usage":[14,16,26],"damage_taken":[{"damage":7,"enemies":"Small Slimes","floor":2,"turns":3},{"damage":7,"enemies":"2 Louse","floor":5,"turns":3},{"damage":15,"enemies":"Jaw Worm","floor":6,"turns":6},{"damage":21,"enemies":"Exordium Thugs","floor":8,"turns":5},{"damage":18,"enemies":"The Mushroom Lair","floor":9,"turns":4},{"damage":40,"enemies":"3 Sentries","floor":10,"turns":5},{"damage":15,"enemies":"3 Louse","floor":11,"turns":2},{"damage":0,"enemies":"2 Fungi Beasts","floor":14,"turns":1},{"damage":7,"enemies":"Exordium Thugs","floor":15,"turns":3},{"damage":67,"enemies":"downfall:Watcher","floor":16,"turns":10},{"damage":0,"enemies":"Chosen","floor":19,"turns":1},{"damage":15,"enemies":"downfall:FleeingMerchant","floor":20,"turns":4},{"damage":56,"enemies":"3 Cultists","floor":21,"turns":5},{"damage":39,"enemies":"downfall:FleeingMerchant","floor":25,"turns":4},{"damage":124,"enemies":"Book of Stabbing","floor":26,"turns":6},{"damage":50,"enemies":"Sentry and Sphere","floor":28,"turns":5},{"damage":55,"enemies":"downfall:FleeingMerchant","floor":31,"turns":4}],"seed_played":"2473479807816394948","potions_obtained":[{"floor":2,"key":"SteroidPotion"},{"floor":6,"key":"Doom Potion"},{"floor":9,"key":"AttackPotion"},{"floor":14,"key":"SkillPotion"},{"floor":21,"key":"PowerPotion"}],"is_trial":false,"path_per_floor":["R","M","R","?","M","M","T","M","?","E","M","?","?","M","M","B",null,"R","M","$","M","R","?","T","$","E","R","M","?","?","$"],"character_chosen":"THE_CHAMP","items_purchased":["champ:BerserkerStyle"],"campfire_rested":0,"item_purchase_floors":[20],"current_hp_per_floor":[99,97,97,97,95,90,90,74,61,44,44,44,44,44,37,6,99,99,99,99,88,88,79,79,74,43,53,70,70,54,0,0],"gold":378,"neow_bonus":"TEN_PERCENT_HP_BONUS","is_daily":false,"chose_seed":false,"campfire_upgraded":5,"win_rate":0.0,"timestamp":1607888460,"path_taken":["R","M","R","?","M","M","T","M","?","E","M","?","?","?","M","BOSS","R","M","$","M","R","?","T","?","E","R","M","?","?","$"],"items_purchased_type":["Card"],"build_version":"2020-11-30","purchased_purges":2,"victory":false,"max_hp_per_floor":[99,99,99,99,99,99,99,99,99,99,99,99,99,99,99,99,99,99,99,99,99,99,99,99,99,99,109,109,109,109,109,109],"card_choices":[{"not_picked":["champ:FlashCut","champ:BladeFlurry"],"picked":"champ:FocusedDefense","floor":2},{"not_picked":["champ:PreciseThrust","champ:GladiatorsShout"],"picked":"champ:StanceDance","floor":5},{"not_picked":["champ:StanceDance","champ:FocusedDefense"],"picked":"champ:FanOfKnives","floor":6},{"not_picked":["champ:TornadoPunch","champ:FanOfKnives"],"picked":"champ:CrookedStrike","floor":8},{"not_picked":["champ:BringItOn","champ:CrookedStrike"],"picked":"champ:RecklessLeap","floor":9},{"not_picked":["champ:BerserkersShout","champ:DefensiveShout"],"picked":"champ:FocusedBerserking","floor":10},{"not_picked":["champ:DefensiveShout","champ:BladeFlurry"],"picked":"champ:AdrenalArmor","floor":11},{"not_picked":["champ:Riposte","champ:DefensiveShout","champ:FanOfKnives"],"picked":"SKIP","floor":14},{"not_picked":["champ:ViciousMockery","champ:Shatter","champ:PreciseThrust"],"picked":"SKIP","floor":15},{"not_picked":["champ:HoldFirm","champ:CheapShot"],"picked":"champ:SwordThrow","floor":16},{"not_picked":["champ:BerserkersShout","champ:Riposte"],"picked":"champ:EndlessRage+1","floor":19},{"not_picked":["champ:FanOfKnives","champ:FalseCounter"],"picked":"champ:AdrenalArmor","floor":20},{"not_picked":["champ:Haymaker","champ:PerfectedStrike","champ:CrookedStrike"],"picked":"SKIP","floor":21},{"not_picked":["champ:FalseCounter","champ:Encircle+1","champ:FanOfKnives"],"picked":"SKIP","floor":25},{"not_picked":["champ:Encircle+1","champ:DefensiveShout+1","champ:FlashCut"],"picked":"SKIP","floor":26},{"not_picked":["champ:FocusedBerserking","champ:BerserkersShout","champ:BringItOn+1"],"picked":"SKIP","floor":28}],"player_experience":723960,"relics_obtained":[{"floor":7,"key":"Replay:Bottled Eggs"},{"floor":9,"key":"Odd Mushroom"},{"floor":10,"key":"ReplayTheSpireMod:TigerMarble"},{"floor":13,"key":"Ring of Fury"},{"floor":26,"key":"Replay:Baseball"},{"floor":26,"key":"Kunai"}],"event_choices":[{"damage_healed":0,"gold_gain":0,"player_choice":"Fought Mushrooms","damage_taken":0,"max_hp_gain":0,"max_hp_loss":0,"event_name":"Mushrooms","floor":9,"gold_loss":0}],"is_beta":false,"boss_relics":[{"not_picked":["Fusion Hammer","Honey Jar"],"picked":"Black Star"}],"items_purged_floors":[20,25],"is_endless":false,"potions_floor_spawned":[2,6,9,14,21],"killed_by":"downfall:FleeingMerchant","ascension_level":0}}