{"host":"a3oe3gstxz77c7qu","time":1607868413,"event":{"mods":["2.2 Compatiblity","Act Like it!","BaseMod","Bestiary","Better Altar","Better Match","Better Note","Better Sensory Stone","Better Skull","Better Third Choice","Block Reminder","Conspire","Curses Come First","Custom Start","Friendly Minions","GifTheSpireLib","Humility","Infinite Spire","Lobotomy","LobotomyExtend","Marisa????????","Minty Spire (QoL Compilation)","Permanent Neow","Quick Restart","Relic Stats","Replay The Spire","Robot Space Explorer","StSLib","The Blue Laboratory","Uncapped","Wandering Minibosses"],"gold_per_floor":[115,115,134,134,134,134,147,174,174,41,31,31,31],"floor_reached":12,"playtime":543,"items_purged":["Strike_R"],"score":148,"play_id":"7b3e19ed-5c95-49e7-9514-1dc6aa854df5","local_time":"20201213140653","is_ascension_mode":true,"campfire_choices":[{"floor":6,"key":"REST"}],"circlet_count":0,"master_deck":["AscendersBane","Strike_R","Strike_R","Strike_R","Defend_R","Defend_R","Defend_R+1","Defend_R+1","Bash","ReplayReversal","MeatLantern","Shrug It Off","UniverseFragment","infinitespire:FutureSight","ReplayTheSpireMod:Stacked","BlackSwan","Shrug It Off"],"relics":["Burning Blood","CogitoBucket","RabbitCall","LetterFromLob","Garlic","Snack Pack"],"acts_visited":["Exordium"],"potions_floor_usage":[11],"damage_taken":[{"damage":10,"enemies":"2 Louse","floor":1,"turns":5},{"damage":7,"enemies":"Jaw Worm","floor":3,"turns":6},{"damage":5,"enemies":"Small Slimes","floor":7,"turns":4},{"damage":5,"enemies":"3 Sentries","floor":8,"turns":6},{"damage":0,"enemies":"Gremlin Gang","floor":11,"turns":3},{"damage":68,"enemies":"Gremlin Nob","floor":12,"turns":7}],"seed_played":"-2353366103308502468","potions_obtained":[{"floor":1,"key":"SmokeBomb"},{"floor":3,"key":"ElixirPotion"}],"is_trial":false,"path_per_floor":["M","?","M","?","?","R","M","E","T","$","M","E"],"character_chosen":"IRONCLAD","items_purchased":["Shrug It Off"],"campfire_rested":1,"item_purchase_floors":[10],"current_hp_per_floor":[64,57,56,37,14,36,37,38,38,38,44,0,0],"gold":31,"neow_bonus":"","is_daily":false,"chose_seed":false,"campfire_upgraded":0,"win_rate":0.0,"timestamp":1607868413,"path_taken":["M","?","M","?","?","R","M","E","T","$","M","E"],"items_purchased_type":["Card"],"build_version":"2020-11-30","purchased_purges":1,"victory":false,"max_hp_per_floor":[75,75,75,75,75,75,75,75,75,75,75,75,75],"relic_stats":{"counters":[6,31],"obtain_stats":[{"RabbitCall":0,"CogitoBucket":0,"LetterFromLob":1,"Garlic":8,"Snack Pack":9,"Burning Blood":0},{"RabbitCall":0,"CogitoBucket":0,"LetterFromLob":1,"Garlic":4,"Snack Pack":4,"Burning Blood":0},{"RabbitCall":0,"CogitoBucket":0,"LetterFromLob":5,"Garlic":21,"Snack Pack":21,"Burning Blood":0}],"Burning Blood":30},"card_choices":[{"not_picked":["Combust","Flex"],"picked":"ReplayReversal","floor":1},{"not_picked":["Scorched","Scarecrow"],"picked":"MeatLantern","floor":1},{"not_picked":["Run Through","Massacre"],"picked":"Shrug It Off","floor":3},{"not_picked":["DespairKnight","OldLady"],"picked":"UniverseFragment","floor":3},{"not_picked":["ReplayTheSpireMod:Haul","infinitespire:Oblivion"],"picked":"infinitespire:FutureSight","floor":4},{"not_picked":["Thunderclap","ReplayTheSpireMod:Strike From Hell"],"picked":"ReplayTheSpireMod:Stacked","floor":7},{"not_picked":["WallGazer","SpiderBud","Funeral"],"picked":"Singing Bowl","floor":7},{"not_picked":["BigBird","Murderer"],"picked":"BlackSwan","floor":8},{"not_picked":["Bloodletting","ReplayReversal","Clash"],"picked":"SKIP","floor":8}],"player_experience":700719,"relics_obtained":[{"floor":1,"key":"LetterFromLob"},{"floor":8,"key":"Garlic"},{"floor":9,"key":"Snack Pack"}],"event_choices":[{"cards_removed":["Strike_R"],"damage_healed":0,"gold_gain":0,"player_choice":"Card Removal","damage_taken":7,"max_hp_gain":0,"max_hp_loss":0,"event_name":"Golden Wing","floor":2,"gold_loss":0},{"damage_healed":37,"gold_gain":0,"player_choice":"Upgrade","damage_taken":23,"max_hp_gain":0,"max_hp_loss":75,"event_name":"betterThird:BetterShining","floor":5,"gold_loss":0,"cards_upgraded":["Defend_R","Defend_R"]}],"is_beta":false,"boss_relics":[],"items_purged_floors":[10],"is_endless":false,"potions_floor_spawned":[1,3,11],"killed_by":"Gremlin Nob","ascension_level":18}}