{"host":"x5ow3h9y3elojghk","time":1607861886,"event":{"mods":["BaseMod","Downfall","Duelist Mod","KinomotoSakuraMod(ƒæ÷Æ±æ”£)","Marisa£®ÏF”Í°°ƒß¿Ì…≥£©","Minty Spire (QoL Compilation)","Reimu£®≤©¿ˆ¡È√Œ£©","Remilia£®¿Ÿ√◊¿Ú—«£©","StSLib","The Administrix","The Bug Knight","The Construct","The Cursed","The Hierophant","The Poker Player","The Runesmith","The Senshi","The Servant 0.9.4","Youmu£®ªÍ∆«—˝√Œ£©","[IsaacMod]“‘»ˆº‚À˛"],"gold_per_floor":[111,131,144,69,82,92,118,38,38,38,55,84,84,109,109,207,207,221,241,48,48,66,66,66],"floor_reached":23,"playtime":1593,"items_purged":["HollowMod:QuickDashStart"],"score":302,"play_id":"e72c6ead-8075-4610-9e51-d99bc1dd7fa0","local_time":"20201213201806","is_ascension_mode":true,"campfire_choices":[{"data":"HollowMod:CycloneSlash","floor":10,"key":"SMITH"},{"data":"HollowMod:NewGlowingWomb","floor":13,"key":"SMITH"},{"data":"HollowMod:MantisMark","floor":15,"key":"SMITH"}],"circlet_count":0,"master_deck":["HollowMod:NailStrikeStart","HollowMod:NailStrikeStart","HollowMod:NailStrikeStart","HollowMod:NailStrikeStart","HollowMod:QuickDashStart","HollowMod:QuickDashStart","HollowMod:QuickDashStart","HollowMod:FocusHealStart","HollowMod:PogoStrike","HollowMod:VengefulSpirit","HollowMod:CycloneSlash+1","HollowMod:MantisMark+1","HollowMod:NewGlowingWomb+1","HollowMod:SlysStrikes","HollowMod:CycloneSlash+1","Battery","HollowMod:DesolateDive","HollowMod:DungDefenderAura+1"],"relics":["HollowMod:VesselMask","HushsDoor","DoctorsRemote","NeowsBlessing","Pear","Gremlin Horn","Blue Candle","HollowMod:MillibellesNoteRelic","RedLine:ReiMu"],"acts_visited":["Exordium","TheCity"],"potions_floor_usage":[6,7,12,16,16,22],"damage_taken":[{"damage":0,"enemies":"Cultist","floor":1,"turns":1},{"damage":0,"enemies":"2 Louse","floor":2,"turns":1},{"damage":0,"enemies":"Small Slimes","floor":3,"turns":1},{"damage":0,"enemies":"Blue Slaver","floor":5,"turns":1},{"damage":10,"enemies":"Looter","floor":6,"turns":2},{"damage":0,"enemies":"3 Sentries","floor":7,"turns":2},{"damage":0,"enemies":"2 Fungi Beasts","floor":11,"turns":2},{"damage":0,"enemies":"Gremlin Nob","floor":12,"turns":2},{"damage":0,"enemies":"3 Sentries","floor":14,"turns":1},{"damage":51,"enemies":"The Guardian","floor":16,"turns":7},{"damage":32,"enemies":"Shell Parasite","floor":18,"turns":4},{"damage":30,"enemies":"2 Thieves","floor":19,"turns":3},{"damage":20,"enemies":"Centurion and Healer","floor":22,"turns":2},{"damage":0,"enemies":"Book of Stabbing","floor":23,"turns":1}],"seed_played":"-760468123210296345","potions_obtained":[{"floor":2,"key":"BlessingOfTheForge"},{"floor":3,"key":"FearPotion"},{"floor":5,"key":"SkillPotion"},{"floor":6,"key":"Fire Potion"},{"floor":14,"key":"DistilledChaos"},{"floor":19,"key":"champ:CounterPotion"},{"floor":22,"key":"Dexterity Potion"}],"is_trial":false,"path_per_floor":["M","M","M","$","M","M","E","$","T","R","M","E","R","E","R","B",null,"M","M","$","?","M","E"],"character_chosen":"THE_BUGKNIGHT","items_purchased":["HollowMod:NewGlowingWomb","Battery"],"campfire_rested":0,"item_purchase_floors":[8,20],"current_hp_per_floor":[75,75,75,75,75,65,75,75,75,75,75,75,75,75,75,30,85,53,23,23,23,3,3,3],"gold":66,"neow_bonus":"THREE_ENEMY_KILL","is_daily":false,"chose_seed":false,"campfire_upgraded":3,"win_rate":0.0,"timestamp":1607861886,"path_taken":["M","M","M","$","M","M","E","?","T","R","M","E","R","E","R","BOSS","M","M","?","?","M","E"],"items_purchased_type":["Card","Card"],"build_version":"2020-11-30","purchased_purges":1,"victory":false,"max_hp_per_floor":[75,75,75,75,75,75,85,85,85,85,85,85,85,85,85,85,85,85,85,85,85,85,85,85],"card_choices":[{"not_picked":[],"picked":"Bomb","floor":0},{"not_picked":["HollowMod:FastStrike","HollowMod:ShadowDash","HollowMod:InfectedAttack"],"picked":"SKIP","floor":1},{"not_picked":["HollowMod:PerfectDash","HollowMod:AwokenDreamNail"],"picked":"HollowMod:VengefulSpirit","floor":2},{"not_picked":["HollowMod:ShadowDash","Bomb"],"picked":"HollowMod:CycloneSlash","floor":3},{"not_picked":["HollowMod:ShapeofUnn","HollowMod:SoulShaman","HollowMod:SoulVessel"],"picked":"SKIP","floor":5},{"not_picked":["HollowMod:MawleksShell","HollowMod:ShapeofUnn","HollowMod:DesolateDive"],"picked":"SKIP","floor":6},{"not_picked":["HollowMod:WraithStrike","HollowMod:DoubleDash"],"picked":"HollowMod:MantisMark","floor":7},{"not_picked":["HollowMod:DashSlash","HollowMod:TaintedHusks","HollowMod:CycloneSlash"],"picked":"SKIP","floor":11},{"not_picked":["HollowMod:SharpenedNail","HollowMod:SoulShaman","HollowMod:DashSlash"],"picked":"SKIP","floor":12},{"not_picked":["HollowMod:LifebloodCocoon","HollowMod:InfectedAttack","HollowMod:GrimmsGift"],"picked":"SKIP","floor":14},{"not_picked":["HollowMod:HerrahsAnger","HollowMod:ZotesMagnificence"],"picked":"HollowMod:SlysStrikes","floor":16},{"not_picked":["HollowMod:SharpenedNail+1","HollowMod:BaldurShell"],"picked":"HollowMod:CycloneSlash+1","floor":18},{"not_picked":["HollowMod:DoubleDash+1","HollowMod:LifebloodCocoon","HollowMod:BlackTendrils+1"],"picked":"SKIP","floor":19},{"not_picked":["HollowMod:VengefulVoid+1","HollowMod:ChannelNail"],"picked":"HollowMod:DungDefenderAura+1","floor":22}],"player_experience":287368,"relics_obtained":[{"floor":7,"key":"Pear"},{"floor":9,"key":"Gremlin Horn"},{"floor":12,"key":"Blue Candle"},{"floor":14,"key":"HollowMod:MillibellesNoteRelic"}],"event_choices":[{"damage_healed":0,"gold_gain":0,"player_choice":"Read","damage_taken":0,"max_hp_gain":0,"max_hp_loss":0,"event_name":"The Library","floor":21,"gold_loss":0,"cards_obtained":["HollowMod:DesolateDive"]}],"is_beta":false,"boss_relics":[{"not_picked":["HollowMod:KingsSoulRelic","Runic Dome"],"picked":"RedLine:ReiMu"},{"not_picked":[]}],"items_purged_floors":[4],"is_endless":false,"potions_floor_spawned":[2,3,5,6,14,19,22],"killed_by":"Book of Stabbing","ascension_level":1}}