{"host":"a1bw7lw6d0kskskg","time":1607896580,"event":{"mods":["AchievementEnabler","BaseMod","Better Note","Better Skull","Block Reminder","Colored Map","Colored Powertips","Downfall","Koishi","Minty Spire (QoL Compilation)","Quick Restart","Rare Cards Sparkle","Relic Stats","StSLib","The IronCluck","Waifu the Spire","everything is the same but u backflip on backflip","slay the spire mod where everything is the same but ironclad has a cowboy hat"],"gold_per_floor":[118,43,43,8,22,56,81,256,336,355,182,182,216,216,216,216,216],"floor_reached":16,"playtime":491,"items_purged":["Strike_R","Doubt"],"score":119,"play_id":"01050998-5639-4196-a146-2f4c83450196","local_time":"20201213225620","is_ascension_mode":true,"campfire_choices":[{"data":"Fire Breathing","floor":12.0,"key":"SMITH"},{"floor":15.0,"key":"REST"}],"circlet_count":0,"master_deck":["Strike_R","Defend_R","Defend_R","Defend_R","Defend_R","Bash","Infernal Blade+1","Double Tap+1","Evolve+1","Iron Wave","Burning Pact","Feel No Pain","Ghostly Armor","Fire Breathing+1"],"relics":["Astrolabe","Golden Idol","MealTicket","InkBottle","Pen Nib"],"acts_visited":["Exordium"],"potions_floor_usage":[],"damage_taken":[{"damage":0.0,"enemies":"Small Slimes","floor":1.0,"turns":3.0},{"damage":1.0,"enemies":"2 Louse","floor":5.0,"turns":4.0},{"damage":50.0,"enemies":"Lagavulin","floor":6.0,"turns":10.0},{"damage":0.0,"enemies":"Cultist","floor":7.0,"turns":3.0},{"damage":0.0,"enemies":"3 Louse","floor":10.0,"turns":2.0},{"damage":18.0,"enemies":"3 Sentries","floor":13.0,"turns":3.0},{"damage":22,"enemies":"The Guardian","floor":16,"turns":3}],"seed_played":"7583913916743913526","potions_obtained":[{"floor":5.0,"key":"Ancient Potion"},{"floor":6.0,"key":"Fire Potion"},{"floor":10.0,"key":"Explosive Potion"}],"is_trial":false,"path_per_floor":["M","$","?","?","M","E","M","?","T","M","$","R","E","T","R","B"],"character_chosen":"IRONCLAD","items_purchased":["Fire Breathing"],"campfire_rested":1,"item_purchase_floors":[11],"current_hp_per_floor":[80,80,60,80,79,29,29,29,29,29,44,44,26,26,50,28,28],"gold":216,"neow_bonus":"BOSS_RELIC","is_daily":false,"chose_seed":false,"campfire_upgraded":1,"win_rate":0.0,"timestamp":1607896580,"path_taken":["M","$","?","?","M","E","M","?","T","M","$","R","E","?","R","BOSS"],"items_purchased_type":["Card"],"build_version":"2020-11-30","purchased_purges":2,"victory":false,"max_hp_per_floor":[80,80,80,80,80,80,80,80,80,80,80,80,80,80,80,80,80],"relic_stats":{"counters":[7,28],"Golden Idol":26,"Astrolabe":["Infernal Blade","Double Tap","Evolve"],"MealTicket":15,"Pen Nib":[0],"obtain_stats":[{"Golden Idol":3,"Astrolabe":0,"MealTicket":6,"Pen Nib":14,"Burning Blood":0,"InkBottle":13},{"Golden Idol":1,"Astrolabe":0,"MealTicket":3,"Pen Nib":6,"Burning Blood":0,"InkBottle":6},{"Golden Idol":3,"Astrolabe":0,"MealTicket":17,"Pen Nib":25,"Burning Blood":0,"InkBottle":25}],"InkBottle":[0]},"card_choices":[{"not_picked":["Dropkick","Cleave"],"picked":"Iron Wave","floor":1.0},{"not_picked":["Twin Strike","Metallicize"],"picked":"Burning Pact","floor":5.0},{"not_picked":["Warcry","Exhume","Perfected Strike"],"picked":"SKIP","floor":6.0},{"not_picked":["Havoc","Wild Strike"],"picked":"Feel No Pain","floor":7.0},{"not_picked":["Thunderclap","Infernal Blade"],"picked":"Ghostly Armor","floor":10.0},{"not_picked":["Fiend Fire","Pommel Strike","Iron Wave"],"picked":"SKIP","floor":13.0}],"player_experience":181827,"relics_obtained":[{"floor":6.0,"key":"MealTicket"},{"floor":13.0,"key":"InkBottle"},{"floor":14.0,"key":"Pen Nib"}],"event_choices":[{"damage_healed":0.0,"max_hp_gain":0.0,"max_hp_loss":0.0,"gold_gain":0.0,"event_name":"Golden Idol","player_choice":"Take Damage","floor":3.0,"gold_loss":0.0,"damage_taken":20.0,"relics_obtained":["Golden Idol"]},{"damage_healed":20.0,"max_hp_gain":0.0,"max_hp_loss":0.0,"gold_gain":0.0,"event_name":"The Cleric","player_choice":"Healed","floor":4.0,"gold_loss":35.0,"damage_taken":0.0},{"damage_healed":0.0,"max_hp_gain":0.0,"max_hp_loss":0.0,"gold_gain":175.0,"event_name":"Liars Game","player_choice":"AGREE","floor":8.0,"gold_loss":0.0,"damage_taken":0.0,"cards_obtained":["Doubt"]}],"is_beta":false,"boss_relics":[],"items_purged_floors":[2,11],"is_endless":false,"potions_floor_spawned":[5,6,10],"killed_by":"The Guardian","ascension_level":2}}