{"host":"hc8xbdd8p6sd75vx","time":1607844608,"event":{"mods":["AchievementEnabler","AlwaysNeverKeys","BaseMod","Better Altar","Better Match","Better Sensory Stone","Better Skull","Better Third Choice","Colored Map","Hermit","Minty Spire (QoL Compilation)","Quick Restart","Shade Mod","Shop Mod","Spicy Shops","StSLib","The Servant 0.9.4"],"gold_per_floor":[119,419,419,433,135,164,164,182,182,182,207,207,245,269,269,399,399,420,8,21,46,71,71,89,89,89,89,130,130,130,143,143,143,143],"floor_reached":33,"playtime":1741,"items_purged":[],"score":327,"play_id":"57937c90-06a1-4678-98b8-a2895b92f207","local_time":"20201212233008","is_ascension_mode":false,"campfire_choices":[{"data":"Noxious Fumes","floor":7,"key":"SMITH"},{"floor":15,"key":"REST"},{"floor":23,"key":"REST"},{"floor":25,"key":"REST"},{"floor":27,"key":"REST"},{"floor":32,"key":"REST"}],"circlet_count":0,"master_deck":["Strike_G","Strike_G","Strike_G","Strike_G","Strike_G","Defend_G","Defend_G","Defend_G","Defend_G","Defend_G","Survivor","Neutralize","Dagger Throw","Enlightenment","Slice","Noxious Fumes+1","Deadly Poison","Blade Dance","Adrenaline","Bane","Deadly Poison","Infinite Blades","A Thousand Cuts","Infinite Blades","Bane","Accuracy","Good Instincts","Bane+1","Bane+1","Dagger Spray+1","Cloak And Dagger","Quick Slash+1","RitualDagger+1","Deflect+1"],"relics":["Ring of the Snake","NeowsBlessing","Old Coin","MerchantsRug","Boot","Gambling Chip","Golden Idol","Matryoshka","TwistedFunnel","Membership Card","Lantern","Darkstone Periapt","Molten Egg 2","MutagenicStrength"],"acts_visited":["Exordium","TheCity"],"potions_floor_usage":[16,21,22,22,24,24,31],"damage_taken":[{"damage":0,"enemies":"2 Louse","floor":1,"turns":1},{"damage":0,"enemies":"Small Slimes","floor":4,"turns":1},{"damage":0,"enemies":"3 Sentries","floor":6,"turns":1},{"damage":3,"enemies":"Jaw Worm","floor":8,"turns":2},{"damage":0,"enemies":"Exordium Wildlife","floor":11,"turns":2},{"damage":52,"enemies":"Gremlin Nob","floor":13,"turns":5},{"damage":0,"enemies":"Large Slime","floor":14,"turns":4},{"damage":17,"enemies":"Slime Boss","floor":16,"turns":8},{"damage":6,"enemies":"Chosen","floor":18,"turns":4},{"damage":20,"enemies":"Spheric Guardian","floor":20,"turns":4},{"damage":9,"enemies":"Snecko","floor":21,"turns":5},{"damage":12,"enemies":"Centurion and Healer","floor":22,"turns":4},{"damage":37,"enemies":"Shelled Parasite and Fungi","floor":24,"turns":4},{"damage":41,"enemies":"Gremlin Leader","floor":28,"turns":5},{"damage":0,"enemies":"Cultist and Chosen","floor":31,"turns":3},{"damage":55,"enemies":"Automaton","floor":33,"turns":6}],"seed_played":"6309046929321414273","potions_obtained":[{"floor":11,"key":"SpeedPotion"},{"floor":13,"key":"SpeedPotion"},{"floor":14,"key":"DuplicationPotion"},{"floor":16,"key":"Weak Potion"},{"floor":21,"key":"LiquidMemories"},{"floor":22,"key":"Fruit Juice"},{"floor":28,"key":"AttackPotion"}],"is_trial":false,"path_per_floor":["M","?","?","M","$","E","R","M","T","?","M","$","E","M","R","B",null,"M","$","M","M","M","R","M","R","T","R","E","?","?","M","R","B"],"character_chosen":"THE_SILENT","items_purchased":["MerchantsRug","Noxious Fumes","Deadly Poison","Blade Dance","TwistedFunnel","Bane","Accuracy","Membership Card","Good Instincts"],"campfire_rested":5,"item_purchase_floors":[5,5,5,5,19,19,19,19,19],"current_hp_per_floor":[70,63,63,63,63,63,63,60,60,60,60,60,8,8,27,10,65,59,59,39,30,23,44,7,28,28,49,8,8,2,2,23,0,0],"gold":143,"neow_bonus":"THREE_ENEMY_KILL","is_daily":false,"chose_seed":false,"campfire_upgraded":1,"win_rate":0.0,"timestamp":1607844608,"path_taken":["M","?","?","M","?","E","R","?","T","?","M","$","E","M","R","BOSS","M","$","M","M","M","R","M","R","T","R","E","?","?","M","R","BOSS"],"items_purchased_type":["Relic","Card","Card","Card","Relic","Card","Card","Relic","Card"],"build_version":"2020-11-30","purchased_purges":0,"victory":false,"max_hp_per_floor":[70,70,70,70,70,70,70,70,70,65,65,65,65,65,65,65,65,65,65,65,65,70,70,70,70,70,70,70,70,70,70,70,70,70],"card_choices":[{"not_picked":["Quick Slash","PiercingWail"],"picked":"Dagger Throw","floor":1},{"not_picked":["PanicButton","Impatience"],"picked":"Enlightenment","floor":3},{"not_picked":["Acrobatics","Terror"],"picked":"Slice","floor":4},{"not_picked":["Deadly Poison","Calculated Gamble"],"picked":"Adrenaline","floor":6},{"not_picked":["Underhanded Strike","Flechettes","Choke"],"picked":"SKIP","floor":8},{"not_picked":["Noxious Fumes","Acrobatics"],"picked":"Bane","floor":11},{"not_picked":["Setup","Outmaneuver"],"picked":"Deadly Poison","floor":13},{"not_picked":["Choke","Flying Knee"],"picked":"Infinite Blades","floor":14},{"not_picked":["Bullet Time","Malaise"],"picked":"A Thousand Cuts","floor":16},{"not_picked":["Heel Hook+1","Dodge and Roll"],"picked":"Infinite Blades","floor":18},{"not_picked":["PiercingWail","Backflip"],"picked":"Bane+1","floor":20},{"not_picked":["Crippling Poison","Poisoned Stab"],"picked":"Bane+1","floor":21},{"not_picked":["Slice+1","Well Laid Plans+1"],"picked":"Dagger Spray+1","floor":22},{"not_picked":["Poisoned Stab","Dagger Spray+1"],"picked":"Cloak And Dagger","floor":24},{"not_picked":["Reflex","Masterful Stab+1"],"picked":"Quick Slash+1","floor":28},{"not_picked":["Skewer+1","Tools of the Trade"],"picked":"Deflect+1","floor":31}],"player_experience":215049,"relics_obtained":[{"floor":6,"key":"Boot"},{"floor":9,"key":"Gambling Chip"},{"floor":13,"key":"Matryoshka"},{"floor":26,"key":"Lantern"},{"floor":26,"key":"Darkstone Periapt"},{"floor":28,"key":"Molten Egg 2"}],"event_choices":[{"damage_healed":0,"gold_gain":0,"player_choice":"Relic ","damage_taken":7,"max_hp_gain":0,"max_hp_loss":0,"event_name":"betterThird:BetterScrap","floor":2,"gold_loss":0,"cards_obtained":["Uppercut"]},{"damage_healed":0,"gold_gain":1,"player_choice":"1","damage_taken":0,"max_hp_gain":0,"max_hp_loss":0,"event_name":"betterStone:BetterStone","floor":3,"gold_loss":0},{"damage_healed":0,"gold_gain":0,"player_choice":"Lose Max HP","damage_taken":0,"relics_obtained":["Golden Idol"],"max_hp_gain":0,"max_hp_loss":5,"event_name":"Golden Idol","floor":10,"gold_loss":0},{"damage_healed":0,"gold_gain":0,"player_choice":"Inject Mutagens","damage_taken":0,"relics_obtained":["MutagenicStrength"],"max_hp_gain":0,"max_hp_loss":0,"event_name":"Drug Dealer","floor":29,"gold_loss":0},{"damage_healed":0,"gold_gain":0,"player_choice":"Dagger","damage_taken":6,"max_hp_gain":0,"max_hp_loss":0,"event_name":"betterThird:BetterNest","floor":30,"gold_loss":0,"cards_obtained":["RitualDagger"]}],"is_beta":false,"boss_relics":[{"not_picked":["Runic Dome","Velvet Choker","Runic Pyramid"]}],"items_purged_floors":[],"is_endless":false,"potions_floor_spawned":[11,13,14,16,21,22,28],"killed_by":"Automaton","ascension_level":0}}