{"host":"oumbqh1z6oj8ya5w","time":1607877701,"event":{"mods":["A Magickal Journey","AchievementEnabler","Act Like it!","Aspiration","BaseMod","Better Note","Conjunction","Gensokyo","Googly Eyes","Hallownest","Hyrulean Relics","Jedi Mod","Koishi","Marisa????????","Minty Spire (QoL Compilation)","Pale of the Ancients","Rare Cards Sparkle","Reimu??????","SCP261 Mod","SacredBarkPlus","StSLib","The Bladedancer","The Blue Laboratory","The Bug Knight","The Death Knight","The Forsaken","The Servant 0.9.4","The Spell Scribe","Uncapped"],"gold_per_floor":[113,113,131,405,187,187,219,219,295,295,554,554,580,594,594,693,693,704,722,229,229,247,274,143,172,172,183,183,209,209,241,241,342,342,353,15,27,27,44,74,90,119,172,202,22,22,57,72,72,176,189,202,202,31,31,47,47,70,70,70],"floor_reached":61,"playtime":4291,"items_purged":[],"score":1827,"play_id":"1906b139-360d-40fa-a1f3-3775cdec967f","local_time":"20201213164141","is_ascension_mode":true,"campfire_choices":[{"floor":6,"key":"REST"},{"data":"OctopathBindingBorder2:ReiMu","floor":10,"key":"SMITH"},{"floor":12,"key":"REST"},{"floor":15,"key":"REST"},{"data":"Mountainwind:ReiMu","floor":28,"key":"SMITH"},{"data":"YinYangSange:ReiMu","floor":30,"key":"SMITH"},{"data":"KamiRite:ReiMu","floor":32,"key":"SMITH"},{"floor":46,"key":"RECALL"},{"data":"1","floor":49,"key":"LIFT"},{"data":"2","floor":55,"key":"LIFT"},{"data":"Bullet Time","floor":57,"key":"SMITH"}],"circlet_count":0,"master_deck":["Strike_Lin:ReiMu","Strike_Lin:ReiMu","Defend_Lin:ReiMu","Defend_Lin:ReiMu","Defend_Lin:ReiMu","NB:ReiMu","Stagnation:ReiMu","AirStrike:ReiMu","FantasyMoon:ReiMu","OctopathBindingBorder2:ReiMu+1","RainPray2:ReiMu","CareerPray:ReiMu","SafetyPray:ReiMu","FantasyMoon:ReiMu","CardOfSanctity:ReiMu","OctopathBindingBorder2:ReiMu","SubAcupoint:ReiMu","YinYangSange:ReiMu+1","DoubleButterfly:ReiMu","Bandage Up","KamiRite:ReiMu+1","Conquer:ReiMu","FoulBorder2:ReiMu+1","Amulet:ReiMu+1","WonderfulDomain:ReiMu+1","Mountainwind:ReiMu+1","AlertArray:ReiMu","CleanRite:ReiMu","PrepareRite:ReiMu+1","FineLineFantasy:ReiMu+1","Bandage Up+1","YinYangSange:ReiMu","Strike_G","Strike_G","Bullet Time+1","Amulet:ReiMu+1","WonderfulDomain:ReiMu+1","SpiritualOutbreak2:ReiMu+1","PassingAway:ReiMu+1","WonderfulDomain:ReiMu","LovePray:ReiMu+1","KamiRite:ReiMu+1","FoulBorder2:ReiMu+1","RainPray2:ReiMu+1"],"relics":["FlyPower:ReiMu","aspiration:Nostalgia","MiniHakkero","Gensokyo:OccultBall","Regal Pillow","jedi:shrinkray","Pear","Meat on the Bone","jedi:archwizardhat","DonationBox:ReiMu","HollowMod:StagPassRelic","Black Blood","FadedRune:ReiMu","Bag of Preparation","aspiration:HiddenCompartment","Dream Catcher","SacredBark","Membership Card","Girya","StoneCalendar","Juzu Bracelet","Torii","Hallownest:StagBellRelic1","InkBottle","paleoftheancients:Timepiece","paleoftheancients:KeyRelic","CultistMask","DollysMirror","Happy Flower","paleoftheancients:SoulOfTheDefect","Bag of Marbles"],"acts_visited":["Exordium","Gensokyo:Gensokyo","Gensokyo:Gensokyoer","Hallownest:KingdomsEdge"],"potions_floor_usage":[7,13,27,33,40,41,44,47,51,56,60,60,60],"damage_taken":[{"damage":6,"enemies":"Gensokyo:2_Kodama","floor":1,"turns":5},{"damage":6,"enemies":"Gensokyo:3_Fairies","floor":3,"turns":4},{"damage":26,"enemies":"Gensokyo:Python","floor":4,"turns":3},{"damage":10,"enemies":"Gensokyo:Mamizou","floor":7,"turns":6},{"damage":47,"enemies":"Gensokyo:3_Kodama","floor":11,"turns":6},{"damage":3,"enemies":"Gensokyo:Aya","floor":13,"turns":4},{"damage":0,"enemies":"Gensokyo:LivingMonolith","floor":14,"turns":2},{"damage":4,"enemies":"Gensokyo:Reimu","floor":16,"turns":10},{"damage":23,"enemies":"Gensokyo:3_Dogs","floor":18,"turns":6},{"damage":8,"enemies":"Gensokyo:AngelMirror","floor":19,"turns":2},{"damage":22,"enemies":"Gensokyo:Wraith","floor":22,"turns":5},{"damage":30,"enemies":"Gensokyo:Reisen","floor":23,"turns":6},{"damage":6,"enemies":"Gensokyo:Koishi","floor":25,"turns":7},{"damage":6,"enemies":"Gensokyo:Chomper_and_Gloop","floor":27,"turns":3},{"damage":13,"enemies":"Gensokyo:Reisen","floor":29,"turns":6},{"damage":7,"enemies":"Gensokyo:Koishi","floor":31,"turns":6},{"damage":12,"enemies":"Gensokyo:Kaguya","floor":33,"turns":10},{"damage":0,"enemies":"Hallownest:3_Siblings","floor":35,"turns":9},{"damage":10,"enemies":"Hallownest:Shield_Heavy","floor":37,"turns":5},{"damage":8,"enemies":"Hallownest:Slobbering_and_Violent","floor":39,"turns":6},{"damage":7,"enemies":"Hallownest:StalkingDevout","floor":40,"turns":7},{"damage":12,"enemies":"Hallownest:StalkingDevout","floor":41,"turns":6},{"damage":1,"enemies":"Hallownest:eliteHiveKnight","floor":42,"turns":7},{"damage":0,"enemies":"Hallownest:eliteCollector","floor":44,"turns":6},{"damage":10,"enemies":"Hallownest:StalkingDevout","floor":47,"turns":6},{"damage":1,"enemies":"Hallownest:2_Wing_and_1_Kings","floor":48,"turns":3},{"damage":0,"enemies":"Hallownest:Radiance","floor":50,"turns":8},{"damage":44,"enemies":"Hallownest:Radiance","floor":51,"turns":7},{"damage":9,"enemies":"Hallownest:Radiance","floor":52,"turns":11},{"damage":62,"enemies":"Hallownest:Radiance","floor":56,"turns":8},{"damage":0,"enemies":"paleoftheancients:N","floor":60,"turns":10}],"seed_played":"-5528065732518310536","potions_obtained":[{"floor":3,"key":"blueLaboratory:FruitPunch"},{"floor":7,"key":"blueLaboratory:BottleOfRum"},{"floor":11,"key":"SCP261:BarrettColaPotion"},{"floor":16,"key":"SpeedPotion"},{"floor":19,"key":"blueLaboratory:PyrophylliteBrew"},{"floor":29,"key":"blueLaboratory:BottledHope"},{"floor":40,"key":"blueLaboratory:HummingbirdPotion"},{"floor":42,"key":"AttackPotion"},{"floor":44,"key":"jedi:StrikingPotion"},{"floor":47,"key":"Dexterity Potion"},{"floor":51,"key":"Ancient Potion"},{"floor":52,"key":"LiquidFlight:ReiMu"},{"floor":56,"key":"blueLaboratory:FruitPreserves"}],"is_trial":false,"path_per_floor":["M","?","M","M","$","R","E","?","T","R","M","R","E","M","R","B",null,"M","M","$","?","M","E","$","E","T","M","R","E","R","E","R","B",null,"M","$","M","?","M","E","R","E","T","E","?","R","E","M","R","B","M","M","?","$","R","M","R","T","?","B",null],"character_chosen":"REIMU","items_purchased":["OctopathBindingBorder2:ReiMu","Regal Pillow","HollowMod:StagPassRelic","YinYangSange:ReiMu","DoubleButterfly:ReiMu","Bandage Up","FoulBorder2:ReiMu","Amulet:ReiMu","Membership Card","FineLineFantasy:ReiMu","CultistPotion","blueLaboratory:ImpenetrablePotion","Bandage Up","DollysMirror","Happy Flower","FoulBorder2:ReiMu"],"campfire_rested":3,"item_purchase_floors":[5,5,20,20,20,20,24,24,36,36,36,36,36,54,54,54],"current_hp_per_floor":[59,59,53,27,27,61,53,48,48,48,13,51,48,48,77,73,77,54,46,46,46,52,50,50,58,58,58,58,58,58,58,58,58,58,58,58,58,58,58,58,58,58,58,58,58,58,58,58,58,58,53,58,58,58,58,44,44,44,44,58],"gold":70,"neow_bonus":"NOSTALGIA","is_daily":false,"chose_seed":false,"campfire_upgraded":5,"win_rate":0.0,"timestamp":1607877701,"path_taken":["M","?","M","M","$","R","E","?","T","R","?","R","E","M","R","BOSS","M","M","$","?","?","E","$","E","T","M","R","E","R","E","R","BOSS","M","$","M","?","M","E","R","E","T","E","?","R","E","M","R","BOSS","M","M","?","$","R","M","R","T","?","BOSS"],"items_purchased_type":["Card","Relic","Relic","Card","Card","Card","Card","Card","Relic","Card","Potion","Potion","Card","Relic","Relic","Card"],"build_version":"2020-11-30","purchased_purges":0,"victory":true,"max_hp_per_floor":[65,65,65,65,65,65,67,77,77,77,77,77,77,77,77,77,77,77,77,77,58,58,58,58,58,58,58,58,58,58,58,58,58,58,58,58,58,58,58,58,58,58,58,58,58,58,58,58,58,58,58,58,58,58,58,58,58,58,58,58],"card_choices":[{"not_picked":["SubcavityInstant:ReiMu","CareerPray:ReiMu"],"picked":"Amulet:ReiMu","floor":1},{"not_picked":["SafetyPray:ReiMu","TightArray:ReiMu"],"picked":"AirStrike:ReiMu","floor":3},{"not_picked":["YinYangSign:ReiMu","SpringWay:ReiMu"],"picked":"FantasyMoon:ReiMu","floor":4},{"not_picked":["WonderfulDomain:ReiMu","OrbThrow:ReiMu"],"picked":"RainPray2:ReiMu","floor":7},{"not_picked":["Amulet:ReiMu","WonderfulDomain:ReiMu"],"picked":"CareerPray:ReiMu","floor":11},{"not_picked":["WonderfulDomain:ReiMu","ShadowOfCrow2:ReiMu"],"picked":"SafetyPray:ReiMu","floor":13},{"not_picked":["InherentArray:ReiMu","TightArray:ReiMu"],"picked":"FantasyMoon:ReiMu","floor":14},{"not_picked":["Shading:ReiMu","HakureiPhantom:ReiMu"],"picked":"CardOfSanctity:ReiMu","floor":16},{"not_picked":["AirStrike:ReiMu","Conquer:ReiMu"],"picked":"OctopathBindingBorder2:ReiMu","floor":18},{"not_picked":["SafetyPray:ReiMu+1","Enchanting:ReiMu"],"picked":"SubAcupoint:ReiMu","floor":19},{"not_picked":["CareerPray:ReiMu","DoubleButterfly:ReiMu"],"picked":"KamiRite:ReiMu","floor":22},{"not_picked":["AlertArray:ReiMu","Enchanting:ReiMu"],"picked":"Conquer:ReiMu","floor":23},{"not_picked":["Meditation:ReiMu","AirStrike:ReiMu"],"picked":"WonderfulDomain:ReiMu+1","floor":25},{"not_picked":["EmergencyTakeOff:ReiMu","Crusade:ReiMu"],"picked":"Mountainwind:ReiMu","floor":27},{"not_picked":["SpiritualOutbreak2:ReiMu+1","LearningPray:ReiMu"],"picked":"AlertArray:ReiMu","floor":29},{"not_picked":["Meditation:ReiMu","AlertArray:ReiMu","Enchanting:ReiMu"],"picked":"SKIP","floor":31},{"not_picked":["Dreaming:ReiMu","HakureiPhantom:ReiMu"],"picked":"CleanRite:ReiMu","floor":33},{"not_picked":["TightArray:ReiMu+1","LearningPray:ReiMu"],"picked":"PrepareRite:ReiMu+1","floor":35},{"not_picked":["SpringWay:ReiMu+1","OrbThrow:ReiMu+1"],"picked":"YinYangSange:ReiMu","floor":37},{"not_picked":["SubcavityInstant:ReiMu","AirManeuver:ReiMu+1","TightArray:ReiMu"],"picked":"SKIP","floor":39},{"not_picked":["SealNeedle:ReiMu","SubAcupoint:ReiMu"],"picked":"Amulet:ReiMu+1","floor":40},{"not_picked":["Conquer:ReiMu+1","OrbThrow:ReiMu"],"picked":"WonderfulDomain:ReiMu+1","floor":41},{"not_picked":["SafetyPray:ReiMu+1","CareerPray:ReiMu","WonderfulDomain:ReiMu"],"picked":"SKIP","floor":42},{"not_picked":["Conquer:ReiMu","AirStrike:ReiMu+1"],"picked":"SpiritualOutbreak2:ReiMu+1","floor":44},{"not_picked":["HakureiPhantom:ReiMu","Conquer:ReiMu"],"picked":"PassingAway:ReiMu+1","floor":47},{"not_picked":["EmergencyTakeOff:ReiMu+1","PayForSelf:ReiMu","TakeOff:ReiMu+1"],"picked":"SKIP","floor":48},{"not_picked":["SafetyPray:ReiMu+1","Conquer:ReiMu+1"],"picked":"WonderfulDomain:ReiMu","floor":51},{"not_picked":["WonderfulDomain:ReiMu+1","Enchanting:ReiMu+1"],"picked":"LovePray:ReiMu+1","floor":52},{"not_picked":["Mountainwind:ReiMu+1","CareerPray:ReiMu+1"],"picked":"RainPray2:ReiMu+1","floor":56}],"player_experience":549726,"relics_obtained":[{"floor":7,"key":"jedi:shrinkray"},{"floor":9,"key":"Meat on the Bone"},{"floor":11,"key":"Gensokyo:OccultBall"},{"floor":13,"key":"jedi:archwizardhat"},{"floor":16,"key":"Gensokyo:OccultBall"},{"floor":18,"key":"Gensokyo:OccultBall"},{"floor":23,"key":"FadedRune:ReiMu"},{"floor":25,"key":"Bag of Preparation"},{"floor":29,"key":"aspiration:HiddenCompartment"},{"floor":31,"key":"Dream Catcher"},{"floor":33,"key":"Gensokyo:OccultBall"},{"floor":35,"key":"Gensokyo:OccultBall"},{"floor":37,"key":"Gensokyo:OccultBall"},{"floor":40,"key":"Girya"},{"floor":41,"key":"Gensokyo:OccultBall"},{"floor":42,"key":"StoneCalendar"},{"floor":43,"key":"Juzu Bracelet"},{"floor":44,"key":"Torii"},{"floor":47,"key":"InkBottle"},{"floor":56,"key":"paleoftheancients:SoulOfTheDefect"},{"floor":58,"key":"Bag of Marbles"}],"event_choices":[],"is_beta":false,"boss_relics":[{"not_picked":["aspiration:PoetsPen_weak","Coffee Dripper"],"picked":"DonationBox:ReiMu"},{"not_picked":["Empty Cage","aspiration:FutureDiary"],"picked":"SacredBark"}],"items_purged_floors":[],"is_endless":false,"potions_floor_spawned":[3,7,11,16,19,23,25,29,40,42,44,47,50,51,52,56],"ascension_level":4}}