{"host":"1rcu5ixl4icqax5v","time":1607881888,"event":{"mods":["BaseMod","Bestiary","Block Reminder","Colored Map","DeckTracker","Highlight Path","Minty Spire (QoL Compilation)","Quick Restart","Relic Sorter","Relic Stats"],"gold_per_floor":[112,127,17,34,47,72,88,88,88,113,113,388,408,58,58,159,159,170,95,165,175,192,219,219,229,229,261,261,59,59,59,59,157,157,174,192,208,224,244,244,101,19,46,66,92,109,109,109,109,109,109,109,42,68,68,68],"floor_reached":55,"playtime":3767,"items_purged":["Strike_P","Defend_P","Defend_P"],"score":774,"play_id":"1b82c8cb-eec0-41c8-85a4-445243a0e153","local_time":"20201213205128","is_ascension_mode":false,"campfire_choices":[{"data":"Tantrum","floor":8.0,"key":"SMITH"},{"data":"TalkToTheHand","floor":11.0,"key":"SMITH"},{"data":"Eruption","floor":15.0,"key":"SMITH"},{"data":"DevaForm","floor":28.0,"key":"SMITH"},{"data":"BattleHymn","floor":30.0,"key":"SMITH"},{"data":"Nirvana","floor":32.0,"key":"SMITH"},{"floor":40.0,"key":"RECALL"},{"floor":47.0,"key":"REST"},{"floor":49.0,"key":"REST"},{"data":"Establishment","floor":52.0,"key":"SMITH"}],"circlet_count":0,"master_deck":["Strike_P","Strike_P","Defend_P","Eruption+1","Vigilance","WheelKick","FlyingSleeves","Tantrum+1","InnerPeace","Halt+1","Protect","TalkToTheHand+1","ReachHeaven","ThirdEye","DevaForm+1","Consecrate+1","CutThroughFate","ThirdEye+1","EmptyMind","Nirvana+1","BattleHymn+1","Finesse","CutThroughFate","Tantrum","Omniscience","ClearTheMind+1","Evaluate+1","Study","Adaptation+1","Establishment+1","TalkToTheHand","Halt","WaveOfTheHand","Protect+1","WaveOfTheHand","Meditate+1"],"relics":["PureWater","Toy Ornithopter","Damaru","Sozu","Black Star","Juzu Bracelet","Ginger","Omamori","Gremlin Horn","Happy Flower","Mercury Hourglass","Mummified Hand","Nunchaku","Gambling Chip","Smiling Mask","War Paint","Vajra"],"acts_visited":["Exordium","TheCity","TheBeyond","TheEnding"],"potions_floor_usage":[],"damage_taken":[{"damage":1.0,"enemies":"Jaw Worm","floor":1.0,"turns":3.0},{"damage":0.0,"enemies":"Cultist","floor":2.0,"turns":2.0},{"damage":0.0,"enemies":"Small Slimes","floor":4.0,"turns":2.0},{"damage":0.0,"enemies":"Exordium Thugs","floor":5.0,"turns":2.0},{"damage":0.0,"enemies":"Lagavulin","floor":6.0,"turns":2.0},{"damage":0.0,"enemies":"Lots of Slimes","floor":7.0,"turns":2.0},{"damage":28.0,"enemies":"Gremlin Nob","floor":10.0,"turns":3.0},{"damage":0.0,"enemies":"Large Slime","floor":13.0,"turns":3.0},{"damage":13.0,"enemies":"The Guardian","floor":16.0,"turns":7.0},{"damage":0.0,"enemies":"3 Byrds","floor":18.0,"turns":4.0},{"damage":0.0,"enemies":"2 Thieves","floor":21.0,"turns":3.0},{"damage":19.0,"enemies":"Snecko","floor":22.0,"turns":4.0},{"damage":18.0,"enemies":"Book of Stabbing","floor":23.0,"turns":6.0},{"damage":0.0,"enemies":"Cultist and Chosen","floor":25.0,"turns":4.0},{"damage":10.0,"enemies":"Slavers","floor":27.0,"turns":2.0},{"damage":22.0,"enemies":"Champ","floor":33.0,"turns":7.0},{"damage":2.0,"enemies":"3 Darklings","floor":35.0,"turns":2.0},{"damage":7.0,"enemies":"Orb Walker","floor":36.0,"turns":2.0},{"damage":3.0,"enemies":"4 Shapes","floor":37.0,"turns":2.0},{"damage":5.0,"enemies":"Transient","floor":38.0,"turns":5.0},{"damage":2.0,"enemies":"Sphere and 2 Shapes","floor":39.0,"turns":3.0},{"damage":13.0,"enemies":"3 Darklings","floor":44.0,"turns":3.0},{"damage":22.0,"enemies":"Reptomancer","floor":45.0,"turns":5.0},{"damage":9.0,"enemies":"Jaw Worm Horde","floor":46.0,"turns":4.0},{"damage":38.0,"enemies":"Time Eater","floor":50.0,"turns":9.0},{"damage":51.0,"enemies":"Shield and Spear","floor":54.0,"turns":6.0},{"damage":91,"enemies":"The Heart","floor":55,"turns":2}],"seed_played":"7154695030050799837","potions_obtained":[{"floor":1.0,"key":"BlessingOfTheForge"},{"floor":5.0,"key":"DistilledChaos"},{"floor":6.0,"key":"AttackPotion"},{"floor":7.0,"key":"Fruit Juice"},{"floor":13.0,"key":"Energy Potion"},{"floor":16.0,"key":"GamblersBrew"},{"floor":22.0,"key":"Fire Potion"},{"floor":23.0,"key":"Block Potion"},{"floor":33.0,"key":"DistilledChaos"}],"is_trial":false,"path_per_floor":["M","M","$","M","M","E","M","R","T","E","R","?","M","$","R","B",null,"M","?","T","M","M","E","?","M","T","E","R","$","R","?","R","B",null,"M","M","M","M","M","R","$","$","T","M","E","M","R","?","R","B",null,"R","$","E","B"],"character_chosen":"WATCHER","items_purchased":["Tantrum","ReachHeaven","Happy Flower","ThirdEye","BattleHymn","Establishment","TalkToTheHand","Halt","WaveOfTheHand"],"campfire_rested":2,"item_purchase_floors":[3,14,14,14,29,41,42,42,53],"current_hp_per_floor":[78,78,78,78,78,78,78,78,78,50,50,50,50,50,50,37,79,79,79,79,79,60,47,47,47,47,52,52,52,52,52,52,30,84,82,75,77,72,70,70,70,70,70,57,35,26,51,51,76,38,84,84,84,33,0,0],"gold":68,"neow_bonus":"TEN_PERCENT_HP_BONUS","is_daily":false,"chose_seed":false,"campfire_upgraded":7,"win_rate":0.0,"timestamp":1607881888,"path_taken":["M","M","$","M","M","E","M","R","T","E","R","?","M","?","R","BOSS","M","?","?","?","M","E","?","M","T","E","R","$","R","?","R","BOSS","M","M","M","M","M","R","?","$","T","M","E","M","R","?","R","BOSS","R","$","E","BOSS"],"items_purchased_type":["Card","Card","Relic","Card","Card","Card","Card","Card","Card"],"build_version":"2020-11-30","purchased_purges":3,"victory":false,"max_hp_per_floor":[79,79,79,79,79,79,79,79,79,79,79,79,79,79,79,79,79,79,79,79,79,79,79,79,79,79,84,84,84,84,84,84,84,84,84,84,84,84,84,84,84,84,84,84,84,84,84,84,84,84,84,84,84,84,84,84],"relic_stats":{"Gremlin Horn":[22,22],"Happy Flower":[26],"counters":[27,99],"Juzu Bracelet":1,"Ginger":[11],"War Paint":["Halt","ThirdEye"],"Smiling Mask":0,"Mercury Hourglass":[267],"Sozu":2,"Nunchaku":[9],"Mummified Hand":[53],"Gambling Chip":[9],"Black Star":4,"obtain_stats":[{"Gremlin Horn":9,"Happy Flower":14,"Damaru":27,"Vajra":54,"Omamori":6,"Juzu Bracelet":23,"Ginger":23,"War Paint":54,"Smiling Mask":45,"Mercury Hourglass":20,"Sozu":34,"Nunchaku":43,"Mummified Hand":27,"Gambling Chip":45,"Black Star":17,"PureWater":0,"Toy Ornithopter":10},{"Gremlin Horn":6,"Happy Flower":8,"Damaru":15,"Vajra":26,"Omamori":5,"Juzu Bracelet":13,"Ginger":13,"War Paint":26,"Smiling Mask":23,"Mercury Hourglass":10,"Sozu":16,"Nunchaku":21,"Mummified Hand":15,"Gambling Chip":23,"Black Star":9,"PureWater":0,"Toy Ornithopter":7},{"Gremlin Horn":13,"Happy Flower":19,"Damaru":49,"Vajra":97,"Omamori":11,"Juzu Bracelet":43,"Ginger":43,"War Paint":97,"Smiling Mask":78,"Mercury Hourglass":30,"Sozu":56,"Nunchaku":70,"Mummified Hand":49,"Gambling Chip":78,"Black Star":26,"PureWater":0,"Toy Ornithopter":16}],"Toy Ornithopter":20},"card_choices":[{"not_picked":["Meditate","ThirdEye"],"picked":"WheelKick","floor":1.0},{"not_picked":["Adaptation","FollowUp"],"picked":"FlyingSleeves","floor":2.0},{"not_picked":["SashWhip","Evaluate"],"picked":"InnerPeace","floor":4.0},{"not_picked":["Crescendo","ThirdEye"],"picked":"Halt","floor":5.0},{"not_picked":["JustLucky","EmptyFist","Worship"],"picked":"SKIP","floor":6.0},{"not_picked":["FlyingSleeves","Swivel"],"picked":"Protect","floor":7.0},{"not_picked":["Tantrum","Crescendo"],"picked":"TalkToTheHand","floor":10.0},{"not_picked":["Fasting2","EmptyFist","EmptyBody"],"picked":"SKIP","floor":13.0},{"not_picked":["MasterReality","ConjureBlade"],"picked":"DevaForm","floor":16.0},{"not_picked":["Evaluate+1","Crescendo"],"picked":"Consecrate+1","floor":18.0},{"not_picked":["WheelKick","Vengeance"],"picked":"CutThroughFate","floor":21.0},{"not_picked":["FlyingSleeves","SashWhip"],"picked":"ThirdEye","floor":22.0},{"not_picked":["CutThroughFate","Sanctity"],"picked":"EmptyMind","floor":23.0},{"not_picked":["FlyingSleeves","Indignation","DevaForm"],"picked":"SKIP","floor":25.0},{"not_picked":["FlyingSleeves+1","Perseverance"],"picked":"Nirvana","floor":27.0},{"not_picked":["DeusExMachina","MasterReality"],"picked":"Omniscience","floor":33.0},{"not_picked":["ThirdEye+1","JustLucky"],"picked":"ClearTheMind+1","floor":35.0},{"not_picked":["FlyingSleeves","Evaluate","CutThroughFate+1"],"picked":"SKIP","floor":36.0},{"not_picked":["SashWhip","BowlingBash+1"],"picked":"Evaluate+1","floor":37.0},{"not_picked":["WheelKick","CutThroughFate"],"picked":"Study","floor":38.0},{"not_picked":["Halt","Crescendo+1"],"picked":"Adaptation+1","floor":39.0},{"not_picked":["BowlingBash","Halt"],"picked":"WaveOfTheHand","floor":44.0},{"not_picked":["SandsOfTime","Collect","JustLucky+1"],"picked":"SKIP","floor":45.0},{"not_picked":["LikeWater","Evaluate"],"picked":"Protect+1","floor":46.0},{"not_picked":["CutThroughFate","Establishment"],"picked":"Meditate+1","floor":54.0}],"player_experience":599382,"relics_obtained":[{"floor":6.0,"key":"Omamori"},{"floor":9.0,"key":"Gremlin Horn"},{"floor":10.0,"key":"Toy Ornithopter"},{"floor":20.0,"key":"Mercury Hourglass"},{"floor":23.0,"key":"Ginger"},{"floor":23.0,"key":"Juzu Bracelet"},{"floor":27.0,"key":"Damaru"},{"floor":27.0,"key":"Mummified Hand"},{"floor":43.0,"key":"Nunchaku"},{"floor":45.0,"key":"Gambling Chip"},{"floor":45.0,"key":"Smiling Mask"},{"floor":54.0,"key":"War Paint"},{"floor":54.0,"key":"Vajra"}],"event_choices":[{"damage_healed":0.0,"max_hp_gain":0.0,"max_hp_loss":0.0,"gold_gain":275.0,"event_name":"Golden Shrine","player_choice":"Desecrate","floor":12.0,"gold_loss":0.0,"damage_taken":0.0,"cards_obtained":["Regret"]},{"cards_removed":["Strike_P"],"damage_healed":0.0,"max_hp_gain":0.0,"max_hp_loss":0.0,"gold_gain":0.0,"event_name":"Beggar","player_choice":"Gave Gold","floor":19.0,"gold_loss":75.0,"damage_taken":0.0},{"damage_healed":0.0,"max_hp_gain":0.0,"max_hp_loss":0.0,"gold_gain":0.0,"event_name":"Cursed Tome","player_choice":"Ignored","floor":24.0,"gold_loss":0.0,"damage_taken":0.0},{"damage_healed":0.0,"max_hp_gain":0.0,"max_hp_loss":0.0,"gold_gain":0.0,"event_name":"Match and Keep!","player_choice":"3 cards matched","floor":31.0,"gold_loss":0.0,"damage_taken":0.0,"cards_obtained":["Finesse","CutThroughFate","Tantrum"]},{"cards_removed":["Defend_P"],"damage_healed":0.0,"max_hp_gain":0.0,"max_hp_loss":0.0,"gold_gain":0.0,"event_name":"Purifier","player_choice":"Purged","floor":48.0,"gold_loss":0.0,"damage_taken":0.0}],"is_beta":false,"boss_relics":[{"not_picked":["Snecko Eye","Tiny House"],"picked":"Black Star"},{"not_picked":["Fusion Hammer","Runic Dome"],"picked":"Sozu"}],"items_purged_floors":[3,14,29],"is_endless":false,"potions_floor_spawned":[1,5,6,7,13,16,22,23,33,44,45],"killed_by":"The Heart","ascension_level":0}}