{"host":"lw874zp3en0pz6a7","time":1607840044,"event":{"mods":["Act Like it!","BaseMod","Downfall","Key Reminder","KinomotoSakuraMod(木之本樱)","LagranYue(拉格朗・月)","Luminous","Marisa（F雨　魔理沙）","Minty Spire (QoL Compilation)","Quick Restart","READ ME - Guardian Mod","Reimu（博丽灵梦）","Remilia（蕾米莉亚）","Replay The Spire","SIMod","SOS（斯巴达之子）","Shop Mod","StSLib","Td1madao Mod","The Administrix","The Bladedancer","The Bug Knight","The Construct","The Cursed","The Gatherer","The Runesmith","The Servant 0.9.4","WarShipGirlsR/战舰少女R mod","Youmu（魂魄妖梦）","[地精首领爬塔]The Maniac","vexMod"],"gold_per_floor":[113,188,199,159,159,159,173,206,206,32,60,77,87,13,13,118,118,105,122,397,408,408,408],"floor_reached":22,"playtime":2028,"items_purged":[],"score":311,"play_id":"91331d0e-5a1e-4be7-98b3-68dadd3a8206","local_time":"20201213141404","is_ascension_mode":true,"campfire_choices":[{"data":"ConstancyOfTheConventionalTruth","floor":6,"key":"SMITH"},{"data":"HumanGodSword","floor":15,"key":"SMITH"}],"circlet_count":0,"master_deck":["Strike_YM","Strike_YM","Strike_YM","Strike_YM","Defend_YM","Defend_YM","Defend_YM","Defend_YM","SlashOfPresentWorld","WheelOfPainOfLivingAndDead","SlashOfTheEternalFuture","HumanGodSword","ConstancyOfTheConventionalTruth+1","SpiritCuttingSword","LotusPostureSlash","TwoHundredYojanaInOneSlash","HumanGodSword","StrangeHalfBody","BloodOfAsura","ObsessionSword","HumanGodSword+1","HellRealmSword","Regret","TenKingsRetributionOnThePreta"],"relics":["HalfPhantom","LagranYue:RandomDrawCardRelic","PaintedHorse:ReiMu","Ornamental Fan","RuthlessExorcism:ReiMu","keyreminder:keyreminder","ReplayFunnel","Sozu"],"acts_visited":["Exordium","TheCity"],"potions_floor_usage":[],"damage_taken":[{"damage":0,"enemies":"Small Slimes","floor":1,"turns":4},{"damage":0,"enemies":"Jaw Worm","floor":3,"turns":6},{"damage":0,"enemies":"Cultist","floor":7,"turns":4},{"damage":0,"enemies":"Replay:BlueRogue","floor":8,"turns":8},{"damage":0,"enemies":"Lagavulin","floor":11,"turns":8},{"damage":0,"enemies":"Lots of Slimes","floor":12,"turns":2},{"damage":0,"enemies":"Large Slime","floor":13,"turns":4},{"damage":3,"enemies":"Hexaghost","floor":16,"turns":24},{"damage":0,"enemies":"2 Thieves","floor":18,"turns":4},{"damage":0,"enemies":"Shell Parasite","floor":19,"turns":4},{"damage":7,"enemies":"Chosen and Byrds","floor":21,"turns":13},{"damage":10,"enemies":"Snecko","floor":22,"turns":4}],"seed_played":"4434988898316223231","potions_obtained":[{"floor":7,"key":"Fire Potion"},{"floor":8,"key":"SpeedPotion"},{"floor":16,"key":"Energy Potion"}],"is_trial":false,"path_per_floor":["M","?","M","?","?","R","M","E","T","$","E","M","M","$","R","B",null,"M","M","?","M","M"],"character_chosen":"YOUMU","items_purchased":["LotusPostureSlash","TwoHundredYojanaInOneSlash","HumanGodSword","HumanGodSword"],"campfire_rested":0,"item_purchase_floors":[10,10,10,14],"current_hp_per_floor":[75,64,64,64,39,39,39,39,39,39,39,39,39,39,39,36,75,75,75,75,68,58,58],"gold":408,"neow_bonus":"ONE_RANDOM_RARE_CARD","is_daily":false,"chose_seed":false,"campfire_upgraded":2,"win_rate":0.0,"timestamp":1607840044,"path_taken":["M","?","M","?","?","R","M","E","T","?","E","M","?","?","R","BOSS","M","M","?","?","?"],"items_purchased_type":["Card","Card","Card","Card"],"build_version":"2020-11-30","purchased_purges":0,"victory":false,"max_hp_per_floor":[75,75,75,75,75,75,75,75,75,75,75,75,75,75,75,75,75,75,75,75,75,75,75],"card_choices":[{"not_picked":["CrescentMoonSlash","SwordExtraction"],"picked":"HumanGodSword","floor":1},{"not_picked":["LowerRealmReflectionSlash","FourBirthsSword"],"picked":"ConstancyOfTheConventionalTruth","floor":3},{"not_picked":["KarmicPunishmentOfTheIdleAndUnfocused","ThreeKonsSevenHakus"],"picked":"SpiritCuttingSword","floor":7},{"not_picked":["SpiritCuttingSword","ConstancyOfTheConventionalTruth","SwordOfBindingDesires"],"picked":"SKIP","floor":8},{"not_picked":["SwordOfBindingDesires","SanzenSekai"],"picked":"StrangeHalfBody","floor":11},{"not_picked":["TwoHundredYojanaInOneSlash","CrescentMoonSlash"],"picked":"BloodOfAsura","floor":12},{"not_picked":["LifeCuttingSword","SwordExtraction"],"picked":"ObsessionSword","floor":13},{"not_picked":["SlashOfSaigyouSpringWind","ReincarnationSword"],"picked":"HellRealmSword","floor":16},{"not_picked":["ThreeKonsSevenHakus","SuddenPhantomFormationSlashOfKarmicWind","FlashingScatteredFlowers"],"picked":"SKIP","floor":18},{"not_picked":["LowerRealmReflectionSlash","ThreeKonsSevenHakus+1","HeartExcerptSlash"],"picked":"SKIP","floor":19},{"not_picked":["KarmicPunishmentOfTheIdleAndUnfocused","SwordExtraction"],"picked":"TenKingsRetributionOnThePreta","floor":21}],"player_experience":232980,"relics_obtained":[{"floor":8,"key":"RuthlessExorcism:ReiMu"},{"floor":11,"key":"ReplayFunnel"}],"event_choices":[{"damage_healed":0,"gold_gain":75,"player_choice":"Gather Gold","damage_taken":11,"max_hp_gain":0,"max_hp_loss":0,"event_name":"World of Goop","floor":2,"gold_loss":0},{"damage_healed":0,"gold_gain":0,"player_choice":"塞钱","damage_taken":0,"relics_obtained":["PaintedHorse:ReiMu"],"max_hp_gain":0,"max_hp_loss":0,"event_name":"yidonshenshe","floor":4,"gold_loss":40},{"damage_healed":0,"gold_gain":0,"player_choice":"Success","damage_taken":25,"relics_obtained":["Ornamental Fan"],"max_hp_gain":0,"max_hp_loss":0,"event_name":"Scrap Ooze","floor":5,"gold_loss":0},{"damage_healed":0,"gold_gain":275,"player_choice":"Desecrate","damage_taken":0,"max_hp_gain":0,"max_hp_loss":0,"event_name":"Golden Shrine","floor":20,"gold_loss":0,"cards_obtained":["Regret"]}],"is_beta":false,"boss_relics":[{"not_picked":["construct:WeddingRing","vexMod:FluxCapacitor"],"picked":"Sozu"}],"items_purged_floors":[],"is_endless":false,"potions_floor_spawned":[7,8,16],"killed_by":"Snecko","ascension_level":1}}