{"host":"h4390p13uu6iw1q5","time":1607859181,"event":{"mods":["BaseMod","Colored Map","Minty Spire (QoL Compilation)","StSLib"],"gold_per_floor":[114,114,129,129,144,144,174,174,199,229,4,19,34,49,49,149,149,164,179,194,194,8,8,38,53,103,118,148,247,262,277,277,377,377,392,407,422,437,452,452,482,497,547,562,612,612,627,217,217,217,217],"floor_reached":50,"playtime":4254,"items_purged":["Pain","Defend_P"],"score":582,"play_id":"de5c4a5a-27ce-4bd8-9962-25a0587dc6a0","local_time":"20201213063301","daily_mods":["Specialized","Colorless Cards","Binary"],"is_ascension_mode":false,"campfire_choices":[{"data":"Pray","floor":6,"key":"SMITH"},{"data":"Indignation","floor":8,"key":"SMITH"},{"floor":15,"key":"REST"},{"data":"LikeWater","floor":23,"key":"SMITH"},{"floor":32,"key":"REST"},{"floor":40,"key":"REST"},{"floor":49,"key":"REST"}],"circlet_count":0,"master_deck":["Strike_P","Strike_P","Strike_P","Strike_P","Eruption","Vigilance","ThirdEye","ThirdEye","ThirdEye","ThirdEye","ThirdEye","EmptyFist","FollowUp","Pray+1","Indignation+1","Flash of Steel","PanicButton","Crescendo","Panache","Consecrate+1","CrushJoints+1","LikeWater+1","LikeWater","CutThroughFate","CutThroughFate+1","WheelKick","FollowUp","EmptyBody","Protect","Devotion","SignatureMove+1","Wallop","ForeignInfluence+1","WindmillStrike","Halt+1","FlurryOfBlows+1","Weave+1","Nirvana+1","JustLucky+1","Vengeance","Nirvana","Brilliance","Metamorphosis"],"relics":["PureWater","WarpedTongs","Strawberry","Akabeko","Pantograph","Membership Card","Empty Cage","TeardropLocket","InkBottle","Dream Catcher","Darkstone Periapt","Fusion Hammer","Dead Branch","Bag of Preparation","Gambling Chip","Bottled Tornado"],"acts_visited":["Exordium","TheCity","TheBeyond"],"potions_floor_usage":[7,16,16,16,19,24,24,24,28,30,37,39,41,41,42,47,47,50,50],"damage_taken":[{"damage":0,"enemies":"Small Slimes","floor":1,"turns":4},{"damage":0,"enemies":"Cultist","floor":3,"turns":3},{"damage":0,"enemies":"2 Louse","floor":5,"turns":1},{"damage":30,"enemies":"Lagavulin","floor":7,"turns":8},{"damage":33,"enemies":"3 Sentries","floor":10,"turns":7},{"damage":3,"enemies":"Exordium Thugs","floor":12,"turns":4},{"damage":0,"enemies":"Lots of Slimes","floor":13,"turns":4},{"damage":0,"enemies":"Looter","floor":14,"turns":1},{"damage":31,"enemies":"Slime Boss","floor":16,"turns":7},{"damage":3,"enemies":"Chosen","floor":18,"turns":5},{"damage":1,"enemies":"Shell Parasite","floor":19,"turns":4},{"damage":6,"enemies":"Shelled Parasite and Fungi","floor":20,"turns":5},{"damage":7,"enemies":"Gremlin Leader","floor":24,"turns":5},{"damage":0,"enemies":"Chosen and Byrds","floor":25,"turns":3},{"damage":0,"enemies":"Centurion and Healer","floor":27,"turns":4},{"damage":54,"enemies":"Book of Stabbing","floor":28,"turns":5},{"damage":0,"enemies":"3 Cultists","floor":30,"turns":4},{"damage":0,"enemies":"Snecko","floor":31,"turns":2},{"damage":37,"enemies":"Automaton","floor":33,"turns":11},{"damage":20,"enemies":"Orb Walker","floor":35,"turns":2},{"damage":16,"enemies":"3 Darklings","floor":36,"turns":4},{"damage":0,"enemies":"4 Shapes","floor":37,"turns":5},{"damage":18,"enemies":"Jaw Worm Horde","floor":38,"turns":4},{"damage":5,"enemies":"Maw","floor":39,"turns":5},{"damage":18,"enemies":"Reptomancer","floor":41,"turns":6},{"damage":0,"enemies":"3 Darklings","floor":42,"turns":3},{"damage":0,"enemies":"Transient","floor":44,"turns":5},{"damage":0,"enemies":"Mind Bloom Boss Battle","floor":45,"turns":1},{"damage":14,"enemies":"4 Shapes","floor":47,"turns":4},{"damage":84,"enemies":"Time Eater","floor":50,"turns":7}],"seed_played":"4834798368356638827","potions_obtained":[{"floor":1,"key":"Weak Potion"},{"floor":5,"key":"SteroidPotion"},{"floor":12,"key":"Dexterity Potion"},{"floor":14,"key":"Block Potion"},{"floor":16,"key":"ColorlessPotion"},{"floor":19,"key":"Block Potion"},{"floor":20,"key":"Dexterity Potion"},{"floor":21,"key":"LiquidMemories"},{"floor":21,"key":"StancePotion"},{"floor":24,"key":"Strength Potion"},{"floor":28,"key":"SpeedPotion"},{"floor":37,"key":"EntropicBrew"},{"floor":38,"key":"PowerPotion"},{"floor":41,"key":"SkillPotion"},{"floor":44,"key":"BottledMiracle"},{"floor":47,"key":"EntropicBrew"}],"is_trial":false,"path_per_floor":["M","?","M","?","M","R","E","R","T","E","$","M","M","M","R","B",null,"M","M","M","?","$","R","E","M","T","M","E","?","M","M","R","B",null,"M","M","M","M","M","R","E","M","T","M","?","?","M","$","R","B"],"character_chosen":"WATCHER","items_purchased":["Membership Card","TeardropLocket","LikeWater","CutThroughFate","Bottled Tornado","Vengeance","Nirvana","Brilliance","Metamorphosis"],"campfire_rested":4,"item_purchase_floors":[11,22,22,22,48,48,48,48,48],"current_hp_per_floor":[72,72,72,72,72,72,49,49,49,16,16,13,13,13,36,30,79,76,75,69,69,69,69,62,62,62,62,8,8,8,8,31,19,79,59,43,43,25,20,43,25,25,25,25,50,50,36,36,58,0,0],"gold":217,"neow_bonus":"","is_daily":true,"chose_seed":false,"campfire_upgraded":3,"win_rate":0.0,"timestamp":1607859181,"path_taken":["M","?","?","?","M","R","E","R","T","E","?","M","M","M","R","BOSS","M","M","?","?","?","R","E","M","T","?","E","?","M","M","R","BOSS","M","M","M","M","M","R","E","M","T","M","?","?","M","$","R","BOSS"],"items_purchased_type":["Relic","Relic","Card","Card","Relic","Card","Card","Card","Card"],"build_version":"2020-11-30","purchased_purges":2,"victory":false,"max_hp_per_floor":[72,72,72,72,72,72,79,79,79,79,79,79,79,79,79,79,79,79,79,79,79,79,79,79,79,79,79,79,79,79,79,79,79,79,79,79,79,79,79,79,79,79,79,79,79,75,75,75,75,75,75],"card_choices":[{"not_picked":["Halt"],"picked":"EmptyFist","floor":1},{"not_picked":["CrushJoints"],"picked":"FollowUp","floor":3},{"not_picked":["Evaluate"],"picked":"Pray","floor":5},{"not_picked":["FlyingSleeves"],"picked":"Indignation","floor":7},{"not_picked":["Finesse"],"picked":"Flash of Steel","floor":10},{"not_picked":["EmptyFist"],"picked":"PanicButton","floor":12},{"not_picked":["Good Instincts","PathToVictory"],"picked":"SKIP","floor":13},{"not_picked":["PathToVictory"],"picked":"Crescendo","floor":14},{"not_picked":["Scrawl"],"picked":"Panache","floor":16},{"not_picked":["Evaluate+1"],"picked":"Consecrate+1","floor":18},{"not_picked":["MentalFortress"],"picked":"CrushJoints+1","floor":19},{"not_picked":["Conclude"],"picked":"LikeWater","floor":20},{"not_picked":["Swivel"],"picked":"CutThroughFate+1","floor":24},{"not_picked":["FlurryOfBlows","ClearTheMind"],"picked":"SKIP","floor":25},{"not_picked":["Wireheading"],"picked":"WheelKick","floor":27},{"not_picked":["Indignation"],"picked":"FollowUp","floor":28},{"not_picked":["MentalFortress"],"picked":"EmptyBody","floor":30},{"not_picked":["JustLucky+1","SashWhip"],"picked":"SKIP","floor":31},{"not_picked":["SashWhip"],"picked":"Protect","floor":32},{"not_picked":["Scrawl"],"picked":"Devotion","floor":33},{"not_picked":["JustLucky"],"picked":"SignatureMove+1","floor":35},{"not_picked":["BowlingBash+1"],"picked":"Wallop","floor":36},{"not_picked":["CutThroughFate"],"picked":"ForeignInfluence+1","floor":37},{"not_picked":["SashWhip+1","FollowUp+1"],"picked":"SKIP","floor":38},{"not_picked":["FlyingSleeves"],"picked":"WindmillStrike","floor":39},{"not_picked":["FlurryOfBlows"],"picked":"Halt+1","floor":40},{"not_picked":["SashWhip+1"],"picked":"FlurryOfBlows+1","floor":41},{"not_picked":["EmptyBody","CarveReality"],"picked":"SKIP","floor":42},{"not_picked":["Violence"],"picked":"Weave+1","floor":44},{"not_picked":["Study+1"],"picked":"Nirvana+1","floor":45},{"not_picked":["Discovery+1"],"picked":"JustLucky+1","floor":47}],"player_experience":2366002,"relics_obtained":[{"floor":7,"key":"Strawberry"},{"floor":9,"key":"Akabeko"},{"floor":10,"key":"Pantograph"},{"floor":24,"key":"InkBottle"},{"floor":26,"key":"Dream Catcher"},{"floor":28,"key":"Darkstone Periapt"},{"floor":41,"key":"Dead Branch"},{"floor":43,"key":"Bag of Preparation"},{"floor":45,"key":"Gambling Chip"}],"event_choices":[{"cards_removed":["Defend_P"],"damage_healed":0,"gold_gain":0,"player_choice":"Offered Basic","damage_taken":0,"max_hp_gain":0,"max_hp_loss":0,"event_name":"Bonfire Elementals","floor":2,"gold_loss":0},{"damage_healed":0,"gold_gain":0,"player_choice":"Rummage","damage_taken":0,"relics_obtained":["WarpedTongs"],"max_hp_gain":0,"max_hp_loss":0,"event_name":"Accursed Blacksmith","floor":4,"gold_loss":0,"cards_obtained":["Pain"]},{"damage_healed":0,"gold_gain":0,"player_choice":"Got Potions","damage_taken":0,"max_hp_gain":0,"max_hp_loss":0,"event_name":"Lab","floor":21,"gold_loss":0},{"damage_healed":0,"gold_gain":99,"player_choice":"Stole From Cult","damage_taken":0,"max_hp_gain":0,"max_hp_loss":0,"event_name":"Nest","floor":29,"gold_loss":0},{"damage_healed":0,"gold_gain":0,"player_choice":"Fight","damage_taken":0,"max_hp_gain":0,"max_hp_loss":0,"event_name":"MindBloom","floor":45,"gold_loss":0},{"damage_healed":0,"gold_gain":0,"player_choice":"Max HP","damage_taken":0,"max_hp_gain":0,"max_hp_loss":4,"event_name":"Winding Halls","floor":46,"gold_loss":0}],"is_beta":false,"boss_relics":[{"not_picked":["HolyWater","Tiny House"],"picked":"Empty Cage"},{"not_picked":["Pandora\u0027s Box","Philosopher\u0027s Stone"],"picked":"Fusion Hammer"}],"items_purged_floors":[11,48],"is_endless":false,"potions_floor_spawned":[1,5,12,14,16,19,20,24,28,37,38,41,44,47],"killed_by":"Time Eater","ascension_level":0}}