{"host":"8u7tvcybuv0u72fd","time":1607844175,"event":{"mods":["BaseMod","BetterRewards","Colored Map","Colored Powertips","Minty Spire (QoL Compilation)","Quick Restart","Shop Mod"],"gold_per_floor":[112,123,123,123,183,183,183,285,337,363,373,388,388,398,398,499,499,517,530,52,63,28,60,60,110,192,91,91,120,194,214,214,328,328,345,395,411,196,273,273,309,70,141,141,168,268,268,345,345,345,345,345,1,29,29],"floor_reached":56,"playtime":4024,"items_purged":["Strike_R","Strike_R","Strike_R+1","Purity+1","Strike_R+1"],"score":1686,"play_id":"9ae4d892-7f3d-4dea-8ace-b527da8e91a4","local_time":"20201213022255","is_ascension_mode":false,"campfire_choices":[{"data":"Body Slam","floor":6.0,"key":"SMITH"},{"data":"Uppercut","floor":7.0,"key":"SMITH"},{"data":"Bash","floor":13.0,"key":"SMITH"},{"data":"Shrug It Off","floor":15.0,"key":"SMITH"},{"data":"Barricade","floor":24.0,"key":"SMITH"},{"data":"Feed","floor":28.0,"key":"SMITH"},{"data":"Seeing Red","floor":32.0,"key":"SMITH"},{"data":"Secret Technique","floor":40.0,"key":"SMITH"},{"data":"Searing Blow+1","floor":44.0,"key":"SMITH"},{"data":"1","floor":47.0,"key":"LIFT"},{"floor":49.0,"key":"RECALL"},{"data":"2","floor":52.0,"key":"LIFT"}],"circlet_count":0,"master_deck":["Strike_R+1","Defend_R+1","Defend_R+1","Defend_R+1","Defend_R+1","Bash+1","Uppercut+1","Battle Trance+1","Body Slam+1","Headbutt","Shrug It Off+1","Seeing Red+1","Feed+1","Barricade+1","Pommel Strike+1","Berserk+1","Swift Strike","Secret Technique+1","Searing Blow+2","Panache+1","True Grit+1"],"relics":["Burning Blood","Membership Card","Sundial","Thread and Needle","TheAbacus","SsserpentHead","Akabeko","Lizard Tail","Black Star","ClockworkSouvenir","Paper Frog","Magic Flower","MerchantsRug","Ornamental Fan","Boot","CeramicFish","Frozen Egg 2","Medical Kit","Centennial Puzzle","Bottled Lightning","Toy Ornithopter","Busted Crown","Turnip","Ancient Tea Set","Strawberry","Mercury Hourglass","Girya","War Paint","Sling","Anchor","Mummified Hand","Bronze Scales","Letter Opener"],"acts_visited":["Exordium","TheCity","TheBeyond","TheEnding"],"potions_floor_usage":[54,55],"damage_taken":[{"damage":0.0,"enemies":"Small Slimes","floor":1.0,"turns":3.0},{"damage":0.0,"enemies":"Jaw Worm","floor":2.0,"turns":4.0},{"damage":0.0,"enemies":"Cultist","floor":5.0,"turns":3.0},{"damage":4.0,"enemies":"Gremlin Nob","floor":10.0,"turns":3.0},{"damage":0.0,"enemies":"Looter","floor":11.0,"turns":3.0},{"damage":0.0,"enemies":"2 Fungi Beasts","floor":12.0,"turns":3.0},{"damage":0.0,"enemies":"Large Slime","floor":14.0,"turns":5.0},{"damage":71.0,"enemies":"Hexaghost","floor":16.0,"turns":10.0},{"damage":9.0,"enemies":"3 Byrds","floor":18.0,"turns":6.0},{"damage":6.0,"enemies":"Shell Parasite","floor":19.0,"turns":6.0},{"damage":6.0,"enemies":"Sentry and Sphere","floor":21.0,"turns":7.0},{"damage":8.0,"enemies":"Book of Stabbing","floor":23.0,"turns":6.0},{"damage":6.0,"enemies":"Slavers","floor":29.0,"turns":6.0},{"damage":7.0,"enemies":"Snake Plant","floor":31.0,"turns":4.0},{"damage":0.0,"enemies":"Champ","floor":33.0,"turns":10.0},{"damage":0.0,"enemies":"Orb Walker","floor":35.0,"turns":4.0},{"damage":4.0,"enemies":"3 Shapes","floor":37.0,"turns":4.0},{"damage":37.0,"enemies":"Nemesis","floor":41.0,"turns":6.0},{"damage":5.0,"enemies":"Spire Growth","floor":45.0,"turns":5.0},{"damage":42.0,"enemies":"Mind Bloom Boss Battle","floor":46.0,"turns":7.0},{"damage":10.0,"enemies":"Donu and Deca","floor":50.0,"turns":7.0},{"damage":10,"enemies":"Shield and Spear","floor":54,"turns":4},{"damage":42,"enemies":"The Heart","floor":55,"turns":9}],"seed_played":"-8822648045416820248","potions_obtained":[{"floor":1.0,"key":"AttackPotion"},{"floor":5.0,"key":"FearPotion"},{"floor":11.0,"key":"PowerPotion"},{"floor":33.0,"key":"ElixirPotion"},{"floor":36.0,"key":"FairyPotion"},{"floor":45.0,"key":"ElixirPotion"}],"is_trial":false,"path_per_floor":["M","M","?","?","M","R","R","T","T","E","M","M","R","M","R","B",null,"M","M","$","M","?","E","R","?","T","$","R","E","T","M","R","B",null,"M","?","M","$","?","R","E","$","T","R","M","?","R","$","R","B",null,"R","$","E","B",null],"character_chosen":"IRONCLAD","items_purchased":["Membership Card","Tiny Chest","Sundial","Uppercut","Battle Trance","WingedGreaves","TheAbacus","BloodPotion","ClockworkSouvenir","Paper Frog","Magic Flower","MerchantsRug","Juzu Bracelet","Medical Kit","Turnip","Mango","Panache+1","War Paint","Weak Potion","Sling","Anchor","Mummified Hand"],"campfire_rested":0,"item_purchase_floors":[0,0,0,0,0,0,0,0,20,20,20,20,27,27,38,42,42,48,48,53,53,53],"current_hp_per_floor":[54,60,65,65,71,71,71,71,71,73,79,85,85,85,85,23,88,88,91,91,97,97,97,97,97,97,97,97,101,101,105,105,109,109,113,113,117,117,107,107,124,138,138,138,138,111,111,111,111,110,142,142,142,141,116],"gold":29,"neow_bonus":"","is_daily":false,"chose_seed":false,"campfire_upgraded":9,"win_rate":0.0,"timestamp":1607844175,"path_taken":["M","M","?","?","?","R","R","?","T","E","M","M","R","M","R","BOSS","M","M","$","M","?","E","R","?","T","?","R","E","?","M","R","BOSS","M","?","M","$","?","R","E","$","T","R","M","?","R","$","R","BOSS","R","$","E","BOSS"],"items_purchased_type":["Relic","Relic","Relic","Card","Card","Relic","Relic","Potion","Relic","Relic","Relic","Relic","Relic","Relic","Relic","Relic","Card","Relic","Potion","Relic","Relic","Relic"],"build_version":"2020-11-30","purchased_purges":5,"victory":true,"max_hp_per_floor":[80,80,85,85,85,85,85,85,85,85,85,85,85,85,85,88,88,91,94,94,97,97,97,97,97,97,97,97,101,101,105,105,109,109,113,113,117,117,117,117,124,138,138,138,138,142,142,142,142,142,142,142,142,142,142],"card_choices":[{"not_picked":["Twin Strike","Power Through"],"picked":"Body Slam","floor":1.0},{"not_picked":["Pommel Strike","Twin Strike","True Grit"],"picked":"SKIP","floor":1.0},{"not_picked":["Armaments","Reckless Charge","Inflame"],"picked":"SKIP","floor":2.0},{"not_picked":["Sword Boomerang","Hemokinesis","Perfected Strike"],"picked":"SKIP","floor":2.0},{"not_picked":["Clash","Perfected Strike"],"picked":"Headbutt","floor":5.0},{"not_picked":["Metallicize","Body Slam","Sword Boomerang"],"picked":"SKIP","floor":5.0},{"not_picked":["True Grit","Battle Trance","Corruption"],"picked":"SKIP","floor":10.0},{"not_picked":["Headbutt","Iron Wave"],"picked":"Shrug It Off","floor":11.0},{"not_picked":["Heavy Blade","Warcry","Combust"],"picked":"SKIP","floor":11.0},{"not_picked":["Warcry","Sever Soul"],"picked":"Seeing Red","floor":12.0},{"not_picked":["Twin Strike","Heavy Blade","Clash"],"picked":"SKIP","floor":12.0},{"not_picked":["Iron Wave","True Grit"],"picked":"Feed","floor":14.0},{"not_picked":["Seeing Red","Pommel Strike","Shrug It Off"],"picked":"SKIP","floor":14.0},{"not_picked":["Fiend Fire","Limit Break"],"picked":"Barricade","floor":16.0},{"not_picked":["Metallicize","Flex","Anger"],"picked":"SKIP","floor":18.0},{"not_picked":["Headbutt","Thunderclap","Dark Embrace"],"picked":"SKIP","floor":18.0},{"not_picked":["Reckless Charge","Havoc"],"picked":"Pommel Strike+1","floor":19.0},{"not_picked":["True Grit","Heavy Blade","Sword Boomerang+1"],"picked":"SKIP","floor":19.0},{"not_picked":["Shrug It Off","Burning Pact+1","Rupture"],"picked":"SKIP","floor":21.0},{"not_picked":["Iron Wave","Clothesline","Clash+1"],"picked":"SKIP","floor":21.0},{"not_picked":["Shrug It Off","Burning Pact+1","Rupture"],"picked":"SKIP","floor":21.0},{"not_picked":["Iron Wave","Clothesline","Clash+1"],"picked":"SKIP","floor":21.0},{"not_picked":["Whirlwind","Barricade","Searing Blow"],"picked":"SKIP","floor":23.0},{"not_picked":["True Grit","Wild Strike+1","Anger"],"picked":"SKIP","floor":29.0},{"not_picked":["Armaments","Perfected Strike","Twin Strike"],"picked":"SKIP","floor":31.0},{"not_picked":["Power Through","Shockwave","Clash"],"picked":"SKIP","floor":31.0},{"not_picked":["Feed","Reaper"],"picked":"Berserk+1","floor":33.0},{"not_picked":["Spot Weakness"],"picked":"SKIP","floor":35.0},{"not_picked":["Headbutt+1"],"picked":"SKIP","floor":35.0},{"not_picked":["Warcry+1"],"picked":"SKIP","floor":37.0},{"not_picked":["Sentinel"],"picked":"SKIP","floor":37.0},{"not_picked":[],"picked":"Swift Strike","floor":39.0},{"not_picked":[],"picked":"Secret Technique","floor":39.0},{"not_picked":[],"picked":"Purity","floor":39.0},{"not_picked":[],"picked":"Searing Blow+1","floor":41.0},{"not_picked":[],"picked":"True Grit+1","floor":45.0},{"not_picked":["Shrug It Off"],"picked":"SKIP","floor":45.0},{"not_picked":["Havoc+1"],"picked":"SKIP","floor":54}],"player_experience":1144934,"relics_obtained":[{"floor":9.0,"key":"Akabeko"},{"floor":10.0,"key":"Lizard Tail"},{"floor":23.0,"key":"Boot"},{"floor":23.0,"key":"CeramicFish"},{"floor":26.0,"key":"Frozen Egg 2"},{"floor":29.0,"key":"Centennial Puzzle"},{"floor":29.0,"key":"Bottled Lightning"},{"floor":30.0,"key":"Toy Ornithopter"},{"floor":41.0,"key":"Ancient Tea Set"},{"floor":41.0,"key":"Strawberry"},{"floor":43.0,"key":"Mercury Hourglass"},{"floor":46.0,"key":"Girya"},{"floor":54,"key":"Bronze Scales"},{"floor":54,"key":"Letter Opener"}],"event_choices":[{"damage_healed":0.0,"max_hp_gain":5.0,"max_hp_loss":0.0,"gold_gain":0.0,"event_name":"Big Fish","player_choice":"Donut","floor":3.0,"gold_loss":0.0,"damage_taken":0.0},{"damage_healed":0.0,"max_hp_gain":0.0,"max_hp_loss":0.0,"gold_gain":0.0,"event_name":"FaceTrader","player_choice":"Trade","floor":4.0,"gold_loss":0.0,"damage_taken":0.0,"relics_obtained":["SsserpentHead"]},{"damage_healed":0.0,"max_hp_gain":0.0,"max_hp_loss":0.0,"gold_gain":0.0,"event_name":"Addict","player_choice":"Obtained Relic","floor":22.0,"gold_loss":85.0,"damage_taken":0.0,"relics_obtained":["Ornamental Fan"]},{"damage_healed":0.0,"max_hp_gain":0.0,"max_hp_loss":0.0,"gold_gain":0.0,"event_name":"Back to Basics","player_choice":"Simplicity","floor":25.0,"gold_loss":0.0,"damage_taken":0.0,"cards_upgraded":["Strike_R","Strike_R","Strike_R","Defend_R","Defend_R","Defend_R","Defend_R"]},{"damage_healed":0.0,"max_hp_gain":0.0,"max_hp_loss":0.0,"gold_gain":0.0,"event_name":"Lab","player_choice":"Got Potions","floor":36.0,"gold_loss":0.0,"damage_taken":0.0},{"damage_healed":0.0,"max_hp_gain":0.0,"max_hp_loss":0.0,"gold_gain":0.0,"event_name":"SensoryStone","player_choice":"Memory 3","floor":39.0,"gold_loss":0.0,"damage_taken":10.0},{"damage_healed":0.0,"max_hp_gain":0.0,"max_hp_loss":0.0,"gold_gain":0.0,"event_name":"MindBloom","player_choice":"Fight","floor":46.0,"gold_loss":0.0,"damage_taken":0.0}],"is_beta":false,"boss_relics":[{"not_picked":["Velvet Choker","Sozu"],"picked":"Black Star"},{"not_picked":["Tiny House","Mark of Pain"],"picked":"Busted Crown"}],"items_purged_floors":[0,20,38,48,53],"is_endless":false,"potions_floor_spawned":[1,5,11,14,21,23,33,37,45],"ascension_level":0}}