{"host":"8zzc9mdnfkdiyxma","time":1607844881,"event":{"mods":["2.2 Compatiblity","BaseMod","Better Altar","Better Match","Better Note","Better Sensory Stone","Better Skull","Better Third Choice","Better Vampires","Colored Map","Colored Powertips","Emptier Cage","Energized Spire","Halation","Minty Spire (QoL Compilation)","Permanent Neow","Rare Cards Sparkle","Relic Filter","SacredBarkPlus","StSLib","Waifu the Spire"],"gold_per_floor":[117,135,135,185,197,197,230,230,299,299,310,322,338,338,338,416,416,436,74,90,109,120,154,167,167,167,200,200,235,255,273,273,347,347,364,381,406,406,421,421,446,446,446,460,474,58,58,58,58,58,58],"floor_reached":52,"playtime":3614,"items_purged":["Strike_R","Writhe"],"score":1842,"play_id":"17fdf61f-2e81-4bd6-83c7-488789bf4d01","local_time":"20201213023441","is_ascension_mode":true,"campfire_choices":[{"data":"Sadistic Nature","floor":6.0,"key":"SMITH"},{"floor":8.0,"key":"REST"},{"data":"Pommel Strike","floor":10.0,"key":"SMITH"},{"data":"Demon Form","floor":15.0,"key":"SMITH"},{"floor":25.0,"key":"REST"},{"floor":28.0,"key":"REST"},{"floor":32.0,"key":"REST"},{"floor":40.0,"key":"REST"},{"floor":42.0,"key":"REST"},{"floor":49,"key":"REST"}],"circlet_count":0,"master_deck":["AscendersBane","Strike_R","Strike_R","Strike_R","Strike_R","Defend_R","Defend_R","Defend_R","Bash","Sadistic Nature+1","Inflame","Pommel Strike+1","Rampage","Shockwave","Demon Form+1","Shrug It Off","Shrug It Off","Feed","Pommel Strike","Dropkick+1","Disarm","Offering","Shockwave","True Grit+1","Evolve+1","Offering","Secret Technique","Dark Shackles","Trip"],"relics":["Burning Blood","Centennial Puzzle","Orichalcum","Pear","Busted Crown","Singing Bowl","Toy Ornithopter","Frozen Egg 2","Paper Frog","Anchor","Cursed Key","StoneCalendar","halation:PinkSoulGem","The Courier","DollysMirror"],"acts_visited":["Exordium","TheCity","TheBeyond"],"potions_floor_usage":[45,51,51],"damage_taken":[{"damage":10.0,"enemies":"Small Slimes","floor":1.0,"turns":3.0},{"damage":6.0,"enemies":"Cultist","floor":2.0,"turns":4.0},{"damage":2.0,"enemies":"Jaw Worm","floor":5.0,"turns":3.0},{"damage":30.0,"enemies":"3 Sentries","floor":7.0,"turns":8.0},{"damage":16.0,"enemies":"Lots of Slimes","floor":11.0,"turns":3.0},{"damage":7.0,"enemies":"Large Slime","floor":12.0,"turns":5.0},{"damage":5.0,"enemies":"Looter","floor":13.0,"turns":2.0},{"damage":25.0,"enemies":"The Guardian","floor":16.0,"turns":10.0},{"damage":4.0,"enemies":"3 Byrds","floor":18.0,"turns":4.0},{"damage":20.0,"enemies":"2 Thieves","floor":20.0,"turns":4.0},{"damage":12.0,"enemies":"Snecko","floor":21.0,"turns":5.0},{"damage":33.0,"enemies":"Snake Plant","floor":22.0,"turns":5.0},{"damage":17.0,"enemies":"Gremlin Leader","floor":23.0,"turns":5.0},{"damage":7.0,"enemies":"Centurion and Healer","floor":24.0,"turns":5.0},{"damage":39.0,"enemies":"Book of Stabbing","floor":27.0,"turns":4.0},{"damage":7.0,"enemies":"Gremlin Leader","floor":29.0,"turns":6.0},{"damage":8.0,"enemies":"Shelled Parasite and Fungi","floor":30.0,"turns":3.0},{"damage":18.0,"enemies":"Snake Plant","floor":31.0,"turns":3.0},{"damage":55.0,"enemies":"Automaton","floor":33.0,"turns":7.0},{"damage":7.0,"enemies":"3 Shapes","floor":35.0,"turns":6.0},{"damage":16.0,"enemies":"3 Darklings","floor":36.0,"turns":4.0},{"damage":6.0,"enemies":"Mind Bloom Boss Battle","floor":37.0,"turns":5.0},{"damage":36.0,"enemies":"Sphere and 2 Shapes","floor":39.0,"turns":4.0},{"damage":63.0,"enemies":"Nemesis","floor":41.0,"turns":7.0},{"damage":26.0,"enemies":"Jaw Worm Horde","floor":44.0,"turns":4.0},{"damage":12,"enemies":"Spire Growth","floor":45,"turns":4},{"damage":62,"enemies":"Donu and Deca","floor":50,"turns":7},{"damage":60,"enemies":"Time Eater","floor":51,"turns":9}],"seed_played":"-2489484338682814332","potions_obtained":[{"floor":5.0,"key":"Weak Potion"},{"floor":7.0,"key":"Regen Potion"},{"floor":20.0,"key":"FearPotion"},{"floor":22.0,"key":"CultistPotion"},{"floor":23.0,"key":"ColorlessPotion"},{"floor":24.0,"key":"Ancient Potion"},{"floor":31.0,"key":"Energy Potion"},{"floor":33.0,"key":"Dexterity Potion"},{"floor":45,"key":"ColorlessPotion"}],"is_trial":false,"path_per_floor":["M","M","?","?","M","R","E","R","T","R","M","M","M","?","R","B",null,"M","$","M","M","M","E","M","R","T","E","R","E","M","M","R","B",null,"M","M","?","?","M","R","E","R","T","M","M","$","?","?","R","B","B",null],"character_chosen":"IRONCLAD","items_purchased":["Singing Bowl","Evolve+1","DollysMirror","Secret Technique"],"campfire_rested":7,"item_purchase_floors":[19,46,46,46],"current_hp_per_floor":[46,46,35,35,39,39,15,37,47,47,37,36,37,37,37,33,72,77,77,68,64,39,30,39,70,70,39,70,69,70,63,97,53,99,103,93,93,93,68,105,53,91,91,73,77,77,77,77,117,61,17],"gold":58,"neow_bonus":"RANDOM_COLORLESS_2","is_daily":false,"chose_seed":false,"campfire_upgraded":3,"win_rate":0.0,"timestamp":1607844881,"path_taken":["M","M","?","?","M","R","E","R","T","R","?","M","?","?","R","BOSS","M","?","?","M","M","E","M","R","T","E","R","E","M","M","R","BOSS","M","M","?","?","M","R","E","R","T","?","M","$","?","?","R","BOSS","BOSS"],"items_purchased_type":["Relic","Card","Relic","Card"],"build_version":"2020-11-30","purchased_purges":2,"victory":true,"max_hp_per_floor":[75,75,75,75,75,75,75,75,85,85,85,85,85,85,85,85,85,88,88,93,95,97,99,104,104,104,106,106,106,109,114,114,114,114,119,119,119,119,124,124,129,129,129,131,136,136,136,136,136,136,136],"card_choices":[{"not_picked":["Secret Weapon","Panache"],"picked":"Sadistic Nature","floor":0.0},{"not_picked":["True Grit","Clothesline"],"picked":"Inflame","floor":1.0},{"not_picked":["Wild Strike","Heavy Blade"],"picked":"Pommel Strike","floor":2.0},{"not_picked":["Power Through","Anger"],"picked":"Rampage","floor":5.0},{"not_picked":["Spot Weakness","Wild Strike"],"picked":"Shockwave","floor":7.0},{"not_picked":["Blood for Blood","Havoc"],"picked":"Demon Form","floor":11.0},{"not_picked":["Whirlwind","Fire Breathing"],"picked":"Shrug It Off","floor":12.0},{"not_picked":["Rage","Heavy Blade"],"picked":"Shrug It Off","floor":13.0},{"not_picked":["Corruption","Double Tap"],"picked":"Feed","floor":16.0},{"not_picked":[],"picked":"Pommel Strike","floor":18.0},{"not_picked":["Rage"],"picked":"Singing Bowl","floor":20.0},{"not_picked":["Body Slam"],"picked":"Singing Bowl","floor":21.0},{"not_picked":["Second Wind"],"picked":"Singing Bowl","floor":22.0},{"not_picked":["Blood for Blood"],"picked":"Singing Bowl","floor":23.0},{"not_picked":["Flex"],"picked":"Singing Bowl","floor":24.0},{"not_picked":["Iron Wave"],"picked":"Singing Bowl","floor":27.0},{"not_picked":[],"picked":"Dropkick+1","floor":29.0},{"not_picked":[],"picked":"Disarm","floor":30.0},{"not_picked":["Anger"],"picked":"Singing Bowl","floor":31.0},{"not_picked":[],"picked":"Offering","floor":33.0},{"not_picked":["Rampage"],"picked":"Singing Bowl","floor":35.0},{"not_picked":[],"picked":"Shockwave","floor":36.0},{"not_picked":[],"picked":"True Grit+1","floor":37.0},{"not_picked":["Entrench"],"picked":"Singing Bowl","floor":39.0},{"not_picked":["Twin Strike"],"picked":"Singing Bowl","floor":41.0},{"not_picked":["Body Slam+1"],"picked":"Singing Bowl","floor":44.0},{"not_picked":["Anger+1"],"picked":"Singing Bowl","floor":45},{"not_picked":[],"picked":"Dark Shackles","floor":48},{"not_picked":[],"picked":"Trip","floor":48}],"player_experience":990409,"relics_obtained":[{"floor":7.0,"key":"Orichalcum"},{"floor":9.0,"key":"Pear"},{"floor":23.0,"key":"Toy Ornithopter"},{"floor":26.0,"key":"Frozen Egg 2"},{"floor":27.0,"key":"Paper Frog"},{"floor":29.0,"key":"Anchor"},{"floor":37.0,"key":"StoneCalendar"},{"floor":41.0,"key":"The Courier"}],"event_choices":[{"damage_healed":0.0,"max_hp_gain":0.0,"max_hp_loss":0.0,"gold_gain":0.0,"event_name":"betterThird:BetterScrap","player_choice":"Relic ","floor":3.0,"gold_loss":0.0,"damage_taken":11.0,"cards_obtained":["Terror"]},{"damage_healed":0.0,"max_hp_gain":0.0,"max_hp_loss":0.0,"gold_gain":50.0,"event_name":"Golden Shrine","player_choice":"Pray","floor":4.0,"gold_loss":0.0,"damage_taken":0.0},{"damage_healed":0.0,"max_hp_gain":0.0,"max_hp_loss":0.0,"gold_gain":0.0,"cards_transformed":["Defend_R"],"event_name":"Transmorgrifier","player_choice":"Transformed","floor":14.0,"gold_loss":0.0,"damage_taken":0.0,"cards_obtained":["Headbutt"]},{"damage_healed":0.0,"max_hp_gain":0.0,"max_hp_loss":0.0,"gold_gain":0.0,"event_name":"MindBloom","player_choice":"Fight","floor":37.0,"gold_loss":0.0,"damage_taken":0.0},{"cards_removed":["Headbutt"],"damage_healed":0,"gold_gain":0,"player_choice":"Removed Attack","damage_taken":0,"max_hp_gain":0,"max_hp_loss":0,"event_name":"Falling","floor":47,"gold_loss":0},{"damage_healed":0,"gold_gain":3,"player_choice":"1","damage_taken":0,"max_hp_gain":0,"max_hp_loss":0,"event_name":"betterStone:BetterStone","floor":48,"gold_loss":0}],"is_beta":false,"boss_relics":[{"not_picked":["Mark of Pain","Fusion Hammer"],"picked":"Busted Crown"},{"not_picked":["energizedSpire:DecayingSkull","Empty Cage"],"picked":"Cursed Key"}],"items_purged_floors":[19,46],"is_endless":false,"potions_floor_spawned":[5,7,12,20,22,23,24,31,33,36,37,39,45],"ascension_level":20}}