{"host":"zuf44wbx6j0c4h1p","time":1607892049,"event":{"mods":["2.2 Compatiblity","AchievementEnabler","Act Like it!","Aspiration","Bartender","BaseMod","Beaked The Cultist","Better Altar","Better Match","Better Note","Better Sensory Stone","Better Skull","Better Vampires","BetterRewards","Card Filter","CatGirl Mod","ChefMod","Conspire","Displayed Cursed Tome","Downfall","Friendly Minions","GungeonMod","Halation","Hermit","Hubris","Infinite Spire","Ironclad Rager","Jedi Mod","Jorbs\u0027s Wanderer Trilogy","Marisa????????","Marked Mod","Minty Spire (QoL Compilation)","Pale of the Ancients","Permanent Neow","Potionbrewer","QueenMod","Quick Restart","Replay The Spire","Robot Space Explorer","SCP261 Mod","Shedinja","Shop Mod","Spicy Shops","StSLib","Steal the Spire","The Alterego","The Animator","The Bug Knight","The Dragon Tamer","The Fake Hero","The Hierophant","The Kombatant","The Poker Player","The Sage","The Senshi","The Servant 0.9.4","The Spell Scribe","The Vixen","The Wild Card","TheBandit","TheSwordswoman","TheVacant","Uncapped","thorton","vexMod"],"gold_per_floor":[110,125,141,157,177,177,177,211,236,236,277,309,329,341,341,459,459,474,505,530,440,326,355,355,384,407,424,424,424,434,434,434,531,531,581,629,43,59,59,59,59,59,59],"floor_reached":42,"playtime":4802,"items_purged":[],"score":502,"play_id":"c841faea-c8c0-4638-9d7f-e48f2c6fc0db","local_time":"20201213144049","is_ascension_mode":false,"campfire_choices":[{"floor":6.0,"key":"RECALL"},{"floor":10.0,"key":"REST"},{"floor":15.0,"key":"REST"},{"floor":24.0,"key":"REST"},{"floor":28.0,"key":"REST"},{"floor":32.0,"key":"DIG"},{"data":"Looming Evil","floor":40,"key":"SMITH"},{"data":"infinitespire:TheBestDefense","floor":40,"key":"SMITH"}],"circlet_count":0,"master_deck":["Strike_MRS","Strike_MRS","Strike_MRS","Defend_MRS","Defend_MRS","Defend_MRS","Defend_MRS","MasterSpark+1","UpSweep","TreasureHunter+1","MilkyWay","PropBag","MillisecondPulsars","OortCloud","DoubleSpark","WitchOfGreed","Pot Of Greed","Pot Of Greed","MysteriousBeam+1","MysteriousBeam+1","StarBarrage+1","MysteriousBeam+1","AbsoluteMagnitude+1","AsteroidBelt+1","NonDirectionalLaser+1","Pot Of Greed","UnstableBomb+1","infinitespire:TheBestDefense+1","SporeBomb","UnstableBomb+1","MagicChant+1","MagicChant+1","StarDustReverie","GravityBeat+1","GrandCross+1","GravityBeat+1"],"relics":["MiniHakkero","Replay:Wax Seal","Molten Egg 2","Oddly Smooth Stone","halation:PrussianBluePaint","Grinning Jar","potionbrewer:AlchemistFlask","thethorton:CrushedCigarette","Pear","halation:TwoAmDonut","Blue Doll","Kunai","Juzu Bracelet","infinitespire:EvilPickle","RampagingMagicTools","Replay:Arrowhead","halation:Jellyphish","jedi:arcanewood","Ring of Panic","Ring of Fury","hubris:Towel","hubris:DeckOfHolding","Mummified Hand"],"acts_visited":[],"potions_floor_usage":[],"damage_taken":[{"damage":8.0,"enemies":"infinitespire:Voidling","floor":1.0,"turns":3.0},{"damage":6.0,"enemies":"Jaw Worm","floor":2.0,"turns":3.0},{"damage":0.0,"enemies":"2 Louse","floor":3.0,"turns":3.0},{"damage":10.0,"enemies":"Exordium Wildlife","floor":4.0,"turns":3.0},{"damage":3.0,"enemies":"conspire:2 RoseBushes","floor":5.0,"turns":5.0},{"damage":14.0,"enemies":"Lagavulin","floor":8.0,"turns":9.0},{"damage":7.0,"enemies":"Replay:BlueRogue","floor":11.0,"turns":6.0},{"damage":23.0,"enemies":"Lots of Slimes","floor":12.0,"turns":4.0},{"damage":0.0,"enemies":"Large Slime","floor":13.0,"turns":2.0},{"damage":13.0,"enemies":"conspire:2 RoseBushes","floor":14.0,"turns":2.0},{"damage":4.0,"enemies":"Slime Boss","floor":16.0,"turns":7.0},{"damage":6.0,"enemies":"Shell Parasite","floor":18.0,"turns":5.0},{"damage":27.0,"enemies":"Spheric Guardian","floor":19.0,"turns":4.0},{"damage":0.0,"enemies":"Centurion and Healer","floor":20.0,"turns":4.0},{"damage":33.0,"enemies":"Nightmare","floor":23.0,"turns":5.0},{"damage":27.0,"enemies":"Gremlin Leader","floor":25.0,"turns":6.0},{"damage":0.0,"enemies":"Cultist and Chosen","floor":27.0,"turns":3.0},{"damage":0.0,"enemies":"Sentry and Sphere","floor":30.0,"turns":3.0},{"damage":18.0,"enemies":"Pondfish","floor":33.0,"turns":8.0},{"damage":36.0,"enemies":"Orb Walker","floor":35.0,"turns":3.0},{"damage":0.0,"enemies":"3 Darklings","floor":36.0,"turns":2.0},{"damage":10,"enemies":"Jaw Worm Horde","floor":38,"turns":3},{"damage":52,"enemies":"Nightmare","floor":42,"turns":3}],"seed_played":"-621997933872054658","potions_obtained":[{"floor":2.0,"key":"SCP261:GirlTearsPotion"},{"floor":4.0,"key":"Regen Potion"},{"floor":8.0,"key":"Block Potion"},{"floor":11.0,"key":"Energy Potion"},{"floor":12.0,"key":"BottledSpark"},{"floor":16.0,"key":"Dexterity Potion"},{"floor":19.0,"key":"Explosive Potion"},{"floor":20.0,"key":"SCP261:BarrettColaPotion"},{"floor":25.0,"key":"Dexterity Potion"},{"floor":33.0,"key":"Adrenaline Potion"}],"is_trial":false,"path_per_floor":["M","M","M","M","M","R","?","E","T","R","E","M","M","M","R","B",null,"M","M","M","?","?","NM","R","E","T","M","R","?","M","?","R","B",null,"M","M","$","M","?","R","?","NM"],"character_chosen":"MARISA","items_purchased":["Replay:Arrowhead","halation:Jellyphish","jedi:arcanewood"],"campfire_rested":4,"item_purchase_floors":[37,37,37],"current_hp_per_floor":[46,40,40,30,53,53,53,39,39,61,54,31,31,18,40,36,75,69,50,50,50,60,27,54,27,27,27,54,54,54,54,54,36,93,57,57,57,47,47,47,47,0,0],"gold":59,"neow_bonus":"THREE_RARE_CARDS","is_daily":false,"chose_seed":false,"campfire_upgraded":2,"win_rate":0.0,"timestamp":1607892049,"path_taken":["M","M","M","?","M","R","?","E","T","R","E","M","M","M","R","BOSS","M","M","M","?","?","NM","R","E","T","?","R","?","M","?","R","BOSS","M","M","$","M","?","R","?","NM"],"items_purchased_type":["Relic","Relic","Relic"],"build_version":"2020-11-30","purchased_purges":0,"victory":false,"max_hp_per_floor":[75,75,75,75,75,75,75,75,75,75,75,75,75,75,75,75,75,75,83,83,83,93,93,93,93,93,93,93,93,93,93,93,93,93,93,93,93,93,93,93,93,93,93],"card_choices":[{"not_picked":["StarDustReverie","JA"],"picked":"TreasureHunter","floor":0.0},{"not_picked":["ShootingEcho","DoubleSpark"],"picked":"MilkyWay","floor":1.0},{"not_picked":["ManaConvection","DoubleSpark"],"picked":"PropBag","floor":2.0},{"not_picked":["DC","LuminesStrike"],"picked":"MillisecondPulsars","floor":3.0},{"not_picked":["WitchOfGreed","UnstableBomb"],"picked":"OortCloud","floor":4.0},{"not_picked":["DC","Occultation"],"picked":"DoubleSpark","floor":5.0},{"not_picked":["DC+1","Acceleration"],"picked":"WitchOfGreed","floor":8.0},{"not_picked":["MachineGunSpark+1","PowerUp"],"picked":"MysteriousBeam+1","floor":11.0},{"not_picked":["SporeBomb","UnstableBomb+1"],"picked":"MysteriousBeam+1","floor":12.0},{"not_picked":["DoubleSpark+1","6A+1"],"picked":"StarBarrage+1","floor":13.0},{"not_picked":["DoubleSpark+1","ManaRampage"],"picked":"MysteriousBeam+1","floor":14.0},{"not_picked":["EscapeVelocity","SatelliteIllusion"],"picked":"AbsoluteMagnitude+1","floor":16.0},{"not_picked":["MysteriousBeam+1","BlazeAway"],"picked":"AsteroidBelt+1","floor":18.0},{"not_picked":["WitchLeyline+1","PowerUp"],"picked":"NonDirectionalLaser+1","floor":19.0},{"not_picked":["IllusionStar+1","EnergyRecoil"],"picked":"UnstableBomb+1","floor":20.0},{"not_picked":["infinitespire:Menacing","infinitespire:NeuralNetwork"],"picked":"infinitespire:TheBestDefense","floor":23.0},{"not_picked":["StarlightTyphoon","OrrerysSun"],"picked":"SporeBomb","floor":23.0},{"not_picked":["MeteoricShower+1","MagicAbsorber"],"picked":"UnstableBomb+1","floor":25.0},{"not_picked":["Acceleration","FairyDestructionRay+1"],"picked":"MagicChant+1","floor":27.0},{"not_picked":["SuperPerseids+1","LuminesStrike+1"],"picked":"MagicChant+1","floor":30.0},{"not_picked":["JA+1","MillisecondPulsars"],"picked":"StarDustReverie","floor":33.0},{"not_picked":["SporeBomb+1","RefractionSpark+1"],"picked":"GravityBeat+1","floor":35.0},{"not_picked":["Acceleration+1","PowerUp+1"],"picked":"GrandCross+1","floor":36},{"not_picked":["DoubleSpark+1","Acceleration+1"],"picked":"GravityBeat+1","floor":38}],"player_experience":397073,"relics_obtained":[{"floor":8.0,"key":"Replay:Wax Seal"},{"floor":8.0,"key":"Molten Egg 2"},{"floor":9.0,"key":"Oddly Smooth Stone"},{"floor":11.0,"key":"halation:PrussianBluePaint"},{"floor":11.0,"key":"Grinning Jar"},{"floor":16.0,"key":"potionbrewer:AlchemistFlask"},{"floor":23.0,"key":"halation:TwoAmDonut"},{"floor":25.0,"key":"Blue Doll"},{"floor":25.0,"key":"Kunai"},{"floor":32.0,"key":"Juzu Bracelet"},{"floor":39,"key":"Ring of Panic"},{"floor":39,"key":"Ring of Fury"}],"event_choices":[{"damage_healed":0.0,"max_hp_gain":0.0,"max_hp_loss":0.0,"gold_gain":0.0,"event_name":"Dead Adventurer","player_choice":"Searched \u00271\u0027 times","floor":7.0,"gold_loss":0.0,"damage_taken":0.0},{"cards_removed":["Strike_MRS"],"damage_healed":0.0,"max_hp_gain":0.0,"max_hp_loss":0.0,"gold_gain":0.0,"event_name":"Designer","player_choice":"Upgrade and Remove","floor":21.0,"gold_loss":90.0,"damage_taken":0.0,"cards_upgraded":["MasterSpark"]},{"damage_healed":0.0,"max_hp_gain":0.0,"max_hp_loss":0.0,"gold_gain":0.0,"event_name":"WeMeetAgain","player_choice":"Paid Gold","floor":22.0,"gold_loss":114.0,"damage_taken":0.0,"relics_obtained":["Pear"]},{"damage_healed":0.0,"max_hp_gain":0.0,"max_hp_loss":0.0,"gold_gain":0.0,"event_name":"The Woman in Blue","player_choice":"Bought 0 Potions","floor":29.0,"gold_loss":0.0,"damage_taken":0.0},{"damage_healed":0.0,"max_hp_gain":0.0,"max_hp_loss":0.0,"gold_gain":0.0,"event_name":"Lab","player_choice":"Got Potions","floor":31.0,"gold_loss":0.0,"damage_taken":0.0}],"is_beta":false,"boss_relics":[{"not_picked":["hubris:Stopwatch","halation:Yufonium"],"picked":"thethorton:CrushedCigarette"},{"not_picked":["Snecko Heart","Ring of Chaos"],"picked":"RampagingMagicTools"}],"items_purged_floors":[],"is_endless":false,"potions_floor_spawned":[2,4,8,13,18,25,27,33],"killed_by":"Nightmare","ascension_level":0}}