{"host":"qw1m3zcvi888b4j7","time":1607885393,"event":{"mods":["AchievementEnabler","BaseMod","Block Reminder","Colored Map","Colored Powertips","Consume Value Calculator","DeckTracker","Highlight Path","Minty Spire (QoL Compilation)","Quick Restart","Rare Cards Sparkle","Relic Sorter","Relic Stats"],"gold_per_floor":[116,9,9,19,19,19,52,52,52,52,83,83,83,102,102,202,202,216,230,230,230,245,245,263,24,24,24,56,56,56],"floor_reached":29,"playtime":1071,"items_purged":[],"score":286,"play_id":"b34b43ef-e4a8-4a82-a84e-9db1fbf1a937","local_time":"20201213194953","is_ascension_mode":true,"campfire_choices":[{"floor":6,"key":"RECALL"},{"floor":8,"key":"REST"},{"data":"Zap","floor":10,"key":"SMITH"},{"floor":13,"key":"REST"},{"data":"Fusion","floor":15,"key":"SMITH"},{"data":"Melter","floor":23,"key":"SMITH"},{"data":"Barrage","floor":27,"key":"SMITH"}],"circlet_count":0,"master_deck":["Defend_B","Defend_B","Defend_B","Defend_B","Zap+1","Dualcast+1","Cold Snap","Gash+1","Self Repair","FTL","Gash","Sunder","Fusion+1","Machine Learning","Redo+1","Loop+1","Bite","Bite","Bite","Bite","Bite","Melter+1","Barrage+1","Streamline+1","Tempest","Cold Snap","Clumsy","Cold Snap"],"relics":["Cracked Core","Mango","Nunchaku","Vajra","White Beast Statue","Cursed Key","HandDrill","Letter Opener","Darkstone Periapt"],"acts_visited":["Exordium","TheCity"],"potions_floor_usage":[16,16,17,19,22,28,28,28,28,28,28],"damage_taken":[{"damage":1,"enemies":"Jaw Worm","floor":1,"turns":4},{"damage":7,"enemies":"2 Louse","floor":4,"turns":2},{"damage":36,"enemies":"Gremlin Nob","floor":7,"turns":4},{"damage":31,"enemies":"Lagavulin","floor":11,"turns":5},{"damage":0,"enemies":"Small Slimes","floor":14,"turns":1},{"damage":39,"enemies":"Slime Boss","floor":16,"turns":11},{"damage":15,"enemies":"Shell Parasite","floor":18,"turns":5},{"damage":25,"enemies":"Spheric Guardian","floor":19,"turns":4},{"damage":13,"enemies":"Snake Plant","floor":22,"turns":4},{"damage":29,"enemies":"Shelled Parasite and Fungi","floor":24,"turns":4},{"damage":44,"enemies":"Slavers","floor":28,"turns":3}],"seed_played":"3306526379530347513","potions_obtained":[{"floor":11,"key":"Regen Potion"},{"floor":14,"key":"PowerPotion"},{"floor":16,"key":"Fruit Juice"},{"floor":18,"key":"Strength Potion"},{"floor":19,"key":"DistilledChaos"},{"floor":22,"key":"EssenceOfDarkness"},{"floor":24,"key":"EntropicBrew"},{"floor":28,"key":"Explosive Potion"}],"is_trial":false,"path_per_floor":["M","$","?","M","?","R","E","R","T","R","E","?","R","M","R","B",null,"M","M","?","?","M","R","M","$","T","R","E","?"],"character_chosen":"DEFECT","items_purchased":["Gash","Self Repair","HandDrill","Tempest","Cold Snap"],"campfire_rested":2,"item_purchase_floors":[2,2,25,25,25],"current_hp_per_floor":[67,67,49,42,42,42,13,39,39,39,15,8,34,34,34,16,94,86,68,65,65,59,59,47,47,47,47,9,0,0],"gold":56,"neow_bonus":"ONE_RARE_RELIC","is_daily":false,"chose_seed":false,"campfire_upgraded":4,"win_rate":0.0,"timestamp":1607885393,"path_taken":["M","$","?","M","?","R","E","R","T","R","E","?","R","M","R","BOSS","M","M","?","?","M","R","M","?","T","R","E","?"],"items_purchased_type":["Card","Card","Relic","Card","Card"],"build_version":"2020-11-30","purchased_purges":0,"victory":false,"max_hp_per_floor":[89,89,89,89,89,89,89,89,89,89,89,89,89,89,89,89,94,94,94,65,65,65,65,65,65,65,65,65,65,65],"relic_stats":{"Darkstone Periapt":0,"Nunchaku":[9],"counters":[11,47],"HandDrill":[0],"Letter Opener":[5],"Cursed Key":1,"obtain_stats":[{"Darkstone Periapt":28,"Nunchaku":7,"Vajra":11,"Mango":0,"HandDrill":25,"Letter Opener":26,"Cracked Core":0,"Cursed Key":17,"White Beast Statue":12},{"Darkstone Periapt":11,"Nunchaku":3,"Vajra":4,"Mango":0,"HandDrill":10,"Letter Opener":10,"Cracked Core":0,"Cursed Key":6,"White Beast Statue":4},{"Darkstone Periapt":47,"Nunchaku":10,"Vajra":15,"Mango":0,"HandDrill":44,"Letter Opener":44,"Cracked Core":0,"Cursed Key":27,"White Beast Statue":15}]},"card_choices":[{"not_picked":["Gash","Rip and Tear"],"picked":"Cold Snap","floor":1},{"not_picked":["Conserve Battery","Chill"],"picked":"FTL","floor":4},{"not_picked":["Steam Power","Recycle"],"picked":"Gash","floor":7},{"not_picked":["Amplify","Barrage"],"picked":"Sunder","floor":11},{"not_picked":["FTL","Genetic Algorithm"],"picked":"Fusion","floor":14},{"not_picked":["Thunder Strike","Creative AI"],"picked":"Machine Learning","floor":16},{"not_picked":["Hologram+1","Stack"],"picked":"Redo+1","floor":18},{"not_picked":["Barrage","Turbo+1"],"picked":"Loop+1","floor":19},{"not_picked":["Reinforced Body","Turbo"],"picked":"Barrage","floor":22},{"not_picked":["Steam Power","Leap"],"picked":"Streamline+1","floor":24},{"not_picked":["Tempest","Recycle"],"picked":"Cold Snap","floor":28}],"player_experience":45648,"relics_obtained":[{"floor":7,"key":"Nunchaku"},{"floor":11,"key":"Vajra"},{"floor":26,"key":"Letter Opener"},{"floor":28,"key":"Darkstone Periapt"}],"event_choices":[{"damage_healed":0,"gold_gain":0,"player_choice":"Entered Light","damage_taken":18,"max_hp_gain":0,"max_hp_loss":0,"event_name":"Shining Light","floor":3,"gold_loss":0,"cards_upgraded":["Dualcast","Gash"]},{"damage_healed":0,"gold_gain":0,"player_choice":"Ignored","damage_taken":0,"max_hp_gain":0,"max_hp_loss":0,"event_name":"Golden Wing","floor":5,"gold_loss":0},{"damage_healed":0,"gold_gain":0,"player_choice":"Success","damage_taken":7,"relics_obtained":["White Beast Statue"],"max_hp_gain":0,"max_hp_loss":0,"event_name":"Scrap Ooze","floor":12,"gold_loss":0},{"damage_healed":0,"gold_gain":0,"player_choice":"Became a vampire","damage_taken":0,"max_hp_gain":0,"max_hp_loss":29,"event_name":"Vampires","floor":20,"gold_loss":0,"cards_obtained":["Bite","Bite","Bite","Bite","Bite"]},{"damage_healed":0,"gold_gain":0,"player_choice":"Read","damage_taken":0,"max_hp_gain":0,"max_hp_loss":0,"event_name":"The Library","floor":21,"gold_loss":0,"cards_obtained":["Melter"]}],"is_beta":false,"boss_relics":[{"not_picked":["Snecko Eye","Fusion Hammer"],"picked":"Cursed Key"}],"items_purged_floors":[],"is_endless":false,"potions_floor_spawned":[11,14,16,18,19,22,24,28],"ascension_level":1}}