{"host":"0i8dz4ityulxi1rd","time":1607875315,"event":{"mods":["BaseMod","Colored Map","Colored Powertips","Custom Start","Highlight Path","Keyboard Shortcuts","Minty Spire (QoL Compilation)","StSLib","SuperFastMode","The Runesmith"],"gold_per_floor":[109,109,49,224,235,262,262,273,273,193,204,221,236,251,251,354,354,372,388,388,303,320,340,340,340,340,340,371,390,407,407,407,506,506,519,93,103,39,56,56,56],"floor_reached":40,"playtime":668,"items_purged":["Regret","Doubt","Runesmith:Grindstone+1"],"score":587,"play_id":"f8c9b420-990b-4589-be60-12a1125a8fc2","local_time":"20201214010155","is_ascension_mode":false,"campfire_choices":[{"data":"Runesmith:Reinforce","floor":7,"key":"SMITH"},{"data":"Runesmith:Grindstone","floor":15,"key":"SMITH"},{"data":"Runesmith:CraftIndustria","floor":24,"key":"SMITH"},{"data":"Runesmith:FieryHammer+100","floor":27,"key":"SMITH"},{"data":"Runesmith:FieryHammer+101","floor":32,"key":"SMITH"}],"circlet_count":0,"master_deck":["Runesmith:FieryHammer+102","Runesmith:Reinforce+1","Runesmith:CraftIndustria+1","Runesmith:HammerThrow","Deep Breath","Runesmith:CraftReservo","Runesmith:CraftIndustria"],"relics":["Runesmith:BrokenRuby","The Courier","Bottled Lightning","Velvet Choker","Orichalcum","Question Card","Matryoshka","Pear","Nloth\u0027s Gift","Runesmith:UraniumAnvil","Gambling Chip"],"acts_visited":["Exordium","TheCity","TheBeyond"],"potions_floor_usage":[12],"damage_taken":[{"damage":0,"enemies":"Small Slimes","floor":1,"turns":1},{"damage":0,"enemies":"Jaw Worm","floor":5,"turns":1},{"damage":0,"enemies":"3 Sentries","floor":6,"turns":1},{"damage":0,"enemies":"2 Louse","floor":8,"turns":1},{"damage":0,"enemies":"Large Slime","floor":11,"turns":1},{"damage":0,"enemies":"Exordium Wildlife","floor":12,"turns":1},{"damage":0,"enemies":"2 Fungi Beasts","floor":13,"turns":1},{"damage":0,"enemies":"Lots of Slimes","floor":14,"turns":1},{"damage":0,"enemies":"Hexaghost","floor":16,"turns":1},{"damage":0,"enemies":"Chosen","floor":18,"turns":1},{"damage":0,"enemies":"Spheric Guardian","floor":19,"turns":1},{"damage":0,"enemies":"Snake Plant","floor":22,"turns":1},{"damage":0,"enemies":"Centurion and Healer","floor":23,"turns":1},{"damage":19,"enemies":"Gremlin Leader","floor":28,"turns":2},{"damage":0,"enemies":"Cultist and Chosen","floor":29,"turns":1},{"damage":0,"enemies":"Sentry and Sphere","floor":30,"turns":1},{"damage":0,"enemies":"Automaton","floor":33,"turns":1},{"damage":4,"enemies":"3 Shapes","floor":35,"turns":2},{"damage":0,"enemies":"3 Darklings","floor":37,"turns":1},{"damage":27,"enemies":"Sphere and 2 Shapes","floor":39,"turns":5},{"damage":0,"enemies":"4 Shapes","floor":40,"turns":1}],"seed_played":"-7184897318438980058","potions_obtained":[{"floor":1,"key":"Block Potion"},{"floor":6,"key":"Explosive Potion"},{"floor":12,"key":"Fruit Juice"},{"floor":16,"key":"Weak Potion"}],"is_trial":true,"path_per_floor":["M","?","$","?","M","E","R","M","T","$","M","M","M","M","R","B",null,"M","M","?","?","M","M","R","?","T","R","E","M","M","?","R","B",null,"M","$","M","$","M","M"],"character_chosen":"RUNESMITH_CLASS","items_purchased":["Gambling Chip","Deep Breath","Runesmith:CraftReservo"],"campfire_rested":0,"item_purchase_floors":[36,36,38],"current_hp_per_floor":[70,70,70,70,70,70,70,70,70,70,70,75,75,75,75,75,75,75,75,75,75,75,75,75,61,61,61,52,52,52,52,52,52,90,86,86,86,86,59,59,59],"gold":56,"neow_bonus":"","is_daily":false,"chose_seed":false,"campfire_upgraded":5,"win_rate":0.0,"timestamp":1607875315,"path_taken":["M","?","$","?","M","E","R","M","T","$","M","M","M","M","R","BOSS","M","M","?","?","M","M","R","?","T","R","E","M","?","?","R","BOSS","M","?","M","$","?","M"],"items_purchased_type":["Relic","Card","Card"],"build_version":"2020-11-30","purchased_purges":3,"victory":false,"max_hp_per_floor":[70,70,70,70,70,70,70,70,70,70,70,75,75,75,75,75,75,75,75,75,75,75,75,75,80,80,80,90,90,90,90,90,90,90,90,90,90,90,90,90,90],"card_choices":[{"not_picked":["Runesmith:Permafrost","Runesmith:PerfectChisel"],"picked":"Runesmith:Grindstone","floor":1},{"not_picked":["Runesmith:ShiftingStrike","Runesmith:Overpower","Runesmith:CraftProtectio"],"picked":"SKIP","floor":5},{"not_picked":["Runesmith:RunicBlueprint","Runesmith:BackupBattery"],"picked":"Runesmith:Reinforce","floor":6},{"not_picked":["Runesmith:Terraform","Runesmith:Superposition","Runesmith:CraftVitae"],"picked":"SKIP","floor":8},{"not_picked":["Runesmith:FrozenChisel","Runesmith:ChiselStab","Runesmith:HeatedChisel"],"picked":"SKIP","floor":11},{"not_picked":["Runesmith:HeatExchange","Runesmith:ChaoticBlast","Runesmith:Firewall"],"picked":"SKIP","floor":12},{"not_picked":["Runesmith:StaticCage","Runesmith:Grindstone","Runesmith:HeatedChisel"],"picked":"SKIP","floor":13},{"not_picked":["Runesmith:Accelerate","Runesmith:EnergizedChisel","Runesmith:BackupBattery"],"picked":"SKIP","floor":14},{"not_picked":["Runesmith:ReplicatingBarrier","Runesmith:UnlimitedPower"],"picked":"Runesmith:CraftIndustria","floor":16},{"not_picked":["Runesmith:EnergizedChisel","Runesmith:Retool","Runesmith:Repurpose"],"picked":"SKIP","floor":18},{"not_picked":["Runesmith:StaticCage+1","Runesmith:PerfectChisel+1","Runesmith:BackupBattery"],"picked":"SKIP","floor":19},{"not_picked":["Runesmith:HeatedChisel+1","Runesmith:Firestorm","Runesmith:Augment+1","Runesmith:HammerThrow"],"picked":"SKIP","floor":22},{"not_picked":["Runesmith:BackupBattery","Runesmith:Terraform","Runesmith:HeatExchange","Runesmith:Grindstone+1"],"picked":"SKIP","floor":23},{"not_picked":["Runesmith:OneForEveryone","Runesmith:CraftPrismatica","Runesmith:EnergizedChisel","Runesmith:RuneHurl"],"picked":"SKIP","floor":28},{"not_picked":["Runesmith:HammerThrow","Runesmith:Grindstone+1","Runesmith:Firestorm","Runesmith:ShiftingStrike"],"picked":"SKIP","floor":29},{"not_picked":["Runesmith:Repurpose","Runesmith:CraftObretio","Runesmith:CraftProtectio","Runesmith:RuneHurl"],"picked":"SKIP","floor":30},{"not_picked":["Runesmith:StaticCage","Runesmith:Repurpose","Runesmith:HeatedChisel+1"],"picked":"Runesmith:HammerThrow","floor":35},{"not_picked":["Runesmith:CraftMagma+1","Runesmith:Accelerate+1","Runesmith:RuneHurl","Runesmith:HeatedChisel+1"],"picked":"SKIP","floor":37},{"not_picked":["Runesmith:RuneHurl+1","Runesmith:StaticCage+1","Runesmith:CraftMagma+1"],"picked":"Runesmith:CraftIndustria","floor":39}],"player_experience":1254069,"relics_obtained":[{"floor":6,"key":"Bottled Lightning"},{"floor":9,"key":"Pen Nib"},{"floor":26,"key":"Matryoshka"},{"floor":28,"key":"Pear"}],"event_choices":[{"damage_healed":0,"gold_gain":0,"player_choice":"Box","damage_taken":0,"relics_obtained":["The Courier"],"max_hp_gain":0,"max_hp_loss":0,"event_name":"Big Fish","floor":2,"gold_loss":0,"cards_obtained":["Regret"]},{"damage_healed":0,"gold_gain":175,"player_choice":"AGREE","damage_taken":0,"max_hp_gain":0,"max_hp_loss":0,"event_name":"Liars Game","floor":4,"gold_loss":0,"cards_obtained":["Doubt"]},{"damage_healed":0,"gold_gain":0,"player_choice":"Opened","damage_taken":0,"relics_obtained":["Orichalcum"],"max_hp_gain":0,"max_hp_loss":0,"event_name":"The Mausoleum","floor":20,"gold_loss":0},{"damage_healed":0,"gold_gain":0,"player_choice":"Obtained Relic","damage_taken":0,"relics_obtained":["Question Card"],"max_hp_gain":0,"max_hp_loss":0,"event_name":"Addict","floor":21,"gold_loss":85},{"damage_healed":0,"gold_gain":0,"player_choice":"Shed Blood","damage_taken":19,"max_hp_gain":5,"max_hp_loss":0,"event_name":"Forgotten Altar","floor":25,"gold_loss":0},{"damage_healed":0,"gold_gain":0,"player_choice":"Traded Relic","damage_taken":0,"relics_obtained":["Nloth\u0027s Gift"],"max_hp_gain":0,"max_hp_loss":0,"event_name":"N\u0027loth","floor":31,"relics_lost":["Pen Nib"],"gold_loss":0}],"is_beta":false,"boss_relics":[{"not_picked":["Coffee Dripper","Cursed Key"],"picked":"Velvet Choker"},{"not_picked":["Philosopher\u0027s Stone","Calling Bell"],"picked":"Runesmith:UraniumAnvil"}],"items_purged_floors":[3,10,36],"is_endless":false,"potions_floor_spawned":[1,6,12,16,18,22,23,39],"killed_by":"4 Shapes","ascension_level":0}}