{"host":"f6tqpspb2ou2a4h5","time":1607828853,"event":{"mods":["2.2 Compatiblity","Ascension Unlocker","BaseMod","Colored Map","DeckTracker","Hermit","Highlight Path","KOR Keyword Fix","Keyboard Shortcuts","Minty Spire (QoL Compilation)","Permanent Neow","Quick Restart","Random Character Button","StSLib","SuperFastMode","The Poker Player","everything is the same but u backflip on backflip"],"gold_per_floor":[119,44,344,314,325,335,335,351,351,351,361,390,403,422,422,422,422],"floor_reached":16,"playtime":564,"items_purged":["Strike_G"],"score":252,"play_id":"ecf46a80-f7b6-47d9-bbe5-71326b3b9212","local_time":"20201213120733","is_ascension_mode":true,"campfire_choices":[{"data":"Adrenaline","floor":7.0,"key":"SMITH"},{"data":"Blur","floor":10.0,"key":"SMITH"},{"data":"Well Laid Plans","floor":15,"key":"SMITH"}],"circlet_count":0,"master_deck":["AscendersBane","Strike_G","Strike_G","Strike_G","Strike_G","Defend_G","Defend_G","Defend_G","Defend_G","Defend_G","Survivor","Neutralize","Underhanded Strike","Regret","Adrenaline+1","All Out Attack","Blur+1","Leg Sweep","Deadly Poison","Acrobatics","Well Laid Plans+1"],"relics":["Ring of the Snake","Du-Vu Doll","Old Coin","Unceasing Top","Eternal Feather"],"acts_visited":["Exordium"],"potions_floor_usage":[16],"damage_taken":[{"damage":1.0,"enemies":"2 Louse","floor":1.0,"turns":3.0},{"damage":1.0,"enemies":"Cultist","floor":5.0,"turns":3.0},{"damage":5.0,"enemies":"Jaw Worm","floor":6.0,"turns":4.0},{"damage":3.0,"enemies":"Looter","floor":8.0,"turns":2.0},{"damage":0.0,"enemies":"Large Slime","floor":11.0,"turns":5.0},{"damage":0.0,"enemies":"3 Sentries","floor":12.0,"turns":3.0},{"damage":0,"enemies":"2 Fungi Beasts","floor":13,"turns":2},{"damage":5,"enemies":"Blue Slaver","floor":14,"turns":5},{"damage":47,"enemies":"Hexaghost","floor":16,"turns":13}],"seed_played":"-115965319754343586","potions_obtained":[{"floor":1.0,"key":"Fruit Juice"},{"floor":4.0,"key":"GamblersBrew"},{"floor":4.0,"key":"SteroidPotion"},{"floor":5.0,"key":"LiquidMemories"},{"floor":13,"key":"LiquidMemories"}],"is_trial":false,"path_per_floor":["M","$","?","?","M","M","R","M","T","R","M","E","M","M","R","B"],"character_chosen":"THE_SILENT","items_purchased":[],"campfire_rested":0,"item_purchase_floors":[],"current_hp_per_floor":[48,48,48,48,47,42,42,39,39,39,39,39,39,34,46,0,0],"gold":422,"neow_bonus":"ONE_RARE_RELIC","is_daily":false,"chose_seed":false,"campfire_upgraded":3,"win_rate":0.0,"timestamp":1607828853,"path_taken":["M","$","?","?","?","M","R","M","T","R","M","E","M","M","R","BOSS"],"items_purchased_type":[],"build_version":"2020-11-30","purchased_purges":1,"victory":false,"max_hp_per_floor":[71,71,71,71,71,71,71,71,71,71,71,71,71,71,71,71,71],"card_choices":[{"not_picked":["Escape Plan","Quick Slash"],"picked":"Underhanded Strike","floor":1.0},{"not_picked":["Concentrate","Sucker Punch"],"picked":"Adrenaline","floor":5.0},{"not_picked":["Catalyst","Flying Knee"],"picked":"All Out Attack","floor":6.0},{"not_picked":["Heel Hook","Cloak And Dagger"],"picked":"Blur","floor":8.0},{"not_picked":["Blade Dance","Catalyst"],"picked":"Leg Sweep","floor":11.0},{"not_picked":["Finisher","Flying Knee"],"picked":"Deadly Poison","floor":12.0},{"not_picked":["Backflip","Blade Dance"],"picked":"Acrobatics","floor":13},{"not_picked":["Slice","PiercingWail"],"picked":"Well Laid Plans","floor":14}],"player_experience":10552,"relics_obtained":[{"floor":9.0,"key":"Unceasing Top"},{"floor":12.0,"key":"Eternal Feather"}],"event_choices":[{"damage_healed":0.0,"max_hp_gain":0.0,"max_hp_loss":0.0,"gold_gain":0.0,"event_name":"Big Fish","player_choice":"Box","floor":3.0,"gold_loss":0.0,"damage_taken":0.0,"relics_obtained":["Old Coin"],"cards_obtained":["Regret"]},{"damage_healed":0.0,"max_hp_gain":0.0,"max_hp_loss":0.0,"gold_gain":0.0,"event_name":"The Woman in Blue","player_choice":"Bought 2 Potions","floor":4.0,"gold_loss":0.0,"damage_taken":0.0}],"is_beta":false,"boss_relics":[],"items_purged_floors":[2],"is_endless":false,"potions_floor_spawned":[1,5,8,13],"killed_by":"Hexaghost","ascension_level":19}}