{"host":"y89x8uui45kcjy42","time":1607861615,"event":{"mods":["2.2 Compatiblity","BaseMod","Colored Map","Colored Powertips","Friendly Minions","Highlight Path","Keyboard Shortcuts","Koishi","Minty Spire (QoL Compilation)","StSLib","SuperFastMode","Waifu the Spire"],"gold_per_floor":[110,110,110,129,236,236,263,263,263,263,294,294,307,182,182,283,283,303,322,52,52,70,70,70,70,96,125,50,64,64,64,64,159,159,178,158,2,22,22,22,48,48,74,169,215,244,244,244,244,244,244,244,33,61,61],"floor_reached":56,"playtime":1897,"items_purged":["Koishi:BasicStrike","Koishi:BasicDefend","Koishi:RorschachInDanmaku","Koishi:GrowingPain"],"score":1523,"play_id":"3560c20e-5959-410c-9cce-a332f5d2c949","local_time":"20201213211335","is_ascension_mode":false,"campfire_choices":[{"data":"Koishi:BloodcurdlingScream","floor":6,"key":"SMITH"},{"data":"Koishi:FidgetySnatcher","floor":8,"key":"SMITH"},{"data":"Koishi:ImGoingToCallYouNow","floor":12,"key":"SMITH"},{"data":"Koishi:EmbryosDream","floor":15,"key":"SMITH"},{"data":"Koishi:PerfectMindControl","floor":23,"key":"SMITH"},{"data":"Koishi:SilentAndRestless","floor":25,"key":"SMITH"},{"data":"Koishi:PredatoryInstincts","floor":32,"key":"SMITH"},{"floor":40,"key":"RECALL"},{"data":"Koishi:Possession","floor":42,"key":"SMITH"},{"data":"Koishi:TerrifyingSpectre","floor":49,"key":"SMITH"},{"data":"Koishi:Catatonia","floor":52,"key":"SMITH"}],"circlet_count":0,"master_deck":["Koishi:Provoke+1","Koishi:HauntingSlash+1","Koishi:ParalyzingFear+1","Koishi:ImGoingToCallYouNow+1","Koishi:BloodcurdlingScream+1","Koishi:EmbryosDream+1","Koishi:PerfectMindControl+1","Koishi:PredatoryInstincts+1","Koishi:YoukaiPolygraph","Koishi:SilentAndRestless+1","Koishi:UnseenTerror+1","Koishi:RoseHell","Koishi:TerrifyingSpectre+1","Koishi:FidgetySnatcher+1","Koishi:Possession+1","Koishi:Catatonia+1","Koishi:Untouchable","Koishi:TremblingHands"],"relics":["Koishi:ImaginaryFriend","NeowsBlessing","Membership Card","Singing Bowl","Strawberry","Juzu Bracelet","Pantograph","Letter Opener","Sling","Boot","Vajra","Coffee Dripper","MutagenicStrength","Potion Belt","Koishi:BloodstainedWhiteRose","Ornamental Fan","Omamori","Necronomicon","Cursed Key","Bronze Scales","Akabeko","StrikeDummy","Mercury Hourglass","Orrery","Mango","Orichalcum","TheAbacus","Lantern","Bag of Marbles"],"acts_visited":["Exordium","TheCity","TheBeyond","TheEnding"],"potions_floor_usage":[11,16,16,16,16,18,41,55,55,55,55,55,55,55,55,55],"damage_taken":[{"damage":0,"enemies":"Small Slimes","floor":1,"turns":1},{"damage":0,"enemies":"Jaw Worm","floor":4,"turns":1},{"damage":0,"enemies":"3 Sentries","floor":7,"turns":1},{"damage":26,"enemies":"Gremlin Nob","floor":11,"turns":5},{"damage":0,"enemies":"2 Louse","floor":13,"turns":1},{"damage":29,"enemies":"Hexaghost","floor":16,"turns":7},{"damage":12,"enemies":"Shell Parasite","floor":18,"turns":5},{"damage":17,"enemies":"Spheric Guardian","floor":19,"turns":4},{"damage":6,"enemies":"Snake Plant","floor":22,"turns":4},{"damage":20,"enemies":"Book of Stabbing","floor":27,"turns":5},{"damage":0,"enemies":"Snecko","floor":29,"turns":4},{"damage":0,"enemies":"Collector","floor":33,"turns":5},{"damage":9,"enemies":"3 Darklings","floor":35,"turns":3},{"damage":26,"enemies":"3 Shapes","floor":38,"turns":4},{"damage":15,"enemies":"Reptomancer","floor":41,"turns":5},{"damage":33,"enemies":"2 Orb Walkers","floor":45,"turns":3},{"damage":16,"enemies":"Nemesis","floor":46,"turns":5},{"damage":1,"enemies":"Time Eater","floor":50,"turns":6},{"damage":6,"enemies":"Shield and Spear","floor":54,"turns":5},{"damage":5,"enemies":"The Heart","floor":55,"turns":6}],"seed_played":"-3617351308601196501","potions_obtained":[{"floor":1,"key":"BlessingOfTheForge"},{"floor":4,"key":"LiquidBronze"},{"floor":13,"key":"GamblersBrew"},{"floor":16,"key":"DuplicationPotion"},{"floor":27,"key":"Regen Potion"},{"floor":33,"key":"CultistPotion"},{"floor":36,"key":"EntropicBrew"},{"floor":45,"key":"BlessingOfTheForge"}],"is_trial":false,"path_per_floor":["M","?","?","M","$","R","E","R","T","?","E","R","M","$","R","B",null,"M","M","$","?","M","R","?","R","T","E","$","M","?","?","R","B",null,"M","?","$","M","?","R","E","R","T","$","?","E","?","?","R","B",null,"R","$","E","B",null],"character_chosen":"KOISHI","items_purchased":["Membership Card","Singing Bowl","Strawberry","Koishi:ImGoingToCallYouNow","Koishi:BloodcurdlingScream","EntropicBrew","Swift Potion","Sling","Boot","Vajra","Koishi:RoseHell","Bronze Scales","Akabeko","Mercury Hourglass","Orrery","Koishi:TremblingHands","TheAbacus","Lantern","Strength Potion"],"campfire_rested":0,"item_purchase_floors":[5,5,5,5,5,14,14,20,20,20,20,37,37,44,44,53,53,53,53],"current_hp_per_floor":[60,48,48,48,55,55,55,55,55,55,41,41,41,41,41,60,69,69,56,56,56,59,59,59,59,59,77,77,79,79,63,63,79,79,79,79,79,58,58,58,81,81,81,89,77,105,105,100,100,100,100,100,100,102,102],"gold":61,"neow_bonus":"THREE_ENEMY_KILL","is_daily":false,"chose_seed":false,"campfire_upgraded":10,"win_rate":0.0,"timestamp":1607861615,"path_taken":["M","?","?","?","$","R","E","R","T","?","E","R","M","$","R","BOSS","M","M","$","?","M","R","?","R","T","E","$","M","?","?","R","BOSS","M","?","$","M","?","R","E","R","T","?","?","E","?","?","R","BOSS","R","$","E","BOSS"],"items_purchased_type":["Relic","Relic","Relic","Card","Card","Potion","Potion","Relic","Relic","Relic","Card","Relic","Relic","Relic","Relic","Card","Relic","Relic","Potion"],"build_version":"2020-11-30","purchased_purges":4,"victory":true,"max_hp_per_floor":[60,60,60,60,67,67,67,67,67,67,69,69,69,69,69,69,69,71,73,73,73,75,75,75,75,75,77,77,79,79,79,79,79,79,79,79,79,81,81,81,81,81,81,89,105,105,105,100,100,100,100,100,100,102,102],"card_choices":[{"not_picked":["Koishi:YoukaiPolygraph","Koishi:PhantomStrike"],"picked":"Koishi:ParalyzingFear","floor":1},{"not_picked":["Koishi:RacingHeart","Koishi:SubconsciousSweep","Koishi:DNAsFlaw"],"picked":"SKIP","floor":4},{"not_picked":["Koishi:FourthEye","Koishi:CatchAndRose"],"picked":"Koishi:FidgetySnatcher","floor":7},{"not_picked":["Koishi:UnconsciousUprising","Koishi:StingingMind","Koishi:GeneticsOfTheUnconscious"],"picked":"Singing Bowl","floor":11},{"not_picked":["Koishi:LastRemote","Koishi:UnconsciousUprising"],"picked":"Koishi:EmbryosDream","floor":13},{"not_picked":["Koishi:Heartbroken","Koishi:ConditionedTeleport"],"picked":"Koishi:PerfectMindControl","floor":16},{"not_picked":["Koishi:JumpScare","Koishi:SubconsciousSweep","Koishi:ReleaseOfTheId"],"picked":"Singing Bowl","floor":18},{"not_picked":["Koishi:EmbryosDream","Koishi:UnconsciousUprising","Koishi:SpiritedAway"],"picked":"Singing Bowl","floor":19},{"not_picked":["Koishi:DreadfulBlow","Koishi:MindNumbingTerror","Koishi:FourthEye"],"picked":"Singing Bowl","floor":22},{"not_picked":["Koishi:SilentAndRestless","Koishi:FidgetySnatcher+1","Koishi:Prune"],"picked":"Singing Bowl","floor":27},{"not_picked":["Koishi:EmbryosDream+1","Koishi:RorschachInDanmaku","Koishi:Jaunt+1"],"picked":"Singing Bowl","floor":29},{"not_picked":["Koishi:Ego","Koishi:ConditionedTeleport"],"picked":"Koishi:TerrifyingSpectre","floor":33},{"not_picked":["Koishi:YoukaiPolygraph+1","Koishi:StrangeCloudFist"],"picked":"Koishi:FidgetySnatcher+1","floor":35},{"not_picked":["Koishi:Catatonia","Koishi:CatchAndRose","Koishi:EmbryosDream"],"picked":"Singing Bowl","floor":38},{"not_picked":["Koishi:GeneticsOfTheUnconscious+1","Koishi:JumpScare+1"],"picked":"Koishi:Possession","floor":41},{"not_picked":["Koishi:MassHysteria","Koishi:Whimsy+1","Koishi:EmbryosDream"],"picked":"Singing Bowl","floor":44},{"not_picked":["Koishi:UnconsciousUprising+1","Koishi:PhantomStrike+1"],"picked":"Koishi:Catatonia","floor":44},{"not_picked":["Koishi:HeartfeltFancy","Koishi:CatchAndRose+1","Koishi:VengefulSpirit"],"picked":"Singing Bowl","floor":44},{"not_picked":["Koishi:ReflexRadar","Koishi:StrangeCloudFist","Koishi:SprinkleStarAndHeart+1"],"picked":"Singing Bowl","floor":44},{"not_picked":["Koishi:ImGoingToCallYouNow","Koishi:DNAsFlaw","Koishi:SpiritedAway"],"picked":"Singing Bowl","floor":44},{"not_picked":["Koishi:ParalyzingFear+1","Koishi:StrangeCloudFist+1","Koishi:CatchAndRose"],"picked":"Singing Bowl","floor":45},{"not_picked":["Koishi:SubconsciousSweep+1","Koishi:PhantomStrike"],"picked":"Koishi:Untouchable","floor":46},{"not_picked":["Koishi:DanmakuParanoia","Koishi:ReleaseOfTheId","Koishi:ConfinedInnocent"],"picked":"Singing Bowl","floor":54}],"player_experience":488837,"relics_obtained":[{"floor":7,"key":"Juzu Bracelet"},{"floor":9,"key":"Pantograph"},{"floor":11,"key":"Letter Opener"},{"floor":26,"key":"Potion Belt"},{"floor":27,"key":"Koishi:BloodstainedWhiteRose"},{"floor":31,"key":"Necronomicon"},{"floor":41,"key":"StrikeDummy"},{"floor":45,"key":"Mango"},{"floor":46,"key":"Orichalcum"},{"floor":54,"key":"Bag of Marbles"}],"event_choices":[{"damage_healed":0,"gold_gain":0,"player_choice":"Entered Light","damage_taken":12,"max_hp_gain":0,"max_hp_loss":0,"event_name":"Shining Light","floor":2,"gold_loss":0,"cards_upgraded":["Koishi:Provoke","Koishi:ParalyzingFear"]},{"damage_healed":0,"gold_gain":0,"player_choice":"Grow","damage_taken":0,"max_hp_gain":0,"max_hp_loss":0,"event_name":"Living Wall","floor":3,"gold_loss":0,"cards_upgraded":["Koishi:HauntingSlash"]},{"damage_healed":0,"gold_gain":0,"player_choice":"Ignored","damage_taken":0,"max_hp_gain":0,"max_hp_loss":0,"event_name":"Liars Game","floor":10,"gold_loss":0},{"damage_healed":0,"gold_gain":0,"player_choice":"Inject Mutagens","damage_taken":0,"relics_obtained":["MutagenicStrength"],"max_hp_gain":0,"max_hp_loss":0,"event_name":"Drug Dealer","floor":21,"gold_loss":0},{"damage_healed":0,"gold_gain":0,"player_choice":"Ignored","damage_taken":0,"max_hp_gain":0,"max_hp_loss":0,"event_name":"Ghosts","floor":24,"gold_loss":0},{"damage_healed":0,"gold_gain":0,"player_choice":"Opened","damage_taken":0,"relics_obtained":["Ornamental Fan"],"max_hp_gain":0,"max_hp_loss":0,"event_name":"The Mausoleum","floor":30,"gold_loss":0},{"damage_healed":0,"gold_gain":0,"player_choice":"Obtained Book","damage_taken":16,"max_hp_gain":0,"max_hp_loss":0,"event_name":"Cursed Tome","floor":31,"gold_loss":0},{"damage_healed":0,"gold_gain":0,"player_choice":"Bought 1 Potion","damage_taken":0,"max_hp_gain":0,"max_hp_loss":0,"event_name":"The Woman in Blue","floor":36,"gold_loss":0},{"damage_healed":0,"gold_gain":0,"player_choice":"Upgraded","damage_taken":0,"max_hp_gain":0,"max_hp_loss":0,"event_name":"Upgrade Shrine","floor":39,"gold_loss":0,"cards_upgraded":["Koishi:UnseenTerror"]},{"damage_healed":0,"gold_gain":0,"player_choice":"Fight","damage_taken":0,"max_hp_gain":0,"max_hp_loss":0,"event_name":"Mysterious Sphere","floor":45,"gold_loss":0},{"cards_removed":["Koishi:FidgetySnatcher"],"damage_healed":0,"gold_gain":0,"player_choice":"Removed Power","damage_taken":0,"max_hp_gain":0,"max_hp_loss":0,"event_name":"Falling","floor":47,"gold_loss":0},{"damage_healed":0,"gold_gain":0,"player_choice":"Max HP","damage_taken":0,"max_hp_gain":0,"max_hp_loss":5,"event_name":"Winding Halls","floor":48,"gold_loss":0}],"is_beta":false,"boss_relics":[{"not_picked":["Busted Crown","Philosopher\u0027s Stone"],"picked":"Pandora\u0027s Box"},{"not_picked":["Astrolabe","Snecko Eye"],"picked":"Cursed Key"}],"items_purged_floors":[5,14,20,28],"is_endless":false,"potions_floor_spawned":[1,4,13,16,27,33,38,45,54],"ascension_level":0}}