{"host":"mkv3lj8gfkr85ioo","time":1607833992,"event":{"mods":["AchievementEnabler","BaseMod","Colored Map","Minty Spire (QoL Compilation)","SuperFastMode"],"gold_per_floor":[16,36,36,49,124,154,166,194,247,247,263,263,43,63,63,140,140,160,160,179,189,203,203,223,223,223],"floor_reached":25,"playtime":1043,"items_purged":[],"score":412,"play_id":"c6171020-2a68-43d5-afd8-bb6e78b156a9","local_time":"20201213133312","is_ascension_mode":true,"campfire_choices":[{"floor":10.0,"key":"REST"},{"data":"Bash","floor":15.0,"key":"SMITH"},{"floor":23,"key":"REST"}],"circlet_count":0,"master_deck":["AscendersBane","Strike_R","Strike_R","Strike_R","Strike_R","Defend_R","Defend_R","Defend_R","Defend_R","Bash+1","Flame Barrier","Fire Breathing","Hemokinesis","Carnage","Second Wind+1","Wild Strike","Wild Strike","Shrug It Off","Feel No Pain"],"relics":["Burning Blood","Charon\u0027s Ashes","Pantograph","Singing Bowl","Bronze Scales","Lee\u0027s Waffle","Philosopher\u0027s Stone"],"acts_visited":["Exordium","TheCity"],"potions_floor_usage":[21,22],"damage_taken":[{"damage":14.0,"enemies":"2 Louse","floor":1.0,"turns":2.0},{"damage":7.0,"enemies":"Cultist","floor":2.0,"turns":4.0},{"damage":8.0,"enemies":"Small Slimes","floor":4.0,"turns":4.0},{"damage":22.0,"enemies":"Lagavulin","floor":6.0,"turns":5.0},{"damage":18.0,"enemies":"Exordium Thugs","floor":7.0,"turns":7.0},{"damage":15.0,"enemies":"3 Sentries","floor":8.0,"turns":5.0},{"damage":16.0,"enemies":"Gremlin Gang","floor":11.0,"turns":4.0},{"damage":8.0,"enemies":"Blue Slaver","floor":14.0,"turns":4.0},{"damage":20.0,"enemies":"Slime Boss","floor":16.0,"turns":7.0},{"damage":35,"enemies":"Shell Parasite","floor":18,"turns":3},{"damage":2,"enemies":"Chosen","floor":20,"turns":3},{"damage":47,"enemies":"Shelled Parasite and Fungi","floor":21,"turns":4},{"damage":8,"enemies":"Sentry and Sphere","floor":22,"turns":5},{"damage":28,"enemies":"Snecko","floor":24,"turns":4},{"damage":33,"enemies":"Snake Plant","floor":25,"turns":3}],"seed_played":"-2165543672023003518","potions_obtained":[{"floor":1.0,"key":"Block Potion"},{"floor":2.0,"key":"Explosive Potion"},{"floor":6.0,"key":"ColorlessPotion"},{"floor":14.0,"key":"Block Potion"},{"floor":18,"key":"Block Potion"},{"floor":21,"key":"SkillPotion"}],"is_trial":false,"path_per_floor":["M","M","?","M","?","E","M","E","T","R","M","?","$","M","R","B",null,"M","$","M","M","M","R","M","M"],"character_chosen":"IRONCLAD","items_purchased":["Lee\u0027s Waffle","Shrug It Off"],"campfire_rested":2,"item_purchase_floors":[13,13],"current_hp_per_floor":[60,59,59,57,46,30,18,9,9,31,21,21,82,82,82,72,83,56,56,62,23,23,51,29,0,0],"gold":223,"neow_bonus":"ONE_RARE_RELIC","is_daily":false,"chose_seed":false,"campfire_upgraded":1,"win_rate":0.0,"timestamp":1607833992,"path_taken":["M","M","?","?","?","E","M","E","T","R","M","?","$","M","R","BOSS","M","$","M","M","M","R","M","M"],"items_purchased_type":["Relic","Card"],"build_version":"2020-11-30","purchased_purges":0,"victory":false,"max_hp_per_floor":[75,75,75,75,75,75,75,75,75,75,75,75,82,84,84,86,86,88,88,90,92,94,94,94,94,94],"card_choices":[{"not_picked":["Perfected Strike","Rupture"],"picked":"Flame Barrier","floor":1.0},{"not_picked":["Twin Strike","Body Slam"],"picked":"Fire Breathing","floor":2.0},{"not_picked":["Havoc","Body Slam"],"picked":"Hemokinesis","floor":4.0},{"not_picked":["Clothesline","Body Slam"],"picked":"Carnage","floor":6.0},{"not_picked":["Pommel Strike","Rage"],"picked":"Second Wind","floor":7.0},{"not_picked":["Perfected Strike","Body Slam"],"picked":"Wild Strike","floor":8.0},{"not_picked":["Bloodletting","Twin Strike"],"picked":"Wild Strike","floor":11.0},{"not_picked":["Perfected Strike","Sentinel","Twin Strike"],"picked":"Singing Bowl","floor":14.0},{"not_picked":["Double Tap","Bludgeon","Berserk"],"picked":"Singing Bowl","floor":16.0},{"not_picked":["Inflame","Infernal Blade+1","Heavy Blade"],"picked":"Singing Bowl","floor":18},{"not_picked":["Whirlwind","Body Slam","Heavy Blade"],"picked":"Singing Bowl","floor":20},{"not_picked":["Cleave","Burning Pact","Anger"],"picked":"Singing Bowl","floor":21},{"not_picked":["Clothesline+1","Wild Strike","Cleave"],"picked":"Singing Bowl","floor":22},{"not_picked":["Iron Wave","Ghostly Armor+1"],"picked":"Feel No Pain","floor":24}],"player_experience":138854,"relics_obtained":[{"floor":6.0,"key":"Pantograph"},{"floor":8.0,"key":"Singing Bowl"},{"floor":9.0,"key":"Bronze Scales"}],"event_choices":[{"cards_removed":["Strike_R"],"damage_healed":0.0,"max_hp_gain":0.0,"max_hp_loss":0.0,"gold_gain":0.0,"event_name":"Purifier","player_choice":"Purged","floor":3.0,"gold_loss":0.0,"damage_taken":0.0},{"damage_healed":0.0,"max_hp_gain":0.0,"max_hp_loss":0.0,"gold_gain":75.0,"event_name":"World of Goop","player_choice":"Gather Gold","floor":5.0,"gold_loss":0.0,"damage_taken":11.0},{"damage_healed":0.0,"max_hp_gain":0.0,"max_hp_loss":0.0,"gold_gain":0.0,"event_name":"Upgrade Shrine","player_choice":"Upgraded","floor":12.0,"gold_loss":0.0,"damage_taken":0.0,"cards_upgraded":["Second Wind"]}],"is_beta":false,"boss_relics":[{"not_picked":["Tiny House","Busted Crown"],"picked":"Philosopher\u0027s Stone"}],"items_purged_floors":[],"is_endless":false,"potions_floor_spawned":[1,2,6,14,18,21],"killed_by":"Snake Plant","ascension_level":18}}