{"host":"avjwtc49fhlk6kym","time":1607896641,"event":{"mods":["AchievementEnabler","BaseMod","Better Match","Better Note","Better Third Choice","Colored Map","Colored Powertips","Displayed Cursed Tome","Highlight Path","Minty Spire (QoL Compilation)","Permanent Neow","Quick Restart","StSLib"],"gold_per_floor":[110,110,128,144,156,175,175,209,259,259,27,47,65,65,65,168,168,184,202,202,202],"floor_reached":20,"playtime":598,"items_purged":["Strike_P"],"score":196,"play_id":"ec94d9ca-be35-431d-8015-94146d11cf93","local_time":"20201213165721","is_ascension_mode":true,"campfire_choices":[{"floor":7.0,"key":"REST"},{"floor":10.0,"key":"REST"},{"floor":15.0,"key":"REST"}],"circlet_count":0,"master_deck":["Strike_P","Strike_P","Strike_P","Defend_P","Defend_P","Defend_P","Eruption","Vigilance","PathToVictory","Evaluate","ConjureBlade","Consecrate","Conclude","PathToVictory","SandsOfTime","CutThroughFate","WindmillStrike","Halt","ClearTheMind+1","Swivel"],"relics":["PureWater","Dream Catcher","Kunai","Vajra","Omamori","Matryoshka","SlaversCollar"],"acts_visited":["Exordium","TheCity"],"potions_floor_usage":[19],"damage_taken":[{"damage":1.0,"enemies":"Cultist","floor":1.0,"turns":3.0},{"damage":0.0,"enemies":"2 Louse","floor":3.0,"turns":2.0},{"damage":12.0,"enemies":"Jaw Worm","floor":4.0,"turns":3.0},{"damage":13.0,"enemies":"2 Fungi Beasts","floor":5.0,"turns":3.0},{"damage":22.0,"enemies":"Looter","floor":6.0,"turns":3.0},{"damage":44.0,"enemies":"Gremlin Nob","floor":8.0,"turns":5.0},{"damage":0.0,"enemies":"3 Louse","floor":12.0,"turns":1.0},{"damage":0.0,"enemies":"2 Fungi Beasts","floor":13.0,"turns":2.0},{"damage":35.0,"enemies":"Slime Boss","floor":16.0,"turns":5.0},{"damage":29,"enemies":"Spheric Guardian","floor":18,"turns":4},{"damage":22,"enemies":"3 Byrds","floor":19,"turns":4},{"damage":26,"enemies":"Sentry and Sphere","floor":20,"turns":3}],"seed_played":"8156082375901242239","potions_obtained":[{"floor":3.0,"key":"SkillPotion"},{"floor":8.0,"key":"Strength Potion"},{"floor":13.0,"key":"SteroidPotion"},{"floor":16.0,"key":"Ancient Potion"},{"floor":18,"key":"ColorlessPotion"},{"floor":19,"key":"BottledMiracle"}],"is_trial":false,"path_per_floor":["M","?","M","M","M","M","R","E","T","R","$","M","M","?","R","B",null,"M","M","M"],"character_chosen":"WATCHER","items_purchased":["Omamori"],"campfire_rested":3,"item_purchase_floors":[11],"current_hp_per_floor":[71,71,71,59,46,24,45,1,1,22,22,22,22,22,43,8,72,43,21,0,0],"gold":202,"neow_bonus":"RANDOM_COMMON_RELIC","is_daily":false,"chose_seed":false,"campfire_upgraded":0,"win_rate":0.0,"timestamp":1607896641,"path_taken":["M","?","M","M","M","M","R","E","T","R","$","?","M","?","R","BOSS","M","?","M"],"items_purchased_type":["Relic"],"build_version":"2020-11-30","purchased_purges":1,"victory":false,"max_hp_per_floor":[72,72,72,72,72,72,72,72,72,72,72,72,72,72,72,72,72,72,72,72,72],"card_choices":[{"not_picked":["BowlingBash","DeceiveReality"],"picked":"PathToVictory","floor":1.0},{"not_picked":["CutThroughFate","SashWhip"],"picked":"Evaluate","floor":3.0},{"not_picked":["EmptyBody","Weave"],"picked":"ConjureBlade","floor":4.0},{"not_picked":["Prostrate","InnerPeace"],"picked":"Consecrate","floor":5.0},{"not_picked":["EmptyBody","FlyingSleeves"],"picked":"Conclude","floor":6.0},{"not_picked":["ReachHeaven","FlurryOfBlows"],"picked":"PathToVictory","floor":7.0},{"not_picked":["Prostrate","Crescendo"],"picked":"SandsOfTime","floor":8.0},{"not_picked":["Vault","FlyingSleeves"],"picked":"CutThroughFate","floor":10.0},{"not_picked":["Weave","EmptyFist","Collect"],"picked":"SKIP","floor":12.0},{"not_picked":["CutThroughFate","Vengeance"],"picked":"WindmillStrike","floor":13.0},{"not_picked":["Evaluate","Fasting2"],"picked":"Halt","floor":15.0},{"not_picked":["Collect","Perseverance"],"picked":"ClearTheMind+1","floor":18},{"not_picked":["Protect","Tantrum"],"picked":"Swivel","floor":19}],"player_experience":499282,"relics_obtained":[{"floor":8.0,"key":"Kunai"},{"floor":9.0,"key":"Vajra"}],"event_choices":[{"cards_removed":["Defend_P"],"damage_healed":0.0,"max_hp_gain":0.0,"max_hp_loss":0.0,"gold_gain":0.0,"event_name":"Purifier","player_choice":"Purged","floor":2.0,"gold_loss":0.0,"damage_taken":0.0},{"damage_healed":0.0,"max_hp_gain":0.0,"max_hp_loss":0.0,"gold_gain":0.0,"event_name":"WeMeetAgain","player_choice":"Gave Potion","floor":14.0,"gold_loss":0.0,"damage_taken":0.0,"relics_obtained":["Matryoshka"]}],"is_beta":false,"boss_relics":[{"not_picked":["Black Star","SacredBark"],"picked":"SlaversCollar"}],"items_purged_floors":[11],"is_endless":false,"potions_floor_spawned":[3,8,13,16,18,19],"killed_by":"Sentry and Sphere","ascension_level":2}}