{"host":"ss2ocoam53r2lno0","time":1607898911,"event":{"mods":["Act Like it!","BaseMod","ChefMod","Colored Powertips","Displayed Cursed Tome","Downfall","Googly Eyes","Hallownest","Highlight Path","Minty Spire (QoL Compilation)","Rare Cards Sparkle","Robot Space Explorer","Shade Mod","Shop Mod","Spicy Shops","StSLib"],"gold_per_floor":[99,25,51,51,51,79,79,4,32,32,32,44,59,159,177,276,276,276,276,308,72,100,100,100,118,136,61,161,22,122,138,148,243,243,168,216,247,247,275,275,343,343,354,385,67,67,81,10,26,26,26,57,8,8,8],"floor_reached":56,"playtime":8103,"items_purged":["champ:Taunt","champ:EnragedBash+1"],"score":1435,"play_id":"5a74c0d3-4a88-4a1a-bda3-606ee8704dda","local_time":"20201213233511","is_ascension_mode":false,"campfire_choices":[{"data":"champ:Execute","floor":1,"key":"SMITH"},{"data":"champ:EnragedBash","floor":8,"key":"SMITH"},{"data":"champ:Encircle","floor":10,"key":"SMITH"},{"floor":18,"key":"RECALL"},{"data":"champ:EndlessRage","floor":27,"key":"SMITH"},{"data":"champ:StrikeOfGenius","floor":35,"key":"SMITH"},{"data":"champ:BerserkerStyle","floor":40,"key":"SMITH"},{"data":"champ:FocusedBerserking","floor":42,"key":"SMITH"},{"data":"champ:BerserkerStyle","floor":54,"key":"SMITH"}],"circlet_count":0,"master_deck":["champ:Execute+1","champ:FocusedBerserking+1","champ:Encircle+1","champ:CrookedStrike","champ:BerserkerStyle+1","champ:IgnorePain","champ:BerserkersShout","champ:EndlessRage+1","champ:AdrenalArmor","champ:DeathBlow","Apotheosis+1","champ:BringItOn+1","champ:AdrenalArmor+1","champ:FocusedBerserking+1","champ:Backstep+1","champ:Lariat+1","champ:Shatter","champ:BerserkersShout+1","champ:StanceDance+1","champ:StanceDance+1","champ:IgnorePain+1","champ:ViciousMockery+1","champ:StrikeOfGenius+1","champ:FalseCounter+1","champ:GladiatorsShout+1","champ:FocusedGladiator+1","champ:Circumvent+1","champ:HeavySlash","champ:AdrenalArmor+1","expansioncontent:DonusPower+1","champ:IgnorePain+1","champ:StanceDance+1","champ:EndlessRage","champ:CalledShot+1","champ:BerserkerStyle+1","champ:RisingSlash+1","champ:Lariat+1","champ:HoldFirm+1","champ:StanceDance+1","champ:StanceDance+1"],"relics":["champ:ChampionCrown","downfall:HeartsMalice","Dream Catcher","CaptainsWheel","downfall:HeartBlessingBlue","Eternal Feather","SacredBark","Pear","Toxic Egg 2","Question Card","downfall:HeartBlessingRed","champ:BlackKnightHelmet","Shuriken","Toy Ornithopter","Pandora\u0027s Box","downfall:HeartBlessingGreen","Du-Vu Doll","Ancient Tea Set","Pantograph","Letter Opener","Vajra","White Beast Statue","Bag of Preparation"],"acts_visited":["Exordium","TheCity","TheBeyond","TheEnding"],"potions_floor_usage":[16,20,22,30,30,37,37],"damage_taken":[{"damage":0,"enemies":"downfall:FleeingMerchant","floor":2,"turns":1},{"damage":0,"enemies":"Lagavulin","floor":3,"turns":1},{"damage":0,"enemies":"Cultist","floor":4,"turns":1},{"damage":35,"enemies":"Gremlin Nob","floor":6,"turns":4},{"damage":52,"enemies":"3 Sentries","floor":9,"turns":5},{"damage":22,"enemies":"2 Louse","floor":12,"turns":3},{"damage":15,"enemies":"Jaw Worm","floor":13,"turns":2},{"damage":61,"enemies":"Large Slime","floor":15,"turns":8},{"damage":91,"enemies":"downfall:Defect","floor":16,"turns":6},{"damage":44,"enemies":"Book of Stabbing","floor":20,"turns":4},{"damage":33,"enemies":"downfall:FleeingMerchant","floor":21,"turns":4},{"damage":113,"enemies":"Slavers","floor":22,"turns":7},{"damage":111,"enemies":"3 Byrds","floor":25,"turns":6},{"damage":46,"enemies":"Spheric Guardian","floor":26,"turns":6},{"damage":65,"enemies":"Spheric Guardian","floor":28,"turns":5},{"damage":50,"enemies":"downfall:FleeingMerchant","floor":29,"turns":4},{"damage":61,"enemies":"downfall:LadyInBlue","floor":30,"turns":5},{"damage":47,"enemies":"Centurion and Healer","floor":31,"turns":5},{"damage":94,"enemies":"3 Cultists","floor":32,"turns":7},{"damage":112,"enemies":"downfall:Ironclad","floor":33,"turns":6},{"damage":85,"enemies":"2 Orb Walkers","floor":36,"turns":6},{"damage":137,"enemies":"Reptomancer","floor":37,"turns":5},{"damage":185,"enemies":"Giant Head","floor":39,"turns":11},{"damage":86,"enemies":"3 Shapes","floor":43,"turns":5},{"damage":97,"enemies":"Nemesis","floor":44,"turns":7},{"damage":56,"enemies":"downfall:FleeingMerchant","floor":45,"turns":4},{"damage":104,"enemies":"Orb Walker","floor":47,"turns":5},{"damage":90,"enemies":"downfall:FleeingMerchant","floor":48,"turns":4},{"damage":78,"enemies":"3 Darklings","floor":49,"turns":6},{"damage":115,"enemies":"downfall:Watcher","floor":50,"turns":8},{"damage":220,"enemies":"downfall:CharBossMerchant","floor":52,"turns":10},{"damage":329,"enemies":"downfall:NeowBoss","floor":55,"turns":17}],"seed_played":"-2981775818144135221","potions_obtained":[{"floor":6,"key":"FearPotion"},{"floor":9,"key":"champ:CounterPotion"},{"floor":13,"key":"SmokeBomb"},{"floor":15,"key":"champ:OpenerPotion"},{"floor":16,"key":"PowerPotion"},{"floor":22,"key":"CultistPotion"},{"floor":30,"key":"Energy Potion"},{"floor":30,"key":"Energy Potion"},{"floor":30,"key":"champ:CounterPotion"},{"floor":39,"key":"SmokeBomb"},{"floor":47,"key":"Ancient Potion"},{"floor":49,"key":"champ:OpenerPotion"}],"is_trial":false,"path_per_floor":["R","$","E","M","?","E","T","R","E","R","?","M","M","?","M","B",null,"R","?","E","$","E","?","T","M","M","R","?","$","?","M","M","B",null,"R","?","E","?","E","R","T","R","M","E","$","?","M","?","M","B",null,"E","$","R","B",null],"character_chosen":"THE_CHAMP","items_purchased":["champ:Encircle","champ:CrookedStrike","champ:DeathBlow","Apotheosis","champ:Shatter","champ:BerserkersShout+1","champ:BerserkerStyle","champ:HoldFirm+1","champ:StanceDance+1"],"campfire_rested":0,"item_purchase_floors":[2,2,21,21,29,29,45,48,53],"current_hp_per_floor":[90,90,90,90,90,70,70,80,59,68,68,64,67,67,66,29,100,100,100,110,110,110,110,110,72,74,86,110,110,110,110,98,110,110,110,107,84,84,98,110,110,110,110,110,110,110,109,110,110,110,110,108,108,110,110],"gold":8,"neow_bonus":"THREE_ENEMY_KILL","is_daily":false,"chose_seed":false,"campfire_upgraded":8,"win_rate":0.0,"timestamp":1607898911,"path_taken":["R","?","E","M","?","E","T","R","E","R","?","M","M","?","M","BOSS","R","?","E","$","E","?","T","?","M","R","?","$","?","?","M","BOSS","R","?","E","?","E","R","T","R","M","E","$","?","M","?","M","BOSS","E","$","R","BOSS"],"items_purchased_type":["Card","Card","Card","Card","Card","Card","Card","Card","Card"],"build_version":"2020-11-30","purchased_purges":2,"victory":true,"max_hp_per_floor":[90,90,90,90,90,90,90,100,100,100,100,100,100,100,100,100,100,100,100,110,110,110,110,110,110,110,110,110,110,110,110,110,110,110,110,110,110,110,110,110,110,110,110,110,110,110,110,110,110,110,110,110,110,110,110],"card_choices":[{"not_picked":["champ:StanceDance","champ:FlashCut"],"picked":"champ:FocusedBerserking","floor":2},{"not_picked":["champ:GladiatorStyle","champ:Haymaker"],"picked":"champ:BerserkerStyle","floor":3},{"not_picked":["champ:TornadoPunch","champ:DefensiveStyle","champ:FanOfKnives"],"picked":"SKIP","floor":4},{"not_picked":["champ:FocusedBerserking","champ:HeartStrike"],"picked":"champ:EnragedBash","floor":6},{"not_picked":["champ:Haymaker","champ:FanOfKnives"],"picked":"champ:IgnorePain","floor":9},{"not_picked":["champ:Circumvent","champ:BladeFlurry","champ:DefensiveShout"],"picked":"SKIP","floor":12},{"not_picked":["champ:Circumvent","champ:BladeFlurry","champ:DefensiveShout"],"picked":"SKIP","floor":12},{"not_picked":["champ:GutPunch","champ:CrookedStrike"],"picked":"champ:BerserkersShout","floor":13},{"not_picked":["champ:ViciousMockery","champ:RisingSlash"],"picked":"champ:EndlessRage","floor":15},{"not_picked":["champ:ShieldWall","champ:Circumvent","champ:CrownThrow"],"picked":"SKIP","floor":20},{"not_picked":["champ:TornadoPunch+1","champ:Haymaker"],"picked":"champ:AdrenalArmor","floor":21},{"not_picked":["champ:Circumvent+1","champ:CrookedStrike"],"picked":"champ:BringItOn+1","floor":22},{"not_picked":["champ:BerserkersShout+1","champ:DefensiveShout+1","champ:EnragedBash"],"picked":"champ:AdrenalArmor+1","floor":25},{"not_picked":["champ:StanceDance+1","champ:ArenaPreparation+1","champ:ViciousMockery+1"],"picked":"champ:FocusedBerserking+1","floor":26},{"not_picked":["champ:Haymaker","champ:DefensiveStyle","champ:TornadoPunch"],"picked":"champ:Backstep+1","floor":28},{"not_picked":["champ:GladiatorStyle","champ:FlashCut+1","champ:FanOfKnives+1"],"picked":"champ:Lariat+1","floor":29},{"not_picked":["champ:FocusedDefense+1","champ:BringItOn+1","champ:Backstep+1"],"picked":"champ:StanceDance+1","floor":30},{"not_picked":["champ:PerfectForm","champ:TornadoPunch","champ:FaceSlap"],"picked":"champ:StanceDance+1","floor":31},{"not_picked":["champ:IronFortress+1","champ:FalseCounter+1","champ:BladeFlurry","champ:Backstep+1"],"picked":"SKIP","floor":32},{"not_picked":["champ:SteelEdge","champ:Improvising","champ:DancingMaster"],"picked":"champ:IgnorePain+1","floor":33},{"not_picked":["champ:EnragedBash","champ:GladiatorsShout+1","champ:BringItOn+1"],"picked":"champ:AdrenalArmor+1","floor":36},{"not_picked":["champ:PerfectedStrike","champ:GladiatorStyle+1","champ:CrookedStrike+1","champ:GladiatorsShout+1"],"picked":"SKIP","floor":37},{"not_picked":["expansioncontent:PolyBeam","expansioncontent:HyperBeam","expansioncontent:AwakenDeath"],"picked":"expansioncontent:DonusPower+1","floor":38},{"not_picked":["champ:Haymaker+1","champ:BerserkerStyle","champ:FalseCounter+1"],"picked":"champ:IgnorePain+1","floor":39},{"not_picked":["champ:Backstep+1","champ:EnragedBash+1","champ:RapidStrikes+1"],"picked":"champ:StanceDance+1","floor":43},{"not_picked":["champ:GladiatorStyle","champ:FalseCounter+1","champ:Backstep+1"],"picked":"champ:EndlessRage","floor":44},{"not_picked":["champ:Backstep+1","champ:EnGarde+1","champ:BringItOn+1"],"picked":"champ:CalledShot+1","floor":45},{"not_picked":["champ:FanOfKnives","champ:CrookedStrike+1","champ:GladiatorsShout+1"],"picked":"champ:RisingSlash+1","floor":47},{"not_picked":["champ:ShieldWall","champ:BerserkersShout+1","champ:ArenaPreparation+1"],"picked":"champ:Lariat+1","floor":48},{"not_picked":["champ:DefensiveStyle","champ:TornadoPunch","champ:AdrenalArmor+1"],"picked":"champ:StanceDance+1","floor":49},{"not_picked":["champ:DefensiveShout+1","champ:Circumvent+1","champ:BerserkersShout+1","champ:ShieldWall+1"],"picked":"SKIP","floor":52}],"player_experience":544242,"relics_obtained":[{"floor":3,"key":"Dream Catcher"},{"floor":6,"key":"CaptainsWheel"},{"floor":9,"key":"Eternal Feather"},{"floor":20,"key":"Pear"},{"floor":22,"key":"Toxic Egg 2"},{"floor":24,"key":"Question Card"},{"floor":28,"key":"champ:BlackKnightHelmet"},{"floor":28,"key":"Shuriken"},{"floor":30,"key":"Toy Ornithopter"},{"floor":36,"key":"Du-Vu Doll"},{"floor":37,"key":"Ancient Tea Set"},{"floor":39,"key":"Pantograph"},{"floor":41,"key":"Letter Opener"},{"floor":44,"key":"Vajra"},{"floor":52,"key":"White Beast Statue"},{"floor":52,"key":"Bag of Preparation"}],"event_choices":[{"cards_removed":["champ:Strike"],"damage_healed":0,"gold_gain":0,"player_choice":"Card Removal","damage_taken":0,"max_hp_gain":0,"max_hp_loss":0,"event_name":"The Cleric","floor":5,"gold_loss":0},{"damage_healed":0,"gold_gain":0,"player_choice":"Ignored","damage_taken":0,"max_hp_gain":0,"max_hp_loss":0,"event_name":"Vampires","floor":19,"gold_loss":0},{"damage_healed":0,"gold_gain":0,"player_choice":"Upgraded","damage_taken":0,"max_hp_gain":0,"max_hp_loss":0,"event_name":"Upgrade Shrine","floor":23,"gold_loss":0,"cards_upgraded":["Apotheosis"]},{"damage_healed":0,"gold_gain":0,"player_choice":"Fight","damage_taken":0,"max_hp_gain":0,"max_hp_loss":0,"event_name":"Mysterious Sphere","floor":36,"gold_loss":0}],"is_beta":false,"boss_relics":[{"not_picked":["Snecko Eye","Runic Dome"],"picked":"SacredBark"},{"not_picked":["Velvet Choker","Tiny House"],"picked":"Pandora\u0027s Box"}],"items_purged_floors":[45,48],"is_endless":false,"potions_floor_spawned":[6,9,13,15,16,22,31,32,39,47,49],"ascension_level":0}}