{"host":"ks12kfi5c4d9hdxy","time":1607889089,"event":{"mods":["BaseMod","Conspire","GifTheSpireLib","HololiveMod","Koishi","LagranYue(拉格朗・月)","Marisa（F雨　魔理沙）","Minty Spire (QoL Compilation)","Reimu（博丽灵梦）","Remilia（蕾米莉亚）","Replay The Spire","RumiaBox-露米娅的神秘盒子","StSLib","SuperFastMode","The Administrix","The Servant 0.9.4","Youmu（魂魄妖梦）","Yuyuko","【功能Mod】混沌之环修复补丁","【功能Mod】聪明的最终Boss","篝火指南"],"gold_per_floor":[117,117,134,59,59,85,85,112,112,141,117,129,145,163,260,334,334,346,3,0,11,11,11],"floor_reached":22,"playtime":608,"items_purged":["Strike_MRS","Strike_MRS"],"score":401,"play_id":"973a70e7-d44e-48d0-a38c-48ea2f913bdb","local_time":"20201214035129","is_ascension_mode":true,"campfire_choices":[{"floor":7.0,"key":"REST"}],"circlet_count":0,"master_deck":["AscendersBane","Strike_MRS","Strike_MRS","Defend_MRS","Defend_MRS","Defend_MRS","Defend_MRS","MasterSpark","UpSweep+1","DC","Singularity","Pot Of Greed","Pot Of Greed","EarthLightRay","WitchLeyline","PowerUp","MagicAbsorber","UltimateShortwave","ShootingEcho"],"relics":["MiniHakkero","LagranYue:RandomDrawCardRelic","NeowsBlessing","Lizard Tail","Grinning Jar","GodSword6","Pear","conspire:InfiniteJournal","LagranYue:SoulBurningRelic","AntiCross"],"acts_visited":["Exordium","TheCity"],"potions_floor_usage":[],"damage_taken":[{"damage":0.0,"enemies":"2 Louse","floor":1.0,"turns":1.0},{"damage":0.0,"enemies":"Small Slimes","floor":3.0,"turns":1.0},{"damage":0.0,"enemies":"Gremlin Nob","floor":6.0,"turns":1.0},{"damage":20.0,"enemies":"3 Sentries","floor":8.0,"turns":7.0},{"damage":9.0,"enemies":"Lagavulin","floor":10.0,"turns":7.0},{"damage":0.0,"enemies":"Jaw Worm","floor":12.0,"turns":3.0},{"damage":3.0,"enemies":"Exordium Wildlife","floor":13.0,"turns":3.0},{"damage":9.0,"enemies":"Looter","floor":14.0,"turns":2.0},{"damage":64.0,"enemies":"Slime Boss","floor":16.0,"turns":12.0},{"damage":28,"enemies":"Shell Parasite","floor":18,"turns":4},{"damage":0,"enemies":"Spheric Guardian","floor":21,"turns":1},{"damage":178,"enemies":"Centurion and Healer","floor":22,"turns":3}],"seed_played":"2712043657961218603","potions_obtained":[{"floor":6.0,"key":"SteroidPotion"},{"floor":12.0,"key":"BlessingOfTheForge"},{"floor":13.0,"key":"LifebloodPotion"},{"floor":18,"key":"LiquidBronze"}],"is_trial":false,"path_per_floor":["M","?","M","$","?","E","R","E","T","E","$","M","M","M","R","B",null,"M","$","?","M","M"],"character_chosen":"MARISA","items_purchased":["PowerUp","AntiCross"],"campfire_rested":1,"item_purchase_floors":[11,19],"current_hp_per_floor":[63,63,63,63,37,37,58,38,48,43,43,43,44,39,39,24,65,40,40,40,40,0,0],"gold":11,"neow_bonus":"THREE_ENEMY_KILL","is_daily":false,"chose_seed":false,"campfire_upgraded":0,"win_rate":0.0,"timestamp":1607889089,"path_taken":["M","?","M","$","?","E","R","E","T","E","$","M","M","?","R","BOSS","M","$","?","M","M"],"items_purchased_type":["Card","Relic"],"build_version":"2020-11-30","purchased_purges":2,"victory":false,"max_hp_per_floor":[70,70,70,70,70,70,70,70,80,80,80,80,80,80,80,80,80,80,80,80,80,80,80],"card_choices":[{"not_picked":["WitchOfGreed","DarkSpark"],"picked":"DC","floor":1.0},{"not_picked":["UnstableBomb","ChargeUpSpray"],"picked":"Singularity","floor":3.0},{"not_picked":["6A","AsteroidBelt","RefractionSpark"],"picked":"SKIP","floor":6.0},{"not_picked":["MeteoricShower","MysteriousBeam"],"picked":"EarthLightRay","floor":8.0},{"not_picked":["NonDirectionalLaser","SporeBomb"],"picked":"WitchLeyline","floor":10.0},{"not_picked":["EnergyRecoil","MysteriousBeam","WitchLeyline"],"picked":"SKIP","floor":12.0},{"not_picked":["DC","OrrerysSun","GrandCross"],"picked":"SKIP","floor":13.0},{"not_picked":["MaximisePower","ChargingUp"],"picked":"MagicAbsorber","floor":14.0},{"not_picked":["TreasureHunter","BigCrunch"],"picked":"UltimateShortwave","floor":16.0},{"not_picked":["StarBarrage","MachineGunSpark"],"picked":"ShootingEcho","floor":18},{"not_picked":["Robbery","IllusionStar","Acceleration"],"picked":"SKIP","floor":21}],"player_experience":453088,"relics_obtained":[{"floor":6.0,"key":"Grinning Jar"},{"floor":8.0,"key":"GodSword6"},{"floor":9.0,"key":"Pear"},{"floor":10.0,"key":"conspire:InfiniteJournal"}],"event_choices":[{"damage_healed":0.0,"max_hp_gain":0.0,"max_hp_loss":0.0,"gold_gain":0.0,"event_name":"Scrap Ooze","player_choice":"Success","floor":5.0,"gold_loss":0.0,"damage_taken":26.0,"relics_obtained":["Lizard Tail"]},{"damage_healed":0,"gold_gain":0,"player_choice":"Paid Fearfully","damage_taken":0,"max_hp_gain":0,"max_hp_loss":0,"event_name":"Masked Bandits","floor":20,"gold_loss":3}],"is_beta":false,"boss_relics":[{"not_picked":["Runic Dome","Hololive_TopUpMoneyS"],"picked":"LagranYue:SoulBurningRelic"}],"items_purged_floors":[4,19],"is_endless":false,"potions_floor_spawned":[6,12,13,18],"killed_by":"Centurion and Healer","ascension_level":15}}