{"host":"tknto047uabgu3zm","time":1607845307,"event":{"mods":["AchievementEnabler","BaseMod","Bestiary","Block Reminder","Colored Map","Colored Powertips","Highlight Path","Minty Spire (QoL Compilation)","MonsterHotkey","Permanent Neow","Random Character Button","Rare Cards Sparkle","Relic Sorter","Relic Stats","StSLib"],"gold_per_floor":[113,132,142,142,92,92,136,136,188,149,173,26,201,126,126,222,222,240,97,196,196,211,211,247,247,247],"floor_reached":25,"playtime":996,"items_purged":["Doubt"],"score":369,"play_id":"19b636a6-5627-4553-bd4a-c70344c6b9ec","local_time":"20201212234147","is_ascension_mode":true,"campfire_choices":[{"data":"Bash","floor":6,"key":"SMITH"},{"data":"Uppercut","floor":8,"key":"SMITH"},{"floor":15,"key":"REST"},{"data":"Combust","floor":23,"key":"SMITH"}],"circlet_count":0,"master_deck":["AscendersBane","Strike_R+1","Strike_R","Strike_R","Strike_R","Strike_R","Defend_R","Defend_R","Defend_R","Bash+1","Cleave+1","Combust+1","Uppercut+1","Rupture","Battle Trance","Limit Break","Iron Wave+1","Rupture"],"relics":["Burning Blood","Orichalcum","Golden Idol","Bag of Marbles","Happy Flower","Pen Nib","Philosopher\u0027s Stone","Whetstone","Singing Bowl","Prayer Wheel"],"acts_visited":["Exordium","TheCity"],"potions_floor_usage":[16,18,18],"damage_taken":[{"damage":0,"enemies":"Cultist","floor":1,"turns":4},{"damage":6,"enemies":"Jaw Worm","floor":2,"turns":3},{"damage":0,"enemies":"Small Slimes","floor":3,"turns":3},{"damage":28,"enemies":"Lagavulin","floor":7,"turns":6},{"damage":5,"enemies":"Blue Slaver","floor":11,"turns":3},{"damage":31,"enemies":"Hexaghost","floor":16,"turns":7},{"damage":11,"enemies":"3 Byrds","floor":18,"turns":3},{"damage":9,"enemies":"Chosen","floor":22,"turns":4},{"damage":38,"enemies":"Gremlin Leader","floor":24,"turns":5},{"damage":27,"enemies":"Sentry and Sphere","floor":25,"turns":3}],"seed_played":"3790697751995705221","potions_obtained":[{"floor":2,"key":"Fire Potion"},{"floor":3,"key":"Ancient Potion"},{"floor":16,"key":"ColorlessPotion"}],"is_trial":false,"path_per_floor":["M","M","M","?","?","R","E","R","T","$","M","$","?","$","R","B",null,"M","$","?","?","M","R","E","M"],"character_chosen":"IRONCLAD","items_purchased":["Rupture","Pen Nib","Whetstone"],"campfire_rested":1,"item_purchase_floors":[10,12,19],"current_hp_per_floor":[74,74,75,57,57,57,35,35,35,35,36,36,36,36,58,33,65,60,60,60,60,59,59,27,0,0],"gold":247,"neow_bonus":"RANDOM_COMMON_RELIC","is_daily":false,"chose_seed":false,"campfire_upgraded":3,"win_rate":0.0,"timestamp":1607845307,"path_taken":["M","M","?","?","?","R","E","R","T","?","M","$","?","$","R","BOSS","M","$","?","?","M","R","E","M"],"items_purchased_type":["Card","Relic","Relic"],"build_version":"2020-11-30","purchased_purges":1,"victory":false,"max_hp_per_floor":[75,75,75,75,75,75,75,75,75,75,75,75,75,75,75,75,75,75,75,75,75,77,77,77,77,77],"relic_stats":{"Happy Flower":[8],"Singing Bowl":2,"counters":[10,41],"Golden Idol":47,"Prayer Wheel":0,"Pen Nib":[4],"Whetstone":["Cleave","Strike_R"],"Orichalcum":[150],"obtain_stats":[{"Happy Flower":9,"Singing Bowl":21,"Golden Idol":4,"Philosopher\u0027s Stone":17,"Prayer Wheel":24,"Pen Nib":12,"Bag of Marbles":7,"Whetstone":19,"Orichalcum":0,"Burning Blood":0},{"Happy Flower":4,"Singing Bowl":7,"Golden Idol":3,"Philosopher\u0027s Stone":6,"Prayer Wheel":9,"Pen Nib":5,"Bag of Marbles":4,"Whetstone":7,"Orichalcum":0,"Burning Blood":0},{"Happy Flower":16,"Singing Bowl":29,"Golden Idol":10,"Philosopher\u0027s Stone":26,"Prayer Wheel":38,"Pen Nib":19,"Bag of Marbles":16,"Whetstone":29,"Orichalcum":0,"Burning Blood":0}],"Burning Blood":49},"card_choices":[{"not_picked":["Disarm","Anger"],"picked":"Cleave","floor":1},{"not_picked":["Cleave","Twin Strike"],"picked":"Heavy Blade","floor":2},{"not_picked":["Heavy Blade","Burning Pact"],"picked":"Combust","floor":3},{"not_picked":["Twin Strike","Warcry"],"picked":"Uppercut","floor":7},{"not_picked":["Cleave","Anger"],"picked":"Battle Trance","floor":11},{"not_picked":["Exhume","Barricade"],"picked":"Limit Break","floor":16},{"not_picked":["Hemokinesis","Anger"],"picked":"Iron Wave+1","floor":18},{"not_picked":["Sword Boomerang","Flex","Heavy Blade"],"picked":"Singing Bowl","floor":22},{"not_picked":["Anger","Pommel Strike"],"picked":"Rupture","floor":24}],"player_experience":435305,"relics_obtained":[{"floor":7,"key":"Bag of Marbles"},{"floor":9,"key":"Happy Flower"},{"floor":24,"key":"Prayer Wheel"}],"event_choices":[{"damage_healed":0,"gold_gain":0,"player_choice":"Take Damage","damage_taken":18,"relics_obtained":["Golden Idol"],"max_hp_gain":0,"max_hp_loss":0,"event_name":"Golden Idol","floor":4,"gold_loss":0},{"cards_removed":["Defend_R"],"damage_healed":0,"gold_gain":0,"player_choice":"Card Removal","damage_taken":0,"max_hp_gain":0,"max_hp_loss":0,"event_name":"The Cleric","floor":5,"gold_loss":50},{"damage_healed":0,"gold_gain":175,"player_choice":"AGREE","damage_taken":0,"max_hp_gain":0,"max_hp_loss":0,"event_name":"Liars Game","floor":13,"gold_loss":0,"cards_obtained":["Doubt"]},{"damage_healed":0,"gold_gain":99,"player_choice":"Stole From Cult","damage_taken":0,"max_hp_gain":0,"max_hp_loss":0,"event_name":"Nest","floor":20,"gold_loss":0},{"cards_removed":["Heavy Blade"],"damage_healed":0,"gold_gain":0,"player_choice":"Gave Card","damage_taken":0,"relics_obtained":["Singing Bowl"],"max_hp_gain":0,"max_hp_loss":0,"event_name":"WeMeetAgain","floor":21,"gold_loss":0}],"is_beta":false,"boss_relics":[{"not_picked":["Empty Cage","Runic Cube"],"picked":"Philosopher\u0027s Stone"}],"items_purged_floors":[14],"is_endless":false,"potions_floor_spawned":[2,3,16],"killed_by":"Sentry and Sphere","ascension_level":14}}