{"host":"ek3xvuouaw6vk9if","time":1607842255,"event":{"mods":["BaseMod","Minty Spire (QoL Compilation)","Permanent Neow","Quick Restart","Replay The Spire","StSLib"],"gold_per_floor":[19,19,36,47,47,47,64,91,91,121,121,134,134,168,168,266,266,278,278,28,47,62,91,91,91,91,91,108,33,33,87,87,191,191,208,9,20,20,0,29,77,93,93,107,123,123,123,142,142,142],"floor_reached":51,"playtime":2624,"items_purged":["Strike_R"],"score":1159,"play_id":"76c4bec0-4444-4640-84f2-ea7310c8f5b0","local_time":"20201213015055","is_ascension_mode":true,"campfire_choices":[{"data":"Shrug It Off","floor":6.0,"key":"SMITH"},{"data":"Barricade","floor":11.0,"key":"SMITH"},{"data":"Armaments","floor":15,"key":"SMITH"},{"data":"Berserk","floor":24,"key":"SMITH"},{"data":"Pommel Strike","floor":27,"key":"SMITH"},{"data":"Berserk","floor":30,"key":"SMITH"},{"data":"Battle Trance","floor":32,"key":"SMITH"},{"data":"Body Slam","floor":49,"key":"SMITH"}],"circlet_count":0,"master_deck":["Strike_R","Strike_R","Strike_R","Strike_R","Defend_R","Defend_R","Defend_R","Defend_R","Bash","Hemokinesis+1","Iron Wave+1","Shrug It Off+1","Armaments+1","Barricade+1","Body Slam+1","Thunderclap","Berserk+1","Shrug It Off+1","Battle Trance+1","Berserk+1","Pommel Strike+1","Body Slam+1","Flash of Steel+1","Parasite","ReplayTheSpireMod:Stacked+1","Shrug It Off+1"],"relics":["Burning Blood","Champion Belt","Kunai","Mummified Hand","CaptainsWheel","ReplayTheSpireMod:Spearhead","Pet Ghost","Black Star","Blue Doll","HandDrill","Pondfish Scales","Chameleon Ring","Strawberry","Ornamental Fan","Philosopher\u0027s Stone","Guide Book","Red Mask","Bag of Marbles","Iron Hammer","Thread and Needle","Replay:Bottled Steam"],"acts_visited":["Exordium","TheCity","TheBeyond"],"potions_floor_usage":[14,16,23,33,37,50],"damage_taken":[{"damage":0.0,"enemies":"Small Slimes","floor":1.0,"turns":3.0},{"damage":4.0,"enemies":"Jaw Worm","floor":3.0,"turns":3.0},{"damage":6.0,"enemies":"Cultist","floor":4.0,"turns":3.0},{"damage":2.0,"enemies":"Exordium Wildlife","floor":7.0,"turns":3.0},{"damage":23.0,"enemies":"Lagavulin","floor":8.0,"turns":6.0},{"damage":26.0,"enemies":"Gremlin Nob","floor":10.0,"turns":5.0},{"damage":8,"enemies":"Exordium Thugs","floor":12,"turns":5},{"damage":2,"enemies":"3 Sentries","floor":14,"turns":10},{"damage":6,"enemies":"Fading Forest","floor":16,"turns":11},{"damage":2,"enemies":"Spheric Guardian","floor":18,"turns":5},{"damage":9,"enemies":"Chosen","floor":21,"turns":5},{"damage":5,"enemies":"Shelled Parasite and Fungi","floor":22,"turns":6},{"damage":13,"enemies":"Gremlin Leader","floor":23,"turns":7},{"damage":2,"enemies":"Snecko","floor":28,"turns":4},{"damage":22,"enemies":"Automaton","floor":33,"turns":8},{"damage":4,"enemies":"Orb Walker","floor":35,"turns":3},{"damage":2,"enemies":"3 Darklings","floor":37,"turns":5},{"damage":33,"enemies":"Reptomancer","floor":40,"turns":6},{"damage":22,"enemies":"2 Orb Walkers","floor":41,"turns":4},{"damage":4,"enemies":"Writhing Mass","floor":42,"turns":3},{"damage":2,"enemies":"4 Shapes","floor":44,"turns":3},{"damage":11,"enemies":"Maw","floor":45,"turns":6},{"damage":2,"enemies":"Writhing Mass","floor":48,"turns":3},{"damage":8,"enemies":"Awakened One","floor":50,"turns":8}],"seed_played":"-3028037511902840364","potions_obtained":[{"floor":1.0,"key":"FearPotion"},{"floor":7.0,"key":"SkillPotion"},{"floor":8.0,"key":"Energy Potion"},{"floor":10.0,"key":"BlessingOfTheForge"},{"floor":14,"key":"SpeedPotion"},{"floor":18,"key":"Flashbang"},{"floor":23,"key":"LiquidBronze"},{"floor":28,"key":"Strength Potion"},{"floor":33,"key":"Dexterity Potion"},{"floor":35,"key":"AttackPotion"},{"floor":41,"key":"FearPotion"}],"is_trial":false,"path_per_floor":["M","?","M","M","$","R","M","E","T","E","R","M","?","E","R","B",null,"M","?","$","M","M","E","R","?","T","R","M","$","R","?","R","B",null,"M","$","M","?","?","E","?","M","T","M","M","?","?","M","R","B",null],"character_chosen":"IRONCLAD","items_purchased":["Shrug It Off+1","HandDrill","Battle Trance","Flash of Steel+1","Guide Book"],"campfire_rested":0,"item_purchase_floors":[20,20,20,36,36],"current_hp_per_floor":[78,78,80,80,80,80,80,63,63,43,43,41,34,38,38,38,70,74,74,74,71,72,65,65,65,72,72,76,76,76,76,76,60,80,82,82,86,86,86,59,43,45,45,49,44,44,44,48,48,46],"gold":142,"neow_bonus":"ONE_RARE_RELIC","is_daily":false,"chose_seed":false,"campfire_upgraded":8,"win_rate":0.0,"timestamp":1607842255,"path_taken":["M","?","M","M","$","R","M","E","T","E","R","M","?","E","R","BOSS","M","?","$","M","?","E","R","?","T","R","M","?","R","?","R","BOSS","M","$","M","?","?","E","?","M","T","M","?","?","?","M","R","BOSS"],"items_purchased_type":["Card","Relic","Card","Card","Relic"],"build_version":"2020-11-30","purchased_purges":1,"victory":true,"max_hp_per_floor":[80,80,80,80,80,80,80,80,80,80,80,80,80,80,80,80,80,80,80,80,80,80,80,80,80,87,87,87,87,87,87,87,87,87,87,87,87,87,87,87,87,87,87,87,87,87,87,87,87,87],"card_choices":[{"not_picked":["Headbutt","Pommel Strike"],"picked":"Hemokinesis","floor":1.0},{"not_picked":["Body Slam","Heavy Blade"],"picked":"Iron Wave","floor":3.0},{"not_picked":["Power Through","Iron Wave"],"picked":"Shrug It Off","floor":4.0},{"not_picked":["Twin Strike","ReplayTheSpireMod:Strike From Hell","Replay:Undeath\u0027s Touch"],"picked":"SKIP","floor":7.0},{"not_picked":["Shrug It Off","Run Through"],"picked":"Armaments","floor":8.0},{"not_picked":["Carnage","Pommel Strike"],"picked":"Barricade","floor":10.0},{"not_picked":["Armaments","Life Link"],"picked":"Body Slam","floor":12},{"not_picked":["Pommel Strike","Spot Weakness"],"picked":"Thunderclap","floor":14},{"not_picked":["Feed","Limit Break"],"picked":"Berserk","floor":16},{"not_picked":["Clothesline","Uppercut","Infernal Blade"],"picked":"SKIP","floor":18},{"not_picked":["Clothesline","Massacre","True Grit"],"picked":"SKIP","floor":21},{"not_picked":["Wild Strike","Shockwave","Replay:Undeath\u0027s Touch"],"picked":"SKIP","floor":22},{"not_picked":["Massacre","Limit Break"],"picked":"Berserk","floor":23},{"not_picked":["Sword Boomerang","Wild Strike+1","Havoc"],"picked":"SKIP","floor":28},{"not_picked":["Disarm+1","Hemokinesis"],"picked":"Body Slam","floor":31},{"not_picked":["Defy Death+1","Whirlwind+1","Thunderclap+1"],"picked":"SKIP","floor":35},{"not_picked":["ReplayTheSpireMod:LeadingStrike+1","Sword Boomerang+1","Anger"],"picked":"SKIP","floor":37},{"not_picked":["Headbutt","ReplayTheSpireMod:LeadingStrike+1","Clothesline+1"],"picked":"SKIP","floor":40},{"not_picked":["ReplayTheSpireMod:LeadingStrike+1","Second Wind+1","ReplayTheSpireMod:Strike From Hell"],"picked":"SKIP","floor":42},{"not_picked":["ReplayTheSpireMod:LeadingStrike+1","Second Wind+1","ReplayTheSpireMod:Strike From Hell"],"picked":"SKIP","floor":42},{"not_picked":["Whirlwind+1","Sword Boomerang+1"],"picked":"ReplayTheSpireMod:Stacked","floor":44},{"not_picked":["Rupture+1","Cleave+1","Reckless Charge+1"],"picked":"SKIP","floor":45},{"not_picked":["Dark Embrace+1","Wild Strike"],"picked":"Shrug It Off+1","floor":48}],"player_experience":461974,"relics_obtained":[{"floor":8.0,"key":"Kunai"},{"floor":9.0,"key":"Mummified Hand"},{"floor":10.0,"key":"CaptainsWheel"},{"floor":14,"key":"Pet Ghost"},{"floor":23,"key":"Pondfish Scales"},{"floor":23,"key":"Chameleon Ring"},{"floor":26,"key":"Strawberry"},{"floor":31,"key":"Ornamental Fan"},{"floor":40,"key":"Bag of Marbles"},{"floor":40,"key":"Iron Hammer"},{"floor":41,"key":"Thread and Needle"},{"floor":43,"key":"Replay:Bottled Steam"}],"event_choices":[{"damage_healed":0.0,"max_hp_gain":0.0,"max_hp_loss":0.0,"gold_gain":0.0,"event_name":"Living Wall","player_choice":"Grow","floor":2.0,"gold_loss":0.0,"damage_taken":0.0,"cards_upgraded":["Hemokinesis"]},{"damage_healed":0,"gold_gain":0,"player_choice":"Success","damage_taken":7,"relics_obtained":["ReplayTheSpireMod:Spearhead"],"max_hp_gain":0,"max_hp_loss":0,"event_name":"Scrap Ooze","floor":13,"gold_loss":0},{"damage_healed":0,"gold_gain":0,"player_choice":"Gave Potion","damage_taken":0,"relics_obtained":["Blue Doll"],"max_hp_gain":0,"max_hp_loss":0,"event_name":"WeMeetAgain","floor":19,"gold_loss":0},{"damage_healed":0,"gold_gain":0,"player_choice":"Read","damage_taken":0,"max_hp_gain":0,"max_hp_loss":0,"event_name":"The Library","floor":25,"gold_loss":0,"cards_obtained":["Pommel Strike"]},{"damage_healed":0,"gold_gain":0,"player_choice":"Paid","damage_taken":0,"relics_obtained":["Red Mask"],"max_hp_gain":0,"max_hp_loss":0,"event_name":"Tomb of Lord Red Mask","floor":39,"gold_loss":20},{"damage_healed":0,"gold_gain":0,"player_choice":"Fight","damage_taken":0,"max_hp_gain":0,"max_hp_loss":0,"event_name":"Mysterious Sphere","floor":41,"gold_loss":0},{"damage_healed":0,"gold_gain":0,"player_choice":"Memory 1","damage_taken":0,"max_hp_gain":0,"max_hp_loss":0,"event_name":"SensoryStone","floor":46,"gold_loss":0},{"damage_healed":0,"gold_gain":0,"player_choice":"Forge","damage_taken":0,"max_hp_gain":0,"max_hp_loss":0,"event_name":"Accursed Blacksmith","floor":47,"gold_loss":0,"cards_upgraded":["ReplayTheSpireMod:Stacked"]}],"is_beta":false,"boss_relics":[{"not_picked":["Calling Bell","Mark of Pain"],"picked":"Black Star"},{"not_picked":["SacredBark","Cursed Key"],"picked":"Philosopher\u0027s Stone"}],"items_purged_floors":[29],"is_endless":false,"potions_floor_spawned":[1,7,8,10,14,18,23,28,33,35,41,42,48],"ascension_level":9}}