{"host":"v6z4ef7b9ohrfzi9","time":1607888086,"event":{"mods":["2.2 Compatiblity","Act Like it!","Aspiration","BaseMod","Better Altar","Better Match","Better Sensory Stone","Better Third Choice","BetterRewards","Conspire","Downfall","Gensokyo","Minty Spire (QoL Compilation)","Replay The Spire","Shade Mod","Shop Mod","Spicy Shops","StSLib","Swap Starting Deck Mod","The Administrix"],"gold_per_floor":[120,120,120,120,132,132,142,175,175,190,209,209,28,39,39,136,136,156,168,168,168,3,3,14,49,49,61,61,32,43,43,43],"floor_reached":31,"playtime":7065,"items_purged":["ReplayTheSpireMod:Restless Dread","hexamod:Haunted"],"score":357,"play_id":"451b451d-2ebc-42a7-abf9-30714a28aba6","local_time":"20201213203446","is_ascension_mode":false,"campfire_choices":[{"data":"AdministrixMod:BloodBargain","floor":6,"key":"SMITH"},{"data":"AdministrixMod:NewbornDivinity","floor":15,"key":"SMITH"},{"data":"Survey Options","floor":23,"key":"SMITH"}],"circlet_count":0,"master_deck":["AdministrixMod:RedCloak","AdministrixMod:Defend_Administrix","AdministrixMod:BlueCloak","AdministrixMod:RisingSunPrince","AdministrixMod:CastOffRegrets+1","AdministrixMod:BloodBargain+1","AdministrixMod:Transition","Injury","aspiration:Lunge","Slice","Blade Dance","AdministrixMod:CenturiesAscent","AdministrixMod:DreamsMausoleum","AdministrixMod:BloodBargain","AdministrixMod:LightOfYourLife","AdministrixMod:NewbornDivinity+1","AdministrixMod:SyncreticSurge","AdministrixMod:HarmonicReverence+1","AdministrixMod:AmassedMasks","sneckomod:UnknownX+1","Bite","Bite","Bite","Bite","Bite","AdministrixMod:UnstableVigor","AdministrixMod:RebukeDesires","AdministrixMod:HiddenPower+1","Master of Strategy","expansioncontent:BronzeBeam","Survey Options+1","Secret Weapon","expansioncontent:FaceSlap+1"],"relics":["AdministrixMod:ConductorRitualBaton","AdministrixMod:DragonsEyeCharm","Replay:Kaleidoscope","Thread and Needle","Mirror","Frozen Egg 2","Guardian:PocketSentry","Incense Burner","PrismaticShard","AdministrixMod:ElixirOfImmorality","ReplayTheSpireMod:ShopPack","StoneCalendar","Mercury Hourglass","betterThird:NestCultRelic","ReplayTheSpireMod:CursedCoin","Replay:Wax Seal"],"acts_visited":["Exordium","TheCity"],"potions_floor_usage":[24,25,30,31],"damage_taken":[{"damage":2,"enemies":"Jaw Worm","floor":1,"turns":4},{"damage":0,"enemies":"Small Slimes","floor":5,"turns":1},{"damage":0,"enemies":"2 Louse","floor":7,"turns":2},{"damage":4,"enemies":"Replay:BlueRogue","floor":8,"turns":5},{"damage":0,"enemies":"Blue Slaver","floor":10,"turns":3},{"damage":0,"enemies":"Large Slime","floor":11,"turns":3},{"damage":0,"enemies":"3 Louse","floor":14,"turns":1},{"damage":0,"enemies":"Hexaghost","floor":16,"turns":4},{"damage":0,"enemies":"Shell Parasite","floor":18,"turns":4},{"damage":0,"enemies":"3 Byrds","floor":19,"turns":4},{"damage":0,"enemies":"Snake Plant","floor":24,"turns":3},{"damage":32,"enemies":"Slavers","floor":25,"turns":3},{"damage":3,"enemies":"Centurion and Healer","floor":27,"turns":4},{"damage":6,"enemies":"Cultist and Chosen","floor":30,"turns":4},{"damage":18,"enemies":"3 Cultists","floor":31,"turns":2}],"seed_played":"-2843990125655450634","potions_obtained":[{"floor":5,"key":"Fruit Juice"},{"floor":11,"key":"Guardian:BlockOnCardUsePotion"},{"floor":18,"key":"Swift Potion"},{"floor":24,"key":"Weak Potion"},{"floor":25,"key":"champ:CounterPotion"},{"floor":30,"key":"Strength Potion"}],"is_trial":false,"path_per_floor":["M","?","?","?","M","R","M","E","T","M","M","?","$","M","R","B",null,"M","M","?","?","$","R","M","E","T","M","?","$","M","M"],"character_chosen":"TheAdministrix","items_purchased":["AdministrixMod:DragonsEyeCharm","AdministrixMod:RisingSunPrince","AdministrixMod:CastOffRegrets+1","AdministrixMod:SyncreticSurge","AdministrixMod:HiddenPower+1","ReplayTheSpireMod:ShopPack","ReplayTheSpireMod:CursedCoin","Replay:Wax Seal"],"campfire_rested":0,"item_purchase_floors":[0,0,0,13,22,22,29,29],"current_hp_per_floor":[32,32,32,32,32,32,32,28,28,28,28,28,28,28,28,28,65,65,65,45,45,45,45,45,17,17,14,14,14,15,0,0],"gold":43,"neow_bonus":"","is_daily":false,"chose_seed":false,"campfire_upgraded":3,"win_rate":0.0,"timestamp":1607888086,"path_taken":["M","?","?","?","M","R","M","E","T","?","M","?","$","M","R","BOSS","M","M","?","?","$","R","M","E","T","M","?","?","M","M"],"items_purchased_type":["Relic","Card","Card","Card","Card","Relic","Relic","Relic"],"build_version":"2020-11-30","purchased_purges":2,"victory":false,"max_hp_per_floor":[65,65,65,65,65,65,65,65,65,65,65,65,65,65,65,65,65,65,65,45,45,45,45,45,45,45,45,45,45,50,50,50],"card_choices":[{"not_picked":["AdministrixMod:TouchOfCinnabar","AdministrixMod:ImmortalGrace"],"picked":"AdministrixMod:Transition","floor":1},{"not_picked":["AdministrixMod:NoblePath","AdministrixMod:ChooseYourEnd"],"picked":"AdministrixMod:CenturiesAscent","floor":5},{"not_picked":["AdministrixMod:SealAway","AdministrixMod:DiversionaryTactic"],"picked":"AdministrixMod:DreamsMausoleum","floor":7},{"not_picked":["AdministrixMod:SeventeenArticleLaser","AdministrixMod:QuietConspiracy"],"picked":"AdministrixMod:BloodBargain","floor":8},{"not_picked":["AdministrixMod:PlateOfAntiquity","AdministrixMod:FiendishCrimson"],"picked":"AdministrixMod:LightOfYourLife","floor":10},{"not_picked":["AdministrixMod:ChooseYourEnd","AdministrixMod:WickedPunishment"],"picked":"AdministrixMod:NewbornDivinity","floor":11},{"not_picked":["Guardian:PrimingBeam","conspire:Charge"],"picked":"AdministrixMod:HarmonicReverence+1","floor":14},{"not_picked":["Sadistic Nature+1","Guardian:TimeSifter+1"],"picked":"AdministrixMod:AmassedMasks","floor":16},{"not_picked":["sneckomod:UnknownCommonAttack","Halt+1","ClearTheMind"],"picked":"SKIP","floor":18},{"not_picked":["champ:CheapShot","Rebound"],"picked":"sneckomod:UnknownX+1","floor":19},{"not_picked":["ReplayTheSpireMod:Necrogeddon","ReplayTheSpireMod:Brewmster"],"picked":"Master of Strategy","floor":22},{"not_picked":["expansioncontent:ManipulateTime","expansioncontent:AwakenDeath"],"picked":"expansioncontent:BronzeBeam","floor":22},{"not_picked":["Dramatic Entrance","expansioncontent:FaceSlap"],"picked":"Survey Options","floor":22},{"not_picked":["Collect+1","Slice+1"],"picked":"Secret Weapon","floor":24},{"not_picked":["ThirdEye+1","Swivel","Gash+1"],"picked":"SKIP","floor":25},{"not_picked":["Slimebound:SplitLeeching+1","Reinforced Body+1","ReplayTheSpireMod:Tripwire"],"picked":"SKIP","floor":27},{"not_picked":["conspire:Rain","Run Through+1"],"picked":"expansioncontent:FaceSlap+1","floor":30}],"player_experience":1387675,"relics_obtained":[{"floor":8,"key":"Guardian:PocketSentry"},{"floor":9,"key":"Incense Burner"},{"floor":25,"key":"StoneCalendar"},{"floor":26,"key":"Mercury Hourglass"}],"event_choices":[{"cards_removed":["Amnesia"],"damage_healed":0,"gold_gain":0,"player_choice":"Forget","damage_taken":0,"max_hp_gain":0,"max_hp_loss":0,"event_name":"Living Wall","floor":3,"gold_loss":0},{"damage_healed":0,"gold_gain":0,"player_choice":"Became a vampire","damage_taken":0,"max_hp_gain":0,"max_hp_loss":20,"event_name":"Vampires","floor":20,"gold_loss":0,"cards_obtained":["Bite","Bite","Bite","Bite","Bite"]},{"damage_healed":0,"gold_gain":0,"cards_transformed":["AdministrixMod:Defend_Administrix","AdministrixMod:Defend_Administrix"],"player_choice":"Became Test Subject","damage_taken":0,"max_hp_gain":0,"max_hp_loss":0,"event_name":"Drug Dealer","floor":21,"gold_loss":0,"cards_obtained":["AdministrixMod:UnstableVigor","AdministrixMod:RebukeDesires"]},{"damage_healed":0,"gold_gain":0,"player_choice":"Madness","damage_taken":0,"relics_obtained":["betterThird:NestCultRelic"],"max_hp_gain":0,"max_hp_loss":0,"event_name":"betterThird:BetterNest","floor":28,"gold_loss":0}],"is_beta":false,"boss_relics":[{"not_picked":["Ectoplasm","conspire:SpecialSausage"],"picked":"AdministrixMod:ElixirOfImmorality"}],"items_purged_floors":[13,29],"is_endless":false,"potions_floor_spawned":[5,11,18,24,25,30],"killed_by":"3 Cultists","ascension_level":0}}