{"host":"vhrbb9mxb8fcxsba","time":1607854679,"event":{"mods":["2.2 Compatiblity","Act Like it!","BaseMod","Downfall","GungeonMod","Infinite Spire","Lobotomy","LobotomyExtend","Minty Spire (QoL Compilation)","Quick Restart","StSLib","Wandering Minibosses"],"gold_per_floor":[109,109,120,147,159,159,159,189,189,201,12,12,23,36,36,136,136,154,154,154,154,171,171,207,207,207],"floor_reached":25,"playtime":851,"items_purged":[],"score":246,"play_id":"f27755b9-b38a-457a-9791-770751d6e4a2","local_time":"20201213231759","is_ascension_mode":false,"campfire_choices":[{"data":"DemoMod:ManualReload","floor":6,"key":"SMITH"},{"data":"DemoMod:ManualReload","floor":12,"key":"SMITH"},{"data":"DemoMod:HuntsMan","floor":15,"key":"SMITH"},{"data":"DemoMod:MachoBrace","floor":23,"key":"SMITH"}],"circlet_count":0,"master_deck":["DemoMod:Strike_Huntress","DemoMod:Strike_Huntress","DemoMod:Strike_Huntress","DemoMod:Defend_Huntress","DemoMod:Defend_Huntress","DemoMod:Defend_Huntress","DemoMod:Defend_Huntress","DemoMod:Roll","DemoMod:ManualReload+1","DemoMod:RustySidearm","DemoMod:CrossBow","expansioncontent:SlimeTackle","DemoMod:LifeOrb+1","DemoMod:HuntsMan+1","DemoMod:MachoBrace+1","DemoMod:ManualReload+1","DemoMod:BulletBore","DemoMod:CursedBullets","DemoMod:GunslingerForm","DemoMod:FastSwitch+1"],"relics":["DemoMod:Dog","DemoMod:ClearGuonStone","Toy Ornithopter","DemoMod:WeirdEgg","DemoMod:GnawedKey","Snecko Eye","Nilry\u0027s Codex","Tiny Chest"],"acts_visited":["Exordium","TheCity"],"potions_floor_usage":[8,14],"damage_taken":[{"damage":4,"enemies":"2 Louse","floor":1,"turns":3},{"damage":0,"enemies":"Cultist","floor":3,"turns":3},{"damage":1,"enemies":"Small Slimes","floor":5,"turns":4},{"damage":0,"enemies":"Lagavulin","floor":8,"turns":1},{"damage":7,"enemies":"Exordium Wildlife","floor":10,"turns":2},{"damage":6,"enemies":"2 Fungi Beasts","floor":13,"turns":3},{"damage":37,"enemies":"Large Slime","floor":14,"turns":5},{"damage":18,"enemies":"Hexaghost","floor":16,"turns":9},{"damage":8,"enemies":"3 Byrds","floor":18,"turns":2},{"damage":12,"enemies":"2 Thieves","floor":22,"turns":3},{"damage":27,"enemies":"Book of Stabbing","floor":24,"turns":4},{"damage":8,"enemies":"Chosen and Byrds","floor":25,"turns":1}],"seed_played":"120497121005052983","potions_obtained":[{"floor":3,"key":"sneckomod:MuddlingPotion"},{"floor":5,"key":"ColorlessPotion"},{"floor":8,"key":"Swift Potion"}],"is_trial":false,"path_per_floor":["M","?","M","T","M","R","?","E","T","M","$","R","M","M","R","B",null,"M","?","?","?","M","R","E","M"],"character_chosen":"HUNTRESS","items_purchased":["DemoMod:GnawedKey","DemoMod:CursedBullets"],"campfire_rested":0,"item_purchase_floors":[11,11],"current_hp_per_floor":[66,66,66,66,65,65,65,65,65,58,58,58,52,20,20,2,70,62,46,46,46,34,34,7,0,0],"gold":207,"neow_bonus":"RANDOM_COLORLESS","is_daily":false,"chose_seed":false,"campfire_upgraded":4,"win_rate":0.0,"timestamp":1607854679,"path_taken":["M","?","M","?","M","R","?","E","T","?","$","R","M","M","R","BOSS","M","?","?","?","?","R","E","M"],"items_purchased_type":["Relic","Card"],"build_version":"2020-11-30","purchased_purges":0,"victory":false,"max_hp_per_floor":[70,70,70,70,70,70,70,70,70,70,70,70,70,70,70,70,70,70,70,70,70,70,70,70,70,70],"card_choices":[{"not_picked":["expansioncontent:Flail","Flash of Steel"],"picked":"expansioncontent:SlimeTackle","floor":0},{"not_picked":["DemoMod:Unmoved","DemoMod:Camera"],"picked":"DemoMod:LifeOrb","floor":1},{"not_picked":["DemoMod:DirectionalPad","DemoMod:AbyssalTentacle"],"picked":"DemoMod:HuntsMan","floor":3},{"not_picked":["DemoMod:MegaHand","DemoMod:DirectionalPad"],"picked":"DemoMod:MachoBrace","floor":5},{"not_picked":["DemoMod:MegaHand","DemoMod:HardPowerCard","DemoMod:GunShield"],"picked":"SKIP","floor":8},{"not_picked":["DemoMod:Evolver","DemoMod:Polaris","DemoMod:HardPowerCard"],"picked":"SKIP","floor":10},{"not_picked":["DemoMod:StickyCrossBow","DemoMod:Polaris","DemoMod:HardPowerCard"],"picked":"SKIP","floor":13},{"not_picked":["DemoMod:DarkMarker","DemoMod:DirectionalPad","DemoMod:ConditionalReflex"],"picked":"SKIP","floor":14},{"not_picked":["DemoMod:FullFirepower","DemoMod:DarkMarker"],"picked":"DemoMod:GunslingerForm","floor":16},{"not_picked":["DemoMod:PotionOfGunFriendShip","DemoMod:AbyssalTentacle"],"picked":"DemoMod:FastSwitch+1","floor":18},{"not_picked":["DemoMod:JK47","DemoMod:TableSutra+1","DemoMod:MegaHand"],"picked":"SKIP","floor":22},{"not_picked":["DemoMod:CursedBullets","DemoMod:DoubleSwitch","DemoMod:DirectionalPad"],"picked":"SKIP","floor":24}],"player_experience":152266,"relics_obtained":[{"floor":4,"key":"DemoMod:ClearGuonStone"},{"floor":8,"key":"Toy Ornithopter"},{"floor":9,"key":"DemoMod:WeirdEgg"},{"floor":19,"key":"Nilry\u0027s Codex"},{"floor":24,"key":"Tiny Chest"}],"event_choices":[{"damage_healed":0,"gold_gain":0,"player_choice":"Grow","damage_taken":0,"max_hp_gain":0,"max_hp_loss":0,"event_name":"Living Wall","floor":2,"gold_loss":0,"cards_upgraded":["DemoMod:LifeOrb"]},{"damage_healed":0,"gold_gain":0,"player_choice":"2 cards matched","damage_taken":0,"max_hp_gain":0,"max_hp_loss":0,"event_name":"Match and Keep!","floor":7,"gold_loss":0,"cards_obtained":["DemoMod:ManualReload","DemoMod:BulletBore"]},{"damage_healed":0,"gold_gain":0,"player_choice":"Obtained Book","damage_taken":16,"max_hp_gain":0,"max_hp_loss":0,"event_name":"Cursed Tome","floor":19,"gold_loss":0}],"is_beta":false,"boss_relics":[{"not_picked":["Astrolabe","Fusion Hammer"],"picked":"Snecko Eye"}],"items_purged_floors":[],"is_endless":false,"potions_floor_spawned":[3,5,8],"killed_by":"Chosen and Byrds","ascension_level":0}}