{"host":"3l86636hmmefx41a","time":1607818479,"event":{"mods":["BaseMod","Hermit","Marked Mod","Minty Spire (QoL Compilation)","StSLib"],"gold_per_floor":[110,123,137,147,222,247,247,257,257,271,333,351,361,361,361,361,361],"floor_reached":16,"playtime":1046,"items_purged":[],"score":156,"play_id":"9f3a2e9c-7a13-40de-be37-e99e44276a17","local_time":"20201213011439","daily_mods":["Draft"],"is_ascension_mode":false,"campfire_choices":[{"data":"Infinite Blades","floor":7,"key":"SMITH"},{"floor":15,"key":"REST"}],"circlet_count":0,"master_deck":["Blade Dance","Deadly Poison","Blur","Dagger Spray","Outmaneuver","Accuracy","Footwork","Slice","Backflip","Calculated Gamble","Sucker Punch","Flying Knee","Bane","Blade Dance","Infinite Blades+1","Cloak And Dagger","Dagger Spray","Catalyst","Poisoned Stab","Backstab","Caltrops","Dodge and Roll","Crippling Poison","Acrobatics"],"relics":["Ring of the Snake","The Courier","Mummified Hand"],"acts_visited":["Exordium"],"potions_floor_usage":[10,10,16],"damage_taken":[{"damage":0,"enemies":"Cultist","floor":1,"turns":2},{"damage":1,"enemies":"Small Slimes","floor":2,"turns":2},{"damage":6,"enemies":"2 Louse","floor":3,"turns":2},{"damage":10,"enemies":"Looter","floor":4,"turns":2},{"damage":8,"enemies":"Gremlin Nob","floor":6,"turns":3},{"damage":0,"enemies":"Large Slime","floor":8,"turns":4},{"damage":11,"enemies":"Exordium Wildlife","floor":10,"turns":3},{"damage":12,"enemies":"Blue Slaver","floor":12,"turns":2},{"damage":0,"enemies":"2 Fungi Beasts","floor":13,"turns":2},{"damage":11,"enemies":"Slime Boss","floor":16,"turns":5}],"seed_played":"1148027436950780677","potions_obtained":[{"floor":3,"key":"GamblersBrew"},{"floor":8,"key":"Poison Potion"},{"floor":13,"key":"Explosive Potion"}],"is_trial":true,"path_per_floor":["M","M","M","M","?","E","R","M","T","M","?","M","M","?","R","B"],"character_chosen":"THE_SILENT","items_purchased":[],"campfire_rested":1,"item_purchase_floors":[],"current_hp_per_floor":[70,69,63,53,42,34,34,34,34,23,23,11,11,4,25,14,14],"gold":361,"neow_bonus":"","is_daily":false,"chose_seed":false,"campfire_upgraded":1,"win_rate":0.0,"timestamp":1607818479,"path_taken":["M","M","M","M","?","E","R","M","T","M","?","M","M","?","R","BOSS"],"items_purchased_type":[],"build_version":"2020-11-30","purchased_purges":0,"victory":false,"max_hp_per_floor":[70,70,70,70,70,70,70,70,70,70,70,70,70,70,70,70,70],"card_choices":[{"not_picked":["Prepared","Deadly Poison"],"picked":"Blade Dance","floor":0},{"not_picked":["Outmaneuver","Slice"],"picked":"Deadly Poison","floor":0},{"not_picked":["Poisoned Stab","Prepared"],"picked":"Blur","floor":0},{"not_picked":["Acrobatics","Poisoned Stab"],"picked":"Dagger Spray","floor":0},{"not_picked":["PiercingWail","Backflip"],"picked":"Outmaneuver","floor":0},{"not_picked":["Heel Hook","Setup"],"picked":"Accuracy","floor":0},{"not_picked":["Deadly Poison","Dagger Throw"],"picked":"Footwork","floor":0},{"not_picked":["Poisoned Stab","Predator"],"picked":"Slice","floor":0},{"not_picked":["Acrobatics","Finisher"],"picked":"Backflip","floor":0},{"not_picked":["Reflex","Skewer"],"picked":"Calculated Gamble","floor":0},{"not_picked":["Setup","Predator"],"picked":"Sucker Punch","floor":0},{"not_picked":["Acrobatics","Quick Slash"],"picked":"Flying Knee","floor":0},{"not_picked":["Riddle With Holes","Underhanded Strike"],"picked":"Bane","floor":0},{"not_picked":["Reflex","Deadly Poison"],"picked":"Blade Dance","floor":0},{"not_picked":["Terror","Footwork"],"picked":"Infinite Blades","floor":0},{"not_picked":["Concentrate","Deflect"],"picked":"Cloak And Dagger","floor":1},{"not_picked":["Blur","Well Laid Plans"],"picked":"Dagger Spray","floor":2},{"not_picked":["Calculated Gamble","Bane"],"picked":"Catalyst","floor":3},{"not_picked":["Deadly Poison","Dagger Spray"],"picked":"Poisoned Stab","floor":4},{"not_picked":["Cloak And Dagger","Dodge and Roll"],"picked":"Backstab","floor":6},{"not_picked":["Accuracy","Unload"],"picked":"Caltrops","floor":8},{"not_picked":["Deflect","Deadly Poison"],"picked":"Dodge and Roll","floor":10},{"not_picked":["Dash","PiercingWail"],"picked":"Crippling Poison","floor":12},{"not_picked":["Dodge and Roll","Calculated Gamble"],"picked":"Acrobatics","floor":13}],"player_experience":74346,"relics_obtained":[{"floor":6,"key":"The Courier"},{"floor":9,"key":"Mummified Hand"}],"event_choices":[{"damage_healed":0,"gold_gain":75,"player_choice":"Gather Gold","damage_taken":11,"max_hp_gain":0,"max_hp_loss":0,"event_name":"World of Goop","floor":5,"gold_loss":0},{"damage_healed":0,"gold_gain":62,"player_choice":"Gained Gold","damage_taken":0,"max_hp_gain":0,"max_hp_loss":0,"event_name":"Golden Wing","floor":11,"gold_loss":0},{"damage_healed":0,"gold_gain":0,"player_choice":"Fled","damage_taken":7,"max_hp_gain":0,"max_hp_loss":0,"event_name":"Scrap Ooze","floor":14,"gold_loss":0}],"is_beta":false,"boss_relics":[],"items_purged_floors":[],"is_endless":true,"potions_floor_spawned":[3,8,13],"killed_by":"Slime Boss","ascension_level":0}}