{"host":"uzj3qtz06dzkgpll","time":1607828285,"event":{"mods":["BaseMod","Better Altar","Better Match","Better Note","Better Sensory Stone","Better Skull","Better Third Choice","Colored Map","Custom Start","Hubris","Minty Spire (QoL Compilation)","Permanent Neow","Replay The Spire","Shop Mod","Spicy Shops","StSLib"],"gold_per_floor":[218,66,82,32,47,47,47,74,127,127,127,153,153,168,168,269,269,280,291,163,163,163],"floor_reached":21,"playtime":1002,"items_purged":["Strike_R"],"score":308,"play_id":"f9f661d1-ff19-43e4-ae68-515213c667bf","local_time":"20201212185805","is_ascension_mode":true,"campfire_choices":[{"data":"Searing Blow+1","floor":6,"key":"SMITH"},{"data":"Searing Blow+3","floor":11,"key":"SMITH"},{"data":"Searing Blow+4","floor":13,"key":"SMITH"},{"data":"Strike_R","floor":15,"key":"PURGE"}],"circlet_count":0,"master_deck":["Strike_R+1","Defend_R+1","Defend_R+1","Defend_R+1","Defend_R+1","Bash","Searing Blow+5","Headbutt","Headbutt","Dual Wield","Iron Wave","Armaments","Armaments"],"relics":["Burning Blood","Guide Book","Anchor","Toy Ornithopter","Replay:Bottled Eggs","Replay:Bronze Core"],"acts_visited":["Exordium","TheCity"],"potions_floor_usage":[8,12,18,21,21],"damage_taken":[{"damage":6,"enemies":"Cultist","floor":1,"turns":3},{"damage":7,"enemies":"Jaw Worm","floor":3,"turns":3},{"damage":13,"enemies":"2 Louse","floor":5,"turns":2},{"damage":0,"enemies":"Gremlin Nob","floor":8,"turns":2},{"damage":0,"enemies":"Replay:BlueRogue","floor":12,"turns":3},{"damage":0,"enemies":"Blue Slaver","floor":14,"turns":2},{"damage":10,"enemies":"Slime Boss","floor":16,"turns":7},{"damage":4,"enemies":"3 Byrds","floor":18,"turns":4},{"damage":0,"enemies":"Chosen","floor":19,"turns":2},{"damage":106,"enemies":"3 Cultists","floor":21,"turns":6}],"seed_played":"8839641578705221590","potions_obtained":[{"floor":1,"key":"LiquidMemories"},{"floor":5,"key":"Energy Potion"},{"floor":14,"key":"Fire Potion"},{"floor":18,"key":"Weak Potion"},{"floor":19,"key":"PowerPotion"}],"is_trial":false,"path_per_floor":["M","$","M","?","M","R","?","E","T","?","R","E","R","M","R_BF","B",null,"M","M","$","M"],"character_chosen":"IRONCLAD","items_purchased":["Guide Book","Armaments"],"campfire_rested":0,"item_purchase_floors":[2,20],"current_hp_per_floor":[72,72,71,71,64,64,64,70,70,63,63,74,74,80,80,76,79,80,80,80,0,0],"gold":163,"neow_bonus":"HUNDRED_GOLD","is_daily":false,"chose_seed":false,"campfire_upgraded":3,"win_rate":0.0,"timestamp":1607828285,"path_taken":["M","$","M","?","M","R","?","E","T","?","R","E","R","?","R_BF","BOSS","M","M","$","M"],"items_purchased_type":["Relic","Card"],"build_version":"2020-11-30","purchased_purges":1,"victory":false,"max_hp_per_floor":[80,80,80,80,80,80,80,80,80,80,80,80,80,80,80,80,80,80,80,80,80,80],"card_choices":[{"not_picked":["Wild Strike","Headbutt"],"picked":"Searing Blow","floor":1},{"not_picked":["Shrug It Off","Body Slam"],"picked":"Headbutt","floor":3},{"not_picked":["Iron Wave","Flame Barrier"],"picked":"Headbutt","floor":5},{"not_picked":["Replay:Many Hands","Shockwave"],"picked":"Dual Wield","floor":8},{"not_picked":["True Grit","Second Wind","Anger"],"picked":"SKIP","floor":12},{"not_picked":["Anger","Heavy Blade","Entrench"],"picked":"SKIP","floor":14},{"not_picked":["ReplayTheSpireMod:Strike From Hell+1","Intimidate"],"picked":"Iron Wave","floor":18},{"not_picked":["Warcry+1","Clash"],"picked":"Armaments","floor":19}],"player_experience":304105,"relics_obtained":[{"floor":8,"key":"Anchor"},{"floor":9,"key":"Toy Ornithopter"},{"floor":12,"key":"Replay:Bottled Eggs"}],"event_choices":[{"cards_removed":["Strike_R"],"damage_healed":0,"gold_gain":0,"player_choice":"Card Removal","damage_taken":0,"max_hp_gain":0,"max_hp_loss":0,"event_name":"The Cleric","floor":4,"gold_loss":50},{"cards_removed":["Strike_R"],"damage_healed":0,"gold_gain":0,"player_choice":"Card Removal","damage_taken":7,"max_hp_gain":0,"max_hp_loss":0,"event_name":"Golden Wing","floor":10,"gold_loss":0}],"is_beta":false,"boss_relics":[{"not_picked":["Ectoplasm","Ring of Chaos"],"picked":"Replay:Bronze Core"}],"items_purged_floors":[20],"is_endless":false,"potions_floor_spawned":[1,5,14,18,19],"killed_by":"3 Cultists","ascension_level":6}}