{"host":"2cg6xoexl1he7zus","time":1607830079,"event":{"mods":["AchievementEnabler","BaseMod","Colored Map","Minty Spire (QoL Compilation)","Quick Restart","StSLib","SuperFastMode","everything is the same but u backflip on backflip"],"gold_per_floor":[117,137,1,11,21,21,21,36,36,109,109,109,127,140,171,171,269,269,288,488,507,291,301,301,400,400,400,433,458,158,171,86,86,190,190,203,215,87,0,10,10,41,58,81,91,34,34,34],"floor_reached":47,"playtime":2454,"items_purged":["Strike_B","Strike_B","Strike_B"],"score":669,"play_id":"26ad9dff-5f89-421e-bb6d-77f1639bd3ce","local_time":"20201213122759","is_ascension_mode":true,"campfire_choices":[{"data":"Dualcast","floor":6.0,"key":"SMITH"},{"data":"Zap","floor":7.0,"key":"SMITH"},{"data":"Reboot","floor":9.0,"key":"SMITH"},{"data":"Turbo","floor":11.0,"key":"SMITH"},{"floor":16.0,"key":"REST"},{"floor":24.0,"key":"REST"},{"data":"Fusion","floor":26.0,"key":"SMITH"},{"floor":33.0,"key":"REST"},{"data":"Creative AI","floor":41.0,"key":"SMITH"}],"circlet_count":0,"master_deck":["Strike_B","Defend_B","Defend_B","Defend_B","Defend_B","Zap+1","Dualcast+1","Hologram","Reboot+1","Streamline","Meteor Strike","Turbo+1","Genetic Algorithm","Echo Form","Fusion+1","Multi-Cast","Turbo+1","Reboot+1","Skim","Coolheaded+1","Creative AI+1","Multi-Cast","Sunder","Self Repair","BootSequence","Rainbow","Good Instincts","Buffer","Rebound+1"],"relics":["Cracked Core","Dream Catcher","The Courier","CaptainsWheel","Inserter","DollysMirror","Bottled Flame","Potion Belt","Smiling Mask","Matryoshka","Nuclear Battery","Red Mask","Toy Ornithopter","Bronze Scales","Lantern","Mummified Hand"],"acts_visited":["Exordium","TheCity","TheBeyond"],"potions_floor_usage":[],"damage_taken":[{"damage":11.0,"enemies":"Jaw Worm","floor":1.0,"turns":4.0},{"damage":1.0,"enemies":"Cultist","floor":2.0,"turns":4.0},{"damage":7.0,"enemies":"Small Slimes","floor":4.0,"turns":4.0},{"damage":8.0,"enemies":"Blue Slaver","floor":5.0,"turns":2.0},{"damage":0.0,"enemies":"Large Slime","floor":8.0,"turns":2.0},{"damage":6.0,"enemies":"Exordium Wildlife","floor":13.0,"turns":4.0},{"damage":10.0,"enemies":"Blue Slaver","floor":14.0,"turns":3.0},{"damage":20.0,"enemies":"Gremlin Nob","floor":15.0,"turns":4.0},{"damage":3.0,"enemies":"Slime Boss","floor":17.0,"turns":7.0},{"damage":12.0,"enemies":"Chosen","floor":19.0,"turns":4.0},{"damage":26.0,"enemies":"Shell Parasite","floor":21.0,"turns":6.0},{"damage":0.0,"enemies":"Sentry and Sphere","floor":23.0,"turns":3.0},{"damage":23.0,"enemies":"Book of Stabbing","floor":28.0,"turns":4.0},{"damage":16.0,"enemies":"Centurion and Healer","floor":31.0,"turns":7.0},{"damage":33.0,"enemies":"Collector","floor":34.0,"turns":11.0},{"damage":0.0,"enemies":"3 Darklings","floor":36.0,"turns":5.0},{"damage":1.0,"enemies":"3 Shapes","floor":37.0,"turns":3.0},{"damage":38.0,"enemies":"Transient","floor":40.0,"turns":5.0},{"damage":38.0,"enemies":"Reptomancer","floor":42.0,"turns":6.0},{"damage":7.0,"enemies":"Sphere and 2 Shapes","floor":43.0,"turns":3.0},{"damage":6,"enemies":"Writhing Mass","floor":45,"turns":6},{"damage":29,"enemies":"Maw","floor":47,"turns":4}],"seed_played":"-6575628328726705202","potions_obtained":[{"floor":2.0,"key":"Energy Potion"},{"floor":4.0,"key":"Block Potion"},{"floor":5.0,"key":"Fruit Juice"},{"floor":13.0,"key":"BlessingOfTheForge"},{"floor":17.0,"key":"PotionOfCapacity"},{"floor":19.0,"key":"Swift Potion"},{"floor":34.0,"key":"SneckoOil"},{"floor":40.0,"key":"Explosive Potion"},{"floor":43.0,"key":"FocusPotion"}],"is_trial":false,"path_per_floor":["M","M","$","M","M","R","R","M","R","T","R","?","M","M","E","R","B",null,"M","?","M","$","M","R","?","R","T","E","T","$","M","?","R","B",null,"M","M","$","?","M","R","E","M","T","M","?","M"],"character_chosen":"DEFECT","items_purchased":["Reboot","DollysMirror","Fire Potion","Fruit Juice","Multi-Cast","Sunder","Self Repair","Good Instincts"],"campfire_rested":3,"item_purchase_floors":[3,22,22,30,30,30,30,38],"current_hp_per_floor":[57,56,56,49,46,46,46,46,46,46,46,51,45,35,15,40,37,73,61,61,35,35,35,60,60,60,60,37,37,42,33,33,60,34,76,83,82,82,82,51,51,20,13,13,21,21,0,0],"gold":34,"neow_bonus":"RANDOM_COMMON_RELIC","is_daily":false,"chose_seed":false,"campfire_upgraded":6,"win_rate":0.0,"timestamp":1607830079,"path_taken":["M","M","$","M","M","R","R","M","R","T","R","?","M","M","E","R","BOSS","M","?","M","$","?","R","?","R","T","E","?","?","M","?","R","BOSS","M","M","$","?","M","R","E","M","T","M","?","M"],"items_purchased_type":["Card","Relic","Potion","Potion","Card","Card","Card","Card"],"build_version":"2020-11-30","purchased_purges":3,"victory":false,"max_hp_per_floor":[75,75,75,75,80,80,80,80,80,80,80,85,85,85,85,85,85,85,85,85,85,85,85,85,85,85,85,85,85,90,90,90,90,90,90,90,90,90,90,90,90,90,90,90,90,90,90,90],"card_choices":[{"not_picked":["Coolheaded","Leap"],"picked":"Hologram","floor":1.0},{"not_picked":["Compile Driver","Gash","Redo"],"picked":"SKIP","floor":2.0},{"not_picked":["Aggregate","Chaos"],"picked":"Streamline","floor":4.0},{"not_picked":["Stack","Hologram"],"picked":"Meteor Strike","floor":5.0},{"not_picked":["Leap","Cold Snap"],"picked":"Turbo","floor":8.0},{"not_picked":["Blizzard","Cold Snap"],"picked":"Genetic Algorithm","floor":13.0},{"not_picked":["Hologram","Steam","Melter"],"picked":"SKIP","floor":14.0},{"not_picked":["Compile Driver","Gash"],"picked":"Echo Form","floor":15.0},{"not_picked":["Steam Power","Beam Cell"],"picked":"Fusion","floor":16.0},{"not_picked":["Buffer","Amplify"],"picked":"Multi-Cast","floor":17.0},{"not_picked":["Cold Snap","Darkness","Sweeping Beam"],"picked":"SKIP","floor":19.0},{"not_picked":["Sunder","Sweeping Beam"],"picked":"Turbo+1","floor":21.0},{"not_picked":["Compile Driver","Rebound"],"picked":"Skim","floor":23.0},{"not_picked":["Leap","Streamline"],"picked":"Coolheaded+1","floor":24.0},{"not_picked":["Steam","Static Discharge"],"picked":"Creative AI","floor":28.0},{"not_picked":["Force Field+1","Sweeping Beam+1"],"picked":"BootSequence","floor":31.0},{"not_picked":["Biased Cognition","Echo Form"],"picked":"Rainbow","floor":34.0},{"not_picked":["Sweeping Beam+1","Coolheaded+1","Ball Lightning+1"],"picked":"SKIP","floor":36.0},{"not_picked":["Hello World","Steam+1","Redo"],"picked":"SKIP","floor":37.0},{"not_picked":["Go for the Eyes","Steam Power+1","Chaos"],"picked":"SKIP","floor":40.0},{"not_picked":["Steam+1","Barrage+1"],"picked":"Buffer","floor":42.0},{"not_picked":["Aggregate","Barrage+1"],"picked":"Rebound+1","floor":43.0},{"not_picked":["Static Discharge+1","Compile Driver+1","Redo"],"picked":"SKIP","floor":45}],"player_experience":239859,"relics_obtained":[{"floor":10.0,"key":"The Courier"},{"floor":15.0,"key":"CaptainsWheel"},{"floor":27.0,"key":"Bottled Flame"},{"floor":28.0,"key":"Potion Belt"},{"floor":29.0,"key":"Smiling Mask"},{"floor":42.0,"key":"Toy Ornithopter"},{"floor":44.0,"key":"Bronze Scales"},{"floor":44.0,"key":"Lantern"}],"event_choices":[{"damage_healed":0.0,"max_hp_gain":5.0,"max_hp_loss":0.0,"gold_gain":0.0,"event_name":"Big Fish","player_choice":"Donut","floor":12.0,"gold_loss":0.0,"damage_taken":0.0},{"damage_healed":0.0,"max_hp_gain":0.0,"max_hp_loss":0.0,"gold_gain":200.0,"event_name":"Wheel of Change","player_choice":"Gold","floor":20.0,"gold_loss":0.0,"damage_taken":0.0},{"damage_healed":0.0,"max_hp_gain":0.0,"max_hp_loss":0.0,"gold_gain":99.0,"event_name":"Nest","player_choice":"Stole From Cult","floor":25.0,"gold_loss":0.0,"damage_taken":0.0},{"damage_healed":0.0,"max_hp_gain":0.0,"max_hp_loss":0.0,"gold_gain":0.0,"event_name":"Addict","player_choice":"Obtained Relic","floor":32.0,"gold_loss":85.0,"damage_taken":0.0,"relics_obtained":["Matryoshka"]},{"damage_healed":0.0,"max_hp_gain":0.0,"max_hp_loss":0.0,"gold_gain":0.0,"event_name":"Tomb of Lord Red Mask","player_choice":"Paid","floor":39.0,"gold_loss":87.0,"damage_taken":0.0,"relics_obtained":["Red Mask"]},{"damage_healed":0,"gold_gain":0,"player_choice":"Paid Gold","damage_taken":0,"relics_obtained":["Mummified Hand"],"max_hp_gain":0,"max_hp_loss":0,"event_name":"WeMeetAgain","floor":46,"gold_loss":57}],"is_beta":false,"boss_relics":[{"not_picked":["Runic Dome","Busted Crown"],"picked":"Inserter"},{"not_picked":["Fusion Hammer","Snecko Eye"],"picked":"Nuclear Battery"}],"items_purged_floors":[22,30,38],"is_endless":false,"potions_floor_spawned":[2,4,5,13,17,19,34,40,43],"killed_by":"Maw","ascension_level":7}}