{"host":"ow9msrs9p2ctkx99","time":1607901318,"event":{"mods":["AchievementEnabler","BaseMod","Colored Map","Colored Powertips","Minty Spire (QoL Compilation)","Permanent Neow","Quick Restart","SuperFastMode"],"gold_per_floor":[369,383,383,398,398,428,428,444,471,11,75,110,110,133,133,234,234,250,261,261,280,199,199,209,209,209],"floor_reached":25,"playtime":431,"items_purged":["Strike_B"],"score":366,"play_id":"440a5dbf-aa67-4322-ad03-d5cae457a407","local_time":"20201214001518","is_ascension_mode":true,"campfire_choices":[{"floor":7.0,"key":"REST"},{"floor":13.0,"key":"REST"},{"floor":15.0,"key":"REST"},{"data":"Defragment","floor":23,"key":"SMITH"}],"circlet_count":0,"master_deck":["AscendersBane","Strike_B","Strike_B","Defend_B","Defend_B","Defend_B","Defend_B","Zap","Dualcast","Sunder+1","Turbo","Doom and Gloom","Undo","Rebound","Darkness","Multi-Cast","Echo Form","Redo","Melter","Defragment+1","Capacitor","Tempest+1"],"relics":["Cracked Core","Bag of Preparation","DataDisk","OrangePellets","Letter Opener","Bronze Scales","Potion Belt","Odd Mushroom","Nuclear Battery"],"acts_visited":["Exordium","TheCity"],"potions_floor_usage":[21,25],"damage_taken":[{"damage":4.0,"enemies":"Small Slimes","floor":1.0,"turns":4.0},{"damage":2.0,"enemies":"Jaw Worm","floor":2.0,"turns":3.0},{"damage":0.0,"enemies":"Cultist","floor":4.0,"turns":3.0},{"damage":45.0,"enemies":"Lagavulin","floor":6.0,"turns":6.0},{"damage":0.0,"enemies":"2 Fungi Beasts","floor":8.0,"turns":2.0},{"damage":21.0,"enemies":"Lagavulin Event","floor":11.0,"turns":5.0},{"damage":0.0,"enemies":"3 Sentries","floor":12.0,"turns":3.0},{"damage":15.0,"enemies":"The Mushroom Lair","floor":14.0,"turns":2.0},{"damage":29.0,"enemies":"Hexaghost","floor":16.0,"turns":6.0},{"damage":0.0,"enemies":"3 Byrds","floor":18.0,"turns":2.0},{"damage":6.0,"enemies":"Spheric Guardian","floor":19.0,"turns":3.0},{"damage":6,"enemies":"Cultist and Chosen","floor":21,"turns":5},{"damage":12,"enemies":"Snecko","floor":24,"turns":4},{"damage":36,"enemies":"Slavers","floor":25,"turns":2}],"seed_played":"-6982219726900341415","potions_obtained":[{"floor":1.0,"key":"SteroidPotion"},{"floor":4.0,"key":"FocusPotion"},{"floor":6.0,"key":"EssenceOfSteel"},{"floor":11.0,"key":"Weak Potion"},{"floor":18.0,"key":"SkillPotion"},{"floor":19.0,"key":"Strength Potion"}],"is_trial":false,"path_per_floor":["M","M","?","M","?","E","R","M","T","$","?","E","R","?","R","B",null,"M","M","?","M","$","R","M","E"],"character_chosen":"DEFECT","items_purchased":["OrangePellets","Letter Opener","Capacitor"],"campfire_rested":3,"item_purchase_floors":[10,10,22],"current_hp_per_floor":[64,62,62,62,62,17,37,37,37,37,16,16,36,21,41,12,54,54,48,48,42,42,42,30,0,0],"gold":209,"neow_bonus":"TWO_FIFTY_GOLD","is_daily":false,"chose_seed":false,"campfire_upgraded":1,"win_rate":0.0,"timestamp":1607901318,"path_taken":["M","M","?","M","?","E","R","?","T","$","?","E","R","?","R","BOSS","M","M","?","M","$","R","M","E"],"items_purchased_type":["Relic","Relic","Card"],"build_version":"2020-11-30","purchased_purges":1,"victory":false,"max_hp_per_floor":[68,68,68,68,68,68,68,68,68,68,68,68,68,68,68,68,68,68,68,68,68,68,68,68,68,68],"card_choices":[{"not_picked":["Rip and Tear","Ball Lightning"],"picked":"Sunder","floor":1.0},{"not_picked":["Beam Cell","Recycle"],"picked":"Turbo","floor":2.0},{"not_picked":["Storm","Cold Snap"],"picked":"Doom and Gloom","floor":4.0},{"not_picked":["Sweeping Beam","Conserve Battery"],"picked":"Undo","floor":6.0},{"not_picked":["Stack","Conserve Battery"],"picked":"Rebound","floor":8.0},{"not_picked":["Rebound","Auto Shields"],"picked":"Darkness","floor":11.0},{"not_picked":["Auto Shields","Aggregate"],"picked":"Multi-Cast","floor":12.0},{"not_picked":["Amplify","Thunder Strike"],"picked":"Echo Form","floor":16.0},{"not_picked":["Force Field","Hologram"],"picked":"Redo","floor":18.0},{"not_picked":["Blizzard","Leap"],"picked":"Melter","floor":19.0},{"not_picked":["Chaos","Stack"],"picked":"Defragment","floor":21},{"not_picked":["Streamline","Turbo+1"],"picked":"Tempest+1","floor":24}],"player_experience":1050642,"relics_obtained":[{"floor":6.0,"key":"Bag of Preparation"},{"floor":9.0,"key":"DataDisk"},{"floor":11.0,"key":"Bronze Scales"},{"floor":12.0,"key":"Potion Belt"},{"floor":14.0,"key":"Odd Mushroom"}],"event_choices":[{"cards_removed":["Strike_B"],"damage_healed":0.0,"max_hp_gain":0.0,"max_hp_loss":0.0,"gold_gain":0.0,"event_name":"Living Wall","player_choice":"Forget","floor":3.0,"gold_loss":0.0,"damage_taken":0.0},{"damage_healed":0.0,"max_hp_gain":0.0,"max_hp_loss":0.0,"gold_gain":0.0,"event_name":"Upgrade Shrine","player_choice":"Upgraded","floor":5.0,"gold_loss":0.0,"damage_taken":0.0,"cards_upgraded":["Sunder"]},{"damage_healed":0.0,"max_hp_gain":0.0,"max_hp_loss":0.0,"gold_gain":30.0,"event_name":"Dead Adventurer","player_choice":"Searched \u00272\u0027 times","floor":11.0,"gold_loss":0.0,"damage_taken":0.0},{"damage_healed":0.0,"max_hp_gain":0.0,"max_hp_loss":0.0,"gold_gain":0.0,"event_name":"Mushrooms","player_choice":"Fought Mushrooms","floor":14.0,"gold_loss":0.0,"damage_taken":0.0},{"damage_healed":0,"gold_gain":0,"player_choice":"Ignored","damage_taken":0,"max_hp_gain":0,"max_hp_loss":0,"event_name":"Duplicator","floor":20,"gold_loss":0}],"is_beta":false,"boss_relics":[{"not_picked":["SlaversCollar","Pandora\u0027s Box"],"picked":"Nuclear Battery"}],"items_purged_floors":[10],"is_endless":false,"potions_floor_spawned":[1,4,6,11,18,19],"killed_by":"Slavers","ascension_level":11}}