{"host":"bgzwip7wd16gv1hq","time":1607889841,"event":{"mods":["BaseMod","Block Reminder","Colored Map","Colored Powertips","Minty Spire (QoL Compilation)","StSLib"],"gold_per_floor":[118,118,118,139,13,13,38,38,61,61,61,82,82,106,106,231,231,256,271,271,284,59,59,94,94,94],"floor_reached":25,"playtime":3229,"items_purged":[],"score":211,"play_id":"9ec8f590-d054-4a7a-b6c8-90bcf2dc4fa8","local_time":"20201213210401","is_ascension_mode":false,"campfire_choices":[{"data":"Bash","floor":6,"key":"SMITH"},{"data":"Impervious","floor":11,"key":"SMITH"},{"data":"Twin Strike","floor":15,"key":"SMITH"},{"floor":23,"key":"RECALL"}],"circlet_count":0,"master_deck":["Strike_R","Strike_R","Strike_R","Strike_R","Defend_R","Defend_R","Defend_R","Defend_R","Bash+1","Impervious+1","Clothesline","Flame Barrier","Twin Strike+1","Perfected Strike","Clash","Headbutt","Rage","Entrench","Double Tap","Blood for Blood","Carnage","Battle Trance","Pommel Strike+1"],"relics":["Burning Blood","Golden Idol","Vajra","Sozu","Membership Card","Centennial Puzzle"],"acts_visited":["Exordium","TheCity"],"potions_floor_usage":[3,4,4,16,17],"damage_taken":[{"damage":1,"enemies":"Cultist","floor":1,"turns":5},{"damage":0,"enemies":"Small Slimes","floor":4,"turns":4},{"damage":0,"enemies":"Jaw Worm","floor":7,"turns":4},{"damage":8,"enemies":"Red Slaver","floor":12,"turns":4},{"damage":7,"enemies":"3 Louse","floor":14,"turns":3},{"damage":23,"enemies":"The Guardian","floor":16,"turns":12},{"damage":10,"enemies":"Spheric Guardian","floor":18,"turns":4},{"damage":11,"enemies":"Shell Parasite","floor":19,"turns":3},{"damage":15,"enemies":"Snake Plant","floor":21,"turns":4},{"damage":69,"enemies":"Gremlin Leader","floor":24,"turns":8},{"damage":14,"enemies":"Centurion and Healer","floor":25,"turns":5}],"seed_played":"1293404552984201446","potions_obtained":[{"floor":1,"key":"EntropicBrew"},{"floor":3,"key":"BloodPotion"},{"floor":3,"key":"Fruit Juice"},{"floor":3,"key":"Fruit Juice"},{"floor":7,"key":"Ancient Potion"},{"floor":12,"key":"ColorlessPotion"}],"is_trial":false,"path_per_floor":["M","?","?","M","$","R","M","$","T","$","R","M","?","M","R","B",null,"M","M","?","M","$","R","E","M"],"character_chosen":"IRONCLAD","items_purchased":["Twin Strike","Feel No Pain","Battle Trance","Membership Card"],"campfire_rested":0,"item_purchase_floors":[5,5,22,22],"current_hp_per_floor":[80,60,60,76,76,76,82,82,82,82,82,80,80,79,79,62,90,86,81,81,72,72,72,9,0,0],"gold":94,"neow_bonus":"ONE_RANDOM_RARE_CARD","is_daily":false,"chose_seed":false,"campfire_upgraded":3,"win_rate":0.0,"timestamp":1607889841,"path_taken":["M","?","?","M","$","R","?","$","T","?","R","M","?","?","R","BOSS","M","M","?","M","$","R","E","M"],"items_purchased_type":["Card","Card","Card","Relic"],"build_version":"2020-11-30","purchased_purges":0,"victory":false,"max_hp_per_floor":[80,80,80,90,90,90,90,90,90,90,90,90,90,90,90,90,90,90,90,90,90,90,90,90,90,90],"card_choices":[{"not_picked":["Intimidate","Perfected Strike"],"picked":"Clothesline","floor":1},{"not_picked":["Infernal Blade","Iron Wave"],"picked":"Flame Barrier","floor":4},{"not_picked":["Sword Boomerang","Second Wind"],"picked":"Perfected Strike","floor":7},{"not_picked":["Uppercut","Shrug It Off"],"picked":"Clash","floor":12},{"not_picked":["Reckless Charge","Perfected Strike"],"picked":"Headbutt","floor":14},{"not_picked":["Impervious","Offering"],"picked":"Limit Break","floor":16},{"not_picked":["Sever Soul","Sword Boomerang+1"],"picked":"Rage","floor":18},{"not_picked":["Dual Wield","Dark Embrace+1"],"picked":"Entrench","floor":19},{"not_picked":["Heavy Blade","Headbutt"],"picked":"Carnage","floor":21},{"not_picked":["Clothesline+1","Body Slam"],"picked":"Pommel Strike+1","floor":24}],"player_experience":35027,"relics_obtained":[{"floor":9,"key":"Vajra"},{"floor":24,"key":"Centennial Puzzle"}],"event_choices":[{"damage_healed":0,"gold_gain":0,"player_choice":"Take Damage","damage_taken":20,"relics_obtained":["Golden Idol"],"max_hp_gain":0,"max_hp_loss":0,"event_name":"Golden Idol","floor":2,"gold_loss":0},{"damage_healed":0,"gold_gain":0,"player_choice":"Got Potions","damage_taken":0,"max_hp_gain":0,"max_hp_loss":0,"event_name":"Lab","floor":3,"gold_loss":0},{"cards_removed":["Strike_R"],"damage_healed":0,"gold_gain":0,"player_choice":"Purged","damage_taken":0,"max_hp_gain":0,"max_hp_loss":0,"event_name":"Purifier","floor":13,"gold_loss":0},{"damage_healed":0,"gold_gain":0,"cards_transformed":["Limit Break","Feel No Pain"],"player_choice":"Became Test Subject","damage_taken":0,"max_hp_gain":0,"max_hp_loss":0,"event_name":"Drug Dealer","floor":20,"gold_loss":0,"cards_obtained":["Double Tap","Blood for Blood"]}],"is_beta":false,"boss_relics":[{"not_picked":["Cursed Key","Calling Bell"],"picked":"Sozu"}],"items_purged_floors":[],"is_endless":false,"potions_floor_spawned":[1,7,12,21,24],"killed_by":"Centurion and Healer","ascension_level":0}}