{"host":"y76x98twjnyyxs83","time":1607897375,"event":{"mods":["BaseMod","Colored Powertips","Minty Spire (QoL Compilation)","Permanent Neow","Quick Restart","Rare Cards Sparkle","Relic Stats","StSLib"],"gold_per_floor":[361,376,18,18,93,125,73,73,73],"floor_reached":8,"playtime":239,"items_purged":["Strike_G"],"score":97,"play_id":"85ce82ea-a315-4b78-9e43-85f6d599fa4f","local_time":"20201214060935","is_ascension_mode":true,"campfire_choices":[],"circlet_count":0,"master_deck":["AscendersBane","Strike_G","Strike_G","Strike_G","Strike_G","Defend_G","Defend_G","Defend_G","Defend_G+1","Defend_G","Survivor","Neutralize","Dagger Spray","Deadly Poison+1","Predator","Dagger Throw"],"relics":["Ring of the Snake","Bronze Scales","War Paint"],"acts_visited":["Exordium"],"potions_floor_usage":[6,8],"damage_taken":[{"damage":10,"enemies":"Small Slimes","floor":1,"turns":7},{"damage":4,"enemies":"2 Louse","floor":2,"turns":3},{"damage":33,"enemies":"Lagavulin","floor":6,"turns":5},{"damage":9,"enemies":"3 Sentries","floor":8,"turns":2}],"seed_played":"-2697350254727982757","potions_obtained":[{"floor":6,"key":"SkillPotion"}],"is_trial":false,"path_per_floor":["M","M","$","?","?","E","$","E"],"character_chosen":"THE_SILENT","items_purchased":["Predator","Bronze Scales","CunningPotion","Dagger Throw"],"campfire_rested":0,"item_purchase_floors":[3,3,3,7],"current_hp_per_floor":[49,45,45,50,39,6,6,0,0],"gold":73,"neow_bonus":"TWO_FIFTY_GOLD","is_daily":false,"chose_seed":false,"campfire_upgraded":0,"win_rate":0.0,"timestamp":1607897375,"path_taken":["M","M","$","?","?","E","?","E"],"items_purchased_type":["Card","Relic","Potion","Card"],"build_version":"2020-11-30","purchased_purges":1,"victory":false,"max_hp_per_floor":[60,60,60,65,65,65,65,65,65],"relic_stats":{"counters":[4,17],"Bronze Scales":[13],"War Paint":["Deadly Poison","Defend_G"],"obtain_stats":[{"Bronze Scales":3,"War Paint":6,"Ring of the Snake":0},{"Bronze Scales":2,"War Paint":3,"Ring of the Snake":0},{"Bronze Scales":10,"War Paint":15,"Ring of the Snake":0}],"Ring of the Snake":[8]},"card_choices":[{"not_picked":["Cloak And Dagger","Prepared"],"picked":"Dagger Spray","floor":1},{"not_picked":["Underhanded Strike","Bane"],"picked":"Deadly Poison","floor":2},{"not_picked":["Sucker Punch","Cloak And Dagger","Prepared"],"picked":"SKIP","floor":6}],"player_experience":1087033,"relics_obtained":[{"floor":6,"key":"War Paint"}],"event_choices":[{"damage_healed":0,"gold_gain":0,"player_choice":"Donut","damage_taken":0,"max_hp_gain":5,"max_hp_loss":0,"event_name":"Big Fish","floor":4,"gold_loss":0},{"damage_healed":0,"gold_gain":75,"player_choice":"Gather Gold","damage_taken":11,"max_hp_gain":0,"max_hp_loss":0,"event_name":"World of Goop","floor":5,"gold_loss":0}],"is_beta":false,"boss_relics":[],"items_purged_floors":[3],"is_endless":false,"potions_floor_spawned":[6],"killed_by":"3 Sentries","ascension_level":16}}