{"host":"fhq3k2nq5elnbks3","time":1607899926,"event":{"mods":["2.2 Compatiblity","AchievementEnabler","Act Like it!","AlwaysNeverKeys","Aspiration","Astrologer","Bard","Bartender","BaseMod","Better Altar","Better Skull","Better Vampires","Better-Laid Plans","CCEM","CapriCore","Card Filter","CatGirl Mod","Chen","Colored Powertips","Displayed Cursed Tome","Ekko","Eldritch Tears","Emptier Cage","Fiend Mod","Fireblade Mod","Friendly Minions","FutureSeer","GifTheSpireLib","Gremlin Skip","Hermit","HololiveMod","Hunter ??","JesterMod","Koishi","Mad Scientist","Mathematician","Mathemortician","Minty Spire (QoL Compilation)","Onozuka Komachi Mod","Permanent Neow","Potionbrewer","Prisma Mod","QueenMod","Quick Restart","READ ME - Guardian Mod","Reimu??????","Relic Filter","Robot Space Explorer","Ruin Mod","SOS???????","Shop Mod","Somnambulant","Spikes Relics","StSLib","SuperFastMode","The Animator","The Blackbeard","The Bladedancer","The Bug Knight","The Clintock","The Construct","The Cursed","The Dragon Tamer","The Exordian Avenger","The Forsaken","The Gatherer","The Hierophant","The Immortal","The Necromancer","The Runesmith","The Servant 0.9.4","The Trickster","The Wild Card","TheBandit","TheFirefly","Transform Curses","Uncapped","Unknown Chances","Virulent Crown","Yohane!","Yuri Mod","thorton","vexMod"],"gold_per_floor":[113,125,125,125,142,168,168,185,185,200,214,214,244,244,244,343,343,358,318,332,344,364,364,364,364],"floor_reached":24,"playtime":2048,"items_purged":[],"score":235,"play_id":"46dbc9f4-b2eb-42d1-a35d-42d19069df38","local_time":"20201213165206","is_ascension_mode":false,"campfire_choices":[{"data":"theForsaken:DefensiveStance","floor":7,"key":"SMITH"},{"data":"theForsaken:Smite","floor":12,"key":"SMITH"},{"data":"theForsaken:Penitence","floor":15,"key":"SMITH"},{"data":"theForsaken:TheForsaken_Defend","floor":23,"key":"SMITH"}],"circlet_count":0,"master_deck":["theForsaken:TheForsaken_Strike","theForsaken:TheForsaken_Strike","theForsaken:TheForsaken_Strike","theForsaken:TheForsaken_Strike","theForsaken:TheForsaken_Defend","theForsaken:TheForsaken_Defend","theForsaken:TheForsaken_Defend+1","theForsaken:TheForsaken_Defend+1","theForsaken:Smite+1","theForsaken:Penitence+1","theForsaken:DefensiveStance+1"],"relics":["theForsaken:JudgementScales","Tiny Chest","aspiration:BabyByrd","Prayer Wheel","Pear","vexMod:Dragonfruit","Oddly Smooth Stone","thethorton:CrushedCigarette"],"acts_visited":["Exordium","TheCity"],"potions_floor_usage":[16],"damage_taken":[{"damage":0,"enemies":"2 Louse","floor":1,"turns":3},{"damage":2,"enemies":"Small Slimes","floor":2,"turns":4},{"damage":0,"enemies":"Cultist","floor":5,"turns":5},{"damage":25,"enemies":"3 Sentries","floor":6,"turns":15},{"damage":0,"enemies":"2 Fungi Beasts","floor":8,"turns":7},{"damage":7,"enemies":"Exordium Thugs","floor":10,"turns":9},{"damage":5,"enemies":"Lots of Slimes","floor":11,"turns":8},{"damage":29,"enemies":"Gremlin Nob","floor":13,"turns":6},{"damage":75,"enemies":"Hexaghost","floor":16,"turns":13},{"damage":0,"enemies":"Chosen","floor":18,"turns":7},{"damage":2,"enemies":"Shell Parasite","floor":20,"turns":12},{"damage":16,"enemies":"Snake Plant","floor":21,"turns":8},{"damage":59,"enemies":"3 Cultists","floor":22,"turns":10},{"damage":20,"enemies":"Gremlin Leader","floor":24,"turns":7}],"seed_played":"7366168308014030864","potions_obtained":[{"floor":1,"key":"potionbrewer:CleansingPotion"},{"floor":2,"key":"Swift Potion"},{"floor":8,"key":"SteroidPotion"},{"floor":16,"key":"potionbrewer:InfectionPotion"}],"is_trial":false,"path_per_floor":["M","M","?","?","M","E","R","M","T","M","M","R","E","T","R","B",null,"M","?","M","M","M","R","E"],"character_chosen":"THE_FORSAKEN","items_purchased":[],"campfire_rested":0,"item_purchase_floors":[],"current_hp_per_floor":[65,65,65,65,65,46,46,58,68,66,67,67,55,55,55,21,80,80,80,80,72,37,37,32,32],"gold":364,"neow_bonus":"RANDOM_COMMON_RELIC","is_daily":false,"chose_seed":false,"campfire_upgraded":4,"win_rate":0.0,"timestamp":1607899926,"path_taken":["M","M","?","?","?","E","R","M","T","M","M","R","E","?","R","BOSS","M","?","M","?","M","R","E"],"items_purchased_type":[],"build_version":"2020-11-30","purchased_purges":0,"victory":false,"max_hp_per_floor":[65,65,65,65,65,65,65,65,75,75,75,75,80,80,80,80,80,80,80,80,80,80,80,80,80],"card_choices":[{"not_picked":["theForsaken:PowerUp","theForsaken:AncientWords"],"picked":"theForsaken:DefensiveStance","floor":1},{"not_picked":["theForsaken:Backlash","theForsaken:FatRoll","theForsaken:HymnOfPatience"],"picked":"SKIP","floor":2},{"not_picked":["theForsaken:StoreUp","theForsaken:RainingSunlight","theForsaken:BlessedWeapon"],"picked":"SKIP","floor":5},{"not_picked":["theForsaken:FatRoll","theForsaken:ShieldCharge","theForsaken:Terrorize"],"picked":"SKIP","floor":6},{"not_picked":["theForsaken:WordsOfMight","theForsaken:SpinAttack","theForsaken:WrathOfGod"],"picked":"SKIP","floor":8},{"not_picked":["theForsaken:Thunderbolt","theForsaken:PowerUp","theForsaken:StoreUp"],"picked":"SKIP","floor":8},{"not_picked":["theForsaken:Devotion","theForsaken:WordsOfMight","theForsaken:WardingHymn"],"picked":"SKIP","floor":10},{"not_picked":["theForsaken:FatRoll","theForsaken:NobleSacrifice","theForsaken:Confusion"],"picked":"SKIP","floor":10},{"not_picked":["theForsaken:StoreUp","theForsaken:ScorchingSunlight","theForsaken:RainingSunlight"],"picked":"SKIP","floor":11},{"not_picked":["theForsaken:BlessedWeapon","theForsaken:FuryStrikes","theForsaken:RainingSunlight"],"picked":"SKIP","floor":11},{"not_picked":["theForsaken:HealingLight","theForsaken:BlindFaith","theForsaken:WordsOfPestilence"],"picked":"SKIP","floor":13},{"not_picked":["theForsaken:ChargeAttack","theForsaken:ShieldBash","theForsaken:HymnOfPatience"],"picked":"SKIP","floor":18},{"not_picked":["theForsaken:Parry","theForsaken:WordsOfMight","theForsaken:StoreUp"],"picked":"SKIP","floor":18},{"not_picked":["theForsaken:ChargeAttack+1","theForsaken:WordsOfMight","theForsaken:StoreUp+1"],"picked":"SKIP","floor":20},{"not_picked":["theForsaken:NobleSacrifice","theForsaken:ScorchingSunlight","theForsaken:FatRoll"],"picked":"SKIP","floor":20},{"not_picked":["theForsaken:PreciseStrike+1","theForsaken:NobleSacrifice+1","theForsaken:PanicDive"],"picked":"SKIP","floor":21},{"not_picked":["theForsaken:SiphonStrike","theForsaken:StoreUp+1","theForsaken:Preservation"],"picked":"SKIP","floor":21},{"not_picked":["theForsaken:BattleHymn","theForsaken:ShieldBash","theForsaken:BlessedWeapon"],"picked":"SKIP","floor":22},{"not_picked":["theForsaken:WardingHymn+1","theForsaken:Riposte","theForsaken:DesperatePlea"],"picked":"SKIP","floor":22}],"player_experience":531834,"relics_obtained":[{"floor":6,"key":"Prayer Wheel"},{"floor":9,"key":"Pear"},{"floor":13,"key":"vexMod:Dragonfruit"},{"floor":14,"key":"Oddly Smooth Stone"}],"event_choices":[{"damage_healed":0,"gold_gain":0,"player_choice":"Ignored","damage_taken":0,"max_hp_gain":0,"max_hp_loss":0,"event_name":"Transmorgrifier","floor":4,"gold_loss":0},{"damage_healed":0,"gold_gain":0,"player_choice":"Upgrade","damage_taken":0,"max_hp_gain":0,"max_hp_loss":0,"event_name":"Designer","floor":19,"gold_loss":40,"cards_upgraded":["theForsaken:TheForsaken_Defend"]}],"is_beta":false,"boss_relics":[{"not_picked":["SlaversCollar","Empty Cage"],"picked":"thethorton:CrushedCigarette"}],"items_purged_floors":[],"is_endless":false,"potions_floor_spawned":[1,2,8,13,16,22],"killed_by":"Gremlin Leader","ascension_level":0}}