{"host":"aeidq2c3auzxo1yh","time":1607897673,"event":{"mods":["AchievementEnabler","BaseMod","Colored Map","Colored Powertips","Downfall","Minty Spire (QoL Compilation)","Relic Stats","StSLib"],"gold_per_floor":[99,113,113,138,313,363,363,373,373,404,6,6,0,15,26,126,126,126,145,145,184,184,195,195,223,223,253,264,264,281,281,299,403,453,378,378,396,321,338,338,362,287,314,314,314,334,70,80,94,94,94,119,84,84,84],"floor_reached":56,"playtime":4946,"items_purged":["Regret","Slimebound:BestDefense"],"score":1223,"play_id":"22f9f6e0-90cd-45ac-a50d-a710f5a9e373","local_time":"20201214031433","is_ascension_mode":false,"campfire_choices":[{"data":"Slimebound:Split","floor":1.0,"key":"SMITH"},{"data":"Slimebound:CorrosiveSpit","floor":3.0,"key":"SMITH"},{"data":"Slimebound:FirmFortitude","floor":9.0,"key":"SMITH"},{"data":"Slimebound:DuplicatedForm","floor":18.0,"key":"SMITH"},{"data":"Slimebound:ComboTackle","floor":22.0,"key":"SMITH"},{"floor":35.0,"key":"RECALL"},{"data":"Slimebound:ViciousTackle","floor":38.0,"key":"SMITH"},{"data":"Slimebound:ComboTackle","floor":42.0,"key":"SMITH"},{"floor":44.0,"key":"REST"},{"data":"Slimebound:Grow","floor":54.0,"key":"SMITH"}],"circlet_count":0,"master_deck":["Slimebound:Tackle+1","Slimebound:Defend_Slimebound+1","Slimebound:Defend_Slimebound","Slimebound:Defend_Slimebound","Slimebound:Defend_Slimebound+1","Slimebound:Split+1","Slimebound:CorrosiveSpit+1","Slimebound:LeechingTouch","Slimebound:Dissolve+1","Slimebound:FirmFortitude+1","Slimebound:SamplingLick+1","expansioncontent:Hexaburn","Slimebound:GoopSpray+1","Slimebound:ComboTackle+1","Slimebound:RainOfGoop+1","Slimebound:RainOfGoop+1","Slimebound:DuplicatedForm+1","Slimebound:ComboTackle+1","Bite","Bite","Bite","Slimebound:Dissolve+1","Slimebound:ViciousTackle+1","Slimebound:Grow+1","Slimebound:RainOfGoop+1","expansioncontent:SuperHexaguard+1","Slimebound:HauntingLick+1","Slimebound:RejuvenatingLick+1"],"relics":["Slimebound:AbsorbEndCombat","Vajra","Juzu Bracelet","Pantograph","StoneCalendar","Toxic Egg 2","Busted Crown","InkBottle","Happy Flower","Bottled Tornado","Tiny House","downfall:HeartBlessingGreen","downfall:HeartBlessingRed","downfall:HeartBlessingBlue","Question Card","Molten Egg 2","Bronze Scales","Chemical X"],"acts_visited":["Exordium","TheCity","TheBeyond","TheEnding"],"potions_floor_usage":[55,55,55],"damage_taken":[{"damage":12.0,"enemies":"Cultist","floor":2.0,"turns":3.0},{"damage":38.0,"enemies":"3 Sentries","floor":4.0,"turns":8.0},{"damage":0.0,"enemies":"Small Slimes","floor":8.0,"turns":3.0},{"damage":28.0,"enemies":"Lagavulin","floor":10.0,"turns":4.0},{"damage":9.0,"enemies":"downfall:FleeingMerchant","floor":11.0,"turns":4.0},{"damage":7.0,"enemies":"downfall:FleeingMerchant","floor":13.0,"turns":4.0},{"damage":7.0,"enemies":"Jaw Worm","floor":14.0,"turns":2.0},{"damage":11.0,"enemies":"Large Slime","floor":15.0,"turns":4.0},{"damage":40.0,"enemies":"downfall:Silent","floor":16.0,"turns":5.0},{"damage":12.0,"enemies":"Chosen","floor":19.0,"turns":5.0},{"damage":28.0,"enemies":"downfall:FleeingMerchant","floor":21.0,"turns":2.0},{"damage":16.0,"enemies":"Snake Plant","floor":23.0,"turns":2.0},{"damage":41.0,"enemies":"Book of Stabbing","floor":25.0,"turns":3.0},{"damage":39.0,"enemies":"Slavers","floor":27.0,"turns":3.0},{"damage":35.0,"enemies":"Centurion and Healer","floor":28.0,"turns":5.0},{"damage":24.0,"enemies":"Snecko","floor":30.0,"turns":3.0},{"damage":33.0,"enemies":"3 Cultists","floor":32.0,"turns":3.0},{"damage":50.0,"enemies":"downfall:Ironclad","floor":33.0,"turns":4.0},{"damage":43.0,"enemies":"3 Shapes","floor":37.0,"turns":4.0},{"damage":6.0,"enemies":"Orb Walker","floor":39.0,"turns":1.0},{"damage":39.0,"enemies":"Giant Head","floor":43.0,"turns":3.0},{"damage":44.0,"enemies":"3 Darklings","floor":46.0,"turns":3.0},{"damage":38.0,"enemies":"4 Shapes","floor":48.0,"turns":3.0},{"damage":22.0,"enemies":"Spire Growth","floor":49.0,"turns":3.0},{"damage":28.0,"enemies":"downfall:Watcher","floor":50.0,"turns":4.0},{"damage":74.0,"enemies":"downfall:CharBossMerchant","floor":52.0,"turns":4.0},{"damage":128,"enemies":"downfall:NeowBoss","floor":55,"turns":23}],"seed_played":"2530411080968026518","potions_obtained":[{"floor":8.0,"key":"AttackPotion"},{"floor":10.0,"key":"CultistPotion"},{"floor":15.0,"key":"FearPotion"},{"floor":28.0,"key":"sneckomod:MuddlingPotion"},{"floor":33.0,"key":"Slimebound:SlimedPotion"},{"floor":34.0,"key":"Dexterity Potion"},{"floor":39.0,"key":"Slimebound:SlimedPotion"}],"is_trial":false,"path_per_floor":["R","M","R","E","?","T","T","M","R","E","$","?","$","M","M","B",null,"R","M","?","$","R","M","T","E","?","E","M","?","M","?","M","B",null,"R","?","M","R","M","?","T","R","E","R","T","M","$","M","M","B",null,"E","$","R","B",null],"character_chosen":"SLIMEBOUND","items_purchased":["Toxic Egg 2","expansioncontent:Hexaburn","Slimebound:GoopSpray+1","Blood Vial","FearPotion","Slimebound:RainOfGoop+1","expansioncontent:SuperHexaguard+1","Slimebound:RejuvenatingLick+1"],"campfire_rested":1,"item_purchase_floors":[11,11,11,21,21,47,47,53],"current_hp_per_floor":[54,56,56,32,32,32,32,36,36,20,25,25,42,43,36,45,72,72,71,71,69,69,57,57,47,47,28,26,26,21,21,29,45,77,77,69,53,53,51,51,51,61,55,81,81,70,70,65,82,87,87,60,60,60,84],"gold":84,"neow_bonus":"TWENTY_PERCENT_HP_BONUS","is_daily":false,"chose_seed":false,"campfire_upgraded":8,"win_rate":0.0,"timestamp":1607897673,"path_taken":["R","?","R","E","?","?","T","M","R","E","$","?","?","M","M","BOSS","R","M","?","$","R","M","T","E","?","E","M","?","M","?","M","BOSS","R","?","M","R","M","?","T","R","E","R","?","M","$","M","M","BOSS","E","$","R","BOSS"],"items_purchased_type":["Relic","Card","Card","Relic","Potion","Card","Card","Card"],"build_version":"2020-11-30","purchased_purges":2,"victory":true,"max_hp_per_floor":[72,72,72,72,72,72,72,72,72,72,72,72,72,72,72,72,72,72,72,72,72,72,72,72,72,72,72,72,72,72,72,72,72,77,77,77,77,77,77,77,77,87,87,87,87,87,87,87,87,87,87,87,87,87,87],"relic_stats":{"Busted Crown":34,"Happy Flower":[22],"counters":[27,113],"Pantograph":80,"Bronze Scales":[54],"StoneCalendar":[52],"Juzu Bracelet":2,"Chemical X":[0],"Question Card":4,"obtain_stats":[{"Tiny House":34,"Happy Flower":25,"downfall:HeartBlessingRed":38,"Vajra":4,"StoneCalendar":10,"downfall:HeartBlessingGreen":35,"Juzu Bracelet":6,"Bottled Tornado":27,"Question Card":43,"Blood Vial":21,"Busted Crown":17,"downfall:HeartBlessingBlue":42,"Pantograph":7,"Bronze Scales":52,"Molten Egg 2":45,"Slimebound:AbsorbEndCombat":0,"Chemical X":52,"Toxic Egg 2":11,"InkBottle":24},{"Tiny House":18,"Happy Flower":13,"downfall:HeartBlessingRed":19,"Vajra":2,"StoneCalendar":4,"downfall:HeartBlessingGreen":18,"Juzu Bracelet":2,"Bottled Tornado":14,"Question Card":21,"Blood Vial":11,"Busted Crown":9,"downfall:HeartBlessingBlue":20,"Pantograph":2,"Bronze Scales":26,"Molten Egg 2":21,"Slimebound:AbsorbEndCombat":0,"Chemical X":26,"Toxic Egg 2":5,"InkBottle":12},{"Tiny House":66,"Happy Flower":48,"downfall:HeartBlessingRed":69,"Vajra":10,"StoneCalendar":17,"downfall:HeartBlessingGreen":66,"Juzu Bracelet":10,"Bottled Tornado":51,"Question Card":73,"Blood Vial":43,"Busted Crown":36,"downfall:HeartBlessingBlue":70,"Pantograph":10,"Bronze Scales":90,"Molten Egg 2":73,"Slimebound:AbsorbEndCombat":0,"Chemical X":90,"Toxic Egg 2":21,"InkBottle":45}],"InkBottle":[41]},"card_choices":[{"not_picked":["Slimebound:ViciousTackle","Slimebound:ComboTackle"],"picked":"Slimebound:LeechingTouch","floor":2.0},{"not_picked":["Slimebound:ViciousTackle","Slimebound:FormOfPuddle"],"picked":"Slimebound:Dissolve","floor":4.0},{"not_picked":["Slimebound:LeechingTouch","Slimebound:FlameTackle"],"picked":"Slimebound:FirmFortitude","floor":8.0},{"not_picked":["Slimebound:ComboTackle","Slimebound:GoopSpray"],"picked":"Slimebound:BestDefense","floor":10.0},{"not_picked":["Slimebound:ViciousTackle","Slimebound:ComboTackle"],"picked":"Slimebound:SamplingLick","floor":11.0},{"not_picked":["Slimebound:ForwardTackle","Slimebound:PressTheAttack"],"picked":"Slimebound:ComboTackle","floor":13.0},{"not_picked":["Slimebound:ForwardTackle","Slimebound:MassRepurpose+1"],"picked":"Slimebound:RainOfGoop+1","floor":14.0},{"not_picked":["Slimebound:SpikyOuterGoop","Slimebound:GoopSpray+1"],"picked":"Slimebound:RainOfGoop+1","floor":15.0},{"not_picked":["Slimebound:Overexert","Slimebound:OneTwoCombo"],"picked":"Slimebound:DuplicatedForm","floor":16.0},{"not_picked":[],"picked":"Slimebound:ComboTackle","floor":19.0},{"not_picked":["Slimebound:LeechEnergy"],"picked":"SKIP","floor":21.0},{"not_picked":["Slimebound:SplitAcid+1"],"picked":"SKIP","floor":23.0},{"not_picked":["Slimebound:WasteNot+1"],"picked":"SKIP","floor":25.0},{"not_picked":["Slimebound:GoopSpray+1"],"picked":"SKIP","floor":27.0},{"not_picked":["Slimebound:SplitAcid+1"],"picked":"SKIP","floor":28.0},{"not_picked":[],"picked":"Slimebound:Dissolve+1","floor":30.0},{"not_picked":["Slimebound:RollThrough"],"picked":"SKIP","floor":32.0},{"not_picked":[],"picked":"Slimebound:ViciousTackle","floor":34.0},{"not_picked":["Slimebound:Replication+1"],"picked":"SKIP","floor":37.0},{"not_picked":["Slimebound:FinishingTackle+1"],"picked":"SKIP","floor":39.0},{"not_picked":["Slimebound:BestDefense"],"picked":"SKIP","floor":43.0},{"not_picked":["Slimebound:Gluttony+1"],"picked":"Slimebound:Grow","floor":46.0},{"not_picked":["Slimebound:RollThrough+1","Slimebound:SplitBruiser+1"],"picked":"SKIP","floor":48.0},{"not_picked":["Slimebound:Equalize+1"],"picked":"Slimebound:HauntingLick+1","floor":49.0},{"not_picked":["Slimebound:Replication+1","Slimebound:Repurpose+1"],"picked":"SKIP","floor":52.0}],"player_experience":891250,"relics_obtained":[{"floor":4.0,"key":"Vajra"},{"floor":6.0,"key":"Juzu Bracelet"},{"floor":7.0,"key":"Pantograph"},{"floor":10.0,"key":"StoneCalendar"},{"floor":24.0,"key":"InkBottle"},{"floor":25.0,"key":"Happy Flower"},{"floor":27.0,"key":"Bottled Tornado"},{"floor":43.0,"key":"Question Card"},{"floor":45.0,"key":"Molten Egg 2"},{"floor":52.0,"key":"Bronze Scales"},{"floor":52.0,"key":"Chemical X"}],"event_choices":[{"cards_removed":["Doubt"],"damage_healed":0.0,"max_hp_gain":0.0,"max_hp_loss":0.0,"gold_gain":0.0,"event_name":"NoteForYourself","player_choice":"Took Card","floor":20.0,"gold_loss":0.0,"damage_taken":0.0,"cards_obtained":["Strike_B"]},{"damage_healed":0.0,"max_hp_gain":0.0,"max_hp_loss":0.0,"gold_gain":0.0,"event_name":"Vampires","player_choice":"Became a vampire (Vial)","floor":29.0,"relics_lost":["Blood Vial"],"gold_loss":0.0,"damage_taken":0.0,"cards_obtained":["Bite","Bite","Bite","Bite","Bite"]}],"is_beta":false,"boss_relics":[{"not_picked":["Calling Bell","SacredBark"],"picked":"Busted Crown"},{"not_picked":["SlaversCollar","Pandora\u0027s Box"],"picked":"Tiny House"}],"items_purged_floors":[21,47],"is_endless":false,"potions_floor_spawned":[8,10,15,23,28,33,39,43,52],"ascension_level":0}}