{"host":"knjiz4erwy0yt202","time":1606425070,"event":{"mods":["2.2 Compatiblity","Aspiration","BaseMod","Better Altar","Better Match","Better Note","Better Sensory Stone","Better Skull","Better Third Choice","BetterRewards","Colored Powertips","Custom Start","DeckTracker","Energized Spire","Hubris","Minty Spire (QoL Compilation)","Quick Restart","Replay The Spire","Shop Mod","Spicy Shops","Spikes Relics","StSLib","The Blue Laboratory","Uncapped","Wandering Minibosses"],"gold_per_floor":[112,112,112,127,45,45,45,45,45,45,45,45,21,54,54,176,176,150,98,131,163,49,101,101,162,162,211,271,1059,1059,1089,1089,1204,1204,1204,1204],"floor_reached":35,"playtime":1991,"items_purged":["Injury","Injury","Defend_R","Strike_R"],"score":472,"play_id":"1883f99a-813f-4098-a674-dfe69b127b16","local_time":"20201126131110","is_ascension_mode":true,"campfire_choices":[{"floor":6,"key":"DIG"},{"floor":8,"key":"DIG"},{"floor":12,"key":"DIG"},{"floor":15,"key":"DIG"},{"data":"Limit Break","floor":24,"key":"SMITH"},{"floor":32,"key":"DIG"}],"circlet_count":0,"master_deck":["Strike_R","Strike_R","Strike_R","Defend_R","Defend_R","Defend_R","Bash","Heavy Blade","Rampage","Shrug It Off","Metallicize+1","Replay:BasicMightCard","Clothesline","Flex","Limit Break+1","Cleave","Spot Weakness","Flex","Flex","hubris:StunningStrike"],"relics":["Burning Blood","Membership Card","Shovel","Replay:Towering Pillar of Hats","MerchantsRug","RoseTintedShades","Replay:Multitool","ReplayTheSpireMod:CursedCoin","hubris:OldNail","Replay:Bandana","hubris:TenFootPole","Onion Ring","aspiration:ChemicalBlood","hubris:CuriousFeather","Coffee Dripper","aspiration:KMNothing","aspiration:KMNothing","aspiration:KMNothing","aspiration:KMNothing","aspiration:KMNothing","aspiration:KMNothing","wanderingMiniBosses:MasterThiefsPresence","aspiration:KMNothing","aspiration:KMNothing"],"acts_visited":["Exordium","TheCity","TheBeyond"],"potions_floor_usage":[23,23,25,29,33,33],"damage_taken":[{"damage":6,"enemies":"2 Louse","floor":1,"turns":3},{"damage":2,"enemies":"Small Slimes","floor":4,"turns":5},{"damage":11,"enemies":"Jaw Worm","floor":14,"turns":3},{"damage":11,"enemies":"Slime Boss","floor":16,"turns":9},{"damage":11,"enemies":"3 Byrds","floor":18,"turns":5},{"damage":10,"enemies":"Chosen","floor":20,"turns":2},{"damage":18,"enemies":"Centurion and Healer","floor":21,"turns":3},{"damage":52,"enemies":"Book of Stabbing","floor":23,"turns":5},{"damage":11,"enemies":"Slavers","floor":25,"turns":4},{"damage":25,"enemies":"Book of Stabbing","floor":27,"turns":4},{"damage":23,"enemies":"Shelled Parasite and Fungi","floor":29,"turns":5},{"damage":0,"enemies":"Snake Plant","floor":31,"turns":3},{"damage":14,"enemies":"Champ","floor":33,"turns":5},{"damage":0,"enemies":"3 Darklings","floor":35,"turns":1}],"seed_played":"8008448818400967632","potions_obtained":[{"floor":16,"key":"Ancient Potion"},{"floor":21,"key":"SpeedPotion"},{"floor":23,"key":"ColorlessPotion"},{"floor":33,"key":"blueLaboratory:PhilterOfMotion"}],"is_trial":false,"path_per_floor":["M","?","?","M","$","R","?","R","T","?","T","R","$","M","R","B",null,"M","$","M","M","$","E","R","E","T","E","$","M","?","M","R","B",null,"M"],"character_chosen":"IRONCLAD","items_purchased":["Membership Card","Shovel","MerchantsRug","RoseTintedShades","Replay:Multitool","ReplayTheSpireMod:CursedCoin","hubris:OldNail","Replay:Bandana","Shrug It Off","Clothesline","Cleave","Lee\u0027s Waffle","Spot Weakness","aspiration:KaomsHeart","ReplayFunnel","aspiration:KMNothing","aspiration:KMNothing","aspiration:KMNothing","aspiration:KMNothing","aspiration:KMNothing","aspiration:KMNothing"],"campfire_rested":0,"item_purchase_floors":[0,0,0,0,5,5,5,5,5,13,19,19,19,22,22,28,28,28,28,28,28],"current_hp_per_floor":[44,52,55,59,59,59,59,59,59,59,59,59,59,54,54,49,83,78,90,86,74,174,128,128,123,123,104,90,73,73,79,79,71,90,90,90],"gold":1204,"neow_bonus":"","is_daily":false,"chose_seed":false,"campfire_upgraded":1,"win_rate":0.0,"timestamp":1606425070,"path_taken":["M","?","?","M","$","R","?","R","T","?","?","R","$","?","R","BOSS","M","$","M","M","$","E","R","E","T","E","$","M","?","M","R","BOSS","M"],"items_purchased_type":["Relic","Relic","Relic","Relic","Relic","Relic","Relic","Relic","Card","Card","Card","Relic","Card","Relic","Relic","Relic","Relic","Relic","Relic","Relic","Relic"],"build_version":"2020-11-30","purchased_purges":4,"victory":false,"max_hp_per_floor":[80,80,83,83,83,83,83,83,83,83,83,83,83,83,83,83,83,83,90,90,90,190,190,190,190,190,190,90,90,90,90,90,90,90,90,90],"card_choices":[{"not_picked":["Clash","Perfected Strike"],"picked":"Heavy Blade","floor":1},{"not_picked":["Cleave","Sword Boomerang"],"picked":"Rampage","floor":4},{"not_picked":["hubris:Ssssneak","Sadistic Nature"],"picked":"Replay:BasicMightCard","floor":10},{"not_picked":["hubris:ReadiedAction","Anger"],"picked":"Flex","floor":14},{"not_picked":["Reaper","Eclipse"],"picked":"Limit Break","floor":16},{"not_picked":["Anger","Run Through","Shrug It Off"],"picked":"SKIP","floor":18},{"not_picked":["Cleave","Run Through","Wild Strike"],"picked":"SKIP","floor":20},{"not_picked":["Combust","Headbutt"],"picked":"Flex","floor":21},{"not_picked":["Brutality","Infernal Blade","Life Link"],"picked":"SKIP","floor":23},{"not_picked":["Heavy Blade","Feel No Pain","Wild Strike"],"picked":"SKIP","floor":25},{"not_picked":["Ghostly Armor+1","Defy Death"],"picked":"Flex","floor":27},{"not_picked":["Body Slam","Uppercut+1","Carnage"],"picked":"SKIP","floor":29},{"not_picked":["Run Through","Armaments","Clash+1"],"picked":"SKIP","floor":31},{"not_picked":["Corruption","Immolate"],"picked":"hubris:StunningStrike","floor":33}],"player_experience":125003,"relics_obtained":[{"floor":6,"key":"hubris:TenFootPole"},{"floor":8,"key":"Replay:Bottled Snecko"},{"floor":9,"key":"Onion Ring"},{"floor":11,"key":"aspiration:HatOfInfinitePower"},{"floor":12,"key":"aspiration:ChemicalBlood"},{"floor":15,"key":"hubris:CuriousFeather"},{"floor":23,"key":"aspiration:KMNothing"},{"floor":25,"key":"aspiration:KMNothing"},{"floor":26,"key":"aspiration:KMNothing"},{"floor":27,"key":"aspiration:KMNothing"},{"floor":29,"key":"wanderingMiniBosses:MasterThiefsPresence"},{"floor":32,"key":"aspiration:KMNothing"}],"event_choices":[{"damage_healed":0,"gold_gain":1,"player_choice":"1","damage_taken":0,"max_hp_gain":0,"max_hp_loss":0,"event_name":"betterStone:BetterStone","floor":10,"gold_loss":0},{"damage_healed":0,"gold_gain":0,"player_choice":"Ignored","damage_taken":0,"max_hp_gain":0,"max_hp_loss":0,"event_name":"Ghosts","floor":30,"gold_loss":0}],"is_beta":false,"boss_relics":[{"not_picked":["energizedSpire:SpiderWeb","Replay:Grab Bag"],"picked":"Coffee Dripper"},{"not_picked":["aspiration:KMNothing","aspiration:KMNothing"],"picked":"aspiration:KMNothing"}],"items_purged_floors":[0,5,5,13],"is_endless":false,"potions_floor_spawned":[16,21,23,33],"killed_by":"3 Darklings","ascension_level":1}}