{"host":"ul103bh19qas5vs8","time":1607864916,"event":{"mods":["BaseMod","Googly Eyes","Minty Spire (QoL Compilation)","Replay The Spire","Shop Mod","StSLib","[IsaacMod]ÒÔÈö¼âËþ"],"gold_per_floor":[109,109,109,36,47,76,76,106,106,106,126,145,145,168,168,263,263,275,286,286,286],"floor_reached":20,"playtime":687,"items_purged":["Defend_P"],"score":238,"play_id":"86bbf0a6-a604-4430-82ae-ac0949b1ba57","local_time":"20201213210836","is_ascension_mode":true,"campfire_choices":[{"data":"Tantrum","floor":7,"key":"SMITH"},{"data":"ClearTheMind","floor":7,"key":"SMITH"},{"data":"Fasting2","floor":10,"key":"SMITH"},{"data":"Vigilance","floor":10,"key":"SMITH"},{"data":"InnerPeace","floor":13,"key":"SMITH"},{"data":"DevaForm","floor":13,"key":"SMITH"},{"floor":15,"key":"RECALL"}],"circlet_count":0,"master_deck":["Strike_P+1","Defend_P","Defend_P","Defend_P","Eruption+1","Vigilance+1","Trip+1","Tantrum+1","ClearTheMind+1","Fasting2+1","DevaForm+1","InnerPeace+1","Worship+1","Replay:Vibes+1","Wallop+1","FearNoEvil","TalkToTheHand"],"relics":["PureWater","HushsDoor","PillsDrop","NeowsBlessing","Replay:Arrowhead","PreservedInsect","StrikeDummy","Odd Mushroom","Astrolabe","BelialBook"],"acts_visited":["Exordium","TheCity"],"potions_floor_usage":[14],"damage_taken":[{"damage":0,"enemies":"Small Slimes","floor":1,"turns":1},{"damage":0,"enemies":"Jaw Worm","floor":5,"turns":1},{"damage":0,"enemies":"Lagavulin","floor":6,"turns":1},{"damage":15,"enemies":"Gremlin Nob","floor":8,"turns":3},{"damage":0,"enemies":"Cultist","floor":11,"turns":1},{"damage":0,"enemies":"Exordium Thugs","floor":12,"turns":2},{"damage":0,"enemies":"The Mushroom Lair","floor":14,"turns":1},{"damage":7,"enemies":"Fading Forest","floor":16,"turns":11},{"damage":9,"enemies":"3 Byrds","floor":18,"turns":7},{"damage":22,"enemies":"2 Thieves","floor":19,"turns":4},{"damage":38,"enemies":"Snake Plant","floor":20,"turns":1}],"seed_played":"758667948774722633","potions_obtained":[{"floor":5,"key":"Swift Potion"},{"floor":6,"key":"BottledMiracle"},{"floor":8,"key":"Fire Potion"},{"floor":18,"key":"StancePotion"}],"is_trial":false,"path_per_floor":["M","?","?","$","M","E","R","E","T","R","M","M","R","?","R","B",null,"M","M","M"],"character_chosen":"WATCHER","items_purchased":["Tantrum","BelialBook","FearNoEvil"],"campfire_rested":0,"item_purchase_floors":[4,17,17],"current_hp_per_floor":[72,58,58,58,58,58,58,43,43,43,43,43,43,43,43,48,54,45,23,0,0],"gold":286,"neow_bonus":"THREE_ENEMY_KILL","is_daily":false,"chose_seed":false,"campfire_upgraded":6,"win_rate":0.0,"timestamp":1607864916,"path_taken":["M","?","?","$","M","E","R","E","T","R","M","M","R","?","R","BOSS","M","M","M"],"items_purchased_type":["Card","Relic","Card"],"build_version":"2020-11-30","purchased_purges":1,"victory":false,"max_hp_per_floor":[72,72,72,72,72,72,72,72,72,72,72,72,72,72,72,72,54,54,49,49,49],"card_choices":[{"not_picked":[],"picked":"BloodyBrimstone","floor":0},{"not_picked":["JustLucky","Replay:BluntJabs","DeceiveReality"],"picked":"SKIP","floor":1},{"not_picked":["CutThroughFate","CrushJoints","Replay:ManipulateFuture"],"picked":"SKIP","floor":5},{"not_picked":["Protect","CutThroughFate"],"picked":"ClearTheMind","floor":6},{"not_picked":["JustLucky","Perseverance"],"picked":"Fasting2","floor":8},{"not_picked":["Study","Consecrate"],"picked":"DevaForm","floor":11},{"not_picked":["Sanctity","Vengeance"],"picked":"InnerPeace","floor":12},{"not_picked":["Sanctity","Crescendo","PathToVictory"],"picked":"SKIP","floor":18},{"not_picked":["Crescendo+1","Prostrate"],"picked":"TalkToTheHand","floor":19}],"player_experience":90365,"relics_obtained":[{"floor":6,"key":"Replay:Arrowhead"},{"floor":8,"key":"PreservedInsect"},{"floor":9,"key":"StrikeDummy"},{"floor":14,"key":"Odd Mushroom"}],"event_choices":[{"damage_healed":0,"gold_gain":0,"player_choice":"Entered Light","damage_taken":14,"max_hp_gain":0,"max_hp_loss":0,"event_name":"Shining Light","floor":2,"gold_loss":0,"cards_upgraded":["Strike_P","Eruption"]},{"damage_healed":0,"gold_gain":0,"player_choice":"Fought Mushrooms","damage_taken":0,"max_hp_gain":0,"max_hp_loss":0,"event_name":"Mushrooms","floor":14,"gold_loss":0}],"is_beta":false,"boss_relics":[{"not_picked":["SlaversCollar","Abe\u0027s Treasure"],"picked":"Astrolabe"},{"not_picked":[]}],"items_purged_floors":[17],"is_endless":false,"potions_floor_spawned":[5,6,8,11,18],"killed_by":"Snake Plant","ascension_level":3}}