{"host":"w4b7hmige5bnqipq","time":1607822904,"event":{"mods":["BaseMod","Minty Spire (QoL Compilation)","Rare Cards Sparkle","SuperFastMode","everything is the same but u backflip on backflip","slay the spire mod where everything is the same but ironclad has a cowboy hat"],"gold_per_floor":[118,43,43,43,61,61,91,91,91,91,116,126,138,138,138,238,238,248,46,61,61,81,112,131,145,145,172,172,88,120,137,137,235,235,249,76,93,104,104,139,139,166,166,166,182,182,182,211,211,211,211,211,10,40,40],"floor_reached":56,"playtime":1801,"items_purged":["Shame","Strike_R","Strike_R","Strike_R","Defend_R"],"score":2075,"play_id":"1887c31d-1c5a-40fd-80b1-c330e3c25858","local_time":"20201213092824","is_ascension_mode":true,"campfire_choices":[{"data":"Bash","floor":6.0,"key":"SMITH"},{"data":"Evolve","floor":8.0,"key":"SMITH"},{"data":"Sever Soul","floor":10.0,"key":"SMITH"},{"data":"Body Slam","floor":15.0,"key":"SMITH"},{"floor":28.0,"key":"REST"},{"floor":32.0,"key":"REST"},{"data":"Barricade","floor":41.0,"key":"SMITH"},{"floor":44.0,"key":"RECALL"},{"data":"Power Through","floor":46.0,"key":"SMITH"},{"data":"Feel No Pain","floor":49.0,"key":"SMITH"},{"data":"Feel No Pain","floor":52.0,"key":"SMITH"}],"circlet_count":0,"master_deck":["AscendersBane","Defend_R","Defend_R","Defend_R","Bash+1","Sever Soul+1","Evolve+1","Barricade+1","Power Through+1","Body Slam+1","Juggernaut","Body Slam+1","Fire Breathing","Second Wind+1","Warcry+1","Feel No Pain+1","Feel No Pain+1","CurseOfTheBell","Exhume+1","Dark Shackles+1","Jack Of All Trades+1","True Grit+1","Power Through+1"],"relics":["Burning Blood","Charon\u0027s Ashes","CaptainsWheel","Question Card","Singing Bowl","Mark of Pain","Membership Card","Smiling Mask","Mummified Hand","InkBottle","Pen Nib","Calling Bell","Strawberry","HornCleat","Calipers","Toxic Egg 2","Potion Belt","Ice Cream","Mercury Hourglass","Pantograph","Self Forming Clay"],"acts_visited":["Exordium","TheCity","TheBeyond","TheEnding"],"potions_floor_usage":[55,55],"damage_taken":[{"damage":14.0,"enemies":"Small Slimes","floor":1.0,"turns":4.0},{"damage":6.0,"enemies":"Cultist","floor":5.0,"turns":4.0},{"damage":18.0,"enemies":"Gremlin Nob","floor":7.0,"turns":3.0},{"damage":17.0,"enemies":"Lagavulin","floor":11.0,"turns":6.0},{"damage":14.0,"enemies":"Jaw Worm","floor":12.0,"turns":4.0},{"damage":8.0,"enemies":"Exordium Thugs","floor":13.0,"turns":5.0},{"damage":20.0,"enemies":"Slime Boss","floor":16.0,"turns":7.0},{"damage":20.0,"enemies":"3 Byrds","floor":18.0,"turns":5.0},{"damage":0.0,"enemies":"Chosen","floor":20.0,"turns":5.0},{"damage":13.0,"enemies":"3 Cultists","floor":22.0,"turns":4.0},{"damage":23.0,"enemies":"Slavers","floor":23.0,"turns":4.0},{"damage":14.0,"enemies":"Centurion and Healer","floor":24.0,"turns":6.0},{"damage":4.0,"enemies":"Snake Plant","floor":25.0,"turns":5.0},{"damage":18.0,"enemies":"Gremlin Leader","floor":27.0,"turns":6.0},{"damage":12.0,"enemies":"Slavers","floor":30.0,"turns":4.0},{"damage":18.0,"enemies":"Chosen and Byrds","floor":31.0,"turns":4.0},{"damage":3.0,"enemies":"Collector","floor":33.0,"turns":5.0},{"damage":4.0,"enemies":"3 Shapes","floor":35.0,"turns":3.0},{"damage":5.0,"enemies":"Orb Walker","floor":37.0,"turns":3.0},{"damage":15.0,"enemies":"3 Darklings","floor":38.0,"turns":5.0},{"damage":0.0,"enemies":"Nemesis","floor":40.0,"turns":5.0},{"damage":0.0,"enemies":"Giant Head","floor":42.0,"turns":4.0},{"damage":10.0,"enemies":"Jaw Worm Horde","floor":45.0,"turns":4.0},{"damage":0.0,"enemies":"Reptomancer","floor":48.0,"turns":4.0},{"damage":46.0,"enemies":"Awakened One","floor":50.0,"turns":8.0},{"damage":23.0,"enemies":"Shield and Spear","floor":54.0,"turns":4.0},{"damage":3,"enemies":"The Heart","floor":55,"turns":7}],"seed_played":"-3892913397670925178","potions_obtained":[{"floor":1.0,"key":"SteroidPotion"},{"floor":7.0,"key":"SpeedPotion"},{"floor":16.0,"key":"Energy Potion"},{"floor":20.0,"key":"HeartOfIron"},{"floor":25.0,"key":"Dexterity Potion"},{"floor":31.0,"key":"Weak Potion"},{"floor":33.0,"key":"Block Potion"},{"floor":40.0,"key":"SkillPotion"},{"floor":48.0,"key":"ElixirPotion"},{"floor":54.0,"key":"SteroidPotion"}],"is_trial":false,"path_per_floor":["M","$","?","$","M","R","E","R","T","R","E","M","M","?","R","B",null,"M","$","M","?","M","E","M","M","T","E","R","$","E","M","R","B",null,"M","$","M","M","?","E","R","E","T","R","M","R","?","E","R","B",null,"R","$","E","B",null],"character_chosen":"IRONCLAD","items_purchased":["Membership Card","Feel No Pain","Toxic Egg 2","Pantograph","Swift Potion"],"campfire_rested":2,"item_purchase_floors":[19,29,36,53,53],"current_hp_per_floor":[64,64,64,64,64,64,52,52,52,52,41,33,31,24,24,10,63,51,51,59,59,52,35,29,33,33,21,47,47,41,31,58,63,92,96,96,99,92,92,98,98,106,106,106,104,104,96,102,102,62,99,99,99,82,110],"gold":40,"neow_bonus":"ONE_RARE_RELIC","is_daily":false,"chose_seed":false,"campfire_upgraded":8,"win_rate":0.0,"timestamp":1607822904,"path_taken":["M","$","?","?","M","R","E","R","T","R","E","M","M","?","R","BOSS","M","$","M","?","M","E","M","M","T","E","R","?","E","M","R","BOSS","M","$","M","M","?","E","R","E","T","R","M","R","?","E","R","BOSS","R","$","E","BOSS"],"items_purchased_type":["Relic","Card","Relic","Relic","Potion"],"build_version":"2020-11-30","purchased_purges":5,"victory":true,"max_hp_per_floor":[80,80,80,80,80,80,80,80,80,80,80,80,80,80,80,80,80,82,82,84,84,84,84,86,88,88,88,88,88,88,90,90,92,99,101,101,103,105,105,105,105,107,107,107,109,109,111,111,111,111,111,111,111,111,111],"card_choices":[{"not_picked":["Perfected Strike","Thunderclap"],"picked":"Sever Soul","floor":1.0},{"not_picked":["Perfected Strike","Pommel Strike"],"picked":"Evolve","floor":5.0},{"not_picked":["Entrench","Clash"],"picked":"Reckless Charge","floor":7.0},{"not_picked":["Sentinel","Clash","Havoc"],"picked":"Barricade","floor":11.0},{"not_picked":["Shrug It Off","Body Slam","Headbutt"],"picked":"Power Through","floor":12.0},{"not_picked":["Twin Strike","Clash","Shrug It Off"],"picked":"Body Slam","floor":13.0},{"not_picked":["Exhume","Demon Form","Double Tap"],"picked":"Juggernaut","floor":16.0},{"not_picked":["Spot Weakness","Thunderclap","Anger","Cleave"],"picked":"Singing Bowl","floor":18.0},{"not_picked":["Twin Strike","Searing Blow","Clash","Uppercut"],"picked":"Singing Bowl","floor":20.0},{"not_picked":["Reckless Charge","Burning Pact","Heavy Blade"],"picked":"Fire Breathing","floor":22.0},{"not_picked":["Entrench","Body Slam","Bloodletting"],"picked":"Second Wind+1","floor":23.0},{"not_picked":["Flame Barrier+1","Headbutt","Rage","Anger"],"picked":"Singing Bowl","floor":24.0},{"not_picked":["Sentinel","Cleave","Clash+1","Thunderclap"],"picked":"Singing Bowl","floor":25.0},{"not_picked":["Clothesline","Immolate","Reckless Charge"],"picked":"Warcry+1","floor":27.0},{"not_picked":["Warcry","Clothesline+1","Havoc"],"picked":"Feel No Pain","floor":30.0},{"not_picked":["Intimidate","Disarm","Iron Wave","Shockwave"],"picked":"Singing Bowl","floor":31.0},{"not_picked":["Immolate","Brutality","Demon Form","Feed"],"picked":"Singing Bowl","floor":33.0},{"not_picked":["Armaments+1","Clothesline","Hemokinesis","Flex+1"],"picked":"Singing Bowl","floor":35.0},{"not_picked":["Heavy Blade","Twin Strike+1","Evolve+1","Blood for Blood"],"picked":"Singing Bowl","floor":37.0},{"not_picked":["Twin Strike","Havoc+1","Fiend Fire","Headbutt"],"picked":"Singing Bowl","floor":38.0},{"not_picked":["Reaper","Feed","Inflame"],"picked":"Exhume+1","floor":40.0},{"not_picked":["Perfected Strike","Havoc+1","Clash","Iron Wave"],"picked":"Singing Bowl","floor":42.0},{"not_picked":["Anger","Armaments+1","Uppercut+1","Twin Strike+1"],"picked":"Singing Bowl","floor":45.0},{"not_picked":["Jack Of All Trades+1","Apotheosis+1","Swift Strike","PanicButton+1"],"picked":"Singing Bowl","floor":47.0},{"not_picked":["Dramatic Entrance","HandOfGreed","Impatience+1"],"picked":"Dark Shackles+1","floor":47.0},{"not_picked":["Forethought+1","Enlightenment+1","Bandage Up+1"],"picked":"Jack Of All Trades+1","floor":47.0},{"not_picked":["Rage+1","Ghostly Armor+1","Iron Wave+1"],"picked":"True Grit+1","floor":48.0},{"not_picked":["Clothesline+1","True Grit+1","Havoc+1"],"picked":"Power Through+1","floor":54.0}],"player_experience":384940,"relics_obtained":[{"floor":7.0,"key":"CaptainsWheel"},{"floor":9.0,"key":"Question Card"},{"floor":11.0,"key":"Singing Bowl"},{"floor":23.0,"key":"Smiling Mask"},{"floor":26.0,"key":"Mummified Hand"},{"floor":27.0,"key":"InkBottle"},{"floor":30.0,"key":"Pen Nib"},{"floor":34.0,"key":"Strawberry"},{"floor":34.0,"key":"HornCleat"},{"floor":34.0,"key":"Calipers"},{"floor":40.0,"key":"Potion Belt"},{"floor":42.0,"key":"Ice Cream"},{"floor":48.0,"key":"Mercury Hourglass"},{"floor":54.0,"key":"Self Forming Clay"}],"event_choices":[{"cards_removed":["Strike_R"],"damage_healed":0.0,"max_hp_gain":0.0,"max_hp_loss":0.0,"gold_gain":0.0,"event_name":"Wheel of Change","player_choice":"Card Removal","floor":3.0,"gold_loss":0.0,"damage_taken":0.0},{"cards_removed":["Strike_R"],"damage_healed":0.0,"max_hp_gain":0.0,"max_hp_loss":0.0,"gold_gain":0.0,"event_name":"Golden Wing","player_choice":"Card Removal","floor":14.0,"gold_loss":0.0,"damage_taken":7.0},{"damage_healed":0.0,"max_hp_gain":0.0,"max_hp_loss":0.0,"gold_gain":0.0,"event_name":"Duplicator","player_choice":"Copied","floor":21.0,"gold_loss":0.0,"damage_taken":0.0,"cards_obtained":["Body Slam"]},{"cards_removed":["Reckless Charge"],"damage_healed":0.0,"max_hp_gain":0.0,"max_hp_loss":0.0,"gold_gain":0.0,"event_name":"Falling","player_choice":"Removed Attack","floor":39.0,"gold_loss":0.0,"damage_taken":0.0},{"damage_healed":0.0,"max_hp_gain":0.0,"max_hp_loss":0.0,"gold_gain":0.0,"event_name":"SensoryStone","player_choice":"Memory 3","floor":47.0,"gold_loss":0.0,"damage_taken":10.0}],"is_beta":false,"boss_relics":[{"not_picked":["Black Blood","Sozu"],"picked":"Mark of Pain"},{"not_picked":["Velvet Choker","Black Star"],"picked":"Calling Bell"}],"items_purged_floors":[2,19,29,36,53],"is_endless":false,"potions_floor_spawned":[1,7,16,20,22,25,27,31,33,38,40,48,54],"ascension_level":12}}