{"host":"ow9msrs9p2ctkx99","time":1607855887,"event":{"mods":["AchievementEnabler","BaseMod","Colored Map","Colored Powertips","Minty Spire (QoL Compilation)","Permanent Neow","Quick Restart","SuperFastMode"],"gold_per_floor":[117,5,19,19,19,54,54,90,90,90,133,152,227,246,246,370,370,390,406,430,107,107,142,160,160,185,185,60,60,83,83,83,206,206,220,220,236,297,297,297,315,59,59,83,83,106,142,163,163,163,163],"floor_reached":50,"playtime":1140,"items_purged":["Strike_B","Strike_B","Zap"],"score":868,"play_id":"f706b6c6-009c-432e-ac51-ca87ff3edca0","local_time":"20201213113807","is_ascension_mode":true,"campfire_choices":[{"floor":7.0,"key":"REST"},{"floor":10.0,"key":"REST"},{"floor":15.0,"key":"REST"},{"floor":25.0,"key":"REST"},{"data":"Defragment","floor":27.0,"key":"SMITH"},{"floor":32.0,"key":"REST"},{"floor":40,"key":"REST"},{"floor":45,"key":"REST"},{"floor":49,"key":"RECALL"}],"circlet_count":0,"master_deck":["AscendersBane","Strike_B","Defend_B","Defend_B","Defend_B","Defend_B","Dualcast","FTL","Defragment+1","Ball Lightning","Electrodynamics","Genetic Algorithm","Darkness","Coolheaded","Echo Form","Skim","Turbo+1","Consume","Seek","BootSequence+1","Fission","Stack+1","Go for the Eyes+1","Hologram+1","Hologram+1","Master of Strategy","Turbo+1","Undo+1","Heatsinks+1","Fusion+1","Glacier+1","Chill+1"],"relics":["FrozenCore","Golden Idol","Singing Bowl","FossilizedHelix","Bag of Preparation","Mercury Hourglass","Inserter","Bronze Scales","Prayer Wheel","White Beast Statue","Shovel","Cables","Letter Opener","Darkstone Periapt"],"acts_visited":["Exordium","TheCity","TheBeyond"],"potions_floor_usage":[35,38,38,47,50,50],"damage_taken":[{"damage":6.0,"enemies":"Cultist","floor":1.0,"turns":3.0},{"damage":2.0,"enemies":"Jaw Worm","floor":3.0,"turns":3.0},{"damage":55.0,"enemies":"3 Sentries","floor":6.0,"turns":7.0},{"damage":8.0,"enemies":"Gremlin Nob","floor":8.0,"turns":4.0},{"damage":10.0,"enemies":"3 Sentries","floor":11.0,"turns":3.0},{"damage":0.0,"enemies":"Small Slimes","floor":12.0,"turns":2.0},{"damage":0.0,"enemies":"Gremlin Gang","floor":14.0,"turns":3.0},{"damage":38.0,"enemies":"The Guardian","floor":16.0,"turns":10.0},{"damage":25.0,"enemies":"2 Thieves","floor":18.0,"turns":3.0},{"damage":12.0,"enemies":"3 Byrds","floor":19.0,"turns":3.0},{"damage":16.0,"enemies":"Sentry and Sphere","floor":20.0,"turns":4.0},{"damage":0.0,"enemies":"Gremlin Leader","floor":23.0,"turns":6.0},{"damage":0.0,"enemies":"3 Cultists","floor":24.0,"turns":3.0},{"damage":11.0,"enemies":"Centurion and Healer","floor":30.0,"turns":7.0},{"damage":2,"enemies":"Automaton","floor":33,"turns":9},{"damage":12,"enemies":"Orb Walker","floor":35,"turns":4},{"damage":26,"enemies":"3 Shapes","floor":37,"turns":4},{"damage":17,"enemies":"2 Orb Walkers","floor":38,"turns":3},{"damage":35,"enemies":"Jaw Worm Horde","floor":41,"turns":4},{"damage":0,"enemies":"Transient","floor":44,"turns":5},{"damage":0,"enemies":"Spire Growth","floor":46,"turns":5},{"damage":0,"enemies":"Reptomancer","floor":47,"turns":5},{"damage":0,"enemies":"4 Shapes","floor":48,"turns":3},{"damage":39,"enemies":"Time Eater","floor":50,"turns":7}],"seed_played":"4872307721512371042","potions_obtained":[{"floor":0.0,"key":"Strength Potion"},{"floor":0.0,"key":"ColorlessPotion"},{"floor":11.0,"key":"DistilledChaos"},{"floor":12.0,"key":"Fire Potion"},{"floor":23.0,"key":"Weak Potion"},{"floor":24.0,"key":"Block Potion"},{"floor":30.0,"key":"LiquidMemories"},{"floor":35,"key":"PowerPotion"},{"floor":38,"key":"SpeedPotion"},{"floor":41,"key":"Swift Potion"},{"floor":46,"key":"EssenceOfDarkness"},{"floor":47,"key":"Weak Potion"},{"floor":48,"key":"DistilledChaos"}],"is_trial":false,"path_per_floor":["M","$","M","?","$","E","R","E","T","R","E","M","?","M","R","B",null,"M","M","M","$","?","E","M","R","T","R","$","?","M","?","R","B",null,"M","?","M","?","T","R","M","$","T","M","R","M","E","M","R","B"],"character_chosen":"DEFECT","items_purchased":["Defragment","Bronze Scales","Self Repair","Master of Strategy","LiquidMemories"],"campfire_rested":7,"item_purchase_floors":[2,21,21,42,42],"current_hp_per_floor":[62,62,60,60,60,5,25,17,17,37,29,29,22,22,43,5,55,30,18,4,4,4,13,22,45,45,45,45,45,34,34,57,55,72,62,62,38,21,21,44,11,11,11,13,37,37,37,37,37,0,0],"gold":163,"neow_bonus":"THREE_SMALL_POTIONS","is_daily":false,"chose_seed":false,"campfire_upgraded":1,"win_rate":0.0,"timestamp":1607855887,"path_taken":["M","?","M","?","?","E","R","E","T","R","E","?","?","M","R","BOSS","M","M","?","$","?","E","?","R","T","R","$","?","?","?","R","BOSS","M","?","M","?","?","R","M","$","T","M","R","M","E","M","R","BOSS"],"items_purchased_type":["Card","Relic","Card","Card","Potion"],"build_version":"2020-11-30","purchased_purges":3,"victory":false,"max_hp_per_floor":[75,75,75,69,69,69,69,69,69,69,71,71,71,71,71,71,71,71,71,73,73,73,75,77,77,77,77,77,77,77,77,77,77,77,79,75,77,77,77,77,79,79,79,81,81,81,81,81,81,81,81],"card_choices":[{"not_picked":["Stack","Storm"],"picked":"FTL","floor":1.0},{"not_picked":["Beam Cell","Sweeping Beam"],"picked":"Ball Lightning","floor":3.0},{"not_picked":["Scrape","Recycle"],"picked":"Electrodynamics","floor":6.0},{"not_picked":["Steam","Conserve Battery"],"picked":"Genetic Algorithm","floor":8.0},{"not_picked":["Steam Power","Steam","Electrodynamics"],"picked":"Singing Bowl","floor":11.0},{"not_picked":["Cold Snap","Blizzard"],"picked":"Darkness","floor":12.0},{"not_picked":["Leap","Stack"],"picked":"Coolheaded","floor":14.0},{"not_picked":["Meteor Strike","Thunder Strike"],"picked":"Echo Form","floor":16.0},{"not_picked":["Steam","Beam Cell"],"picked":"Skim","floor":18.0},{"not_picked":["Doom and Gloom","Sweeping Beam"],"picked":"Turbo+1","floor":19.0},{"not_picked":["Go for the Eyes","Gash","Compile Driver"],"picked":"Singing Bowl","floor":20.0},{"not_picked":["Force Field","Streamline","Turbo"],"picked":"Singing Bowl","floor":23.0},{"not_picked":["Gash+1","Heatsinks+1","Beam Cell"],"picked":"Singing Bowl","floor":24.0},{"not_picked":["Redo","Hello World+1"],"picked":"Consume","floor":24.0},{"not_picked":["BootSequence","Static Discharge"],"picked":"Seek","floor":30.0},{"not_picked":["Barrage+1","Cold Snap+1"],"picked":"BootSequence+1","floor":30.0},{"not_picked":["Electrodynamics","Hyperbeam"],"picked":"Fission","floor":33},{"not_picked":["Gash","Compile Driver"],"picked":"Stack+1","floor":35},{"not_picked":["Rip and Tear+1","Chaos","Rebound"],"picked":"Singing Bowl","floor":35},{"not_picked":["White Noise","Rip and Tear","Steam"],"picked":"Singing Bowl","floor":37},{"not_picked":["Steam","Sunder"],"picked":"Go for the Eyes+1","floor":37},{"not_picked":["All For One","Turbo+1"],"picked":"Hologram+1","floor":38},{"not_picked":["Ball Lightning","Skim"],"picked":"Hologram+1","floor":41},{"not_picked":["Turbo","Barrage","Storm+1"],"picked":"Singing Bowl","floor":41},{"not_picked":["Storm+1","Sweeping Beam"],"picked":"Turbo+1","floor":44},{"not_picked":["Genetic Algorithm","Loop","Doom and Gloom"],"picked":"Singing Bowl","floor":44},{"not_picked":["Force Field","Chaos"],"picked":"Undo+1","floor":46},{"not_picked":["Stack","Barrage+1"],"picked":"Heatsinks+1","floor":46},{"not_picked":["Reboot","Recycle"],"picked":"Fusion+1","floor":47},{"not_picked":["Aggregate+1","Sweeping Beam"],"picked":"Glacier+1","floor":48},{"not_picked":["Cold Snap+1","Gash+1"],"picked":"Chill+1","floor":48}],"player_experience":1007037,"relics_obtained":[{"floor":6.0,"key":"Singing Bowl"},{"floor":8.0,"key":"FossilizedHelix"},{"floor":9.0,"key":"Bag of Preparation"},{"floor":11.0,"key":"Mercury Hourglass"},{"floor":23.0,"key":"Prayer Wheel"},{"floor":38,"key":"Shovel"},{"floor":39,"key":"Cables"},{"floor":43,"key":"Letter Opener"},{"floor":47,"key":"Darkstone Periapt"}],"event_choices":[{"damage_healed":0.0,"max_hp_gain":0.0,"max_hp_loss":6.0,"gold_gain":0.0,"event_name":"Golden Idol","player_choice":"Lose Max HP","floor":4.0,"gold_loss":0.0,"damage_taken":0.0,"relics_obtained":["Golden Idol"]},{"damage_healed":0.0,"max_hp_gain":0.0,"max_hp_loss":0.0,"gold_gain":75.0,"event_name":"FaceTrader","player_choice":"Touch","floor":13.0,"gold_loss":0.0,"damage_taken":7.0},{"cards_removed":["Strike_B"],"damage_healed":0.0,"max_hp_gain":0.0,"max_hp_loss":0.0,"gold_gain":0.0,"event_name":"Purifier","player_choice":"Purged","floor":22.0,"gold_loss":0.0,"damage_taken":0.0},{"cards_removed":["Self Repair"],"damage_healed":0.0,"max_hp_gain":0.0,"max_hp_loss":0.0,"gold_gain":0.0,"event_name":"WeMeetAgain","player_choice":"Gave Card","floor":29.0,"gold_loss":0.0,"damage_taken":0.0,"relics_obtained":["White Beast Statue"]},{"damage_healed":0,"gold_gain":0,"player_choice":"Max HP","damage_taken":0,"max_hp_gain":0,"max_hp_loss":4,"event_name":"Winding Halls","floor":36,"gold_loss":0},{"damage_healed":0,"gold_gain":0,"player_choice":"Fight","damage_taken":0,"max_hp_gain":0,"max_hp_loss":0,"event_name":"Mysterious Sphere","floor":38,"gold_loss":0}],"is_beta":false,"boss_relics":[{"not_picked":["Ectoplasm","Runic Pyramid"],"picked":"Inserter"},{"not_picked":["Calling Bell","SlaversCollar"],"picked":"FrozenCore"}],"items_purged_floors":[2,21,28],"is_endless":false,"potions_floor_spawned":[11,12,14,16,23,24,30,33,35,37,38,41,44,46,47,48],"killed_by":"Time Eater","ascension_level":11}}