{"host":"x0ovlu53kkkog8rv","time":1607836141,"event":{"mods":["BaseMod","Colored Map","Minty Spire (QoL Compilation)","Quick Restart","SuperFastMode"],"gold_per_floor":[111,111,111,111,127,160,160,173,173,198,209,64,64,80,80,184,484,494,266,276,176,188,188,188],"floor_reached":23,"playtime":958,"items_purged":["Strike_P","Vigilance"],"score":211,"play_id":"9cef0ff9-d382-443c-b6f6-220bcd7df3fb","local_time":"20201213140901","is_ascension_mode":true,"campfire_choices":[{"floor":7,"key":"REST"},{"floor":15,"key":"REST"}],"circlet_count":0,"master_deck":["Strike_P","Strike_P","Strike_P","Defend_P","Defend_P","Defend_P","Defend_P","Eruption+1","LikeWater","FollowUp","TalkToTheHand","InnerPeace","Consecrate","PathToVictory","LikeWater","Scrawl","CurseOfTheBell","Adaptation"],"relics":["PureWater","Meat on the Bone","Kunai","HornCleat","Nunchaku","Bronze Scales","Calling Bell","Lantern","Question Card","Old Coin","TheAbacus"],"acts_visited":["Exordium","TheCity"],"potions_floor_usage":[16,16,23,23],"damage_taken":[{"damage":22,"enemies":"Jaw Worm","floor":1,"turns":2},{"damage":0,"enemies":"2 Louse","floor":5,"turns":3},{"damage":28,"enemies":"Lagavulin","floor":6,"turns":7},{"damage":1,"enemies":"Cultist","floor":8,"turns":3},{"damage":8,"enemies":"3 Sentries","floor":10,"turns":8},{"damage":13,"enemies":"Red Slaver","floor":11,"turns":3},{"damage":0,"enemies":"2 Fungi Beasts","floor":14,"turns":2},{"damage":16,"enemies":"Slime Boss","floor":16,"turns":10},{"damage":0,"enemies":"Chosen","floor":18,"turns":3},{"damage":8,"enemies":"2 Thieves","floor":20,"turns":4},{"damage":65,"enemies":"Sentry and Sphere","floor":22,"turns":8},{"damage":22,"enemies":"Slavers","floor":23,"turns":1}],"seed_played":"-417382228343969818","potions_obtained":[{"floor":1,"key":"SpeedPotion"},{"floor":5,"key":"BottledMiracle"},{"floor":8,"key":"Explosive Potion"},{"floor":20,"key":"Energy Potion"},{"floor":22,"key":"Swift Potion"}],"is_trial":false,"path_per_floor":["M","?","?","T","M","E","R","M","T","E","M","$","?","M","R","B",null,"M","$","M","$","M","E"],"character_chosen":"WATCHER","items_purchased":["Bronze Scales","TheAbacus"],"campfire_rested":2,"item_purchase_floors":[12,19],"current_hp_per_floor":[50,50,55,55,55,39,62,61,61,53,40,40,33,45,68,52,77,77,77,69,69,16,0,0],"gold":188,"neow_bonus":"ONE_RANDOM_RARE_CARD","is_daily":false,"chose_seed":false,"campfire_upgraded":0,"win_rate":0.0,"timestamp":1607836141,"path_taken":["M","?","?","?","?","E","R","M","T","E","M","$","?","M","R","BOSS","M","$","M","$","M","E"],"items_purchased_type":["Relic","Relic"],"build_version":"2020-11-30","purchased_purges":2,"victory":false,"max_hp_per_floor":[72,72,77,77,77,77,77,77,77,77,77,77,77,77,77,77,77,77,77,77,77,77,77,77],"card_choices":[{"not_picked":["SashWhip","Sanctity"],"picked":"LikeWater","floor":1},{"not_picked":["WheelKick","FlyingSleeves"],"picked":"FollowUp","floor":5},{"not_picked":["Protect","CarveReality"],"picked":"TalkToTheHand","floor":6},{"not_picked":["ClearTheMind","Evaluate"],"picked":"InnerPeace","floor":8},{"not_picked":["BattleHymn","Weave"],"picked":"Consecrate","floor":10},{"not_picked":["Ragnarok","Crescendo"],"picked":"PathToVictory","floor":11},{"not_picked":["EmptyBody","Halt"],"picked":"LikeWater","floor":14},{"not_picked":["Devotion","LessonLearned"],"picked":"Scrawl","floor":16},{"not_picked":["Halt","BowlingBash","CrushJoints"],"picked":"Adaptation","floor":18},{"not_picked":["Collect","BowlingBash","EmptyBody","Consecrate+1"],"picked":"SKIP","floor":20},{"not_picked":["WreathOfFlame","Evaluate","BattleHymn+1","Consecrate"],"picked":"SKIP","floor":22}],"player_experience":197108,"relics_obtained":[{"floor":4,"key":"Meat on the Bone"},{"floor":6,"key":"Kunai"},{"floor":9,"key":"HornCleat"},{"floor":10,"key":"Nunchaku"},{"floor":17,"key":"Lantern"},{"floor":17,"key":"Question Card"},{"floor":17,"key":"Old Coin"}],"event_choices":[{"damage_healed":0,"gold_gain":0,"player_choice":"Grow","damage_taken":0,"max_hp_gain":0,"max_hp_loss":0,"event_name":"Living Wall","floor":2,"gold_loss":0,"cards_upgraded":["Eruption"]},{"damage_healed":0,"gold_gain":0,"player_choice":"Donut","damage_taken":0,"max_hp_gain":5,"max_hp_loss":0,"event_name":"Big Fish","floor":3,"gold_loss":0},{"cards_removed":["SpiritShield"],"damage_healed":0,"gold_gain":0,"player_choice":"Card Removal","damage_taken":7,"max_hp_gain":0,"max_hp_loss":0,"event_name":"Golden Wing","floor":13,"gold_loss":0}],"is_beta":false,"boss_relics":[{"not_picked":["Ectoplasm","Runic Dome"],"picked":"Calling Bell"}],"items_purged_floors":[19,21],"is_endless":false,"potions_floor_spawned":[1,5,8,14,20,22],"killed_by":"Slavers","ascension_level":1}}