{"host":"4axoa1rfjgnprp9l","time":1607828243,"event":{"mods":["2.2 Compatiblity","AchievementEnabler","BaseMod","Colored Map","DeckTracker","Highlight Path","Minty Spire (QoL Compilation)","Permanent Neow","StSLib","SuperFastMode"],"gold_per_floor":[117,132,147,161,174,174,187,187,234,244,260,260,28,40,40,117,117,132,150,150,164,164,164,194,194,194,194,214,50,61,61,61],"floor_reached":31,"playtime":1073,"items_purged":["Strike_B"],"score":506,"play_id":"a097297a-ec24-4287-9be4-61bd5b884cab","local_time":"20201213115723","is_ascension_mode":true,"campfire_choices":[{"data":"Sunder","floor":6.0,"key":"SMITH"},{"data":"Dualcast","floor":8.0,"key":"SMITH"},{"data":"Zap","floor":12.0,"key":"SMITH"},{"data":"Sweeping Beam","floor":15.0,"key":"SMITH"},{"data":"Self Repair","floor":23.0,"key":"SMITH"},{"data":"Consume","floor":25.0,"key":"SMITH"},{"data":"Capacitor","floor":27.0,"key":"SMITH"}],"circlet_count":0,"master_deck":["AscendersBane","Strike_B+1","Strike_B","Strike_B+1","Defend_B","Defend_B","Defend_B","Defend_B","Zap+1","Dualcast+1","Sunder+1","Sweeping Beam+1","Capacitor+1","Melter","Consume+1","Self Repair+1","Reboot","Conserve Battery","Hologram","Steam+1","Defragment","Auto Shields"],"relics":["Cracked Core","Nunchaku","Whetstone","ClockworkSouvenir","Coffee Dripper","Enchiridion","Happy Flower","Bottled Flame","DataDisk"],"acts_visited":["Exordium","TheCity"],"potions_floor_usage":[31],"damage_taken":[{"damage":4.0,"enemies":"Small Slimes","floor":1.0,"turns":3.0},{"damage":4.0,"enemies":"Jaw Worm","floor":2.0,"turns":4.0},{"damage":1.0,"enemies":"Cultist","floor":3.0,"turns":3.0},{"damage":0.0,"enemies":"Red Slaver","floor":4.0,"turns":4.0},{"damage":12.0,"enemies":"Exordium Wildlife","floor":5.0,"turns":4.0},{"damage":11.0,"enemies":"Looter","floor":7.0,"turns":3.0},{"damage":9.0,"enemies":"3 Louse","floor":10.0,"turns":3.0},{"damage":10.0,"enemies":"Exordium Thugs","floor":11.0,"turns":3.0},{"damage":2.0,"enemies":"2 Fungi Beasts","floor":14.0,"turns":3.0},{"damage":10.0,"enemies":"Slime Boss","floor":16.0,"turns":7.0},{"damage":11.0,"enemies":"2 Thieves","floor":18.0,"turns":3.0},{"damage":5.0,"enemies":"Chosen","floor":19.0,"turns":3.0},{"damage":8.0,"enemies":"Snecko","floor":21.0,"turns":4.0},{"damage":22.0,"enemies":"Gremlin Leader","floor":24.0,"turns":6.0},{"damage":6.0,"enemies":"Cultist and Chosen","floor":28.0,"turns":6.0},{"damage":4.0,"enemies":"Centurion and Healer","floor":30.0,"turns":5.0},{"damage":33,"enemies":"Slavers","floor":31,"turns":3}],"seed_played":"1556943940218688577","potions_obtained":[{"floor":3.0,"key":"DistilledChaos"},{"floor":4.0,"key":"FearPotion"},{"floor":5.0,"key":"Regen Potion"},{"floor":16.0,"key":"Block Potion"},{"floor":19.0,"key":"LiquidBronze"},{"floor":28.0,"key":"Weak Potion"}],"is_trial":false,"path_per_floor":["M","M","M","M","M","R","M","R","T","M","M","R","$","M","R","B",null,"M","M","?","M","?","R","E","R","T","R","M","$","M","E"],"character_chosen":"DEFECT","items_purchased":["ClockworkSouvenir","DataDisk"],"campfire_rested":0,"item_purchase_floors":[13,29],"current_hp_per_floor":[60,56,55,55,43,43,32,32,32,23,13,13,13,18,18,30,61,57,59,38,44,24,24,12,12,12,12,16,16,32,0,0],"gold":61,"neow_bonus":"RANDOM_COMMON_RELIC","is_daily":false,"chose_seed":false,"campfire_upgraded":7,"win_rate":0.0,"timestamp":1607828243,"path_taken":["M","M","M","M","M","R","M","R","T","M","M","R","$","M","R","BOSS","M","M","?","M","?","R","E","R","T","R","M","?","?","E"],"items_purchased_type":["Relic","Relic"],"build_version":"2020-11-30","purchased_purges":1,"victory":false,"max_hp_per_floor":[71,71,71,71,71,71,71,71,71,71,71,71,71,71,71,71,71,71,71,71,71,76,76,76,76,76,76,76,76,76,76,76],"card_choices":[{"not_picked":["Barrage","Compile Driver"],"picked":"Sunder","floor":1.0},{"not_picked":["Leap","Loop"],"picked":"Sweeping Beam","floor":2.0},{"not_picked":["Gash","Turbo"],"picked":"Capacitor","floor":3.0},{"not_picked":["Rip and Tear","Hologram"],"picked":"Melter","floor":4.0},{"not_picked":["Recycle","Fission"],"picked":"Consume","floor":5.0},{"not_picked":["Redo","Barrage","Tempest"],"picked":"SKIP","floor":7.0},{"not_picked":["Chaos","Leap","Rebound"],"picked":"SKIP","floor":10.0},{"not_picked":["Leap","Undo"],"picked":"Self Repair","floor":11.0},{"not_picked":["Sweeping Beam","Compile Driver","All For One"],"picked":"SKIP","floor":14.0},{"not_picked":["Creative AI","Core Surge"],"picked":"Reboot","floor":16.0},{"not_picked":["Storm","Go for the Eyes"],"picked":"Conserve Battery","floor":18.0},{"not_picked":["Loop","Capacitor"],"picked":"Hologram","floor":19.0},{"not_picked":["Compile Driver","Lockon"],"picked":"Steam+1","floor":21.0},{"not_picked":["Streamline","Loop","Static Discharge"],"picked":"SKIP","floor":24.0},{"not_picked":["Recycle","Doom and Gloom"],"picked":"Defragment","floor":28.0},{"not_picked":["Gash","Self Repair"],"picked":"Auto Shields","floor":30.0}],"player_experience":732814,"relics_obtained":[{"floor":9.0,"key":"Whetstone"},{"floor":20.0,"key":"Enchiridion"},{"floor":24.0,"key":"Happy Flower"},{"floor":26.0,"key":"Bottled Flame"}],"event_choices":[{"damage_healed":0.0,"max_hp_gain":0.0,"max_hp_loss":0.0,"gold_gain":0.0,"event_name":"Cursed Tome","player_choice":"Obtained Book","floor":20.0,"gold_loss":0.0,"damage_taken":21.0},{"damage_healed":0.0,"max_hp_gain":5.0,"max_hp_loss":0.0,"gold_gain":0.0,"event_name":"Forgotten Altar","player_choice":"Shed Blood","floor":22.0,"gold_loss":0.0,"damage_taken":25.0}],"is_beta":false,"boss_relics":[{"not_picked":["Snecko Eye","Tiny House"],"picked":"Coffee Dripper"}],"items_purged_floors":[13],"is_endless":false,"potions_floor_spawned":[3,4,5,11,14,16,19,28],"killed_by":"Slavers","ascension_level":20}}