{"host":"hlg6scarqnxczons","time":1607903995,"event":{"mods":["BaseMod","Conspire","Custom Start","Downfall","Emptier Cage","Friendly Minions","Gold Saver","Infinite Spire","Luminous","Marisa????????","Minty Spire (QoL Compilation)","Quick Restart","Replay The Spire","StSLib","The Bug Knight","UnlockEverythingMod"],"gold_per_floor":[109,119,152,184,219,262,262,315,315,370,421,421,421,437,437,567,567,608,608,646,10,10,10,67,67,67,67,67,67],"floor_reached":28,"playtime":1781,"items_purged":["Strike_MRS"],"score":277,"play_id":"98f21c71-e567-4e4c-9ea3-e190fc039f46","local_time":"20201213235955","daily_mods":["Heirloom","Flight","DeadlyEvents","Elite Swarm"],"is_ascension_mode":true,"campfire_choices":[{"data":"WitchOfGreed","floor":7,"key":"SMITH"},{"floor":12,"key":"REST"},{"floor":15,"key":"REST"},{"data":"ManaRampage","floor":23,"key":"SMITH"},{"floor":25,"key":"REST"},{"floor":27,"key":"REST"}],"circlet_count":0,"master_deck":["Strike_MRS","Strike_MRS","Strike_MRS","Defend_MRS","Defend_MRS","Defend_MRS","Defend_MRS","MasterSpark","UpSweep","AsteroidBelt","WitchOfGreed+1","CollectingQuirk","JA","ManaRampage+1","TreasureHunter+1","UnstableBomb+1"],"relics":["MiniHakkero","champ:DuelingGlove","Bird Faced Urn","Pondfish Scales","infinitespire:Magic Flask","MagicBroom","Mirror","Molten Egg 2","SlaversCollar","MutagenicStrength","SproutingBranch","Guardian:PocketSentry","Orichalcum","Bronze Scales","The Courier"],"acts_visited":["Exordium","TheCity"],"potions_floor_usage":[3,6,6,8,8,11,11,11,14,18,24,24],"damage_taken":[{"damage":1,"enemies":"Jaw Worm","floor":1,"turns":3},{"damage":0,"enemies":"Cultist","floor":2,"turns":2},{"damage":11,"enemies":"conspire:MimicChest","floor":3,"turns":7},{"damage":3,"enemies":"Small Slimes","floor":4,"turns":3},{"damage":2,"enemies":"3 Louse","floor":5,"turns":4},{"damage":15,"enemies":"Gremlin Nob","floor":6,"turns":4},{"damage":9,"enemies":"3 Sentries","floor":8,"turns":8},{"damage":30,"enemies":"Gremlin Nob","floor":10,"turns":4},{"damage":8,"enemies":"Lagavulin","floor":11,"turns":5},{"damage":0,"enemies":"Large Slime","floor":14,"turns":3},{"damage":2,"enemies":"Slime Boss","floor":16,"turns":4},{"damage":28,"enemies":"conspire:FuzzyDice","floor":18,"turns":5},{"damage":8,"enemies":"Shell Parasite","floor":20,"turns":3},{"damage":48,"enemies":"Replay:Snechameleon","floor":24,"turns":4},{"damage":0,"enemies":"conspire:SneckoGhost","floor":28,"turns":2}],"seed_played":"823324714561829415","potions_obtained":[{"floor":2,"key":"ColorlessPotion"},{"floor":4,"key":"ShroomBrew"},{"floor":4,"key":"Milkshake"},{"floor":5,"key":"Block Potion"},{"floor":6,"key":"ColorlessPotion"},{"floor":8,"key":"Energy Potion"},{"floor":8,"key":"BottledSpark"},{"floor":10,"key":"Weak Potion"},{"floor":11,"key":"Explosive Potion"},{"floor":14,"key":"ColorlessPotion"},{"floor":16,"key":"Venom Potion"},{"floor":18,"key":"BlessingOfTheForge"},{"floor":20,"key":"Weak Potion"},{"floor":24,"key":"ColorlessPotion"},{"floor":24,"key":"Elixir"}],"is_trial":true,"path_per_floor":["M","M","?","M","M","E","R","E","T","E","E","R","?","M","R","B",null,"M","?","M","$","?","R","E","R","T","R","E"],"character_chosen":"MARISA","items_purchased":["SproutingBranch","Guardian:PocketSentry"],"campfire_rested":4,"item_purchase_floors":[21,21],"current_hp_per_floor":[74,74,63,62,62,49,49,42,42,14,8,30,30,30,52,52,75,47,47,41,41,41,41,7,29,29,51,56,56],"gold":67,"neow_bonus":"","is_daily":false,"chose_seed":false,"campfire_upgraded":2,"win_rate":0.0,"timestamp":1607903995,"path_taken":["M","M","?","?","M","E","R","E","T","E","E","R","?","?","R","BOSS","M","?","M","$","?","R","E","R","T","R","E"],"items_purchased_type":["Relic","Relic"],"build_version":"2020-12-13","purchased_purges":1,"victory":false,"max_hp_per_floor":[75,75,75,75,75,75,75,75,75,75,75,75,75,75,75,75,75,75,75,75,75,75,75,75,75,75,75,75,75],"card_choices":[{"not_picked":["LuminesStrike","MysteriousBeam","PropBag"],"picked":"SKIP","floor":1},{"not_picked":["DC","IllusionStar"],"picked":"AsteroidBelt","floor":2},{"not_picked":["SporeBomb","BigCrunch"],"picked":"WitchOfGreed","floor":3},{"not_picked":["PowerUp","SporeBomb","WitchLeyline"],"picked":"SKIP","floor":4},{"not_picked":["RefractionSpark","IllusionStar","ShootTheMoon"],"picked":"SKIP","floor":5},{"not_picked":["BigCrunch","SatelliteIllusion"],"picked":"CollectingQuirk","floor":6},{"not_picked":["StarDustReverie","CollectingQuirk"],"picked":"JA","floor":8},{"not_picked":["JA","BlazingStar"],"picked":"ManaRampage","floor":10},{"not_picked":["CollectingQuirk+1","EscapeVelocity"],"picked":"TreasureHunter+1","floor":11},{"not_picked":["DC+1","PowerUp","WitchLeyline+1"],"picked":"SKIP","floor":14},{"not_picked":["Acceleration","EnergyRecoil","ManaConvection"],"picked":"SKIP","floor":18},{"not_picked":["DC+1","MysteriousBeam+1"],"picked":"UnstableBomb+1","floor":20},{"not_picked":["CasketOfStar","MaximisePower","ManaRampage"],"picked":"SKIP","floor":24}],"player_experience":117103,"relics_obtained":[{"floor":3,"key":"Bird Faced Urn"},{"floor":6,"key":"Pondfish Scales"},{"floor":8,"key":"infinitespire:Magic Flask"},{"floor":9,"key":"MagicBroom"},{"floor":10,"key":"Mirror"},{"floor":11,"key":"Molten Egg 2"},{"floor":24,"key":"Bronze Scales"},{"floor":26,"key":"The Courier"}],"event_choices":[{"damage_healed":0,"gold_gain":0,"player_choice":"Ignored","damage_taken":0,"max_hp_gain":0,"max_hp_loss":0,"event_name":"Liars Game","floor":13,"gold_loss":0},{"damage_healed":0,"gold_gain":0,"player_choice":"Inject Mutagens","damage_taken":0,"relics_obtained":["MutagenicStrength"],"max_hp_gain":0,"max_hp_loss":0,"event_name":"Drug Dealer","floor":19,"gold_loss":0},{"damage_healed":0,"gold_gain":0,"player_choice":"Gave Potion","damage_taken":0,"relics_obtained":["Orichalcum"],"max_hp_gain":0,"max_hp_loss":0,"event_name":"WeMeetAgain","floor":22,"gold_loss":0}],"is_beta":false,"boss_relics":[{"not_picked":["infinitespire:Cupcake","Replay:Ancient Bell"],"picked":"SlaversCollar"}],"items_purged_floors":[21],"is_endless":false,"potions_floor_spawned":[2,4,8,10,14,20,24],"killed_by":"conspire:SneckoGhost","ascension_level":1}}