{"host":"q9718omregw4er46","time":1607881155,"event":{"mods":["BaseMod","Bestiary","Colored Powertips","Custom Start","Highlight Path","Minty Spire (QoL Compilation)","Practice Mode","Quick Restart","Relic Stats"],"gold_per_floor":[109,38,38,38,57,57,87,87,87,115,134,159,173,173,173,251,251,262,281,39,49,49,49,80,80,80,98,98,98],"floor_reached":28,"playtime":1017,"items_purged":["Strike_B"],"score":645,"play_id":"42b9272f-d011-49e2-8877-b3175be4ddfb","local_time":"20201213223915","is_ascension_mode":true,"campfire_choices":[{"data":"Defragment","floor":6,"key":"SMITH"},{"data":"Sweeping Beam","floor":8,"key":"SMITH"},{"data":"Defragment","floor":15,"key":"SMITH"},{"floor":23,"key":"REST"},{"floor":25,"key":"REST"}],"circlet_count":0,"master_deck":["AscendersBane","Strike_B","Defend_B","Defend_B","Defend_B","Defend_B","Zap","Dualcast","Defragment+1","FTL","Sweeping Beam+1","Defragment+1","Cold Snap","Compile Driver","Lockon","Amplify","CurseOfTheBell","Steam","Double Energy","Darkness","Buffer","Skim+1"],"relics":["Cracked Core","NeowsBlessing","Pear","Mercury Hourglass","Bag of Marbles","Ancient Tea Set","Gambling Chip","Calling Bell","MealTicket","Pantograph","Emotion Chip","Runic Capacitor","Girya","Toxic Egg 2"],"acts_visited":["Exordium","TheCity"],"potions_floor_usage":[10,12,18,24],"damage_taken":[{"damage":0,"enemies":"2 Louse","floor":1,"turns":1},{"damage":0,"enemies":"Cultist","floor":5,"turns":1},{"damage":0,"enemies":"Lagavulin","floor":7,"turns":1},{"damage":15,"enemies":"3 Sentries","floor":10,"turns":4},{"damage":7,"enemies":"Jaw Worm","floor":11,"turns":2},{"damage":11,"enemies":"Gremlin Nob","floor":12,"turns":3},{"damage":4,"enemies":"Looter","floor":13,"turns":2},{"damage":0,"enemies":"Slime Boss","floor":16,"turns":4},{"damage":8,"enemies":"Chosen","floor":18,"turns":3},{"damage":30,"enemies":"2 Thieves","floor":19,"turns":3},{"damage":27,"enemies":"Snake Plant","floor":21,"turns":4},{"damage":25,"enemies":"Slavers","floor":24,"turns":4},{"damage":30,"enemies":"3 Cultists","floor":27,"turns":4},{"damage":17,"enemies":"Gremlin Leader","floor":28,"turns":3}],"seed_played":"1045498940834394918","potions_obtained":[{"floor":1,"key":"DuplicationPotion"},{"floor":5,"key":"BlessingOfTheForge"},{"floor":13,"key":"SkillPotion"},{"floor":21,"key":"Explosive Potion"},{"floor":27,"key":"PotionOfCapacity"}],"is_trial":false,"path_per_floor":["M","?","$","$","M","R","E","R","T","E","M","E","M","T","R","B",null,"M","M","$","M","?","R","E","R","T","M","E"],"character_chosen":"DEFECT","items_purchased":["Runic Capacitor"],"campfire_rested":2,"item_purchase_floors":[20],"current_hp_per_floor":[64,74,74,74,74,74,74,74,74,59,52,41,37,37,37,37,70,62,32,47,20,20,44,19,43,43,13,0,0],"gold":98,"neow_bonus":"THREE_ENEMY_KILL","is_daily":false,"chose_seed":false,"campfire_upgraded":3,"win_rate":0.0,"timestamp":1607881155,"path_taken":["M","?","?","$","M","R","E","R","T","E","M","E","M","?","R","BOSS","M","M","$","M","?","R","E","R","T","M","E"],"items_purchased_type":["Relic"],"build_version":"2020-11-30","purchased_purges":1,"victory":false,"max_hp_per_floor":[71,81,81,81,81,81,81,81,81,81,81,81,81,81,81,81,81,81,81,81,81,81,81,81,81,81,81,81,81],"relic_stats":{"Emotion Chip":[24,15,9,0,0],"counters":[14,39],"Gambling Chip":[24],"Pantograph":0,"MealTicket":15,"obtain_stats":[{"Girya":24,"Pear":2,"NeowsBlessing":0,"Runic Capacitor":20,"Ancient Tea Set":12,"Mercury Hourglass":7,"Calling Bell":17,"Emotion Chip":17,"Gambling Chip":14,"Pantograph":17,"MealTicket":17,"Bag of Marbles":10,"Toxic Egg 2":26,"Cracked Core":0},{"Girya":12,"Pear":1,"NeowsBlessing":0,"Runic Capacitor":10,"Ancient Tea Set":6,"Mercury Hourglass":3,"Calling Bell":8,"Emotion Chip":8,"Gambling Chip":7,"Pantograph":8,"MealTicket":8,"Bag of Marbles":4,"Toxic Egg 2":12,"Cracked Core":0},{"Girya":32,"Pear":1,"NeowsBlessing":0,"Runic Capacitor":24,"Ancient Tea Set":12,"Mercury Hourglass":3,"Calling Bell":18,"Emotion Chip":18,"Gambling Chip":14,"Pantograph":18,"MealTicket":18,"Bag of Marbles":7,"Toxic Egg 2":32,"Cracked Core":0}],"Mercury Hourglass":[207]},"card_choices":[{"not_picked":["Melter","Rebound"],"picked":"Defragment","floor":1},{"not_picked":["Leap","Compile Driver"],"picked":"FTL","floor":5},{"not_picked":["Amplify","Compile Driver"],"picked":"Sweeping Beam","floor":7},{"not_picked":["Tempest","Sweeping Beam"],"picked":"Defragment","floor":10},{"not_picked":["Rip and Tear","Sweeping Beam"],"picked":"Cold Snap","floor":11},{"not_picked":["Barrage","Sweeping Beam"],"picked":"Compile Driver","floor":12},{"not_picked":["Leap","Conserve Battery"],"picked":"Lockon","floor":13},{"not_picked":["Hyperbeam","Meteor Strike"],"picked":"Amplify","floor":16},{"not_picked":["Streamline","Chaos","Sunder"],"picked":"SKIP","floor":18},{"not_picked":["Hologram","Sweeping Beam+1","Redo"],"picked":"SKIP","floor":19},{"not_picked":["Turbo","Hello World"],"picked":"Steam","floor":21},{"not_picked":["Steam Power","Heatsinks"],"picked":"Buffer","floor":24},{"not_picked":["FTL","Aggregate+1"],"picked":"Skim+1","floor":27}],"player_experience":1000148,"relics_obtained":[{"floor":7,"key":"Mercury Hourglass"},{"floor":10,"key":"Bag of Marbles"},{"floor":12,"key":"Ancient Tea Set"},{"floor":14,"key":"Gambling Chip"},{"floor":17,"key":"MealTicket"},{"floor":17,"key":"Pantograph"},{"floor":17,"key":"Emotion Chip"},{"floor":24,"key":"Girya"},{"floor":26,"key":"Toxic Egg 2"}],"event_choices":[{"damage_healed":0,"gold_gain":0,"player_choice":"Paid Gold","damage_taken":0,"relics_obtained":["Pear"],"max_hp_gain":0,"max_hp_loss":0,"event_name":"WeMeetAgain","floor":2,"gold_loss":71},{"damage_healed":0,"gold_gain":0,"cards_transformed":["Strike_B","Strike_B"],"player_choice":"Became Test Subject","damage_taken":0,"max_hp_gain":0,"max_hp_loss":0,"event_name":"Drug Dealer","floor":22,"gold_loss":0,"cards_obtained":["Double Energy","Darkness"]}],"is_beta":false,"boss_relics":[{"not_picked":["Sozu","Snecko Eye"],"picked":"Calling Bell"}],"items_purged_floors":[20],"is_endless":false,"potions_floor_spawned":[1,5,13,21,27],"killed_by":"Gremlin Leader","ascension_level":19}}