{"host":"qw1m3zcvi888b4j7","time":1607901499,"event":{"mods":["AchievementEnabler","BaseMod","Block Reminder","Colored Map","Colored Powertips","Consume Value Calculator","DeckTracker","Highlight Path","Minty Spire (QoL Compilation)","Quick Restart","Rare Cards Sparkle","Relic Sorter","Relic Stats"],"gold_per_floor":[116,133,22,34,50,50,67,67,94,128,128,128,162,180,180,279,279,299,299,299,59,59,59,78,103,130,130,130],"floor_reached":27,"playtime":1198,"items_purged":[],"score":253,"play_id":"305aabfd-85ca-441d-9285-5673691299bf","local_time":"20201214001819","is_ascension_mode":true,"campfire_choices":[{"floor":6,"key":"RECALL"},{"data":"Jack Of All Trades","floor":8,"key":"SMITH"},{"data":"Flex","floor":11,"key":"SMITH"},{"floor":15,"key":"REST"},{"data":"Apotheosis","floor":23,"key":"SMITH"}],"circlet_count":0,"master_deck":["Strike_R+1","Strike_R","Strike_R","Strike_R","Strike_R","Defend_R","Defend_R","Defend_R","Defend_R","Bash","Jack Of All Trades+1","Flex+1","Cleave","Dramatic Entrance","Headbutt","Inflame+1","Pommel Strike+1","Iron Wave","Headbutt","Rampage","Infernal Blade","Juggernaut","Shrug It Off","RitualDagger","Apotheosis+1","Thunderclap","Flex","Anger+1","Power Through"],"relics":["Burning Blood","Whetstone","PreservedInsect","SacredBark","Matryoshka","White Beast Statue","Bag of Marbles","Vajra"],"acts_visited":["Exordium","TheCity"],"potions_floor_usage":[13,16,25,25,25],"damage_taken":[{"damage":7,"enemies":"2 Louse","floor":1,"turns":3},{"damage":0,"enemies":"Cultist","floor":2,"turns":4},{"damage":0,"enemies":"Small Slimes","floor":4,"turns":2},{"damage":15,"enemies":"Exordium Wildlife","floor":5,"turns":3},{"damage":7,"enemies":"Blue Slaver","floor":7,"turns":2},{"damage":9,"enemies":"3 Sentries","floor":10,"turns":5},{"damage":18,"enemies":"Gremlin Nob","floor":13,"turns":3},{"damage":8,"enemies":"Red Slaver","floor":14,"turns":2},{"damage":53,"enemies":"Hexaghost","floor":16,"turns":8},{"damage":17,"enemies":"Spheric Guardian","floor":18,"turns":4},{"damage":36,"enemies":"Shell Parasite","floor":24,"turns":6},{"damage":17,"enemies":"Book of Stabbing","floor":25,"turns":4},{"damage":11,"enemies":"Slavers","floor":27,"turns":1}],"seed_played":"-2538922222738062191","potions_obtained":[{"floor":4,"key":"Ancient Potion"},{"floor":10,"key":"SteroidPotion"},{"floor":13,"key":"Explosive Potion"},{"floor":16,"key":"HeartOfIron"},{"floor":24,"key":"BlessingOfTheForge"}],"is_trial":false,"path_per_floor":["M","M","$","M","M","R","M","R","T","E","R","?","E","M","R","B",null,"M","?","?","$","T","R","M","E","T","E"],"character_chosen":"IRONCLAD","items_purchased":["Dramatic Entrance","Headbutt","Apotheosis","Thunderclap","Flex"],"campfire_rested":1,"item_purchase_floors":[3,3,21,21,21],"current_hp_per_floor":[79,80,80,80,71,71,70,70,70,67,67,67,55,53,77,30,80,69,54,48,48,48,48,18,7,7,0,0],"gold":130,"neow_bonus":"RANDOM_COLORLESS","is_daily":false,"chose_seed":false,"campfire_upgraded":3,"win_rate":0.0,"timestamp":1607901499,"path_taken":["M","M","$","M","M","R","M","R","T","E","R","?","E","?","R","BOSS","M","?","?","?","?","R","M","E","T","E"],"items_purchased_type":["Card","Card","Card","Card","Card"],"build_version":"2020-11-30","purchased_purges":0,"victory":false,"max_hp_per_floor":[80,80,80,80,80,80,80,80,80,80,80,80,80,80,80,80,80,80,85,85,85,85,85,85,85,85,85,85],"relic_stats":{"counters":[13,47],"PreservedInsect":79,"Whetstone":["Pommel Strike","Strike_R"],"obtain_stats":[{"Matryoshka":22,"SacredBark":17,"Vajra":26,"PreservedInsect":13,"Bag of Marbles":26,"Whetstone":10,"Burning Blood":0,"White Beast Statue":25},{"Matryoshka":10,"SacredBark":9,"Vajra":12,"PreservedInsect":7,"Bag of Marbles":12,"Whetstone":6,"Burning Blood":0,"White Beast Statue":12},{"Matryoshka":36,"SacredBark":32,"Vajra":46,"PreservedInsect":22,"Bag of Marbles":46,"Whetstone":19,"Burning Blood":0,"White Beast Statue":46}],"Burning Blood":61},"card_choices":[{"not_picked":["Purity","Flash of Steel"],"picked":"Jack Of All Trades","floor":0},{"not_picked":["Body Slam","Disarm"],"picked":"Flex","floor":1},{"not_picked":["Sword Boomerang","Warcry"],"picked":"Cleave","floor":2},{"not_picked":["Flex","Headbutt"],"picked":"Inflame","floor":4},{"not_picked":["Dark Embrace","Body Slam"],"picked":"Pommel Strike","floor":5},{"not_picked":["Sword Boomerang","Impervious"],"picked":"Iron Wave","floor":7},{"not_picked":["Searing Blow","Burning Pact"],"picked":"Headbutt","floor":10},{"not_picked":["Flex","Intimidate"],"picked":"Rampage","floor":13},{"not_picked":["Body Slam","Pommel Strike"],"picked":"Infernal Blade","floor":14},{"not_picked":["Brutality","Berserk"],"picked":"Juggernaut","floor":16},{"not_picked":["Cleave+1","Warcry"],"picked":"Shrug It Off","floor":18},{"not_picked":["Twin Strike+1","Clothesline"],"picked":"Anger+1","floor":24},{"not_picked":["True Grit","Flex"],"picked":"Power Through","floor":25}],"player_experience":54512,"relics_obtained":[{"floor":10,"key":"Whetstone"},{"floor":13,"key":"PreservedInsect"},{"floor":22,"key":"Matryoshka"},{"floor":25,"key":"White Beast Statue"},{"floor":26,"key":"Bag of Marbles"},{"floor":26,"key":"Vajra"}],"event_choices":[{"damage_healed":0,"gold_gain":0,"player_choice":"Upgraded","damage_taken":0,"max_hp_gain":0,"max_hp_loss":0,"event_name":"Upgrade Shrine","floor":12,"gold_loss":0,"cards_upgraded":["Inflame"]},{"damage_healed":0,"gold_gain":0,"player_choice":"Shed Blood","damage_taken":20,"max_hp_gain":5,"max_hp_loss":0,"event_name":"Forgotten Altar","floor":19,"gold_loss":0},{"damage_healed":0,"gold_gain":0,"player_choice":"Joined the Cult","damage_taken":6,"max_hp_gain":0,"max_hp_loss":0,"event_name":"Nest","floor":20,"gold_loss":0,"cards_obtained":["RitualDagger"]}],"is_beta":false,"boss_relics":[{"not_picked":["Busted Crown","Cursed Key"],"picked":"SacredBark"}],"items_purged_floors":[],"is_endless":false,"potions_floor_spawned":[4,10,13,16,24],"killed_by":"Slavers","ascension_level":1}}