{"host":"fhujvjnj99vjue08","time":1607879146,"event":{"mods":["2.2 Compatiblity","AchievementEnabler","Aspiration","Astrologer","BaseMod","Beaked The Cultist","BetterRewards","CatGirl Mod","Colored Map","Colored Powertips","Conjunction","Conspire","Custom Start","Friendly Minions","GifTheSpireLib","Googly Eyes","Halation","Highlight Path","Hubris","Hyrulean Relics","Infinite Spire","Magitek Elite","Mimic Mod","Minty Spire (QoL Compilation)","Replay The Spire","Reworked Bosses","Shop Mod","StSLib","Strawberry Spire","Stuff the Spire","The Bug Knight","The Factory","The Gatherer","The Jungle","The Servant 0.9.4","TheBandit","TheFirefly","egg","thorton","vexMod"],"gold_per_floor":[110,185,197,197,122,148,59,74,143,159,159,173,202,54,54,159,159,169,95,114,84,96,121,23,23],"floor_reached":24,"playtime":1340,"items_purged":["Strike_G"],"score":289,"play_id":"3659dd88-6d8d-49c8-b35c-04ed4d8f434a","local_time":"20201213170546","is_ascension_mode":true,"campfire_choices":[{"data":"ReplayTheSpireMod:Scrap Shanks","floor":11,"key":"SMITH"},{"data":"Infinite Blades","floor":15,"key":"SMITH"}],"circlet_count":0,"master_deck":["Strike_G","Strike_G","Strike_G","Strike_G","Defend_G","Defend_G","Defend_G","Defend_G","Defend_G","Survivor","Neutralize","StuffTheSpire:DoubleShiv","ReplayTheSpireMod:Tripwire","ReplayTheSpireMod:Scrap Shanks+1","hubris:Sniper","Dagger Throw","ReplayTheSpireMod:Scrap Shanks","StuffTheSpire:Shiver","strawberrySpire:Rummage","Blade Dance","Infinite Blades+1","A Thousand Cuts","Masterful Stab+1","Accuracy","Sneak Up+1","conspire:DoublingDagger+1"],"relics":["Ring of the Snake","NeowsBlessing","aspiration:AnachronicSnailShell","aspiration:HummingbirdHeart","halation:BottledLove","thethorton:CrushedCigarette","Centennial Puzzle"],"acts_visited":["Exordium","TheCity"],"potions_floor_usage":[10,12,13,20,22,24,24],"damage_taken":[{"damage":0,"enemies":"2 Louse","floor":1,"turns":1},{"damage":0,"enemies":"Jaw Worm","floor":3,"turns":1},{"damage":0,"enemies":"Lagavulin","floor":6,"turns":1},{"damage":0,"enemies":"Small Slimes","floor":8,"turns":2},{"damage":7,"enemies":"Exordium Thugs","floor":10,"turns":5},{"damage":0,"enemies":"Lots of Slimes","floor":12,"turns":1},{"damage":2,"enemies":"Gremlin Nob","floor":13,"turns":3},{"damage":31,"enemies":"The Guardian","floor":16,"turns":9},{"damage":10,"enemies":"Spheric Guardian","floor":18,"turns":4},{"damage":0,"enemies":"conspire:FuzzyDice","floor":20,"turns":4},{"damage":9,"enemies":"3 Cultists","floor":22,"turns":4},{"damage":21,"enemies":"Slavers","floor":23,"turns":4},{"damage":55,"enemies":"hubris:Merchant","floor":24,"turns":6}],"seed_played":"7215413898013976448","potions_obtained":[{"floor":3,"key":"Energy Potion"},{"floor":8,"key":"SkillPotion"},{"floor":10,"key":"AttackPotion"},{"floor":16,"key":"Block Potion"},{"floor":18,"key":"FearPotion"},{"floor":21,"key":"GamblersBrew"},{"floor":21,"key":"CultistPotion"},{"floor":23,"key":"LifebloodPotion"}],"is_trial":false,"path_per_floor":["M","?","M","?","$","E","$","M","T","M","R","M","E","$","R","B",null,"M","$","M","?","M","E","$"],"character_chosen":"THE_SILENT","items_purchased":["ReplayTheSpireMod:Scrap Shanks","Dagger Throw","ReplayTheSpireMod:Scrap Shanks","Infinite Blades","Accuracy","FairyPotion"],"campfire_rested":0,"item_purchase_floors":[5,7,7,14,19,24],"current_hp_per_floor":[70,59,59,59,59,59,59,59,59,52,52,52,50,50,50,19,70,60,60,60,60,51,30,0,0],"gold":23,"neow_bonus":"THREE_ENEMY_KILL","is_daily":false,"chose_seed":false,"campfire_upgraded":2,"win_rate":0.0,"timestamp":1607879146,"path_taken":["M","?","M","?","$","E","?","?","T","?","R","M","E","?","R","BOSS","M","$","M","?","M","E","?"],"items_purchased_type":["Card","Card","Card","Card","Card","Potion"],"build_version":"2020-11-30","purchased_purges":1,"victory":false,"max_hp_per_floor":[70,70,70,70,70,70,70,70,70,70,70,70,70,70,70,70,70,70,70,70,70,70,70,70,70],"card_choices":[{"not_picked":["hubris:SlightOfHand","Blade Dance"],"picked":"StuffTheSpire:DoubleShiv","floor":1},{"not_picked":["Heel Hook","PiercingWail"],"picked":"ReplayTheSpireMod:Tripwire","floor":3},{"not_picked":["Sucker Punch","conspire:DoublingDagger"],"picked":"hubris:Sniper","floor":6},{"not_picked":["Blade Dance","Distraction"],"picked":"StuffTheSpire:Shiver","floor":8},{"not_picked":["hubris:TrickCloak","Backflip","strawberrySpire:SpinKick"],"picked":"SKIP","floor":10},{"not_picked":["Leg Sweep","strawberrySpire:Insectonator"],"picked":"strawberrySpire:Rummage","floor":12},{"not_picked":["Backstab","Slice"],"picked":"Blade Dance","floor":13},{"not_picked":["Night Terror","Bullet Time"],"picked":"A Thousand Cuts","floor":16},{"not_picked":["strawberrySpire:SpinKick","Quick Slash"],"picked":"Masterful Stab+1","floor":18},{"not_picked":["Outmaneuver","ReplayTheSpireMod:Exploit Weakness"],"picked":"Sneak Up+1","floor":20},{"not_picked":["Bane","Outmaneuver+1"],"picked":"conspire:DoublingDagger+1","floor":22},{"not_picked":["Dodge and Roll","Bane","StuffTheSpire:ClusterCrunch"],"picked":"SKIP","floor":23}],"player_experience":295741,"relics_obtained":[{"floor":6,"key":"aspiration:AnachronicSnailShell"},{"floor":9,"key":"aspiration:HummingbirdHeart"},{"floor":13,"key":"halation:BottledLove"},{"floor":23,"key":"Centennial Puzzle"}],"event_choices":[{"damage_healed":0,"gold_gain":75,"player_choice":"Gather Gold","damage_taken":11,"max_hp_gain":0,"max_hp_loss":0,"event_name":"World of Goop","floor":2,"gold_loss":0},{"damage_healed":0,"gold_gain":0,"player_choice":"Bought 2 Potions","damage_taken":0,"max_hp_gain":0,"max_hp_loss":0,"event_name":"The Woman in Blue","floor":21,"gold_loss":0}],"is_beta":false,"boss_relics":[{"not_picked":["Replay:Fungal Core","hubris:Stopwatch"],"picked":"thethorton:CrushedCigarette"}],"items_purged_floors":[14],"is_endless":false,"potions_floor_spawned":[3,8,10,16,18,23],"killed_by":"hubris:Merchant","ascension_level":3}}