{"host":"watt8gvwfmxuscaf","time":1607828703,"event":{"mods":["BaseMod","CatGirl Mod","Colored Map","Colored Powertips","Conspire","Downfall","GifTheSpireLib","Hermit","Hubris","Infinite Spire","Marisa????????","Minty Spire (QoL Compilation)","Quick Restart","Rare Cards Sparkle","Replay The Spire","Shop Mod","StSLib","Stuff the Spire","SuperFastMode","The Animator","The Cursed","The Mystic","The Necromancer","The Poker Player","The Runesmith","The Servant 0.9.4"],"gold_per_floor":[118,118,118,167,12,42,42,70,70,82,99,99,99,116,116,220,220,240,267,285,25,124,151,151,151,151,179,194,211,221,252,252,356,356,369,382,393,393,493,493,511,523,523,556,576,576,230,258,258,361,361,362,365,383,383,383,390,390,378,426,435,435,435,435,461,461,543,543,550,650,657,344,354,33,44,51,51,38,38,45,43,43,43,121,121,123,133,208,207,187,187],"floor_reached":90,"playtime":3742,"items_purged":["Strike_B","Strike_B","Normality","Strike_B"],"score":2666,"play_id":"5fcdd9ad-dcaa-4844-95d4-248817d7f693","local_time":"20201212220503","is_ascension_mode":true,"campfire_choices":[{"data":"StuffTheSpire:ShieldGenerator","floor":7,"key":"SMITH"},{"floor":13,"key":"REST"},{"floor":15,"key":"REST"},{"floor":24,"key":"REST"},{"floor":32,"key":"REST"},{"floor":40,"key":"REST"},{"floor":46,"key":"REST"},{"floor":49,"key":"REST"},{"data":"Defragment","floor":58,"key":"SMITH"},{"data":"StuffTheSpire:ShieldGenerator+2","floor":63,"key":"SMITH"},{"data":"ReplayTheSpireMod:Omega Cannon","floor":66,"key":"SMITH"},{"floor":79,"key":"REST"},{"data":"ReplayTheSpireMod:Omega Cannon+1","floor":83,"key":"SMITH"}],"circlet_count":0,"master_deck":["Strike_B","Defend_B","Defend_B","Defend_B","Defend_B","Zap","Dualcast","StuffTheSpire:ShieldGenerator+3","Beam Cell","Gash","Glacier","Skim","Sunder","ReplayTheSpireMod:Omega Cannon+2","Go for the Eyes","Cold Snap+1","Ball Lightning","Static Discharge","Static Discharge+1","Conserve Battery","Lockon","Turbo","ReplaySolidLightProjector+1","Gash","Conserve Battery","expansioncontent:DecasProtection","Thunder Strike","Time Bomb+1","Ball Lightning+1","White Noise","Defragment+1","conspire:SharedLibrary","Creative AI","Barrage","Injury","Amplify","infinitespire:FutureSight","Steam","ReplayGash","Poisoned Strike","Barrage","Hologram","Gash","Gash","Sunder","Static Discharge","Reboot","Chill+1","Panic Button+1","Gash","Fission","Undo","StuffTheSpire:Plugnplay","ReplayTheSpireMod:Calculation Training+1","Hologram+1","StuffTheSpire:ShieldGenerator"],"relics":["Cracked Core","NeowsBlessing","Meat on the Bone","Gremlin Horn","Orichalcum","Bronze Scales","Membership Card","infinitespire:SolderingIron","Matryoshka","Boot","StuffTheSpire:EmeraldSignet","hubris:Icosahedron","Philosopher\u0027s Stone","Ice Cream","hubris:Spice","Pet Ghost","Nloth\u0027s Gift","Mummified Hand","Busted Crown","Lee\u0027s Waffle","MerchantsRug","Lizard Tail","SlaversCollar","hubris:Towel","ReplayTheSpireMod:Ring of Collecting","Ring of Peace","conspire:InfiniteJournal","BranchBurnRelic","Symbiotic Virus","Ring of Fury","StuffTheSpire:HeavyRock","Golden Idol","Blood Vial","Snack Pack","Sling","Strawberry","hubris:64BitClover","ReplayTheSpireMod:Ring of Exchange","hubris:FunFungus","Incense Burner","infinitespire:EvilPickle"],"acts_visited":["Exordium","TheCity","TheBeyond","Exordium","TheCity","TheBeyond"],"potions_floor_usage":[16,16,18,33,33,48,48,48,59,59,71,75,75,75,80,90],"damage_taken":[{"damage":0,"enemies":"Cultist","floor":1,"turns":1},{"damage":0,"enemies":"Gremlin Nob","floor":6,"turns":1},{"damage":0,"enemies":"Lagavulin","floor":8,"turns":1},{"damage":0,"enemies":"conspire:RoseBush","floor":10,"turns":4},{"damage":3,"enemies":"Jaw Worm","floor":11,"turns":2},{"damage":12,"enemies":"Gremlin Gang","floor":14,"turns":4},{"damage":18,"enemies":"Fading Forest","floor":16,"turns":11},{"damage":16,"enemies":"3 Byrds","floor":18,"turns":2},{"damage":47,"enemies":"conspire:MimicChest","floor":19,"turns":5},{"damage":0,"enemies":"Chosen","floor":20,"turns":3},{"damage":11,"enemies":"Slavers","floor":23,"turns":2},{"damage":21,"enemies":"Replay:Snechameleon","floor":27,"turns":5},{"damage":5,"enemies":"Snake Plant","floor":28,"turns":3},{"damage":0,"enemies":"3 Cultists","floor":29,"turns":3},{"damage":2,"enemies":"Centurion and Healer","floor":30,"turns":2},{"damage":4,"enemies":"Nightmare","floor":31,"turns":6},{"damage":24,"enemies":"hubris:MusketHawk","floor":33,"turns":7},{"damage":16,"enemies":"3 Shapes","floor":35,"turns":1},{"damage":0,"enemies":"3 Darklings","floor":36,"turns":2},{"damage":3,"enemies":"Spire Growth","floor":37,"turns":4},{"damage":0,"enemies":"Writhing Mass","floor":41,"turns":4},{"damage":33,"enemies":"4 Shapes","floor":42,"turns":1},{"damage":3,"enemies":"Reptomancer","floor":44,"turns":5},{"damage":0,"enemies":"Transient","floor":45,"turns":5},{"damage":21,"enemies":"R_Hoarder","floor":48,"turns":4},{"damage":46,"enemies":"Donu and Deca","floor":50,"turns":6},{"damage":0,"enemies":"Jaw Worm","floor":52,"turns":2},{"damage":0,"enemies":"Cultist","floor":53,"turns":1},{"damage":0,"enemies":"Small Slimes","floor":54,"turns":1},{"damage":0,"enemies":"Gremlin Nob","floor":57,"turns":4},{"damage":91,"enemies":"Nightmare","floor":59,"turns":6},{"damage":12,"enemies":"3 Louse","floor":61,"turns":2},{"damage":0,"enemies":"Gremlin Nob","floor":65,"turns":3},{"damage":23,"enemies":"The Guardian","floor":67,"turns":6},{"damage":0,"enemies":"Chosen","floor":69,"turns":2},{"damage":0,"enemies":"3 Byrds","floor":71,"turns":3},{"damage":0,"enemies":"3 Cultists","floor":73,"turns":2},{"damage":0,"enemies":"Gremlin Leader","floor":75,"turns":4},{"damage":27,"enemies":"Centurion and Healer","floor":76,"turns":3},{"damage":0,"enemies":"Cultist and Chosen","floor":78,"turns":3},{"damage":0,"enemies":"Slavers","floor":80,"turns":3},{"damage":0,"enemies":"Snake Plant","floor":81,"turns":2},{"damage":29,"enemies":"Pondfish","floor":84,"turns":8},{"damage":0,"enemies":"3 Darklings","floor":86,"turns":4},{"damage":28,"enemies":"3 Shapes","floor":87,"turns":2},{"damage":0,"enemies":"3 Darklings","floor":89,"turns":4},{"damage":42,"enemies":"Transient","floor":90,"turns":3}],"seed_played":"-3395022600336161145","potions_obtained":[{"floor":2,"key":"Energy Potion"},{"floor":2,"key":"PotionOfCapacity"},{"floor":2,"key":"EssenceOfSteel"},{"floor":28,"key":"Block Potion"},{"floor":29,"key":"FearPotion"},{"floor":30,"key":"GamblersBrew"},{"floor":31,"key":"Adrenaline Potion"},{"floor":37,"key":"Explosive Potion"},{"floor":45,"key":"champ:CounterPotion"},{"floor":48,"key":"SteroidPotion"},{"floor":54,"key":"Reflective Coating"},{"floor":61,"key":"FearPotion"},{"floor":65,"key":"ColorlessPotion"},{"floor":67,"key":"Block Potion"},{"floor":73,"key":"Fire Potion"},{"floor":75,"key":"BlessingOfTheForge"},{"floor":76,"key":"SpeedPotion"},{"floor":78,"key":"AttackPotion"},{"floor":87,"key":"Strength Potion"},{"floor":88,"key":"Guardian:BlockOnCardUsePotion"}],"is_trial":false,"path_per_floor":["M","?","$","T","$","E","R","E","T","M","M","?","R","M","R","B",null,"M","?","M","$","?","E","R","?","T","E","M","M","M","NM","R","B",null,"M","M","M","?","?","R","M","M","T","E","M","R","$","E","R","B",null,"M","M","M","?","?","E","R","NM","T","M","?","R","?","E","R","B",null,"M","?","M","$","M","$","E","M","T","M","R","E","M","?","R_BF","B",null,"M","M","?","M","M"],"character_chosen":"DEFECT","items_purchased":["Meat on the Bone","Gremlin Horn","Orichalcum","Membership Card","Omamori","hubris:Spice","Dead Branch","Lee\u0027s Waffle","MerchantsRug","Snack Pack","ReplayGash","Poisoned Strike","Barrage","Gash","Sling","Strawberry","Sunder","Static Discharge"],"campfire_rested":8,"item_purchase_floors":[3,3,3,5,21,21,47,47,47,72,72,72,72,74,74,74,74,74],"current_hp_per_floor":[68,68,26,26,26,38,38,38,38,38,47,47,69,57,75,57,71,59,40,40,48,48,49,73,73,81,60,55,55,53,49,67,45,56,40,40,37,37,37,54,56,35,35,34,34,51,66,45,64,30,51,51,51,51,51,51,53,53,41,41,31,31,31,31,42,42,30,39,42,42,42,42,42,49,49,34,34,47,49,49,49,49,49,44,48,49,33,21,29,0,0],"gold":187,"neow_bonus":"THREE_ENEMY_KILL","is_daily":false,"chose_seed":false,"campfire_upgraded":5,"win_rate":0.0,"timestamp":1607828703,"path_taken":["M","?","?","?","$","E","R","E","T","?","M","?","R","M","R","BOSS","M","?","M","$","?","E","R","?","T","E","?","M","M","NM","R","BOSS","M","M","M","?","?","R","M","M","T","E","?","R","$","E","R","BOSS","M","M","M","?","?","E","R","NM","T","M","?","R","?","E","R","BOSS","M","?","M","$","M","?","E","M","T","M","R","E","M","?","R_BF","BOSS","M","M","?","M","M"],"items_purchased_type":["Relic","Relic","Relic","Relic","Relic","Relic","Relic","Relic","Relic","Relic","Card","Card","Card","Card","Relic","Relic","Card","Card"],"build_version":"2020-11-30","purchased_purges":4,"victory":false,"max_hp_per_floor":[75,75,75,75,75,75,75,75,75,75,75,75,75,75,75,75,75,75,75,75,83,83,83,83,83,91,83,75,75,75,67,67,59,59,59,59,59,59,59,59,59,59,59,59,59,59,66,66,66,58,58,58,58,58,58,58,58,58,58,58,58,58,58,58,50,50,50,42,42,42,42,42,42,49,49,49,49,49,49,49,49,49,49,49,49,49,49,49,49,49,49],"card_choices":[{"not_picked":["Steam","StuffTheSpire:CleanHardDrive"],"picked":"StuffTheSpire:ShieldGenerator","floor":1},{"not_picked":["White Noise","hubris:PowerSurge"],"picked":"Beam Cell","floor":6},{"not_picked":["Melter","Streamline"],"picked":"Gash","floor":8},{"not_picked":["StuffTheSpire:LoadUp","Ball Lightning"],"picked":"Glacier","floor":10},{"not_picked":["BasicCrystalCard","Stack"],"picked":"Skim","floor":11},{"not_picked":["Cold Snap","Conserve Battery"],"picked":"Sunder","floor":14},{"not_picked":["StuffTheSpire:EventHorizon","Mirror Shield"],"picked":"ReplayTheSpireMod:Omega Cannon","floor":16},{"not_picked":["Storm","Aggregate"],"picked":"Go for the Eyes","floor":18},{"not_picked":["ReplayTheSpireMod:Repulse","Stack"],"picked":"Cold Snap+1","floor":19},{"not_picked":["Conserve Battery","Hologram+1"],"picked":"Ball Lightning","floor":20},{"not_picked":["Compile Driver","Rebound"],"picked":"Static Discharge","floor":23},{"not_picked":["StuffTheSpire:ShieldGenerator+1","Amplify"],"picked":"Static Discharge+1","floor":27},{"not_picked":["FTL","StuffTheSpire:CleanHardDrive"],"picked":"hubris:SpiceAddiction","floor":28},{"not_picked":["Sweeping Beam","Rebound"],"picked":"Conserve Battery","floor":29},{"not_picked":["Reprogram","Coolheaded+1"],"picked":"Lockon","floor":30},{"not_picked":["StuffTheSpire:Rend","Conserve Battery+1"],"picked":"Turbo","floor":31},{"not_picked":["StuffTheSpire:Purify","Reboot"],"picked":"hubris:SpiceAddiction","floor":33},{"not_picked":[],"picked":"ReplaySolidLightProjector+1","floor":35},{"not_picked":[],"picked":"Gash","floor":36},{"not_picked":[],"picked":"Conserve Battery","floor":37},{"not_picked":[],"picked":"expansioncontent:DecasProtection","floor":38},{"not_picked":["hubris:SpiceAddiction"],"picked":"SKIP","floor":41},{"not_picked":[],"picked":"Thunder Strike","floor":42},{"not_picked":[],"picked":"Time Bomb+1","floor":44},{"not_picked":[],"picked":"Ball Lightning+1","floor":45},{"not_picked":[],"picked":"White Noise","floor":48},{"not_picked":[],"picked":"hubris:SpiceAddiction","floor":50},{"not_picked":["Recycle"],"picked":"SKIP","floor":52},{"not_picked":[],"picked":"Defragment","floor":53},{"not_picked":[],"picked":"conspire:SharedLibrary","floor":54},{"not_picked":[],"picked":"Creative AI","floor":57},{"not_picked":["Reprogram"],"picked":"SKIP","floor":59},{"not_picked":[],"picked":"Barrage","floor":61},{"not_picked":[],"picked":"hubris:SpiceAddiction","floor":65},{"not_picked":[],"picked":"Amplify","floor":67},{"not_picked":["infinitespire:Collect","hubris:Fate"],"picked":"infinitespire:FutureSight","floor":67},{"not_picked":["StuffTheSpire:Plugnplay"],"picked":"SKIP","floor":69},{"not_picked":[],"picked":"Steam","floor":71},{"not_picked":[],"picked":"Hologram","floor":73},{"not_picked":[],"picked":"Reboot","floor":75},{"not_picked":[],"picked":"Chill+1","floor":76},{"not_picked":[],"picked":"Panic Button+1","floor":78},{"not_picked":["hubris:SpiceAddiction"],"picked":"SKIP","floor":80},{"not_picked":[],"picked":"Gash","floor":81},{"not_picked":[],"picked":"ReplayTheSpireMod:Calculation Training+1","floor":86},{"not_picked":[],"picked":"Hologram+1","floor":87},{"not_picked":[],"picked":"StuffTheSpire:ShieldGenerator","floor":89}],"player_experience":477425,"relics_obtained":[{"floor":4,"key":"Bronze Scales"},{"floor":6,"key":"infinitespire:SolderingIron"},{"floor":8,"key":"Matryoshka"},{"floor":9,"key":"Boot"},{"floor":9,"key":"StuffTheSpire:EmeraldSignet"},{"floor":19,"key":"Ice Cream"},{"floor":23,"key":"Pet Ghost"},{"floor":26,"key":"Mummified Hand"},{"floor":26,"key":"hubris:Spice"},{"floor":27,"key":"hubris:Spice"},{"floor":31,"key":"hubris:Spice"},{"floor":48,"key":"Lizard Tail"},{"floor":56,"key":"ReplayTheSpireMod:Ring of Collecting"},{"floor":56,"key":"Ring of Peace"},{"floor":57,"key":"conspire:InfiniteJournal"},{"floor":59,"key":"Symbiotic Virus"},{"floor":60,"key":"Ring of Fury"},{"floor":60,"key":"StuffTheSpire:HeavyRock"},{"floor":65,"key":"Blood Vial"},{"floor":75,"key":"hubris:64BitClover"},{"floor":77,"key":"ReplayTheSpireMod:Ring of Exchange"},{"floor":77,"key":"hubris:FunFungus"},{"floor":80,"key":"Incense Burner"}],"event_choices":[{"damage_healed":0,"gold_gain":0,"player_choice":"Got Potions","damage_taken":0,"max_hp_gain":0,"max_hp_loss":0,"event_name":"Lab","floor":2,"gold_loss":0},{"damage_healed":0,"gold_gain":99,"player_choice":"Stole From Cult","damage_taken":0,"max_hp_gain":0,"max_hp_loss":0,"event_name":"Nest","floor":22,"gold_loss":0},{"damage_healed":0,"gold_gain":0,"player_choice":"Traded Relic","damage_taken":0,"relics_obtained":["Nloth\u0027s Gift"],"max_hp_gain":0,"max_hp_loss":0,"event_name":"N\u0027loth","floor":25,"relics_lost":["Omamori"],"gold_loss":0},{"damage_healed":0,"gold_gain":0,"player_choice":"Memory 1","damage_taken":0,"max_hp_gain":0,"max_hp_loss":0,"event_name":"SensoryStone","floor":38,"gold_loss":0},{"damage_healed":0,"gold_gain":100,"player_choice":"Pray","damage_taken":0,"max_hp_gain":0,"max_hp_loss":0,"event_name":"Golden Shrine","floor":39,"gold_loss":0},{"damage_healed":0,"gold_gain":0,"player_choice":"Take Wound","damage_taken":0,"relics_obtained":["Golden Idol"],"max_hp_gain":0,"max_hp_loss":0,"event_name":"Golden Idol","floor":64,"gold_loss":0,"cards_obtained":["Injury"]},{"damage_healed":0,"gold_gain":100,"player_choice":"Pray","damage_taken":0,"max_hp_gain":0,"max_hp_loss":0,"event_name":"Golden Shrine","floor":70,"gold_loss":0},{"damage_healed":0,"gold_gain":0,"player_choice":"3 cards matched","damage_taken":0,"max_hp_gain":0,"max_hp_loss":0,"event_name":"Match and Keep!","floor":82,"gold_loss":0,"cards_obtained":["Fission","Undo","StuffTheSpire:Plugnplay"]}],"is_beta":false,"boss_relics":[{"not_picked":["conspire:SeveredTorchhead","FrozenCore"],"picked":"Philosopher\u0027s Stone"},{"not_picked":["hubris:Spice","hubris:Spice"],"picked":"Busted Crown"},{"not_picked":["Coffee Dripper","Kintsugi"],"picked":"SlaversCollar"},{"not_picked":["Velvet Choker","hubris:Spice"],"picked":"hubris:Spice"},{"not_picked":["hubris:Spice","hubris:Spice","hubris:Spice"]}],"items_purged_floors":[21,47,72,74],"is_endless":true,"potions_floor_spawned":[6,10,28,29,30,31,37,45,48,54,61,65,67,73,75,76,78,87],"killed_by":"Transient","ascension_level":6}}