{"host":"lck2g1j0kcwr02ez","time":1607868290,"event":{"mods":["BaseMod","CapriCore","Mari Mod (Legacy)","Mari\u0027s V1 Patch","Minty Spire (QoL Compilation)","Rare Cards Sparkle","StSLib","The Hierophant","The Mystic"],"gold_per_floor":[114,114,189,189,189,189,207,222,245,7035,6997,6997,5133,5135,5135,4736,4736,4231,3436,3112,2540,2105,2105,2118,1426,1452,1339,1339,1124,403,388,388,8128,8182,8232,7509,6810,6565,6565,5691,5691,4965,4965,4576,4588,3813,3770,2849,2849,2503,2503,2503,1657,1605,1384],"floor_reached":56,"playtime":2809,"items_purged":["hierophant:Defend_Hierophant","hierophant:Strike_Hierophant","hierophant:TollTheBells","hierophant:Zeal","hierophant:FieryStrike","hierophant:SolarFlare"],"score":1609,"play_id":"cb686115-1b1e-4a32-8f9c-f4eaec6d925b","local_time":"20201213220450","is_ascension_mode":true,"campfire_choices":[{"data":"hierophant:RepressedViolence","floor":6,"key":"SMITH"},{"data":"hierophant:AuricBeam","floor":12,"key":"SMITH"},{"floor":15,"key":"REST"},{"data":"hierophant:AuricBeam","floor":23,"key":"SMITH"},{"floor":32,"key":"RECALL"},{"data":"hierophant:Generosity","floor":41,"key":"SMITH"},{"data":"Apotheosis","floor":49,"key":"SMITH"},{"floor":52,"key":"REST"}],"circlet_count":0,"master_deck":["hierophant:Punish+1","hierophant:ChurchCoffers+1","hierophant:RepressedViolence+1","hierophant:AuricBeam+1","hierophant:Doubloon","hierophant:Dazzle","hierophant:Doubloon","hierophant:Doubloon","hierophant:Remorse","hierophant:Doubloon","hierophant:Remorse","hierophant:AuricBeam+1","hierophant:DivineIntervention","hierophant:Doubloon","hierophant:Remorse+1","hierophant:Doubloon","hierophant:Dazzle","Impatience","hierophant:Batter+1","hierophant:Doubloon","hierophant:Remorse","hierophant:Charity","hierophant:Doubloon","hierophant:Doubloon","hierophant:Generosity+1","hierophant:WrathOfGod","hierophant:MorningPrayer","hierophant:Encroach","hierophant:RustyCrate+1","hierophant:Doubloon","hierophant:Doubloon","hierophant:Bribe","hierophant:CursedGold+1","hierophant:Doubloon","hierophant:Doubloon","Apotheosis+1","Trip","Mind Blast","hierophant:Doubloon"],"relics":["hierophant:PropheticMaskRelic","NeowsBlessing","Golden Idol","WingedGreaves","Regal Pillow","Dream Catcher","Busted Crown","Red Mask","Sundial","Bronze Scales","Nunchaku","ClockworkSouvenir","CeramicFish","Omamori","StoneCalendar","Blue Candle","Pandora\u0027s Box","Frozen Egg 2","Juzu Bracelet","Turnip","FossilizedHelix","Mummified Hand","Ginger","Ancient Tea Set","Medical Kit","MawBank","PreservedInsect","Chemical X","Singing Bowl","Bag of Preparation","Anchor","HornCleat","InkBottle","Lizard Tail","Lee\u0027s Waffle","Bottled Flame"],"acts_visited":["Exordium","TheCity","TheBeyond","TheEnding"],"potions_floor_usage":[16,16,20,24,29,33,35,35,35,38,55,55,55,55,55,55],"damage_taken":[{"damage":0,"enemies":"Small Slimes","floor":1,"turns":1},{"damage":0,"enemies":"Jaw Worm","floor":7,"turns":1},{"damage":0,"enemies":"2 Louse","floor":8,"turns":1},{"damage":0,"enemies":"Gremlin Nob","floor":10,"turns":2},{"damage":17,"enemies":"Looter","floor":11,"turns":4},{"damage":4,"enemies":"3 Sentries","floor":13,"turns":5},{"damage":4,"enemies":"Exordium Thugs","floor":14,"turns":4},{"damage":7,"enemies":"The Guardian","floor":16,"turns":4},{"damage":10,"enemies":"2 Thieves","floor":18,"turns":3},{"damage":0,"enemies":"3 Byrds","floor":19,"turns":3},{"damage":12,"enemies":"Masked Bandits","floor":20,"turns":5},{"damage":0,"enemies":"Cultist and Chosen","floor":21,"turns":1},{"damage":0,"enemies":"Sentry and Sphere","floor":22,"turns":1},{"damage":21,"enemies":"Gremlin Leader","floor":24,"turns":5},{"damage":0,"enemies":"Centurion and Healer","floor":27,"turns":4},{"damage":0,"enemies":"Slavers","floor":29,"turns":4},{"damage":0,"enemies":"Snecko","floor":31,"turns":2},{"damage":0,"enemies":"Collector","floor":33,"turns":3},{"damage":2,"enemies":"3 Shapes","floor":35,"turns":1},{"damage":0,"enemies":"Orb Walker","floor":36,"turns":1},{"damage":0,"enemies":"Mind Bloom Boss Battle","floor":38,"turns":3},{"damage":0,"enemies":"Giant Head","floor":40,"turns":2},{"damage":0,"enemies":"Nemesis","floor":44,"turns":1},{"damage":0,"enemies":"Writhing Mass","floor":47,"turns":2},{"damage":57,"enemies":"Awakened One","floor":50,"turns":5},{"damage":0,"enemies":"Shield and Spear","floor":54,"turns":2},{"damage":34,"enemies":"The Heart","floor":55,"turns":5}],"seed_played":"3491094330096110301","potions_obtained":[{"floor":10,"key":"EssenceOfSteel"},{"floor":11,"key":"SkillPotion"},{"floor":14,"key":"Block Potion"},{"floor":16,"key":"EntropicBrew"},{"floor":19,"key":"FearPotion"},{"floor":20,"key":"Explosive Potion"},{"floor":24,"key":"PowerPotion"},{"floor":29,"key":"LiquidBronze"},{"floor":38,"key":"Fire Potion"},{"floor":40,"key":"EntropicBrew"}],"is_trial":false,"path_per_floor":["M","?","?","?","T","R","M","M","T","E","M","R","E","M","R","B",null,"M","M","?","M","M","R","E","$","T","M","?","E","$","M","R","B",null,"M","M","$","?","T","E","R","$","T","E","?","$","M","$","R","B",null,"R","$","E","B",null],"character_chosen":"HIEROPHANT","items_purchased":["Bronze Scales","Nunchaku","ClockworkSouvenir","Impatience","hierophant:Batter","StoneCalendar","Blue Candle","hierophant:Charity","Frozen Egg 2","hierophant:AuricShield","Juzu Bracelet","AttackPotion","BlessingOfTheForge","Ginger","Ancient Tea Set","Medical Kit","Chemical X","Singing Bowl","Bag of Preparation","hierophant:SolarFlare","Anchor","HornCleat","hierophant:CursedGold+1","hierophant:Doubloon","Apotheosis","Trip","InkBottle","Lizard Tail","Lee\u0027s Waffle","Mind Blast","DistilledChaos"],"campfire_rested":2,"item_purchase_floors":[25,25,25,25,25,30,30,30,37,37,37,37,37,42,42,42,46,46,46,46,48,48,48,48,48,48,53,53,53,53,53],"current_hp_per_floor":[75,60,49,31,31,31,31,31,31,31,14,14,10,6,43,36,75,65,65,53,53,53,53,32,32,32,32,32,32,32,32,32,32,75,73,73,73,73,73,73,73,73,73,73,73,73,75,75,75,18,77,79,86,86,52],"gold":1384,"neow_bonus":"THREE_ENEMY_KILL","is_daily":false,"chose_seed":false,"campfire_upgraded":5,"win_rate":0.0,"timestamp":1607868290,"path_taken":["M","?","?","?","?","R","?","M","T","E","M","R","E","M","R","BOSS","M","M","?","M","M","R","E","$","T","M","?","E","$","?","R","BOSS","M","M","$","?","?","E","R","$","T","E","?","$","M","?","R","BOSS","R","$","E","BOSS"],"items_purchased_type":["Relic","Relic","Relic","Card","Card","Relic","Relic","Card","Relic","Card","Relic","Potion","Potion","Relic","Relic","Relic","Relic","Relic","Relic","Card","Relic","Relic","Card","Card","Card","Card","Relic","Relic","Relic","Card","Potion"],"build_version":"2020-11-30","purchased_purges":6,"victory":true,"max_hp_per_floor":[75,75,75,75,75,75,75,75,75,75,75,75,75,75,75,75,75,75,75,75,75,75,75,75,75,75,75,75,75,75,75,75,75,75,75,75,75,75,75,75,75,75,75,75,75,75,77,77,77,77,77,79,86,86,86],"card_choices":[{"not_picked":["hierophant:DisplayOfPower","hierophant:FlamingChariot"],"picked":"hierophant:RepressedViolence","floor":1},{"not_picked":["hierophant:Shelter","hierophant:HolyVerse"],"picked":"hierophant:AuricBeam","floor":7},{"not_picked":["hierophant:Doubloon","hierophant:RustyCrate"],"picked":"hierophant:Dazzle","floor":8},{"not_picked":["hierophant:SecretStash","hierophant:Shelter"],"picked":"hierophant:Doubloon","floor":10},{"not_picked":["hierophant:Community","hierophant:Shelter","hierophant:MorningPrayer"],"picked":"SKIP","floor":11},{"not_picked":["hierophant:FaithHealing","hierophant:OrnateBuckler"],"picked":"hierophant:Remorse","floor":13},{"not_picked":["hierophant:Doubloon","hierophant:EyeForCoin"],"picked":"hierophant:Remorse","floor":14},{"not_picked":["hierophant:RepressedViolence","hierophant:Alms"],"picked":"hierophant:AuricBeam","floor":15},{"not_picked":["hierophant:Anathema","hierophant:MintersHammer"],"picked":"hierophant:DivineIntervention","floor":16},{"not_picked":["hierophant:ThreeLashes"],"picked":"SKIP","floor":18},{"not_picked":["hierophant:Racketeering+1"],"picked":"SKIP","floor":19},{"not_picked":[],"picked":"hierophant:Remorse+1","floor":21},{"not_picked":["hierophant:ThreeLashes"],"picked":"SKIP","floor":22},{"not_picked":[],"picked":"hierophant:Dazzle","floor":24},{"not_picked":["hierophant:HammerAndAnvil"],"picked":"SKIP","floor":27},{"not_picked":[],"picked":"hierophant:Remorse","floor":29},{"not_picked":["hierophant:SealAway"],"picked":"SKIP","floor":31},{"not_picked":[],"picked":"hierophant:Generosity","floor":33},{"not_picked":[],"picked":"hierophant:RustyCrate+1","floor":35},{"not_picked":["hierophant:RepressedViolence+1"],"picked":"SKIP","floor":36},{"not_picked":[],"picked":"hierophant:Bribe","floor":40},{"not_picked":["hierophant:RepressedViolence+1"],"picked":"SKIP","floor":44},{"not_picked":["hierophant:RustyCrate"],"picked":"Singing Bowl","floor":47},{"not_picked":["hierophant:OrnateJavelin+1"],"picked":"Singing Bowl","floor":52},{"not_picked":[],"picked":"hierophant:Doubloon","floor":54}],"player_experience":141862,"relics_obtained":[{"floor":5,"key":"WingedGreaves"},{"floor":10,"key":"Regal Pillow"},{"floor":13,"key":"Dream Catcher"},{"floor":20,"key":"Red Mask"},{"floor":24,"key":"Sundial"},{"floor":26,"key":"CeramicFish"},{"floor":29,"key":"Omamori"},{"floor":38,"key":"Turnip"},{"floor":39,"key":"FossilizedHelix"},{"floor":40,"key":"Mummified Hand"},{"floor":43,"key":"MawBank"},{"floor":44,"key":"PreservedInsect"},{"floor":54,"key":"Bottled Flame"}],"event_choices":[{"damage_healed":0,"gold_gain":0,"player_choice":"Entered Light","damage_taken":15,"max_hp_gain":0,"max_hp_loss":0,"event_name":"Shining Light","floor":2,"gold_loss":0,"cards_upgraded":["hierophant:ChurchCoffers","hierophant:Punish"]},{"damage_healed":0,"gold_gain":75,"player_choice":"Gather Gold","damage_taken":11,"max_hp_gain":0,"max_hp_loss":0,"event_name":"World of Goop","floor":3,"gold_loss":0},{"damage_healed":0,"gold_gain":0,"player_choice":"Take Damage","damage_taken":18,"relics_obtained":["Golden Idol"],"max_hp_gain":0,"max_hp_loss":0,"event_name":"Golden Idol","floor":4,"gold_loss":0},{"damage_healed":0,"gold_gain":0,"player_choice":"Fought Bandits","damage_taken":0,"max_hp_gain":0,"max_hp_loss":0,"event_name":"Masked Bandits","floor":20,"gold_loss":0},{"damage_healed":0,"gold_gain":0,"player_choice":"Upgraded","damage_taken":0,"max_hp_gain":0,"max_hp_loss":0,"event_name":"Upgrade Shrine","floor":28,"gold_loss":0,"cards_upgraded":["hierophant:Batter"]},{"damage_healed":0,"gold_gain":0,"player_choice":"Fight","damage_taken":0,"max_hp_gain":0,"max_hp_loss":0,"event_name":"MindBloom","floor":38,"gold_loss":0},{"cards_removed":["hierophant:AuricShield"],"damage_healed":0,"gold_gain":0,"player_choice":"Removed Skill","damage_taken":0,"max_hp_gain":0,"max_hp_loss":0,"event_name":"Falling","floor":45,"gold_loss":0}],"is_beta":false,"boss_relics":[{"not_picked":["Empty Cage","Tiny House"],"picked":"Busted Crown"},{"not_picked":["Velvet Choker","Runic Dome"],"picked":"Pandora\u0027s Box"}],"items_purged_floors":[25,30,37,42,46,48],"is_endless":false,"potions_floor_spawned":[10,11,14,16,19,20,24,29,38,40,47],"ascension_level":1}}