{"host":"g3js2eermvvpeiqn","time":1607855337,"event":{"mods":["BaseMod","DeckTracker","Downfall","Minty Spire (QoL Compilation)","Quick Restart","StSLib"],"gold_per_floor":[113,124,124,124,144,144,179,179,202,127,147,147,147,161,161,265,265,278,278,211,230,246,246,260,260,287,287,302,302,129,229,229,331,331,349,349,362,282,302,302,302,302],"floor_reached":41,"playtime":1260,"items_purged":["Defend_B","expansioncontent:StudyTheSpire"],"score":430,"play_id":"f7fa52b8-0709-4293-a7a9-4d7a1153413e","local_time":"20201213042857","is_ascension_mode":true,"campfire_choices":[{"data":"Dualcast","floor":6.0,"key":"SMITH"},{"data":"Rainbow","floor":8.0,"key":"SMITH"},{"data":"Ball Lightning","floor":12,"key":"SMITH"},{"data":"Go for the Eyes","floor":15,"key":"SMITH"},{"data":"Static Discharge","floor":23,"key":"SMITH"},{"floor":25,"key":"REST"},{"data":"Chaos","floor":27,"key":"SMITH"},{"floor":29,"key":"REST"},{"floor":32,"key":"REST"},{"floor":40,"key":"REST"}],"circlet_count":0,"master_deck":["Strike_B","Strike_B","Defend_B","Defend_B","Zap+1","Dualcast+1","Go for the Eyes+1","Coolheaded","Rainbow+1","Ball Lightning+1","Chaos+1","Thunder Strike","Leap+1","Streamline","Double Energy","Static Discharge+1","Static Discharge+1","Beam Cell"],"relics":["Cracked Core","NeowsBlessing","MealTicket","Happy Flower","Cursed Key","Bag of Marbles","FossilizedHelix","The Courier","Empty Cage"],"acts_visited":["Exordium","TheCity","TheBeyond"],"potions_floor_usage":[],"damage_taken":[{"damage":0.0,"enemies":"Small Slimes","floor":1.0,"turns":1.0},{"damage":0.0,"enemies":"Cultist","floor":2.0,"turns":1.0},{"damage":0.0,"enemies":"Jaw Worm","floor":5.0,"turns":1.0},{"damage":27.0,"enemies":"Lagavulin","floor":7.0,"turns":9.0},{"damage":21,"enemies":"Exordium Thugs","floor":11,"turns":3},{"damage":2,"enemies":"Red Slaver","floor":14,"turns":3},{"damage":16,"enemies":"Slime Boss","floor":16,"turns":8},{"damage":17,"enemies":"Shell Parasite","floor":18,"turns":4},{"damage":21,"enemies":"2 Thieves","floor":21,"turns":4},{"damage":14,"enemies":"Snake Plant","floor":22,"turns":4},{"damage":17,"enemies":"Cultist and Chosen","floor":24,"turns":4},{"damage":18,"enemies":"Centurion and Healer","floor":28,"turns":7},{"damage":27,"enemies":"Colosseum Slavers","floor":31,"turns":3},{"damage":13,"enemies":"Colosseum Nobs","floor":31,"turns":3},{"damage":25,"enemies":"Champ","floor":33,"turns":9},{"damage":22,"enemies":"3 Darklings","floor":35,"turns":5},{"damage":28,"enemies":"3 Shapes","floor":37,"turns":4},{"damage":26,"enemies":"Spire Growth","floor":39,"turns":4},{"damage":39,"enemies":"Reptomancer","floor":41,"turns":3}],"seed_played":"-4193801682725031464","potions_obtained":[{"floor":1.0,"key":"Regen Potion"},{"floor":2.0,"key":"Weak Potion"},{"floor":7.0,"key":"DuplicationPotion"},{"floor":31,"key":"DistilledChaos"}],"is_trial":false,"path_per_floor":["M","M","?","?","M","R","E","R","T","$","M","R","$","M","R","B",null,"M","?","$","M","M","R","M","R","T","R","M","R","$","?","R","B",null,"M","?","M","$","M","R","E"],"character_chosen":"DEFECT","items_purchased":["Double Energy","expansioncontent:StudyTheSpire"],"campfire_rested":4,"item_purchase_floors":[20,30],"current_hp_per_floor":[75,75,75,75,75,75,48,48,48,63,42,42,57,55,55,39,75,58,58,73,52,38,38,21,43,43,43,25,47,62,22,44,19,75,53,53,25,40,14,36,0,0],"gold":302,"neow_bonus":"THREE_ENEMY_KILL","is_daily":false,"chose_seed":false,"campfire_upgraded":6,"win_rate":0.0,"timestamp":1607855337,"path_taken":["M","M","?","?","M","R","E","R","T","$","M","R","$","?","R","BOSS","M","?","?","?","?","R","M","R","T","R","M","R","?","?","R","BOSS","M","?","?","$","M","R","E"],"items_purchased_type":["Card","Card"],"build_version":"2020-11-30","purchased_purges":2,"victory":false,"max_hp_per_floor":[75,75,75,75,75,75,75,75,75,75,75,75,75,75,75,75,75,75,75,75,75,75,75,75,75,75,75,75,75,75,75,75,75,75,75,75,75,75,75,75,75,75],"card_choices":[{"not_picked":["Lockon","Compile Driver","Gash"],"picked":"SKIP","floor":1.0},{"not_picked":["FTL","Gash"],"picked":"Go for the Eyes","floor":2.0},{"not_picked":["BootSequence","Compile Driver"],"picked":"Coolheaded","floor":5.0},{"not_picked":["Hologram","Turbo"],"picked":"Rainbow","floor":7.0},{"not_picked":["Redo","Cold Snap"],"picked":"Ball Lightning","floor":11},{"not_picked":["Cold Snap","Sweeping Beam"],"picked":"Chaos","floor":14},{"not_picked":["Echo Form","Meteor Strike"],"picked":"Thunder Strike","floor":16},{"not_picked":["Loop","Heatsinks"],"picked":"Leap+1","floor":18},{"not_picked":["Barrage","Turbo","Compile Driver"],"picked":"SKIP","floor":21},{"not_picked":["Glacier+1","Loop"],"picked":"Static Discharge","floor":22},{"not_picked":["Gash","Hologram+1"],"picked":"Static Discharge+1","floor":24},{"not_picked":["Compile Driver","Turbo"],"picked":"Beam Cell","floor":28},{"not_picked":["Steam+1","Rip and Tear","Conserve Battery"],"picked":"SKIP","floor":35},{"not_picked":["Loop","Gash","Steam+1"],"picked":"SKIP","floor":37},{"not_picked":["Stack","Gash+1","Heatsinks+1"],"picked":"SKIP","floor":39}],"player_experience":1442783,"relics_obtained":[{"floor":7.0,"key":"MealTicket"},{"floor":9.0,"key":"Happy Flower"},{"floor":26,"key":"Bag of Marbles"},{"floor":31,"key":"FossilizedHelix"},{"floor":31,"key":"The Courier"}],"event_choices":[{"damage_healed":0.0,"max_hp_gain":0.0,"max_hp_loss":0.0,"gold_gain":0.0,"event_name":"Living Wall","player_choice":"Grow","floor":3.0,"gold_loss":0.0,"damage_taken":0.0,"cards_upgraded":["Zap"]},{"cards_removed":["Strike_B"],"damage_healed":0.0,"max_hp_gain":0.0,"max_hp_loss":0.0,"gold_gain":0.0,"event_name":"Bonfire Elementals","player_choice":"Offered Basic","floor":4.0,"gold_loss":0.0,"damage_taken":0.0},{"damage_healed":0,"gold_gain":0,"cards_transformed":["Strike_B"],"player_choice":"Transformed","damage_taken":0,"max_hp_gain":0,"max_hp_loss":0,"event_name":"Transmorgrifier","floor":19,"gold_loss":0,"cards_obtained":["Streamline"]},{"damage_healed":0,"gold_gain":0,"player_choice":"Fight","damage_taken":0,"max_hp_gain":0,"max_hp_loss":0,"event_name":"Colosseum","floor":31,"gold_loss":0},{"damage_healed":0,"gold_gain":0,"player_choice":"Fought Nobs","damage_taken":0,"max_hp_gain":0,"max_hp_loss":0,"event_name":"Colosseum","floor":31,"gold_loss":0},{"damage_healed":0,"gold_gain":0,"player_choice":"Ignored","damage_taken":0,"max_hp_gain":0,"max_hp_loss":0,"event_name":"SecretPortal","floor":36,"gold_loss":0}],"is_beta":false,"boss_relics":[{"not_picked":["Coffee Dripper","Runic Dome"],"picked":"Cursed Key"},{"not_picked":["Velvet Choker","Snecko Eye"],"picked":"Empty Cage"}],"items_purged_floors":[10,38],"is_endless":false,"potions_floor_spawned":[1,2,7,18,31,31,39],"killed_by":"Reptomancer","ascension_level":2}}