{"host":"63rwe7p34ct1i0qu","time":1607873670,"event":{"mods":["BaseMod","DeckTracker","Minty Spire (QoL Compilation)","Permanent Neow","Quick Restart","StSLib"],"gold_per_floor":[109,109,126,91,91,126,54,54,103,135,164,176,29,41,41,145,145,163,95,111,36,36,36],"floor_reached":22,"playtime":939,"items_purged":[],"score":239,"play_id":"00edc61e-445c-4dca-8d77-38fd3cc8e829","local_time":"20201214003430","is_ascension_mode":true,"campfire_choices":[{"data":"Auto Shields","floor":8,"key":"SMITH"},{"data":"Doom and Gloom","floor":12,"key":"SMITH"},{"floor":15,"key":"REST"}],"circlet_count":0,"master_deck":["Strike_B","Strike_B","Defend_B","Defend_B","Defend_B","Defend_B","Zap","Dualcast","Auto Shields+1","Coolheaded","Doom and Gloom+1","Static Discharge+1","Echo Form+1","Consume","Biased Cognition+1","Double Energy","Heatsinks+1"],"relics":["Snecko Eye","Frozen Egg 2","MawBank","Inserter"],"acts_visited":["Exordium","TheCity"],"potions_floor_usage":[6,14],"damage_taken":[{"damage":18,"enemies":"Jaw Worm","floor":1,"turns":4},{"damage":4,"enemies":"Cultist","floor":3,"turns":5},{"damage":13,"enemies":"3 Sentries","floor":6,"turns":5},{"damage":0,"enemies":"Small Slimes","floor":10,"turns":2},{"damage":0,"enemies":"Looter","floor":11,"turns":4},{"damage":9,"enemies":"3 Louse","floor":14,"turns":2},{"damage":37,"enemies":"The Guardian","floor":16,"turns":10},{"damage":16,"enemies":"Shell Parasite","floor":18,"turns":7},{"damage":18,"enemies":"Chosen","floor":20,"turns":5},{"damage":13,"enemies":"Snecko","floor":22,"turns":4}],"seed_played":"-2119295183325866924","potions_obtained":[{"floor":1,"key":"ColorlessPotion"},{"floor":6,"key":"PowerPotion"}],"is_trial":false,"path_per_floor":["M","?","M","$","?","E","$","R","T","M","M","R","$","M","R","B",null,"M","$","M","?","M"],"character_chosen":"DEFECT","items_purchased":["Doom and Gloom","Static Discharge+1","Echo Form+1","Heatsinks+1"],"campfire_rested":1,"item_purchase_floors":[4,7,13,19],"current_hp_per_floor":[50,50,46,46,46,33,33,33,33,33,33,33,33,24,46,9,59,43,43,25,25,12,12],"gold":36,"neow_bonus":"BOSS_RELIC","is_daily":false,"chose_seed":false,"campfire_upgraded":2,"win_rate":0.0,"timestamp":1607873670,"path_taken":["M","?","M","$","?","E","$","R","T","M","M","R","?","M","R","BOSS","M","$","M","?","M"],"items_purchased_type":["Card","Card","Card","Card"],"build_version":"2020-11-30","purchased_purges":0,"victory":false,"max_hp_per_floor":[75,75,75,75,75,75,75,75,75,75,75,75,75,75,75,75,75,75,75,75,75,75,75],"card_choices":[{"not_picked":["FTL","Melter","Steam Power"],"picked":"SKIP","floor":1},{"not_picked":["Steam Power","Tempest"],"picked":"Coolheaded","floor":3},{"not_picked":["Glacier","Leap","Barrage"],"picked":"SKIP","floor":6},{"not_picked":["Undo","Beam Cell","Cold Snap"],"picked":"SKIP","floor":10},{"not_picked":["Go for the Eyes","Beam Cell","Ball Lightning"],"picked":"SKIP","floor":11},{"not_picked":["Compile Driver","Redo"],"picked":"Consume","floor":14},{"not_picked":["Buffer+1","Meteor Strike"],"picked":"Biased Cognition+1","floor":16},{"not_picked":["Steam+1","Scrape"],"picked":"Double Energy","floor":18},{"not_picked":["Beam Cell","Redo","Gash+1"],"picked":"SKIP","floor":20}],"player_experience":749016,"relics_obtained":[{"floor":6,"key":"Frozen Egg 2"},{"floor":9,"key":"MawBank"}],"event_choices":[{"damage_healed":0,"gold_gain":0,"cards_transformed":["Strike_B"],"player_choice":"Transformed","damage_taken":0,"max_hp_gain":0,"max_hp_loss":0,"event_name":"Transmorgrifier","floor":2,"gold_loss":0,"cards_obtained":["Auto Shields"]},{"damage_healed":0,"gold_gain":0,"player_choice":"Ignored","damage_taken":0,"max_hp_gain":0,"max_hp_loss":0,"event_name":"Golden Idol","floor":5,"gold_loss":0},{"cards_removed":["Strike_B"],"damage_healed":0,"gold_gain":0,"player_choice":"Gave Gold","damage_taken":0,"max_hp_gain":0,"max_hp_loss":0,"event_name":"Beggar","floor":21,"gold_loss":75}],"is_beta":false,"boss_relics":[{"not_picked":["Calling Bell","Fusion Hammer"],"picked":"Inserter"}],"items_purged_floors":[],"is_endless":false,"potions_floor_spawned":[1,6],"killed_by":"Snecko","ascension_level":6}}