{"host":"utqe55yv0jihe4d6","time":1607835335,"event":{"mods":["2.2 Compatiblity","AchievementEnabler","BaseMod","Block Reminder","Colored Map","Colored Powertips","Minty Spire (QoL Compilation)","Quick Restart","Rare Cards Sparkle","Relic Stats","SuperFastMode"],"gold_per_floor":[12,30,45,56,56,88,88,101,151,163,177,177,177,198,198,297,297,310,9,25,40,64,64,97,111,111,111,134,168,83,117,117,117,117],"floor_reached":33,"playtime":1012,"items_purged":[],"score":676,"play_id":"8cbde65c-15e0-4657-910f-792f445958dc","local_time":"20201212235535","is_ascension_mode":true,"campfire_choices":[{"data":"Clothesline","floor":7.0,"key":"SMITH"},{"data":"Inflame","floor":12.0,"key":"SMITH"},{"data":"Blood for Blood","floor":15.0,"key":"SMITH"},{"floor":23,"key":"REST"},{"floor":32,"key":"REST"}],"circlet_count":0,"master_deck":["AscendersBane","Strike_R","Defend_R","Defend_R","Defend_R","Defend_R","Bash","Thunderclap","Clothesline+1","Anger","Anger","Headbutt","Feel No Pain","Inflame+1","Shrug It Off","Metallicize","Blood for Blood+1","Corruption","Body Slam+1","Clothesline+1","Metallicize+1","Whirlwind+1","Metallicize","Shrug It Off","Entrench","Flex+1","Feel No Pain"],"relics":["Burning Blood","Ginger","Lantern","Omamori","Golden Idol","Astrolabe","Letter Opener","Pantograph","Ornamental Fan","WarpedTongs","Ancient Tea Set","Gambling Chip","Potion Belt"],"acts_visited":["Exordium","TheCity"],"potions_floor_usage":[24,29,31,31],"damage_taken":[{"damage":2.0,"enemies":"Cultist","floor":1.0,"turns":4.0},{"damage":8.0,"enemies":"Small Slimes","floor":2.0,"turns":3.0},{"damage":9.0,"enemies":"2 Louse","floor":3.0,"turns":2.0},{"damage":21.0,"enemies":"Exordium Wildlife","floor":4.0,"turns":6.0},{"damage":30.0,"enemies":"Gremlin Nob","floor":6.0,"turns":4.0},{"damage":7.0,"enemies":"Gremlin Gang","floor":8.0,"turns":3.0},{"damage":11.0,"enemies":"3 Louse","floor":10.0,"turns":3.0},{"damage":0.0,"enemies":"2 Fungi Beasts","floor":11.0,"turns":2.0},{"damage":0.0,"enemies":"Looter","floor":14.0,"turns":3.0},{"damage":33.0,"enemies":"The Guardian","floor":16.0,"turns":12.0},{"damage":12.0,"enemies":"3 Byrds","floor":18.0,"turns":5.0},{"damage":1.0,"enemies":"Spheric Guardian","floor":20.0,"turns":6.0},{"damage":20.0,"enemies":"Snecko","floor":21.0,"turns":6.0},{"damage":29,"enemies":"Sentry and Sphere","floor":22,"turns":7},{"damage":0,"enemies":"Slavers","floor":24,"turns":1},{"damage":30,"enemies":"Snake Plant","floor":25,"turns":6},{"damage":11,"enemies":"Cultist and Chosen","floor":28,"turns":7},{"damage":3,"enemies":"Gremlin Leader","floor":29,"turns":7},{"damage":12,"enemies":"Slavers","floor":31,"turns":6},{"damage":77,"enemies":"Champ","floor":33,"turns":14}],"seed_played":"553340688032992804","potions_obtained":[{"floor":3.0,"key":"DistilledChaos"},{"floor":4.0,"key":"EssenceOfSteel"},{"floor":11.0,"key":"SkillPotion"},{"floor":14.0,"key":"DuplicationPotion"},{"floor":28,"key":"Energy Potion"},{"floor":29,"key":"LiquidMemories"},{"floor":31,"key":"Weak Potion"}],"is_trial":false,"path_per_floor":["M","M","M","M","?","E","R","M","T","M","M","R","?","M","R","B",null,"M","$","M","M","M","R","E","M","T","?","M","E","?","E","R","B"],"character_chosen":"IRONCLAD","items_purchased":["Letter Opener","Metallicize"],"campfire_rested":2,"item_purchase_floors":[19,19],"current_hp_per_floor":[72,70,67,52,52,28,28,27,27,22,28,28,28,34,34,7,58,52,52,57,43,20,42,48,24,24,24,19,22,22,16,38,0,0],"gold":117,"neow_bonus":"ONE_RARE_RELIC","is_daily":false,"chose_seed":false,"campfire_upgraded":3,"win_rate":0.0,"timestamp":1607835335,"path_taken":["M","M","?","M","?","E","R","M","T","M","?","R","?","M","R","BOSS","M","$","M","M","M","R","E","M","T","?","?","E","?","E","R","BOSS"],"items_purchased_type":["Relic","Card"],"build_version":"2020-11-30","purchased_purges":0,"victory":false,"max_hp_per_floor":[75,75,75,75,75,75,75,75,75,75,75,75,75,75,75,75,75,75,75,75,75,75,75,75,75,75,75,75,75,75,75,75,75,75],"relic_stats":{"counters":[20,107],"Golden Idol":67,"Ornamental Fan":[40],"Astrolabe":["Body Slam","Clothesline","Metallicize"],"Pantograph":25,"Gambling Chip":[6],"Ginger":[22],"Letter Opener":[30],"obtain_stats":[{"Potion Belt":31,"Lantern":6,"Golden Idol":13,"Astrolabe":17,"Omamori":9,"Ginger":0,"Letter Opener":19,"Ancient Tea Set":29,"Burning Blood":0,"WarpedTongs":27,"Ornamental Fan":26,"Pantograph":24,"Gambling Chip":30},{"Potion Belt":19,"Lantern":5,"Golden Idol":8,"Astrolabe":10,"Omamori":6,"Ginger":0,"Letter Opener":11,"Ancient Tea Set":18,"Burning Blood":0,"WarpedTongs":16,"Ornamental Fan":16,"Pantograph":15,"Gambling Chip":18},{"Potion Belt":93,"Lantern":19,"Golden Idol":27,"Astrolabe":42,"Omamori":22,"Ginger":0,"Letter Opener":47,"Ancient Tea Set":87,"Burning Blood":0,"WarpedTongs":73,"Ornamental Fan":73,"Pantograph":67,"Gambling Chip":87}],"Burning Blood":114,"WarpedTongs":[34]},"card_choices":[{"not_picked":["Shrug It Off","Power Through"],"picked":"Thunderclap","floor":1.0},{"not_picked":["Battle Trance","Heavy Blade"],"picked":"Clothesline","floor":2.0},{"not_picked":["Clothesline","Bloodletting"],"picked":"Anger","floor":3.0},{"not_picked":["Perfected Strike","Flex"],"picked":"Anger","floor":4.0},{"not_picked":["Limit Break","Intimidate"],"picked":"Feel No Pain","floor":6.0},{"not_picked":["Battle Trance","Cleave"],"picked":"Inflame","floor":8.0},{"not_picked":["Perfected Strike","Thunderclap"],"picked":"Shrug It Off","floor":10.0},{"not_picked":["Bloodletting","Body Slam"],"picked":"Metallicize","floor":11.0},{"not_picked":["Havoc","Flex"],"picked":"Blood for Blood","floor":14.0},{"not_picked":["Barricade","Double Tap"],"picked":"Corruption","floor":16.0},{"not_picked":["Headbutt","Twin Strike"],"picked":"Whirlwind+1","floor":18.0},{"not_picked":["Armaments","Clothesline+1","Headbutt"],"picked":"SKIP","floor":20.0},{"not_picked":["Carnage","Sever Soul","Body Slam"],"picked":"SKIP","floor":21.0},{"not_picked":["Body Slam+1","Thunderclap"],"picked":"Shrug It Off","floor":22},{"not_picked":["Iron Wave+1","Warcry"],"picked":"Entrench","floor":24},{"not_picked":["Dropkick","True Grit"],"picked":"Flex+1","floor":25},{"not_picked":["Pommel Strike","Havoc","Armaments"],"picked":"SKIP","floor":28},{"not_picked":["Clothesline","Body Slam","Reckless Charge"],"picked":"SKIP","floor":29},{"not_picked":["Anger","Ghostly Armor"],"picked":"Feel No Pain","floor":31}],"player_experience":2746291,"relics_obtained":[{"floor":6.0,"key":"Lantern"},{"floor":9.0,"key":"Omamori"},{"floor":24,"key":"Pantograph"},{"floor":26,"key":"Ornamental Fan"},{"floor":29,"key":"Ancient Tea Set"},{"floor":31,"key":"Potion Belt"}],"event_choices":[{"damage_healed":0.0,"max_hp_gain":0.0,"max_hp_loss":0.0,"gold_gain":0.0,"cards_transformed":["Strike_R"],"event_name":"Transmorgrifier","player_choice":"Transformed","floor":5.0,"gold_loss":0.0,"damage_taken":0.0,"cards_obtained":["Headbutt"]},{"damage_healed":0.0,"max_hp_gain":0.0,"max_hp_loss":0.0,"gold_gain":0.0,"event_name":"Golden Idol","player_choice":"Take Wound","floor":13.0,"gold_loss":0.0,"damage_taken":0.0,"relics_obtained":["Golden Idol"],"cards_obtained":["Injury"]},{"damage_healed":0,"gold_gain":0,"player_choice":"Rummage","damage_taken":0,"relics_obtained":["WarpedTongs"],"max_hp_gain":0,"max_hp_loss":0,"event_name":"Accursed Blacksmith","floor":27,"gold_loss":0,"cards_obtained":["Pain"]},{"damage_healed":0,"gold_gain":0,"player_choice":"Obtained Relic","damage_taken":0,"relics_obtained":["Gambling Chip"],"max_hp_gain":0,"max_hp_loss":0,"event_name":"Addict","floor":30,"gold_loss":85}],"is_beta":false,"boss_relics":[{"not_picked":["Tiny House","Fusion Hammer"],"picked":"Astrolabe"}],"items_purged_floors":[],"is_endless":false,"potions_floor_spawned":[3,4,11,14,16,18,20,28,29,31],"killed_by":"Champ","ascension_level":20}}