{"host":"7w1f7px7r26mario","time":1607835586,"event":{"mods":["Act Like it!","BaseMod","Conspire","Gensokyo","Lobotomy","LobotomyExtend","Minty Spire (QoL Compilation)","Quick Restart","Relic Stats","Replay The Spire","StSLib","TestMod","The Bug Knight","The Hierophant","The Jungle","[IsaacMod]ÒÔÈö¼âËþ","vexMod"],"gold_per_floor":[127,73,93,117,171,214,241,241,265,265,311,311,352,375,375,491,491,514,570,570],"floor_reached":19,"playtime":865,"items_purged":[],"score":359,"play_id":"a1c437ff-d040-4ea4-a4f8-75f77f0b0170","local_time":"20201213125946","is_ascension_mode":true,"campfire_choices":[{"data":"Accuracy","floor":12,"key":"SMITH"},{"data":"Blade Dance","floor":15,"key":"SMITH"}],"circlet_count":0,"master_deck":["Strike_G","Strike_G","Strike_G","Strike_G","Defend_G","Defend_G","Defend_G","Survivor","Neutralize","Blade Dance+1","Accuracy+1","Leg Sweep+1","Escape Plan","Hidden Blade","Prepared","Burst+1","Parasite"],"relics":["testmod-TestBox","HushsDoor","testmod-DeterminationOfClimber","SalivaCoin","testmod-Temperance","LetterFromLob","Replay:Rubber Ducky","vexMod:MemoryStick","Tiny Chest","Toy Ornithopter","Centennial Puzzle","ReplayTheSpireMod:DimensionalGlitch","ShedSkin_r"],"acts_visited":["Exordium","TheCity"],"potions_floor_usage":[],"damage_taken":[{"damage":11,"enemies":"2 Louse","floor":1,"turns":3},{"damage":0,"enemies":"Jaw Worm","floor":3,"turns":2},{"damage":0,"enemies":"Cultist","floor":4,"turns":3},{"damage":4,"enemies":"3 Sentries","floor":6,"turns":6},{"damage":7,"enemies":"Exordium Wildlife","floor":7,"turns":2},{"damage":3,"enemies":"Lagavulin","floor":11,"turns":6},{"damage":0,"enemies":"HollowMod:MossKnight","floor":13,"turns":2},{"damage":0,"enemies":"Red Slaver","floor":14,"turns":1},{"damage":0,"enemies":"Slime Boss","floor":16,"turns":1},{"damage":0,"enemies":"Shell Parasite","floor":18,"turns":1}],"seed_played":"2505040014121635020","potions_obtained":[{"floor":4,"key":"Block Potion"},{"floor":6,"key":"SpeedPotion"},{"floor":7,"key":"DistilledChaos"},{"floor":14,"key":"BlessingOfTheForge"}],"is_trial":false,"path_per_floor":["M","?","M","M","?","E","M","?","T","?","E","R","E","M","R","B",null,"M","?"],"character_chosen":"THE_SILENT","items_purchased":[],"campfire_rested":0,"item_purchase_floors":[],"current_hp_per_floor":[60,60,64,68,53,58,54,54,54,54,59,59,70,70,70,70,70,70,0,0],"gold":570,"neow_bonus":"BOSS_RELIC","is_daily":false,"chose_seed":false,"campfire_upgraded":2,"win_rate":0.0,"timestamp":1607835586,"path_taken":["M","?","M","M","?","E","M","?","T","?","E","R","E","?","R","BOSS","M","?"],"items_purchased_type":[],"build_version":"2020-11-30","purchased_purges":0,"victory":false,"max_hp_per_floor":[70,70,70,70,70,70,70,70,70,70,70,70,70,70,70,70,70,70,67,67],"relic_stats":{"Centennial Puzzle":[0],"counters":[10,27],"Tiny Chest":0,"obtain_stats":[{"KeepersGift":0,"vexMod:MemoryStick":6,"testmod-TestBox":0,"testmod-Temperance":0,"Replay:Rubber Ducky":2,"Centennial Puzzle":13,"Tiny Chest":9,"testmod-DeterminationOfClimber":0,"SalivaCoin":0,"LetterFromLob":1,"HushsDoor":0,"ReplayTheSpireMod:DimensionalGlitch":17,"Toy Ornithopter":11,"ShedSkin_r":19,"Ring of the Snake":0},{"KeepersGift":0,"vexMod:MemoryStick":4,"testmod-TestBox":0,"testmod-Temperance":0,"Replay:Rubber Ducky":1,"Centennial Puzzle":7,"Tiny Chest":5,"testmod-DeterminationOfClimber":0,"SalivaCoin":0,"LetterFromLob":1,"HushsDoor":0,"ReplayTheSpireMod:DimensionalGlitch":9,"Toy Ornithopter":6,"ShedSkin_r":10,"Ring of the Snake":0},{"KeepersGift":0,"vexMod:MemoryStick":14,"testmod-TestBox":0,"testmod-Temperance":0,"Replay:Rubber Ducky":3,"Centennial Puzzle":24,"Tiny Chest":16,"testmod-DeterminationOfClimber":0,"SalivaCoin":0,"LetterFromLob":3,"HushsDoor":0,"ReplayTheSpireMod:DimensionalGlitch":26,"Toy Ornithopter":22,"ShedSkin_r":27,"Ring of the Snake":0}],"Toy Ornithopter":0},"card_choices":[{"not_picked":["Sucker Punch","Bomb"],"picked":"Blade Dance","floor":1},{"not_picked":["Poisoned Stab","Underhanded Strike","Bomb"],"picked":"SKIP","floor":3},{"not_picked":["Poisoned Stab","Crippling Poison"],"picked":"Accuracy","floor":4},{"not_picked":["Bomb","Dodge and Roll","Dagger Throw"],"picked":"SKIP","floor":6},{"not_picked":["Dash","Flying Knee"],"picked":"Prepared","floor":7},{"not_picked":["Noxious Fumes","Flechettes"],"picked":"Escape Plan","floor":11},{"not_picked":["Corpse Explosion","Sucker Punch"],"picked":"Hidden Blade","floor":13},{"not_picked":["Flechettes","Acrobatics"],"picked":"Prepared","floor":14},{"not_picked":["Grand Finale","Phantasmal Killer"],"picked":"Burst","floor":16},{"not_picked":["Fluid Movement+1","Sucker Punch","Underhanded Strike"],"picked":"SKIP","floor":18}],"player_experience":202711,"relics_obtained":[{"floor":1,"key":"LetterFromLob"},{"floor":6,"key":"vexMod:MemoryStick"},{"floor":9,"key":"Tiny Chest"},{"floor":11,"key":"Toy Ornithopter"},{"floor":13,"key":"Centennial Puzzle"}],"event_choices":[{"damage_healed":0,"gold_gain":0,"player_choice":"Paid Gold","damage_taken":0,"relics_obtained":["Replay:Rubber Ducky"],"max_hp_gain":0,"max_hp_loss":0,"event_name":"WeMeetAgain","floor":2,"gold_loss":54},{"damage_healed":0,"gold_gain":0,"player_choice":"Fight","damage_taken":0,"max_hp_gain":0,"max_hp_loss":0,"event_name":"HidenRoomEvent","floor":19,"gold_loss":0}],"is_beta":false,"boss_relics":[{"not_picked":["testmod-StringDisintegrator","Honey Jar"],"picked":"ReplayTheSpireMod:DimensionalGlitch"},{"not_picked":[]}],"items_purged_floors":[],"is_endless":false,"potions_floor_spawned":[4,6,7,14],"ascension_level":5}}