{"host":"l7l2v2zs4hqku4vk","time":1607859387,"event":{"mods":["Act Like it!","BaseMod","Colored Powertips","Highlight Path","Minty Spire (QoL Compilation)","Replay The Spire","RumiaBox-露米娅的神秘盒子","StSLib","TestMod","The Servant 0.9.4","篝火指南"],"gold_per_floor":[111,111,24,36,54,86,86,114,114,114,147,147,147,147],"floor_reached":13,"playtime":498,"items_purged":[],"score":202,"play_id":"7986f1ba-8b12-41de-90a3-48da7aa19619","local_time":"20201213193627","is_ascension_mode":true,"campfire_choices":[{"floor":7,"key":"REST"},{"data":"Toxin Wave","floor":10,"key":"SMITH"}],"circlet_count":0,"master_deck":["AscendersBane","Strike_G","Strike_G","Strike_G","Strike_G","Defend_G","Defend_G","Defend_G","Defend_G","Defend_G","Survivor","Neutralize","Deadly Poison+1","Toxin Wave+1","Acrobatics","ReplayTheSpireMod:The Works","Hidden Blade"],"relics":["Ring of the Snake","testmod-TestBox","testmod-HeartOfDaVinci","Counterbalance","testmod-CrystalShield","GodSword7","Letter Opener","Replay:Accelerometer"],"acts_visited":["Exordium"],"potions_floor_usage":[8,11],"damage_taken":[{"damage":1,"enemies":"2 Louse","floor":1,"turns":3},{"damage":0,"enemies":"Cultist","floor":4,"turns":4},{"damage":7,"enemies":"Small Slimes","floor":5,"turns":3},{"damage":23,"enemies":"Replay:BlueRogue","floor":6,"turns":7},{"damage":22,"enemies":"Lagavulin","floor":8,"turns":6},{"damage":25,"enemies":"Gremlin Nob","floor":11,"turns":4},{"damage":17,"enemies":"Lagavulin","floor":13,"turns":3}],"seed_played":"7969854747484647351","potions_obtained":[{"floor":1,"key":"Weak Potion"},{"floor":8,"key":"CultistPotion"}],"is_trial":false,"path_per_floor":["M","?","$","M","M","E","R","E","T","R","E","?","E"],"character_chosen":"THE_SILENT","items_purchased":["Toxin Wave"],"campfire_rested":1,"item_purchase_floors":[3],"current_hp_per_floor":[58,58,58,58,51,28,46,24,24,24,24,17,0,0],"gold":147,"neow_bonus":"ONE_RARE_RELIC","is_daily":false,"chose_seed":false,"campfire_upgraded":1,"win_rate":0.0,"timestamp":1607859387,"path_taken":["M","?","?","M","M","E","R","E","T","R","E","?","E"],"items_purchased_type":["Card"],"build_version":"2020-11-30","purchased_purges":0,"victory":false,"max_hp_per_floor":[60,60,60,60,60,60,60,60,60,60,60,60,60,60],"card_choices":[{"not_picked":["Draining Mist","Quick Slash"],"picked":"Deadly Poison","floor":1},{"not_picked":["Slice","Dagger Throw"],"picked":"Acrobatics","floor":4},{"not_picked":["Slice","Cloak And Dagger","Toxin Wave"],"picked":"SKIP","floor":5},{"not_picked":["ReplayTheSpireMod:Shiv Toss","Dash"],"picked":"ReplayTheSpireMod:The Works","floor":6},{"not_picked":["Noxious Fumes","PiercingWail","Storm of Steel"],"picked":"SKIP","floor":8},{"not_picked":["ReplayTheSpireMod:Speed Training","ReplayTheSpireMod:The Works"],"picked":"Hidden Blade","floor":11}],"player_experience":1640785,"relics_obtained":[{"floor":6,"key":"testmod-CrystalShield"},{"floor":8,"key":"GodSword7"},{"floor":9,"key":"Letter Opener"},{"floor":11,"key":"Replay:Accelerometer"}],"event_choices":[{"damage_healed":0,"gold_gain":0,"player_choice":"Upgraded","damage_taken":0,"max_hp_gain":0,"max_hp_loss":0,"event_name":"Upgrade Shrine","floor":2,"gold_loss":0,"cards_upgraded":["Deadly Poison"]},{"cards_removed":["Strike_G"],"damage_healed":0,"gold_gain":0,"player_choice":"Card Removal","damage_taken":7,"max_hp_gain":0,"max_hp_loss":0,"event_name":"Golden Wing","floor":12,"gold_loss":0}],"is_beta":false,"boss_relics":[],"items_purged_floors":[],"is_endless":false,"potions_floor_spawned":[1,8],"killed_by":"Lagavulin","ascension_level":20}}