{"host":"m1ntkrf87179kmo6","time":1607869144,"event":{"mods":["BaseMod","Better Third Choice","Minty Spire (QoL Compilation)","Shade Mod","StSLib"],"gold_per_floor":[215,230,250,264,276,276,83,113,113,113,113,131,131,15,15,115,115,135,147,147,166,179,179,195,195,195,205,281,281,298,223,223,223,223],"floor_reached":33,"playtime":2464,"items_purged":[],"score":251,"play_id":"fe75f117-c846-4b28-b0f6-9a2ebb7cc8cf","local_time":"20201213091904","is_ascension_mode":false,"campfire_choices":[{"floor":6,"key":"RECALL"},{"floor":10,"key":"REST"},{"floor":13,"key":"REST"},{"data":"Shade:ExtraLimbs","floor":15,"key":"SMITH"},{"floor":23,"key":"REST"},{"floor":25,"key":"REST"},{"floor":29,"key":"REST"},{"floor":32,"key":"REST"}],"circlet_count":0,"master_deck":["Shade:Strike_Shade","Shade:Strike_Shade+1","Shade:Strike_Shade","Shade:Strike_Shade","Shade:Defend_Shade","Shade:Defend_Shade","Shade:Defend_Shade","Shade:Defend_Shade","Shade:AnimateDead","Shade:CarefulCut","Shade:ExtraLimbs+1","Shade:ExtraLimbs+1","Shade:GreyBargain","Shade:ClawBack","Shade:AncientSpear","Shade:OpenGraves","Shade:Putrefaction","Shade:AnimateDead","Shade:FuneraryArmor","Shade:Bite_Shade+1"],"relics":["Shade:YorickSkull","ClockworkSouvenir","Tiny Chest","Gremlin Horn","Sundial"],"acts_visited":["Exordium","TheCity"],"potions_floor_usage":[8,21,21,27,30,33,33],"damage_taken":[{"damage":0,"enemies":"Jaw Worm","floor":1,"turns":3},{"damage":0,"enemies":"Cultist","floor":2,"turns":3},{"damage":0,"enemies":"2 Louse","floor":3,"turns":3},{"damage":1,"enemies":"2 Fungi Beasts","floor":4,"turns":4},{"damage":5,"enemies":"3 Louse","floor":5,"turns":3},{"damage":23,"enemies":"Lagavulin","floor":8,"turns":5},{"damage":0,"enemies":"Looter","floor":12,"turns":2},{"damage":2,"enemies":"Slime Boss","floor":16,"turns":8},{"damage":25,"enemies":"Shell Parasite","floor":18,"turns":5},{"damage":24,"enemies":"2 Thieves","floor":19,"turns":4},{"damage":15,"enemies":"Shelled Parasite and Fungi","floor":21,"turns":7},{"damage":12,"enemies":"Centurion and Healer","floor":22,"turns":6},{"damage":22,"enemies":"Sentry and Sphere","floor":24,"turns":6},{"damage":27,"enemies":"Snake Plant","floor":27,"turns":5},{"damage":9,"enemies":"Centurion and Healer","floor":30,"turns":8},{"damage":64,"enemies":"Collector","floor":33,"turns":8}],"seed_played":"-4237875707386253103","potions_obtained":[{"floor":3,"key":"CultistPotion"},{"floor":5,"key":"FairyPotion"},{"floor":12,"key":"Regen Potion"},{"floor":16,"key":"Dexterity Potion"},{"floor":22,"key":"EntropicBrew"}],"is_trial":false,"path_per_floor":["M","M","M","M","M","R","$","E","T","R","?","M","R","$","R","B",null,"M","M","?","M","M","R","M","R","T","M","T","R","M","?","R","B"],"character_chosen":"SHADE","items_purchased":["ClockworkSouvenir","Shade:GreyBargain","Shade:AncientSpear","Shade:OpenGraves"],"campfire_rested":6,"item_purchase_floors":[7,7,14,14],"current_hp_per_floor":[65,65,65,64,59,59,59,36,36,55,42,42,61,61,61,59,65,40,16,16,16,4,23,1,20,20,12,12,31,28,28,47,0,0],"gold":223,"neow_bonus":"HUNDRED_GOLD","is_daily":false,"chose_seed":false,"campfire_upgraded":1,"win_rate":0.0,"timestamp":1607869144,"path_taken":["M","M","M","M","M","R","$","E","T","R","?","M","R","$","R","BOSS","M","M","?","M","M","R","?","R","T","M","?","R","M","?","R","BOSS"],"items_purchased_type":["Relic","Card","Card","Card"],"build_version":"2020-11-30","purchased_purges":0,"victory":false,"max_hp_per_floor":[65,65,65,65,65,65,65,65,65,65,65,65,65,65,65,65,65,65,65,65,65,65,65,65,65,65,65,65,65,65,65,65,65,65],"card_choices":[{"not_picked":["Shade:Frenzy","Shade:Trample","Shade:Asphyxiate"],"picked":"SKIP","floor":1},{"not_picked":["Shade:SensePrey","Shade:FingerOfDeath"],"picked":"Shade:ExtraLimbs","floor":2},{"not_picked":["Shade:PoundOfFlesh","Shade:Carnophage","Shade:CommandSoldier"],"picked":"SKIP","floor":3},{"not_picked":["Shade:PressTheAttack","Shade:CommandSoldier","Shade:Frenzy"],"picked":"SKIP","floor":4},{"not_picked":["Shade:PoundOfFlesh","Shade:FeralStrike"],"picked":"Shade:ExtraLimbs","floor":5},{"not_picked":["Shade:Bonestorm","Shade:SkeletonHug"],"picked":"Shade:ClawBack","floor":8},{"not_picked":["Shade:OneIsEnough","Shade:RitualOffering","Shade:Awaken"],"picked":"SKIP","floor":12},{"not_picked":["Shade:OfferingToTheBeyond","Shade:UnbarTheGrave"],"picked":"Shade:Putrefaction","floor":16},{"not_picked":["Shade:LyeBath","Shade:Frenzy","Shade:Bonestorm"],"picked":"SKIP","floor":18},{"not_picked":["Shade:SkeletonHug+1","Shade:Frenzy","Shade:PotionOfRestlessness"],"picked":"SKIP","floor":19},{"not_picked":["Shade:CoffinDance","Shade:FeralStrike","Shade:ExtraLimbs+1"],"picked":"SKIP","floor":21},{"not_picked":["Shade:WallOfFlesh","Shade:CoffinDance"],"picked":"Shade:FuneraryArmor","floor":22},{"not_picked":["Shade:DangerousRitual","Shade:Bonestorm","Shade:SkeletonHug"],"picked":"SKIP","floor":24},{"not_picked":["Shade:Haruspicy","Shade:UnbarTheGrave"],"picked":"Shade:Bite_Shade+1","floor":27},{"not_picked":["Shade:Premonition+1","Shade:WallOfFlesh","Shade:PressTheAttack+1"],"picked":"SKIP","floor":30}],"player_experience":990948,"relics_obtained":[{"floor":8,"key":"Tiny Chest"},{"floor":9,"key":"Gremlin Horn"},{"floor":28,"key":"Sundial"}],"event_choices":[{"damage_healed":55,"gold_gain":0,"player_choice":"Upgrade","damage_taken":13,"max_hp_gain":0,"max_hp_loss":65,"event_name":"betterThird:BetterShining","floor":11,"gold_loss":0,"cards_upgraded":["Shade:ExtraLimbs","Shade:Strike_Shade"]},{"damage_healed":0,"gold_gain":0,"player_choice":"2 cards matched","damage_taken":0,"max_hp_gain":0,"max_hp_loss":0,"event_name":"Match and Keep!","floor":20,"gold_loss":0,"cards_obtained":["Shade:AnimateDead","Shade:GreaterAnimation"]},{"cards_removed":["Shade:GreaterAnimation"],"damage_healed":0,"gold_gain":0,"player_choice":"Gave Gold","damage_taken":0,"max_hp_gain":0,"max_hp_loss":0,"event_name":"Beggar","floor":31,"gold_loss":75}],"is_beta":false,"boss_relics":[{"not_picked":["Astrolabe","Pandora\u0027s Box","Velvet Choker"]}],"items_purged_floors":[],"is_endless":false,"potions_floor_spawned":[3,5,12,16,22,27],"killed_by":"Collector","ascension_level":0}}