{"host":"3j7xx3dgykcuif7u","time":1607839814,"event":{"mods":["2.2 Compatiblity","Bard","BaseMod","Better Note","Better Third Choice","BetterRewards","Colored Map","Colored Powertips","Conspire","Custom Start","Downfall","Faster Ascension Climbing","Friendly Minions","GifTheSpireLib","Gremlin Skip","Hermit","Highlight Path","Hubris","Infinite Spire","Mad Scientist","Marisa????????","Mimic Mod","Minty Spire (QoL Compilation)","Permanent Neow","Quick Restart","RNG Fix","Relic Sorter","Relic Stats","Replay The Spire","Shop Mod","Somnambulant","StSLib","Stuff the Spire","SuperFastMode","The Blue Laboratory","The Construct","The Disciple","The Jungle","The Mystic","The Servant 0.9.4","vexMod"],"gold_per_floor":[114,114,114,65,75,107,107,125,150,150,150,175,175,210,210,302,302,338,376,451,475,475],"floor_reached":21,"playtime":1368,"items_purged":[],"score":372,"play_id":"b7a41e0f-e327-4a70-854f-14e49ad985da","local_time":"20201213001014","is_ascension_mode":true,"campfire_choices":[{"data":"BasicCrystalCard","floor":7.0,"key":"SMITH"},{"floor":11.0,"key":"REST"},{"data":"Fission","floor":15.0,"key":"SMITH"}],"circlet_count":0,"master_deck":["AscendersBane","conspire:GhostlyStrike","conspire:GhostlyStrike","conspire:GhostlyStrike","conspire:GhostlyStrike","conspire:GhostlyDefend","conspire:GhostlyDefend+1","conspire:GhostlyDefend","conspire:GhostlyDefend","Zap+1","Dualcast","expansioncontent:YouAreMine","Streamline+1","Cold Snap","BasicCrystalCard+1","Fission+1","BootSequence","Regret","Doom and Gloom","Rainbow","Ball Lightning","StuffTheSpire:LoadUp"],"relics":["Cracked Core","vexMod:FocusSash","ReplayTheSpireMod:Lightbulb","StuffTheSpire:RedRose","Replay:Bandana","Sozu"],"acts_visited":["Exordium","TheCity"],"potions_floor_usage":[],"damage_taken":[{"damage":9.0,"enemies":"infinitespire:Voidling","floor":1.0,"turns":4.0},{"damage":7.0,"enemies":"Jaw Worm","floor":5.0,"turns":3.0},{"damage":14.0,"enemies":"Replay:BlueRogue","floor":6.0,"turns":7.0},{"damage":2.0,"enemies":"Cultist","floor":8.0,"turns":3.0},{"damage":4.0,"enemies":"3 Sentries","floor":12.0,"turns":8.0},{"damage":13.0,"enemies":"Lagavulin","floor":14.0,"turns":5.0},{"damage":31.0,"enemies":"Hexaghost","floor":16.0,"turns":8.0},{"damage":21.0,"enemies":"3 Byrds","floor":18.0,"turns":3.0},{"damage":17.0,"enemies":"2 Thieves","floor":19.0,"turns":3.0},{"damage":13,"enemies":"Shelled Parasite and Fungi","floor":21,"turns":4}],"seed_played":"-6502986117876700943","potions_obtained":[{"floor":5.0,"key":"blueLaboratory:BiasPotion"},{"floor":6.0,"key":"Weak Potion"}],"is_trial":false,"path_per_floor":["M","?","?","$","M","E","R","M","T","?","R","E","?","E","R","B",null,"M","M","?","M"],"character_chosen":"DEFECT","items_purchased":["Cold Snap"],"campfire_rested":1,"item_purchase_floors":[4],"current_hp_per_floor":[68,68,53,53,46,32,32,30,30,30,52,48,48,35,35,4,57,36,19,12,0,0],"gold":475,"neow_bonus":"RANDOM_COLORLESS","is_daily":false,"chose_seed":false,"campfire_upgraded":2,"win_rate":0.0,"timestamp":1607839814,"path_taken":["M","?","?","?","M","E","R","M","T","?","R","E","?","E","R","BOSS","M","M","?","?"],"items_purchased_type":["Card"],"build_version":"2020-11-30","purchased_purges":0,"victory":false,"max_hp_per_floor":[75,75,75,75,75,75,75,75,75,75,75,75,75,75,75,75,75,75,75,75,75,75],"relic_stats":{"Sozu":1,"counters":[10,48],"obtain_stats":[{"Sozu":17,"Replay:Bandana":14,"vexMod:FocusSash":6,"StuffTheSpire:RedRose":13,"Cracked Core":0,"ReplayTheSpireMod:Lightbulb":12},{"Sozu":7,"Replay:Bandana":6,"vexMod:FocusSash":3,"StuffTheSpire:RedRose":5,"Cracked Core":0,"ReplayTheSpireMod:Lightbulb":5},{"Sozu":38,"Replay:Bandana":30,"vexMod:FocusSash":14,"StuffTheSpire:RedRose":25,"Cracked Core":0,"ReplayTheSpireMod:Lightbulb":25}]},"card_choices":[{"not_picked":["Blind","Madness"],"picked":"expansioncontent:YouAreMine","floor":0.0},{"not_picked":["BasicCrystalCard","Hologram"],"picked":"Streamline","floor":1.0},{"not_picked":["BootSequence","Compile Driver"],"picked":"BasicCrystalCard","floor":5.0},{"not_picked":["Time Bomb","Streamline"],"picked":"Fission","floor":6.0},{"not_picked":["Barrage","Rebound","Time Bomb"],"picked":"SKIP","floor":8.0},{"not_picked":["Beam Cell","Tempest"],"picked":"BootSequence","floor":12.0},{"not_picked":["Conserve Battery","Recycle"],"picked":"Doom and Gloom","floor":14.0},{"not_picked":["Creative AI","StuffTheSpire:EventHorizon"],"picked":"Rainbow","floor":16.0},{"not_picked":["Gash","ReplayTheSpireMod:Repulse"],"picked":"Ball Lightning","floor":18.0},{"not_picked":["StuffTheSpire:GlassShard","Stack"],"picked":"StuffTheSpire:LoadUp","floor":19.0}],"player_experience":937570,"relics_obtained":[{"floor":6.0,"key":"vexMod:FocusSash"},{"floor":12.0,"key":"ReplayTheSpireMod:Lightbulb"},{"floor":14.0,"key":"Replay:Bandana"}],"event_choices":[{"damage_healed":0.0,"max_hp_gain":0.0,"max_hp_loss":0.0,"gold_gain":0.0,"event_name":"conspire:LoneGhost","player_choice":"Agree","floor":2.0,"gold_loss":0.0,"damage_taken":0.0},{"damage_healed":68.0,"max_hp_gain":0.0,"max_hp_loss":75.0,"gold_gain":0.0,"event_name":"betterThird:BetterShining","player_choice":"Upgrade","floor":3.0,"gold_loss":0.0,"damage_taken":15.0,"cards_upgraded":["conspire:GhostlyDefend","Zap"]},{"damage_healed":0.0,"max_hp_gain":0.0,"max_hp_loss":0.0,"gold_gain":0.0,"event_name":"Accursed Blacksmith","player_choice":"Forge","floor":10.0,"gold_loss":0.0,"damage_taken":0.0,"cards_upgraded":["Streamline"]},{"damage_healed":0,"gold_gain":75,"player_choice":"Touch","damage_taken":7,"max_hp_gain":0,"max_hp_loss":0,"event_name":"FaceTrader","floor":20,"gold_loss":0}],"is_beta":false,"boss_relics":[{"not_picked":["Kintsugi","hubris:CrackedHourglass"],"picked":"Sozu"}],"items_purged_floors":[],"is_endless":false,"potions_floor_spawned":[5,6,18],"killed_by":"Shelled Parasite and Fungi","ascension_level":13}}