{"host":"nsxzlb359hv0da5z","time":1607842988,"event":{"mods":["BaseMod","Bestiary","Colored Map","Minty Spire (QoL Compilation)","Permanent Neow","Relic Stats","Slay the Relics Exporter","ojb\u0027s Info Mod"],"gold_per_floor":[114,114,130,146,65,91,91,104,156,156,156],"floor_reached":10,"playtime":971,"items_purged":[],"score":136,"play_id":"73485f4c-a87f-4444-b251-42a6def80039","local_time":"20201212230308","is_ascension_mode":true,"campfire_choices":[{"floor":7,"key":"REST"}],"circlet_count":0,"master_deck":["AscendersBane","Strike_P","Strike_P","Strike_P","Defend_P","Defend_P","Defend_P","Defend_P","Eruption","Vigilance","InnerPeace","ThirdEye","EmptyFist","EmptyFist","Halt","Worship+1","BowlingBash"],"relics":["VioletLotus","Toxic Egg 2"],"acts_visited":["Exordium"],"potions_floor_usage":[6,10,10,10],"damage_taken":[{"damage":2,"enemies":"Jaw Worm","floor":1,"turns":3},{"damage":0,"enemies":"2 Louse","floor":3,"turns":2},{"damage":7,"enemies":"Small Slimes","floor":4,"turns":4},{"damage":30,"enemies":"3 Sentries","floor":6,"turns":12},{"damage":6,"enemies":"Looter","floor":8,"turns":3},{"damage":59,"enemies":"Gremlin Nob","floor":10,"turns":4}],"seed_played":"-3476160106498814609","potions_obtained":[{"floor":3,"key":"Explosive Potion"},{"floor":4,"key":"EntropicBrew"}],"is_trial":false,"path_per_floor":["M","?","M","M","$","E","R","M","T","E"],"character_chosen":"WATCHER","items_purchased":["EmptyFist","Halt"],"campfire_rested":1,"item_purchase_floors":[5,5],"current_hp_per_floor":[59,52,52,45,45,15,35,29,29,0,0],"gold":156,"neow_bonus":"BOSS_RELIC","is_daily":false,"chose_seed":false,"campfire_upgraded":0,"win_rate":0.0,"timestamp":1607842988,"path_taken":["M","?","M","M","$","E","R","M","T","E"],"items_purchased_type":["Card","Card"],"build_version":"2020-11-30","purchased_purges":0,"victory":false,"max_hp_per_floor":[68,68,68,68,68,68,68,68,68,68,68],"relic_stats":{"counters":[6,28],"VioletLotus":[8],"obtain_stats":[{"VioletLotus":0,"PureWater":0,"Toxic Egg 2":6},{"VioletLotus":0,"PureWater":0,"Toxic Egg 2":4},{"VioletLotus":0,"PureWater":0,"Toxic Egg 2":21}]},"card_choices":[{"not_picked":["ClearTheMind","Nirvana"],"picked":"InnerPeace","floor":1},{"not_picked":["JustLucky","Evaluate"],"picked":"ThirdEye","floor":3},{"not_picked":["InnerPeace","Prostrate"],"picked":"EmptyFist","floor":4},{"not_picked":["Brilliance","CutThroughFate"],"picked":"Worship+1","floor":6},{"not_picked":["SashWhip","WreathOfFlame+1"],"picked":"BowlingBash","floor":8}],"player_experience":1792071,"relics_obtained":[{"floor":6,"key":"Toxic Egg 2"}],"event_choices":[{"cards_removed":["Strike_P"],"damage_healed":0,"gold_gain":0,"player_choice":"Card Removal","damage_taken":7,"max_hp_gain":0,"max_hp_loss":0,"event_name":"Golden Wing","floor":2,"gold_loss":0}],"is_beta":false,"boss_relics":[],"items_purged_floors":[],"is_endless":false,"potions_floor_spawned":[3,4],"killed_by":"Gremlin Nob","ascension_level":20}}