{"host":"yo9wwslrag05lh37","time":1607875607,"event":{"mods":["AchievementEnabler","BaseMod","Block Reminder","Colored Map","Colored Powertips","GifTheSpireLib","HexUI Lib","Highlight Path","Minty Spire (QoL Compilation)","Rare Cards Sparkle","Relic Stats","StSLib","everything is the same but u backflip on backflip"],"gold_per_floor":[369,389,194,206,206,206,236,248,324,359,359,203,220,220,220,291,291,304,140,150,185,201,235,46,46,46,46,76,95,95,95],"floor_reached":30,"playtime":1557,"items_purged":["Regret","Strike_G"],"score":556,"play_id":"66a9431a-ea7b-446f-bb0f-6d6a7f64b3a7","local_time":"20201213170647","is_ascension_mode":true,"campfire_choices":[{"data":"Footwork","floor":6.0,"key":"SMITH"},{"data":"Terror","floor":11.0,"key":"SMITH"},{"data":"Footwork","floor":15.0,"key":"SMITH"},{"data":"After Image","floor":25,"key":"SMITH"},{"data":"Noxious Fumes","floor":27,"key":"SMITH"}],"circlet_count":0,"master_deck":["AscendersBane","Strike_G","Strike_G","Strike_G","Defend_G","Defend_G","Defend_G","Defend_G","Defend_G","Survivor","Neutralize","Dagger Throw","Skewer+1","Footwork+1","Predator","Footwork+1","Die Die Die","Terror+1","Dodge and Roll","Doppelganger","After Image+1","Backflip","Well Laid Plans+1","PiercingWail","Noxious Fumes+1","Dodge and Roll","Catalyst+1"],"relics":["Ring of the Snake","Torii","Bag of Preparation","Coffee Dripper","Blood Vial","Red Mask","Bronze Scales","Gambling Chip","Ornamental Fan"],"acts_visited":["Exordium","TheCity"],"potions_floor_usage":[21,21,28],"damage_taken":[{"damage":9.0,"enemies":"Jaw Worm","floor":1.0,"turns":4.0},{"damage":1.0,"enemies":"Cultist","floor":2.0,"turns":4.0},{"damage":0.0,"enemies":"2 Louse","floor":4.0,"turns":2.0},{"damage":3.0,"enemies":"Gremlin Nob","floor":7.0,"turns":3.0},{"damage":2.0,"enemies":"Blue Slaver","floor":8.0,"turns":4.0},{"damage":1.0,"enemies":"Lagavulin","floor":10.0,"turns":6.0},{"damage":2.0,"enemies":"Lots of Slimes","floor":13.0,"turns":3.0},{"damage":31.0,"enemies":"Hexaghost","floor":16.0,"turns":13.0},{"damage":7.0,"enemies":"Chosen","floor":18.0,"turns":5.0},{"damage":2.0,"enemies":"3 Byrds","floor":20.0,"turns":8.0},{"damage":11,"enemies":"Masked Bandits","floor":21,"turns":5},{"damage":2,"enemies":"Shelled Parasite and Fungi","floor":22,"turns":8},{"damage":24,"enemies":"Gremlin Leader","floor":23,"turns":5},{"damage":17,"enemies":"Slavers","floor":28,"turns":6},{"damage":0,"enemies":"Snake Plant","floor":29,"turns":6}],"seed_played":"2433154200420485444","potions_obtained":[{"floor":4.0,"key":"DuplicationPotion"},{"floor":8.0,"key":"SpeedPotion"},{"floor":13.0,"key":"Block Potion"},{"floor":23,"key":"Strength Potion"}],"is_trial":false,"path_per_floor":["M","M","$","M","?","R","E","M","T","E","R","$","M","?","R","B",null,"M","$","M","?","M","E","$","R","T","R","E","M","?"],"character_chosen":"THE_SILENT","items_purchased":["Footwork","Predator","Strength Potion","Blood Vial","Noxious Fumes","Fruit Juice"],"campfire_rested":0,"item_purchase_floors":[3,3,12,19,24,24],"current_hp_per_floor":[50,49,49,49,49,49,46,44,44,43,43,43,41,41,41,10,52,45,45,45,36,36,14,14,14,14,14,4,6,0,0],"gold":95,"neow_bonus":"TWO_FIFTY_GOLD","is_daily":false,"chose_seed":false,"campfire_upgraded":5,"win_rate":0.0,"timestamp":1607875607,"path_taken":["M","M","$","M","?","R","E","?","T","E","R","$","M","?","R","BOSS","M","$","?","?","M","E","$","R","T","R","E","M","?"],"items_purchased_type":["Card","Card","Potion","Relic","Card","Potion"],"build_version":"2020-11-30","purchased_purges":2,"victory":false,"max_hp_per_floor":[66,66,66,66,66,66,66,66,66,66,66,66,66,66,66,66,66,66,66,66,66,66,66,66,66,66,66,71,71,71,71],"relic_stats":{"Blood Vial":12,"Torii":37,"counters":[15,82],"Ornamental Fan":[4],"Bronze Scales":[63],"Gambling Chip":[8],"Bag of Preparation":[18],"obtain_stats":[{"Blood Vial":19,"Torii":7,"Ornamental Fan":28,"Bronze Scales":23,"Gambling Chip":26,"Bag of Preparation":10,"Coffee Dripper":17,"Red Mask":21,"Ring of the Snake":0},{"Blood Vial":9,"Torii":4,"Ornamental Fan":14,"Bronze Scales":13,"Gambling Chip":13,"Bag of Preparation":6,"Coffee Dripper":8,"Red Mask":11,"Ring of the Snake":0},{"Blood Vial":44,"Torii":13,"Ornamental Fan":76,"Bronze Scales":70,"Gambling Chip":70,"Bag of Preparation":23,"Coffee Dripper":39,"Red Mask":57,"Ring of the Snake":0}],"Ring of the Snake":[30]},"card_choices":[{"not_picked":["Bane","Prepared"],"picked":"Dagger Throw","floor":1.0},{"not_picked":["Dodge and Roll","Dagger Throw"],"picked":"Skewer","floor":2.0},{"not_picked":["Backstab","Dagger Throw"],"picked":"Footwork","floor":4.0},{"not_picked":["Tactician","Slice"],"picked":"Die Die Die","floor":7.0},{"not_picked":["Skewer","Tactician"],"picked":"Terror","floor":8.0},{"not_picked":["Outmaneuver","Deflect","Prepared"],"picked":"SKIP","floor":10.0},{"not_picked":["Prepared","Cloak And Dagger"],"picked":"Dodge and Roll","floor":13.0},{"not_picked":["Storm of Steel","Burst"],"picked":"After Image","floor":16.0},{"not_picked":["Bane","Prepared"],"picked":"Backflip","floor":18.0},{"not_picked":["Concentrate","Quick Slash+1","Blade Dance"],"picked":"SKIP","floor":20.0},{"not_picked":["Dagger Spray","Cloak And Dagger"],"picked":"Well Laid Plans+1","floor":22},{"not_picked":["Deflect","Setup"],"picked":"PiercingWail","floor":23},{"not_picked":["Calculated Gamble","Poisoned Stab"],"picked":"Dodge and Roll","floor":28},{"not_picked":["Dagger Throw","Eviscerate"],"picked":"Catalyst+1","floor":29}],"player_experience":1331638,"relics_obtained":[{"floor":7.0,"key":"Torii"},{"floor":10.0,"key":"Bag of Preparation"},{"floor":21,"key":"Red Mask"},{"floor":23,"key":"Bronze Scales"},{"floor":26,"key":"Gambling Chip"},{"floor":28,"key":"Ornamental Fan"}],"event_choices":[{"damage_healed":0.0,"max_hp_gain":0.0,"max_hp_loss":0.0,"gold_gain":0.0,"event_name":"Accursed Blacksmith","player_choice":"Forge","floor":5.0,"gold_loss":0.0,"damage_taken":0.0,"cards_upgraded":["Skewer"]},{"damage_healed":0.0,"max_hp_gain":0.0,"max_hp_loss":0.0,"gold_gain":0.0,"cards_transformed":["Strike_G"],"event_name":"Transmorgrifier","player_choice":"Transformed","floor":14.0,"gold_loss":0.0,"damage_taken":0.0,"cards_obtained":["Doppelganger"]},{"damage_healed":0,"gold_gain":0,"player_choice":"Fought Bandits","damage_taken":0,"max_hp_gain":0,"max_hp_loss":0,"event_name":"Masked Bandits","floor":21,"gold_loss":0},{"damage_healed":0,"gold_gain":0,"player_choice":"Damaged","damage_taken":10,"max_hp_gain":0,"max_hp_loss":0,"event_name":"Wheel of Change","floor":30,"gold_loss":0}],"is_beta":false,"boss_relics":[{"not_picked":["Cursed Key","Busted Crown"],"picked":"Coffee Dripper"}],"items_purged_floors":[3,12],"is_endless":false,"potions_floor_spawned":[4,8,13,20,23],"ascension_level":20}}