{"host":"t7mx8yfj1no5p62f","time":1607829164,"event":{"mods":["BaseMod","Colored Map","Colored Powertips","Minty Spire (QoL Compilation)","Relic Stats","StSLib"],"gold_per_floor":[119,134,150,163,163,163,194,210,265,69,69,69,84,111,111,188,188,168,185,185,204,216,216,216,216],"floor_reached":24,"playtime":789,"items_purged":["Strike_G"],"score":420,"play_id":"b560be09-d887-4640-a0be-4b49b7db5844","local_time":"20201212221244","is_ascension_mode":true,"campfire_choices":[{"data":"Bouncing Flask","floor":6.0,"key":"SMITH"},{"data":"Wraith Form v2","floor":15.0,"key":"SMITH"}],"circlet_count":0,"master_deck":["AscendersBane","Strike_G","Strike_G","Strike_G","Strike_G","Defend_G","Defend_G","Defend_G","Defend_G","Defend_G","Survivor","Neutralize","Flying Knee","Slice","Masterful Stab","Bouncing Flask+1","Burst","Terror","Backstab","Finisher","Wraith Form v2+1","Tools of the Trade","Backflip","Acrobatics","Leg Sweep","Ghostly","Ghostly","Ghostly"],"relics":["Ring of the Snake","Du-Vu Doll","Vajra","InkBottle","Boot","Philosopher\u0027s Stone","Blue Candle"],"acts_visited":["Exordium","TheCity"],"potions_floor_usage":[],"damage_taken":[{"damage":0.0,"enemies":"2 Louse","floor":1.0,"turns":2.0},{"damage":0.0,"enemies":"Jaw Worm","floor":2.0,"turns":4.0},{"damage":0.0,"enemies":"Small Slimes","floor":3.0,"turns":3.0},{"damage":2.0,"enemies":"Red Slaver","floor":4.0,"turns":3.0},{"damage":15.0,"enemies":"Lagavulin","floor":7.0,"turns":6.0},{"damage":4.0,"enemies":"Blue Slaver","floor":8.0,"turns":2.0},{"damage":0.0,"enemies":"2 Fungi Beasts","floor":13.0,"turns":3.0},{"damage":7.0,"enemies":"3 Sentries","floor":14.0,"turns":7.0},{"damage":26,"enemies":"Slime Boss","floor":16,"turns":9},{"damage":0,"enemies":"2 Thieves","floor":18,"turns":4},{"damage":12,"enemies":"Shell Parasite","floor":19,"turns":4},{"damage":2,"enemies":"Snecko","floor":21,"turns":6},{"damage":22,"enemies":"Cultist and Chosen","floor":22,"turns":6},{"damage":15,"enemies":"Book of Stabbing","floor":24,"turns":2}],"seed_played":"1714659072601631558","potions_obtained":[{"floor":2.0,"key":"Block Potion"},{"floor":4.0,"key":"LiquidBronze"},{"floor":8.0,"key":"Dexterity Potion"},{"floor":18,"key":"Strength Potion"}],"is_trial":false,"path_per_floor":["M","M","M","M","?","R","E","M","T","$","?","$","M","E","R","B",null,"M","M","?","M","M","?","E"],"character_chosen":"THE_SILENT","items_purchased":["Terror","Backstab"],"campfire_rested":0,"item_purchase_floors":[10,10],"current_hp_per_floor":[44,44,44,42,64,64,49,45,45,45,34,34,34,27,27,1,50,50,38,38,36,14,14,0,0],"gold":216,"neow_bonus":"ONE_RARE_RELIC","is_daily":false,"chose_seed":false,"campfire_upgraded":2,"win_rate":0.0,"timestamp":1607829164,"path_taken":["M","M","M","M","?","R","E","M","T","$","?","?","?","E","R","BOSS","M","M","?","M","?","?","E"],"items_purchased_type":["Card","Card"],"build_version":"2020-11-30","purchased_purges":1,"victory":false,"max_hp_per_floor":[66,66,66,66,66,66,66,66,66,66,66,66,66,66,66,66,66,66,66,66,66,66,33,33,33],"relic_stats":{"counters":[14,61],"Blue Candle":[1],"Boot":[0],"obtain_stats":[{"Du-Vu Doll":0,"Blue Candle":20,"Vajra":7,"Philosopher\u0027s Stone":17,"Boot":14,"InkBottle":11,"Ring of the Snake":0},{"Du-Vu Doll":0,"Blue Candle":11,"Vajra":5,"Philosopher\u0027s Stone":9,"Boot":8,"InkBottle":6,"Ring of the Snake":0},{"Du-Vu Doll":0,"Blue Candle":47,"Vajra":18,"Philosopher\u0027s Stone":39,"Boot":30,"InkBottle":20,"Ring of the Snake":0}],"InkBottle":[15],"Ring of the Snake":[28]},"card_choices":[{"not_picked":["Tactician","Sucker Punch"],"picked":"Flying Knee","floor":1.0},{"not_picked":["Outmaneuver","Escape Plan"],"picked":"Slice","floor":2.0},{"not_picked":["PiercingWail","Outmaneuver"],"picked":"Masterful Stab","floor":3.0},{"not_picked":["Slice","Deflect"],"picked":"Bouncing Flask","floor":4.0},{"not_picked":["Distraction","Acrobatics"],"picked":"Burst","floor":7.0},{"not_picked":["Slice","Flying Knee"],"picked":"Deadly Poison","floor":8.0},{"not_picked":["Outmaneuver","Masterful Stab"],"picked":"Finisher","floor":13.0},{"not_picked":["Masterful Stab","Tactician"],"picked":"Wraith Form v2","floor":14.0},{"not_picked":["Doppelganger","Phantasmal Killer"],"picked":"Tools of the Trade","floor":16},{"not_picked":["Dodge and Roll","Cloak And Dagger"],"picked":"Backflip","floor":18},{"not_picked":["Dodge and Roll","Underhanded Strike","Expertise"],"picked":"SKIP","floor":19},{"not_picked":["Prepared","Quick Slash"],"picked":"Acrobatics","floor":21},{"not_picked":["Predator","Slice+1"],"picked":"Leg Sweep","floor":22}],"player_experience":1537213,"relics_obtained":[{"floor":7.0,"key":"Vajra"},{"floor":14.0,"key":"Boot"}],"event_choices":[{"damage_healed":22.0,"max_hp_gain":0.0,"max_hp_loss":0.0,"gold_gain":0.0,"event_name":"Big Fish","player_choice":"Banana","floor":5.0,"gold_loss":0.0,"damage_taken":0.0},{"damage_healed":0.0,"max_hp_gain":0.0,"max_hp_loss":0.0,"gold_gain":0.0,"event_name":"Scrap Ooze","player_choice":"Success","floor":11.0,"gold_loss":0.0,"damage_taken":11.0,"relics_obtained":["InkBottle"]},{"cards_removed":["Deadly Poison"],"damage_healed":0,"gold_gain":0,"player_choice":"Gave Card","damage_taken":0,"relics_obtained":["Blue Candle"],"max_hp_gain":0,"max_hp_loss":0,"event_name":"WeMeetAgain","floor":20,"gold_loss":0},{"damage_healed":0,"gold_gain":0,"player_choice":"Became a Ghost","damage_taken":0,"max_hp_gain":0,"max_hp_loss":33,"event_name":"Ghosts","floor":23,"gold_loss":0,"cards_obtained":["Ghostly","Ghostly","Ghostly"]}],"is_beta":false,"boss_relics":[{"not_picked":["Empty Cage","Fusion Hammer"],"picked":"Philosopher\u0027s Stone"}],"items_purged_floors":[10],"is_endless":false,"potions_floor_spawned":[2,4,8,13,18,22],"killed_by":"Book of Stabbing","ascension_level":20}}