{"host":"en3i0mvpfa3c1sbz","time":1607861113,"event":{"mods":["BaseMod","BetterRewards","Dota2Spire","Downfall","GifTheSpireLib","Hubris","Infinite Spire","Marisa£®ÏF”Í°°ƒß¿Ì…≥£©","Minty Spire (QoL Compilation)","Replay The Spire","Shop Mod","StSLib","Stuff the Spire","The Administrix","The Factory","The Jungle"],"gold_per_floor":[99,124,144,144,160,188,211,222,256,256,303,303,6,136,177,177,177],"floor_reached":16,"playtime":1404,"items_purged":[],"score":126,"play_id":"65db9ea1-ea34-441b-bb2e-50fb2d5c92de","local_time":"20201213200513","is_ascension_mode":true,"campfire_choices":[{"floor":1,"key":"RECALL"},{"data":"Guardian:CurlUp","floor":4,"key":"SMITH"},{"floor":10,"key":"REST"}],"circlet_count":0,"master_deck":["Guardian:Strike_Guardian","Guardian:Strike_Guardian","Guardian:Strike_Guardian","Guardian:Strike_Guardian","Guardian:Defend_Guardian","Guardian:Defend_Guardian","Guardian:Defend_Guardian","Guardian:CurlUp+1","Guardian:TwinSlam","Guardian:DecasProtection","Guardian:ChargeUp","Guardian:RollAttack","Guardian:Orbwalk","Guardian:VentSteam","Guardian:BaubleBeam","Guardian:BaubleBeam","Guardian:BronzeOrb"],"relics":["Guardian:ModeShifter","ReplayFunnel","infinitespire:Golems Mask","Dota2Spire:HandOfMidas","downfall:BrokenWingStatue","Dota2Spire:MagicBottle","Potion Belt"],"acts_visited":["Exordium"],"potions_floor_usage":[9,13,14,16],"damage_taken":[{"damage":35,"enemies":"Gremlin Nob","floor":2,"turns":5},{"damage":1,"enemies":"Jaw Worm","floor":3,"turns":4},{"damage":0,"enemies":"Small Slimes","floor":5,"turns":3},{"damage":13,"enemies":"Replay:BlueRogue","floor":6,"turns":5},{"damage":6,"enemies":"Cultist","floor":8,"turns":3},{"damage":18,"enemies":"Lagavulin","floor":9,"turns":5},{"damage":6,"enemies":"Exordium Wildlife","floor":11,"turns":3},{"damage":0,"enemies":"downfall:FleeingMerchant","floor":13,"turns":4},{"damage":16,"enemies":"downfall:LadyInBlue","floor":14,"turns":8},{"damage":7,"enemies":"2 Fungi Beasts","floor":15,"turns":4},{"damage":20,"enemies":"downfall:Ironclad","floor":16,"turns":3}],"seed_played":"375171612548043396","potions_obtained":[{"floor":2,"key":"Elixir"},{"floor":6,"key":"Venom Potion"},{"floor":9,"key":"Strength Potion"},{"floor":11,"key":"GamblersBrew"},{"floor":14,"key":"Elixir"},{"floor":14,"key":"Adrenaline Potion"},{"floor":14,"key":"Dota2Spire:Clarity"}],"is_trial":false,"path_per_floor":["R","E","M","R","M","E","T","M","E","R","M","?","$","?","M","B"],"character_chosen":"GUARDIAN","items_purchased":["Dota2Spire:MagicBottle","Guardian:BaubleBeam"],"campfire_rested":1,"item_purchase_floors":[13,13],"current_hp_per_floor":[80,45,44,44,44,31,31,25,7,31,25,25,25,27,20,0,0],"gold":177,"neow_bonus":"REMOVE_CARD","is_daily":false,"chose_seed":false,"campfire_upgraded":1,"win_rate":0.0,"timestamp":1607861113,"path_taken":["R","E","M","R","M","E","T","M","E","R","M","?","$","?","M","BOSS"],"items_purchased_type":["Relic","Card"],"build_version":"2020-11-30","purchased_purges":0,"victory":false,"max_hp_per_floor":[80,80,80,80,80,80,80,80,80,80,80,80,80,80,80,80,80],"card_choices":[{"not_picked":["Guardian:Reroute","Guardian:PrimingBeam"],"picked":"Guardian:DecasProtection","floor":2},{"not_picked":["Guardian:BronzeOrb","Guardian:Gem_Fragmented"],"picked":"Guardian:ChargeUp","floor":3},{"not_picked":["Guardian:Gem_Red","Guardian:Gem_Blue"],"picked":"Guardian:RollAttack","floor":5},{"not_picked":["Guardian:GuardianWhirl","Guardian:Gem_Cyan"],"picked":"Guardian:Gem_Red","floor":6},{"not_picked":["Guardian:SentryBeam","Guardian:Gem_Green"],"picked":"Guardian:Orbwalk","floor":8},{"not_picked":["Guardian:Gem_Blue","Guardian:Recover"],"picked":"Guardian:Gem_Purple","floor":9},{"not_picked":["Guardian:WalkerClaw","Guardian:TemporalStrike"],"picked":"Guardian:VentSteam","floor":11},{"not_picked":["Guardian:BronzeArmor","Guardian:Recover"],"picked":"Guardian:BaubleBeam","floor":13},{"not_picked":["Guardian:Gem_Lightblue","Guardian:Gem_Red"],"picked":"Guardian:BronzeOrb","floor":15}],"player_experience":270729,"relics_obtained":[{"floor":2,"key":"ReplayFunnel"},{"floor":6,"key":"infinitespire:Golems Mask"},{"floor":9,"key":"Dota2Spire:HandOfMidas"},{"floor":14,"key":"Potion Belt"}],"event_choices":[],"is_beta":false,"boss_relics":[],"items_purged_floors":[],"is_endless":false,"potions_floor_spawned":[2,6,9,11],"killed_by":"downfall:Ironclad","ascension_level":1}}