{"host":"re9xirrjoezsqg3h","time":1607842440,"event":{"mods":["AchievementEnabler","BaseMod","Dota2Spire","Downfall","GifTheSpireLib","Hermit","Luminous","Minty Spire (QoL Compilation)","Replay The Spire","Robot Space Explorer","StSLib","The Administrix","The Bug Knight","The Cursed","[IsaacMod]ÒÔÈö¼âËþ"],"gold_per_floor":[114,114,131,131,131,160,160,235,283,245,245,195,233,248,248,343,343,343],"floor_reached":17,"playtime":629,"items_purged":["AdministrixMod:Strike_Administrix","AdministrixMod:Defend_Administrix"],"score":178,"play_id":"785d681f-933b-4da4-833a-f06398bdfabb","local_time":"20201213145400","is_ascension_mode":false,"campfire_choices":[{"data":"BettingIsNotGood","floor":7,"key":"SMITH"},{"data":"AdministrixMod:ShadowPlay","floor":15,"key":"SMITH"}],"circlet_count":0,"master_deck":["AdministrixMod:Strike_Administrix","AdministrixMod:Strike_Administrix","AdministrixMod:Strike_Administrix","AdministrixMod:RedCloak","AdministrixMod:Defend_Administrix","AdministrixMod:Defend_Administrix","AdministrixMod:BlueCloak","BettingIsNotGood+1","AdministrixMod:DeathByGlamour+1","Regret","AdministrixMod:ShadowPlay+1","AdministrixMod:SeventeenArticleLaser","AdministrixMod:WifeLightning"],"relics":["AdministrixMod:ConductorRitualBaton","HushsDoor","GuppysHead","NeowsBlessing","Replay:Accelerometer","SteamSale","Replay:Bottled Flurry","Dota2Spire:ArmletOfMordiggian","TheBean","Replay:Kaleidoscope","Sozu"],"acts_visited":["Exordium","TheCity"],"potions_floor_usage":[16],"damage_taken":[{"damage":0,"enemies":"Small Slimes","floor":1,"turns":1},{"damage":3,"enemies":"Jaw Worm","floor":3,"turns":1},{"damage":0,"enemies":"Gremlin Nob","floor":6,"turns":1},{"damage":36,"enemies":"Hiden Room Battle","floor":8,"turns":5},{"damage":9,"enemies":"2 Louse","floor":13,"turns":4},{"damage":11,"enemies":"Exordium Wildlife","floor":14,"turns":3},{"damage":51,"enemies":"The Guardian","floor":16,"turns":8}],"seed_played":"1699242268924590301","potions_obtained":[{"floor":1,"key":"Strength Potion"},{"floor":14,"key":"PowerPotion"}],"is_trial":false,"path_per_floor":["M","?","M","?","?","E","R","?","T","$","T","$","M","M","R","B",null],"character_chosen":"TheAdministrix","items_purchased":[],"campfire_rested":0,"item_purchase_floors":[],"current_hp_per_floor":[65,65,62,62,62,65,65,29,29,29,29,29,30,19,19,18,65,65],"gold":343,"neow_bonus":"THREE_ENEMY_KILL","is_daily":false,"chose_seed":false,"campfire_upgraded":2,"win_rate":0.0,"timestamp":1607842440,"path_taken":["M","?","M","?","?","E","R","?","T","?","?","$","M","M","R","BOSS"],"items_purchased_type":[],"build_version":"2020-11-30","purchased_purges":2,"victory":false,"max_hp_per_floor":[65,65,65,65,65,65,65,65,65,65,65,65,65,65,65,65,65,65],"card_choices":[{"not_picked":[],"picked":"BettingIsNotGood","floor":0},{"not_picked":["AdministrixMod:TouchOfCinnabar","AdministrixMod:SyncreticSurge","AdministrixMod:CenturiesAscent"],"picked":"SKIP","floor":1},{"not_picked":["AdministrixMod:ReachToHeaven","AdministrixMod:NewbornDivinity"],"picked":"Bomb","floor":3},{"not_picked":["AdministrixMod:RebukeDesires","AdministrixMod:BloodlessSapphire"],"picked":"AdministrixMod:ShadowPlay","floor":6},{"not_picked":["AdministrixMod:UnstableVigor","AdministrixMod:CenturiesAscent"],"picked":"AdministrixMod:SeventeenArticleLaser","floor":13},{"not_picked":["AdministrixMod:HiddenPower","AdministrixMod:RegentEdict","AdministrixMod:SyncreticSurge"],"picked":"SKIP","floor":14},{"not_picked":["AdministrixMod:FaithfulFlames","AdministrixMod:LifeforceNet"],"picked":"AdministrixMod:WifeLightning","floor":16}],"player_experience":276818,"relics_obtained":[{"floor":6,"key":"SteamSale"},{"floor":8,"key":"Replay:Bottled Flurry"},{"floor":8,"key":"Dota2Spire:ArmletOfMordiggian"},{"floor":9,"key":"TheBean"},{"floor":11,"key":"Replay:Kaleidoscope"}],"event_choices":[{"damage_healed":0,"gold_gain":0,"player_choice":"Box","damage_taken":0,"relics_obtained":["Replay:Accelerometer"],"max_hp_gain":0,"max_hp_loss":0,"event_name":"Big Fish","floor":5,"gold_loss":0,"cards_obtained":["Regret"]},{"damage_healed":0,"gold_gain":0,"player_choice":"Fight","damage_taken":0,"max_hp_gain":0,"max_hp_loss":0,"event_name":"HidenRoomEvent","floor":8,"gold_loss":0}],"is_beta":false,"boss_relics":[{"not_picked":["Painkiller Herb","SacredBark"],"picked":"Sozu"},{"not_picked":[]}],"items_purged_floors":[10,12],"is_endless":false,"potions_floor_spawned":[1,14],"ascension_level":0}}