{"host":"ifd7sfhtlbe34qll","time":1607884316,"event":{"mods":["2.2 Compatiblity","BaseMod","Block Reminder","Colored Map","Downfall","Highlight Path","Minty Spire (QoL Compilation)","Potion Indicator Mod","Quick Restart","Random Character Button","Relic Stats","StSLib"],"gold_per_floor":[99,134,134,162,337,337,337,337,372,372,389,89,106,106,117,221,221,221,221,237,237,269,299,299,324,324,353,364,364,384,396,406,507,507,357,375,375,391,403,418,418,610,1,1,12,26,26,26,39,39],"floor_reached":51,"playtime":2636,"items_purged":["Slimebound:Strike_Slimebound","Injury","Slimebound:Tackle"],"score":945,"play_id":"203a1a9c-736d-491b-a2ff-92029bf98c67","local_time":"20201213123156","is_ascension_mode":true,"campfire_choices":[{"data":"Slimebound:Split","floor":1,"key":"SMITH"},{"data":"Slimebound:Equalize","floor":10,"key":"SMITH"},{"data":"Slimebound:LevelUp","floor":18,"key":"SMITH"},{"data":"Slimebound:SlimeBarrage","floor":21,"key":"SMITH"},{"floor":26,"key":"RECALL"},{"data":"Slimebound:TagTeam","floor":35,"key":"SMITH"},{"data":"expansioncontent:ChargeUp","floor":44,"key":"SMITH"}],"circlet_count":0,"master_deck":["Slimebound:Strike_Slimebound+1","Slimebound:Defend_Slimebound+1","Slimebound:Defend_Slimebound+1","Slimebound:Defend_Slimebound+1","Slimebound:Defend_Slimebound+1","Slimebound:Split+1","Slimebound:CorrosiveSpit+1","Slimebound:Equalize+1","Slimebound:SplitMire+1","Slimebound:SplitLeeching","Slimebound:AcidTongue","Slimebound:ViciousTackle","Slimebound:Nibble","Slimebound:LevelUp+1","expansioncontent:DashGenerateEvil","Slimebound:LivingWall","Slimebound:LeechLife","Slimebound:SlimeBarrage+1","Slimebound:Gluttony","Slimebound:Repurpose","Slimebound:SplitSpecialist+1","Slimebound:LeechingTouch","Slimebound:HungryTackle+1","Slimebound:RainOfGoop","Slimebound:SlimeTap+1","Slimebound:TagTeam+1","Slimebound:Equalize+1","expansioncontent:DashGenerateEvil","Slimebound:LevelUp+1","Slimebound:Prepare","expansioncontent:ChargeUp+1"],"relics":["Slimebound:AbsorbEndCombat","downfall:HeartsMalice","Bronze Scales","Slimebound:ScrapOozeRelic","Smiling Mask","The Courier","Cursed Key","Red Mask","Turnip","Bottled Tornado","Kunai","Snecko Eye","downfall:HeartBlessingRed","downfall:HeartBlessingGreen","ClockworkSouvenir","Slimebound:MaxSlimesRelic","FossilizedHelix","downfall:TeleportStone"],"acts_visited":["Exordium","TheCity","TheBeyond"],"potions_floor_usage":[23,25,27],"damage_taken":[{"damage":0,"enemies":"3 Sentries","floor":2,"turns":1},{"damage":0,"enemies":"Cultist","floor":3,"turns":1},{"damage":0,"enemies":"Gremlin Nob","floor":4,"turns":1},{"damage":33,"enemies":"Lagavulin","floor":9,"turns":6},{"damage":11,"enemies":"Jaw Worm","floor":11,"turns":2},{"damage":26,"enemies":"downfall:FleeingMerchant","floor":12,"turns":4},{"damage":0,"enemies":"Small Slimes","floor":13,"turns":2},{"damage":18,"enemies":"2 Fungi Beasts","floor":15,"turns":3},{"damage":41,"enemies":"downfall:Ironclad","floor":16,"turns":6},{"damage":0,"enemies":"3 Byrds","floor":20,"turns":2},{"damage":66,"enemies":"Masked Bandits","floor":22,"turns":4},{"damage":38,"enemies":"Book of Stabbing","floor":23,"turns":4},{"damage":24,"enemies":"Slavers","floor":25,"turns":4},{"damage":54,"enemies":"Gremlin Leader","floor":27,"turns":6},{"damage":9,"enemies":"Shell Parasite","floor":28,"turns":3},{"damage":13,"enemies":"Shelled Parasite and Fungi","floor":30,"turns":4},{"damage":18,"enemies":"Centurion and Healer","floor":31,"turns":4},{"damage":14,"enemies":"Snecko","floor":32,"turns":3},{"damage":38,"enemies":"downfall:Silent","floor":33,"turns":5},{"damage":8,"enemies":"Orb Walker","floor":36,"turns":3},{"damage":14,"enemies":"3 Shapes","floor":38,"turns":3},{"damage":4,"enemies":"Spire Growth","floor":39,"turns":2},{"damage":27,"enemies":"Jaw Worm Horde","floor":40,"turns":4},{"damage":19,"enemies":"downfall:FleeingMerchant","floor":42,"turns":4},{"damage":22,"enemies":"Transient","floor":45,"turns":5},{"damage":13,"enemies":"Spire Growth","floor":46,"turns":4},{"damage":0,"enemies":"Jaw Worm Horde","floor":49,"turns":3},{"damage":56,"enemies":"downfall:Defect","floor":50,"turns":7}],"seed_played":"-5115086955964582908","potions_obtained":[{"floor":2,"key":"Ancient Potion"},{"floor":11,"key":"Regen Potion"},{"floor":13,"key":"Guardian:BlockOnCardUsePotion"},{"floor":23,"key":"Block Potion"},{"floor":27,"key":"FearPotion"},{"floor":31,"key":"Slimebound:SlimedPotion"},{"floor":36,"key":"Slimebound:ThreeZeroPotion"}],"is_trial":false,"path_per_floor":["R","E","M","E","?","?","T","?","E","R","M","$","M","?","M","B",null,"R","?","M","R","?","E","T","E","R","E","M","?","M","M","M","B",null,"R","M","?","M","M","M","T","$","$","R","M","M","$","?","M","B",null],"character_chosen":"SLIMEBOUND","items_purchased":["Slimebound:LevelUp","expansioncontent:DashGenerateEvil","Slimebound:LivingWall","expansioncontent:ChargeUp","ClockworkSouvenir","Slimebound:MaxSlimesRelic","FossilizedHelix"],"campfire_rested":0,"item_purchase_floors":[12,12,12,42,43,43,43],"current_hp_per_floor":[60,60,60,60,60,60,60,60,55,55,60,57,60,60,54,47,60,60,60,60,60,16,47,47,57,57,53,60,60,57,60,53,60,60,60,60,60,54,60,60,60,60,60,60,60,51,51,51,60,36],"gold":39,"neow_bonus":"THREE_ENEMY_KILL","is_daily":false,"chose_seed":false,"campfire_upgraded":6,"win_rate":0.0,"timestamp":1607884316,"path_taken":["R","E","M","E","?","?","T","?","E","R","M","$","M","?","M","BOSS","R","?","M","R","?","E","T","E","R","E","M","?","?","M","M","BOSS","R","M","?","M","M","M","T","?","$","R","M","M","$","?","M","BOSS"],"items_purchased_type":["Card","Card","Card","Card","Relic","Relic","Relic"],"build_version":"2020-11-30","purchased_purges":3,"victory":true,"max_hp_per_floor":[60,60,60,60,60,60,60,60,60,60,60,60,60,60,60,60,60,60,60,60,60,60,60,60,60,60,60,60,60,60,60,60,60,60,60,60,60,60,60,60,60,60,60,60,60,60,60,60,60,60],"relic_stats":{"counters":[28,90],"Bronze Scales":[335],"Snecko Eye":[63,59,64,63],"Turnip":[2],"Kunai":[13],"Smiling Mask":90,"Cursed Key":1,"obtain_stats":[{"Slimebound:ScrapOozeRelic":6,"downfall:HeartBlessingRed":35,"downfall:HeartsMalice":0,"downfall:HeartBlessingGreen":35,"The Courier":9,"downfall:TeleportStone":48,"Omamori":2,"Bottled Tornado":25,"Smiling Mask":7,"Cursed Key":17,"ClockworkSouvenir":43,"Slimebound:MaxSlimesRelic":43,"Bronze Scales":4,"Snecko Eye":34,"Turnip":23,"Slimebound:AbsorbEndCombat":0,"Red Mask":22,"Kunai":27,"FossilizedHelix":43},{"Slimebound:ScrapOozeRelic":3,"downfall:HeartBlessingRed":19,"downfall:HeartsMalice":0,"downfall:HeartBlessingGreen":19,"The Courier":4,"downfall:TeleportStone":26,"Omamori":1,"Bottled Tornado":13,"Smiling Mask":3,"Cursed Key":9,"ClockworkSouvenir":24,"Slimebound:MaxSlimesRelic":24,"Bronze Scales":3,"Snecko Eye":19,"Turnip":12,"Slimebound:AbsorbEndCombat":0,"Red Mask":11,"Kunai":14,"FossilizedHelix":24},{"Slimebound:ScrapOozeRelic":0,"downfall:HeartBlessingRed":57,"downfall:HeartsMalice":0,"downfall:HeartBlessingGreen":57,"The Courier":6,"downfall:TeleportStone":80,"Omamori":0,"Bottled Tornado":34,"Smiling Mask":0,"Cursed Key":21,"ClockworkSouvenir":72,"Slimebound:MaxSlimesRelic":72,"Bronze Scales":0,"Snecko Eye":57,"Turnip":30,"Slimebound:AbsorbEndCombat":0,"Red Mask":26,"Kunai":40,"FossilizedHelix":72}]},"card_choices":[{"not_picked":["Slimebound:Grow","Slimebound:LeadByExample"],"picked":"Slimebound:Equalize","floor":2},{"not_picked":["Slimebound:Schlurp","Slimebound:SplitLeeching"],"picked":"Slimebound:SplitMire","floor":3},{"not_picked":["Slimebound:SplitAcid","Slimebound:ComboTackle"],"picked":"Slimebound:SplitLeeching","floor":4},{"not_picked":["Slimebound:Grow","Slimebound:Recollect"],"picked":"Slimebound:AcidTongue","floor":9},{"not_picked":["Slimebound:FirmFortitude","Slimebound:BestDefense"],"picked":"Slimebound:ViciousTackle","floor":11},{"not_picked":["Slimebound:GoopTackle","Slimebound:LeechEnergy"],"picked":"Slimebound:Nibble","floor":12},{"not_picked":["Slimebound:SplitMire","Slimebound:ViciousTackle","Slimebound:GoopSpray"],"picked":"SKIP","floor":13},{"not_picked":["Slimebound:FirmFortitude","Slimebound:Nibble","Slimebound:GoopSpray"],"picked":"SKIP","floor":15},{"not_picked":["Slimebound:Darklings","Slimebound:DouseInSlime"],"picked":"Slimebound:LeechLife","floor":16},{"not_picked":["Slimebound:ComboTackle","Slimebound:SplitBruiser+1"],"picked":"Slimebound:SlimeBarrage","floor":20},{"not_picked":["Slimebound:SplitAcid+1","Slimebound:LeechingTouch"],"picked":"Slimebound:Gluttony","floor":22},{"not_picked":["Slimebound:Schlurp","Slimebound:SamplingLick"],"picked":"Slimebound:Repurpose","floor":23},{"not_picked":["Slimebound:SplitAcid","Slimebound:GoopSpray","Slimebound:Chomp"],"picked":"SKIP","floor":25},{"not_picked":["Slimebound:ComboTackle","Slimebound:Schlurp"],"picked":"Slimebound:SplitSpecialist+1","floor":27},{"not_picked":["Slimebound:SplitMire","Slimebound:SplitAcid"],"picked":"Slimebound:LeechingTouch","floor":28},{"not_picked":["Slimebound:FirmFortitude+1","Slimebound:ComboTackle"],"picked":"Slimebound:HungryTackle+1","floor":30},{"not_picked":["Slimebound:SplitAcid","Slimebound:Schlurp+1"],"picked":"Slimebound:RainOfGoop","floor":31},{"not_picked":["Slimebound:SplitLeeching","Slimebound:FinishingTackle"],"picked":"Slimebound:SlimeTap+1","floor":32},{"not_picked":["Slimebound:OozeBath","Slimebound:DuplicatedForm"],"picked":"Slimebound:TagTeam","floor":33},{"not_picked":["Slimebound:Recollect+1","Slimebound:Schlurp"],"picked":"Slimebound:Equalize+1","floor":36},{"not_picked":["Slimebound:GoopSpray+1","Slimebound:BestDefense+1"],"picked":"Slimebound:LevelUp+1","floor":38},{"not_picked":["Slimebound:FinishingTackle+1","Slimebound:SlimeSpikes","Slimebound:SplitLeeching"],"picked":"SKIP","floor":39},{"not_picked":["Slimebound:SplitBruiser+1","Slimebound:PressTheAttack+1","Slimebound:CheckThePlaybook"],"picked":"SKIP","floor":40},{"not_picked":["Slimebound:PressTheAttack","Slimebound:LeechEnergy+1"],"picked":"Slimebound:Prepare","floor":42},{"not_picked":["Slimebound:SplitLeeching","Slimebound:GoopSpray","Slimebound:LeechingTouch+1"],"picked":"SKIP","floor":45},{"not_picked":["Slimebound:SlimeSpikes+1","Slimebound:PressTheAttack","Slimebound:RainOfGoop"],"picked":"SKIP","floor":46},{"not_picked":["Slimebound:ItLooksTasty+1","Slimebound:Recollect","Slimebound:PressTheAttack+1"],"picked":"SKIP","floor":49}],"player_experience":1533959,"relics_obtained":[{"floor":2,"key":"Omamori"},{"floor":4,"key":"Bronze Scales"},{"floor":7,"key":"Smiling Mask"},{"floor":9,"key":"The Courier"},{"floor":22,"key":"Red Mask"},{"floor":23,"key":"Turnip"},{"floor":25,"key":"Bottled Tornado"},{"floor":27,"key":"Kunai"}],"event_choices":[{"damage_healed":0,"gold_gain":0,"player_choice":"Grow","damage_taken":0,"max_hp_gain":0,"max_hp_loss":0,"event_name":"Living Wall","floor":8,"gold_loss":0,"cards_upgraded":["Slimebound:CorrosiveSpit"]},{"cards_removed":["Slimebound:Strike_Slimebound"],"damage_healed":0,"gold_gain":0,"player_choice":"Card Removal","damage_taken":0,"max_hp_gain":0,"max_hp_loss":0,"event_name":"The Cleric","floor":14,"gold_loss":0},{"damage_healed":0,"gold_gain":0,"player_choice":"Simplicity","damage_taken":0,"max_hp_gain":0,"max_hp_loss":0,"event_name":"Back to Basics","floor":19,"gold_loss":0,"cards_upgraded":["Slimebound:Strike_Slimebound","Slimebound:Defend_Slimebound","Slimebound:Defend_Slimebound","Slimebound:Defend_Slimebound","Slimebound:Defend_Slimebound"]},{"damage_healed":0,"gold_gain":0,"player_choice":"Fought Bandits","damage_taken":0,"max_hp_gain":0,"max_hp_loss":0,"event_name":"Masked Bandits","floor":22,"gold_loss":0},{"damage_healed":0,"gold_gain":0,"player_choice":"Upgraded","damage_taken":0,"max_hp_gain":0,"max_hp_loss":0,"event_name":"Upgrade Shrine","floor":29,"gold_loss":0,"cards_upgraded":["Slimebound:SplitMire"]},{"damage_healed":0,"gold_gain":0,"player_choice":"Copied","damage_taken":0,"max_hp_gain":0,"max_hp_loss":0,"event_name":"Duplicator","floor":37,"gold_loss":0,"cards_obtained":["expansioncontent:DashGenerateEvil"]}],"is_beta":false,"boss_relics":[{"not_picked":["Slimebound:TarBlob","Astrolabe"],"picked":"Cursed Key"},{"not_picked":["Tiny House","Pandora\u0027s Box"],"picked":"Snecko Eye"}],"items_purged_floors":[12,42,43],"is_endless":false,"potions_floor_spawned":[2,11,13,16,23,27,31,32,36,39,45,49],"ascension_level":4}}