{"host":"nmjik3bzoelmmajy","time":1607830211,"event":{"mods":["BaseMod","Better Third Choice","Colored Map","DeckTracker","Minty Spire (QoL Compilation)","Quick Restart","Say the Spire","StSLib","SuperFastMode"],"gold_per_floor":[119,135,135,152,172,200,200,215,264,264,279,279,320,64,64,154,154,167,167,167,167],"floor_reached":20,"playtime":766,"items_purged":["Strike_G"],"score":322,"play_id":"062e54e6-eacc-4b14-8b64-5216a8d5284a","local_time":"20201213123011","is_ascension_mode":true,"campfire_choices":[{"data":"Cloak And Dagger","floor":7,"key":"SMITH"},{"data":"Backflip","floor":12,"key":"SMITH"},{"data":"Apotheosis","floor":15,"key":"SMITH"}],"circlet_count":0,"master_deck":["AscendersBane","Strike_G+1","Strike_G+1","Strike_G+1","Strike_G+1","Defend_G+1","Defend_G+1","Defend_G+1","Defend_G+1","Defend_G+1","Survivor","Neutralize","Cloak And Dagger+1","Backflip+1","Noxious Fumes","Backflip","Bouncing Flask","Blade Dance","Bouncing Flask","Blade Dance","Apotheosis+1","Bullet Time","Infinite Blades"],"relics":["Ring of the Snake","NeowsBlessing","CultistMask","Singing Bowl","MealTicket","Golden Idol","Kunai","Cursed Key"],"acts_visited":["TheCity"],"potions_floor_usage":[5,6,11],"damage_taken":[{"damage":0,"enemies":"Jaw Worm","floor":1,"turns":1},{"damage":0,"enemies":"Cultist","floor":2,"turns":1},{"damage":0,"enemies":"Small Slimes","floor":4,"turns":1},{"damage":1,"enemies":"Looter","floor":5,"turns":4},{"damage":14,"enemies":"Lagavulin","floor":6,"turns":10},{"damage":0,"enemies":"Large Slime","floor":8,"turns":8},{"damage":5,"enemies":"Lots of Slimes","floor":11,"turns":5},{"damage":32,"enemies":"3 Sentries","floor":13,"turns":8},{"damage":9,"enemies":"The Guardian","floor":16,"turns":9},{"damage":25,"enemies":"Chosen","floor":18,"turns":5},{"damage":39,"enemies":"Masked Bandits","floor":20,"turns":3}],"seed_played":"5972664832511052945","potions_obtained":[{"floor":2,"key":"CunningPotion"},{"floor":5,"key":"BlessingOfTheForge"},{"floor":6,"key":"Fire Potion"}],"is_trial":false,"path_per_floor":["M","M","?","M","M","E","R","M","T","?","M","R","E","$","R","B",null,"M","?","?"],"character_chosen":"THE_SILENT","items_purchased":["Apotheosis"],"campfire_rested":0,"item_purchase_floors":[14],"current_hp_per_floor":[59,59,59,59,58,44,44,44,44,44,39,39,7,22,22,13,48,23,23,0,0],"gold":167,"neow_bonus":"THREE_ENEMY_KILL","is_daily":false,"chose_seed":false,"campfire_upgraded":3,"win_rate":0.0,"timestamp":1607830211,"path_taken":["M","M","?","M","?","E","R","M","T","?","M","R","E","$","R","BOSS","M","?","?"],"items_purchased_type":["Card"],"build_version":"2020-11-30","purchased_purges":1,"victory":false,"max_hp_per_floor":[66,66,66,66,66,66,66,66,66,60,60,60,60,60,60,60,60,60,60,60,60],"card_choices":[{"not_picked":["Outmaneuver","Terror"],"picked":"Cloak And Dagger","floor":1},{"not_picked":["Bane","Outmaneuver"],"picked":"Backflip","floor":2},{"not_picked":["Crippling Poison","Deadly Poison"],"picked":"Noxious Fumes","floor":4},{"not_picked":["Heel Hook","Slice"],"picked":"Backflip","floor":5},{"not_picked":["Finisher","Concentrate"],"picked":"Bouncing Flask","floor":6},{"not_picked":["Noxious Fumes","Deadly Poison"],"picked":"Blade Dance","floor":8},{"not_picked":["Choke","Dagger Throw"],"picked":"Bouncing Flask","floor":11},{"not_picked":["Distraction","Dagger Spray"],"picked":"Blade Dance","floor":13},{"not_picked":["Unload","Wraith Form v2"],"picked":"Bullet Time","floor":16},{"not_picked":["Riddle With Holes","Bane"],"picked":"Infinite Blades","floor":18}],"player_experience":801188,"relics_obtained":[{"floor":6,"key":"Singing Bowl"},{"floor":9,"key":"MealTicket"},{"floor":13,"key":"Kunai"}],"event_choices":[{"damage_healed":0,"gold_gain":0,"player_choice":"Trade","damage_taken":0,"relics_obtained":["CultistMask"],"max_hp_gain":0,"max_hp_loss":0,"event_name":"FaceTrader","floor":3,"gold_loss":0},{"damage_healed":0,"gold_gain":0,"player_choice":"Lose Max HP","damage_taken":0,"relics_obtained":["Golden Idol"],"max_hp_gain":0,"max_hp_loss":6,"event_name":"Golden Idol","floor":10,"gold_loss":0},{"damage_healed":0,"gold_gain":0,"player_choice":"Simplicity","damage_taken":0,"max_hp_gain":0,"max_hp_loss":9,"event_name":"betterThird:BetterWriting","floor":19,"gold_loss":0},{"damage_healed":0,"gold_gain":0,"player_choice":"Fought Bandits","damage_taken":0,"max_hp_gain":0,"max_hp_loss":0,"event_name":"Masked Bandits","floor":20,"gold_loss":0}],"is_beta":false,"boss_relics":[{"not_picked":["SacredBark","Velvet Choker"],"picked":"Cursed Key"}],"items_purged_floors":[14],"is_endless":false,"potions_floor_spawned":[2,5,6],"killed_by":"Masked Bandits","ascension_level":15}}