{"host":"ow9msrs9p2ctkx99","time":1607817636,"event":{"mods":["AchievementEnabler","BaseMod","Colored Map","Colored Powertips","Minty Spire (QoL Compilation)","Permanent Neow","Quick Restart","SuperFastMode"],"gold_per_floor":[110,110,110,126,140,140,186,186,211,243,23,57,72,84,84,161,161,174,174,99,63,63,96,96,127,151,182,202,202,102,102,102,174,174,189,242,257,257,257,257,288,288,288,77,77,77,92,130,130,130,130,130,15,52,52,52],"floor_reached":55,"playtime":1635,"items_purged":["Regret","Strike_G+1"],"score":1504,"play_id":"0c578234-8e7e-4c2a-b71c-bbd394e219e3","local_time":"20201213010036","is_ascension_mode":true,"campfire_choices":[{"data":"Deadly Poison","floor":6.0,"key":"SMITH"},{"floor":8.0,"key":"REST"},{"data":"Sucker Punch","floor":15.0,"key":"SMITH"},{"floor":24.0,"key":"REST"},{"floor":29.0,"key":"DIG"},{"floor":32.0,"key":"DIG"},{"floor":40.0,"key":"DIG"},{"floor":46,"key":"RECALL"},{"floor":49,"key":"DIG"},{"floor":52,"key":"DIG"}],"circlet_count":0,"master_deck":["AscendersBane","Strike_G+1","Strike_G+1","Defend_G+1","Defend_G+1","Defend_G+1","Defend_G+1","Defend_G+1","Survivor","Neutralize+1","PiercingWail","Deadly Poison+1","Backstab","Blur+1","Sucker Punch+1","Bane","Envenom","Catalyst+1","Noxious Fumes","Venomology","After Image","Tactician+1","Swift Strike","Secret Weapon","Flash of Steel","Phantasmal Killer","Cloak And Dagger","Apotheosis+1","Deadly Poison","Deadly Poison","Accuracy","Backflip"],"relics":["Ring of the Snake","Anchor","Snake Skull","Singing Bowl","Potion Belt","PreservedInsect","HornCleat","SacredBark","Enchiridion","Thread and Needle","Shovel","Juzu Bracelet","Unceasing Top","MealTicket","Bag of Marbles","WristBlade","Mango","Pen Nib","Regal Pillow","Smiling Mask","CeramicFish","Centennial Puzzle","Pantograph","War Paint"],"acts_visited":["Exordium","TheCity","TheBeyond","TheEnding"],"potions_floor_usage":[47,50,50,54,54,55,55],"damage_taken":[{"damage":2.0,"enemies":"2 Louse","floor":1.0,"turns":3.0},{"damage":3.0,"enemies":"Small Slimes","floor":4.0,"turns":5.0},{"damage":6.0,"enemies":"Cultist","floor":5.0,"turns":4.0},{"damage":29.0,"enemies":"3 Sentries","floor":7.0,"turns":10.0},{"damage":23.0,"enemies":"Lagavulin","floor":10.0,"turns":7.0},{"damage":5.0,"enemies":"Gremlin Nob","floor":12.0,"turns":4.0},{"damage":0.0,"enemies":"Looter","floor":13.0,"turns":3.0},{"damage":0.0,"enemies":"3 Louse","floor":14.0,"turns":3.0},{"damage":17.0,"enemies":"Hexaghost","floor":16.0,"turns":11.0},{"damage":16.0,"enemies":"Shell Parasite","floor":18.0,"turns":6.0},{"damage":0.0,"enemies":"Book of Stabbing","floor":23.0,"turns":4.0},{"damage":6.0,"enemies":"Slavers","floor":25.0,"turns":5.0},{"damage":1.0,"enemies":"Book of Stabbing","floor":27.0,"turns":4.0},{"damage":11.0,"enemies":"Spheric Guardian","floor":28.0,"turns":5.0},{"damage":40.0,"enemies":"Champ","floor":33.0,"turns":11.0},{"damage":3.0,"enemies":"Orb Walker","floor":35.0,"turns":5.0},{"damage":2.0,"enemies":"2 Orb Walkers","floor":36.0,"turns":5.0},{"damage":0.0,"enemies":"3 Shapes","floor":37.0,"turns":6.0},{"damage":0.0,"enemies":"Giant Head","floor":41.0,"turns":5.0},{"damage":4,"enemies":"Transient","floor":47,"turns":5},{"damage":0,"enemies":"Nemesis","floor":48,"turns":7},{"damage":115,"enemies":"Awakened One","floor":50,"turns":13},{"damage":30,"enemies":"Shield and Spear","floor":54,"turns":7},{"damage":154,"enemies":"The Heart","floor":55,"turns":9}],"seed_played":"-8439186193931810824","potions_obtained":[{"floor":1.0,"key":"ColorlessPotion"},{"floor":5.0,"key":"AttackPotion"},{"floor":7.0,"key":"Regen Potion"},{"floor":10.0,"key":"SpeedPotion"},{"floor":13.0,"key":"PowerPotion"},{"floor":18.0,"key":"FairyPotion"},{"floor":28.0,"key":"Energy Potion"},{"floor":31.0,"key":"FearPotion"},{"floor":31.0,"key":"LiquidBronze"},{"floor":36.0,"key":"Energy Potion"},{"floor":41.0,"key":"FairyPotion"},{"floor":54,"key":"Poison Potion"}],"is_trial":false,"path_per_floor":["M","?","?","M","M","R","E","R","T","E","$","E","M","M","R","B",null,"M","?","?","$","?","E","R","E","T","E","M","R","$","?","R","B",null,"M","?","M","?","?","R","E","?","T","$","?","R","M","E","R","B",null,"R","$","E","B"],"character_chosen":"THE_SILENT","items_purchased":["Backstab","Blur","Noxious Fumes","Cloak And Dagger","Apotheosis","Accuracy","SkillPotion"],"campfire_rested":2,"item_purchase_floors":[11,11,21,44,44,53,53],"current_hp_per_floor":[57,57,57,54,48,48,21,41,41,35,35,30,30,32,32,15,58,42,42,42,42,21,23,45,41,41,42,31,31,46,46,46,6,60,59,71,73,73,63,63,63,63,63,78,78,78,74,74,74,26,79,79,94,64,0,0],"gold":52,"neow_bonus":"RANDOM_COMMON_RELIC","is_daily":false,"chose_seed":false,"campfire_upgraded":2,"win_rate":0.0,"timestamp":1607817636,"path_taken":["M","?","?","M","M","R","E","R","T","E","$","E","M","?","R","BOSS","M","?","?","$","?","E","R","E","T","E","M","R","$","?","R","BOSS","M","?","M","?","?","R","E","?","T","$","?","R","M","E","R","BOSS","R","$","E","BOSS"],"items_purchased_type":["Card","Card","Card","Card","Card","Card","Potion"],"build_version":"2020-11-30","purchased_purges":2,"victory":false,"max_hp_per_floor":[66,66,66,66,66,66,68,68,68,70,70,70,70,72,72,72,72,72,72,72,72,72,74,74,76,76,78,78,78,78,78,78,78,78,80,94,96,96,96,96,96,96,96,96,96,96,96,96,96,96,96,96,96,96,96,96],"card_choices":[{"not_picked":["Dagger Throw","Riddle With Holes"],"picked":"PiercingWail","floor":1.0},{"not_picked":["Underhanded Strike","Dash"],"picked":"Deadly Poison","floor":4.0},{"not_picked":["Choke","Heel Hook","Deflect"],"picked":"SKIP","floor":5.0},{"not_picked":["Skewer","Predator","Acrobatics"],"picked":"Singing Bowl","floor":7.0},{"not_picked":["Eviscerate","Skewer","Dodge and Roll"],"picked":"Singing Bowl","floor":10.0},{"not_picked":["Terror","Slice"],"picked":"Sucker Punch","floor":12.0},{"not_picked":["Eviscerate","Dagger Throw"],"picked":"Bane","floor":13.0},{"not_picked":["Poisoned Stab","Reflex","Tactician"],"picked":"Singing Bowl","floor":14.0},{"not_picked":["Venomology","Tools of the Trade"],"picked":"Envenom","floor":16.0},{"not_picked":["PiercingWail","Bane"],"picked":"Catalyst+1","floor":18.0},{"not_picked":["Blade Dance","Distraction","Poisoned Stab"],"picked":"Singing Bowl","floor":23.0},{"not_picked":["PiercingWail","Bane","Cloak And Dagger"],"picked":"Singing Bowl","floor":25.0},{"not_picked":["Calculated Gamble","Tactician","Infinite Blades"],"picked":"Singing Bowl","floor":27.0},{"not_picked":["Backflip","Calculated Gamble"],"picked":"Venomology","floor":28.0},{"not_picked":["Envenom","Glass Knife"],"picked":"After Image","floor":33.0},{"not_picked":["Cloak And Dagger","Deflect+1","Calculated Gamble+1"],"picked":"Singing Bowl","floor":35.0},{"not_picked":["Deflect","Bane+1"],"picked":"Tactician+1","floor":36.0},{"not_picked":["All Out Attack","Sucker Punch+1","Underhanded Strike"],"picked":"Singing Bowl","floor":37.0},{"not_picked":["Dramatic Entrance","Deep Breath"],"picked":"Swift Strike","floor":39.0},{"not_picked":["Forethought","Enlightenment"],"picked":"Secret Weapon","floor":39.0},{"not_picked":["Discovery","Panache"],"picked":"Flash of Steel","floor":39.0},{"not_picked":["PiercingWail+1","Choke"],"picked":"Phantasmal Killer","floor":41.0},{"not_picked":["Prepared","Poisoned Stab+1"],"picked":"Deadly Poison","floor":47},{"not_picked":["Prepared+1","Acrobatics"],"picked":"Deadly Poison","floor":48},{"not_picked":["Deadly Poison+1","Poisoned Stab"],"picked":"Backflip","floor":54}],"player_experience":971549,"relics_obtained":[{"floor":7.0,"key":"Singing Bowl"},{"floor":9.0,"key":"Potion Belt"},{"floor":10.0,"key":"PreservedInsect"},{"floor":12.0,"key":"HornCleat"},{"floor":22.0,"key":"Enchiridion"},{"floor":23.0,"key":"Thread and Needle"},{"floor":25.0,"key":"Shovel"},{"floor":26.0,"key":"Juzu Bracelet"},{"floor":27.0,"key":"Unceasing Top"},{"floor":29.0,"key":"MealTicket"},{"floor":32.0,"key":"Bag of Marbles"},{"floor":36.0,"key":"Mango"},{"floor":40.0,"key":"Pen Nib"},{"floor":41.0,"key":"Regal Pillow"},{"floor":48,"key":"CeramicFish"},{"floor":49,"key":"Centennial Puzzle"},{"floor":52,"key":"Pantograph"},{"floor":54,"key":"War Paint"}],"event_choices":[{"damage_healed":0.0,"max_hp_gain":0.0,"max_hp_loss":0.0,"gold_gain":0.0,"event_name":"Big Fish","player_choice":"Box","floor":2.0,"gold_loss":0.0,"damage_taken":0.0,"relics_obtained":["Snake Skull"],"cards_obtained":["Regret"]},{"damage_healed":0.0,"max_hp_gain":0.0,"max_hp_loss":0.0,"gold_gain":0.0,"event_name":"Upgrade Shrine","player_choice":"Upgraded","floor":3.0,"gold_loss":0.0,"damage_taken":0.0,"cards_upgraded":["Neutralize"]},{"damage_healed":0.0,"max_hp_gain":0.0,"max_hp_loss":0.0,"gold_gain":0.0,"event_name":"Back to Basics","player_choice":"Simplicity","floor":19.0,"gold_loss":0.0,"damage_taken":0.0,"cards_upgraded":["Strike_G","Strike_G","Strike_G","Strike_G","Strike_G","Defend_G","Defend_G","Defend_G","Defend_G","Defend_G"]},{"cards_removed":["Strike_G"],"damage_healed":0.0,"max_hp_gain":0.0,"max_hp_loss":0.0,"gold_gain":0.0,"event_name":"Beggar","player_choice":"Gave Gold","floor":20.0,"gold_loss":75.0,"damage_taken":0.0},{"damage_healed":0.0,"max_hp_gain":0.0,"max_hp_loss":0.0,"gold_gain":0.0,"event_name":"Cursed Tome","player_choice":"Obtained Book","floor":22.0,"gold_loss":0.0,"damage_taken":21.0},{"damage_healed":0.0,"max_hp_gain":0.0,"max_hp_loss":0.0,"gold_gain":0.0,"event_name":"Lab","player_choice":"Got Potions","floor":31.0,"gold_loss":0.0,"damage_taken":0.0},{"damage_healed":0.0,"max_hp_gain":0.0,"max_hp_loss":0.0,"gold_gain":0.0,"event_name":"Mysterious Sphere","player_choice":"Fight","floor":36.0,"gold_loss":0.0,"damage_taken":0.0},{"cards_removed":["Strike_G"],"damage_healed":0.0,"max_hp_gain":0.0,"max_hp_loss":0.0,"gold_gain":0.0,"event_name":"Falling","player_choice":"Removed Attack","floor":38.0,"gold_loss":0.0,"damage_taken":0.0},{"damage_healed":0.0,"max_hp_gain":0.0,"max_hp_loss":0.0,"gold_gain":0.0,"event_name":"SensoryStone","player_choice":"Memory 3","floor":39.0,"gold_loss":0.0,"damage_taken":10.0},{"damage_healed":0.0,"max_hp_gain":0.0,"max_hp_loss":0.0,"gold_gain":0.0,"event_name":"Tomb of Lord Red Mask","player_choice":"Ignored","floor":42.0,"gold_loss":0.0,"damage_taken":0.0},{"damage_healed":0,"gold_gain":0,"player_choice":"Gave Potion","damage_taken":0,"relics_obtained":["Smiling Mask"],"max_hp_gain":0,"max_hp_loss":0,"event_name":"WeMeetAgain","floor":45,"gold_loss":0}],"is_beta":false,"boss_relics":[{"not_picked":["Pandora\u0027s Box","Fusion Hammer"],"picked":"SacredBark"},{"not_picked":["Philosopher\u0027s Stone","Velvet Choker"],"picked":"WristBlade"}],"items_purged_floors":[11,30],"is_endless":false,"potions_floor_spawned":[1,5,7,10,13,18,28,36,41,48,54],"killed_by":"The Heart","ascension_level":15}}