{"host":"d8hh7rr4yzitjeuj","time":1607840971,"event":{"mods":["2.2 Compatiblity","AchievementEnabler","BaseMod","CapriCore","Colored Map","Colored Powertips","Highlight Path","Keyboard Shortcuts","Minty Spire (QoL Compilation)","Permanent Neow","Quick Restart","StSLib","SuperFastMode"],"gold_per_floor":[118,128,143,160,160,192,205,235,235,252,263,263,288,308,308,379,379,392,317,317,327,44,76,76,76,76],"floor_reached":25,"playtime":708,"items_purged":[],"score":590,"play_id":"3e0bc99e-871a-449d-bc90-7a1928934c17","local_time":"20201213152931","is_ascension_mode":true,"campfire_choices":[{"data":"Reprogram","floor":12,"key":"SMITH"},{"data":"Fusion","floor":15,"key":"SMITH"},{"data":"Self Repair","floor":24,"key":"SMITH"}],"circlet_count":0,"master_deck":["AscendersBane","Defend_B","Defend_B","Defend_B","Zap","Dualcast","Recycle+1","Reinforced Body+1","Hyperbeam+1","Go for the Eyes","Turbo","Reprogram+1","FTL","Seek","Go for the Eyes","Hello World","Sunder","Fusion+1","Seek","Stack","Lockon","Self Repair+1","Seek"],"relics":["Astrolabe","Akabeko","Thread and Needle","Ancient Tea Set","Pear","Question Card","Coffee Dripper","Molten Egg 2","Gremlin Horn"],"acts_visited":["Exordium","TheCity"],"potions_floor_usage":[13,13],"damage_taken":[{"damage":0.0,"enemies":"Jaw Worm","floor":1.0,"turns":2.0},{"damage":1,"enemies":"2 Louse","floor":2,"turns":2},{"damage":1,"enemies":"Cultist","floor":3,"turns":4},{"damage":0,"enemies":"Gremlin Gang","floor":4,"turns":2},{"damage":11,"enemies":"3 Sentries","floor":6,"turns":3},{"damage":0,"enemies":"Looter","floor":7,"turns":2},{"damage":22,"enemies":"Lagavulin","floor":8,"turns":5},{"damage":0,"enemies":"Lots of Slimes","floor":10,"turns":2},{"damage":0,"enemies":"3 Louse","floor":11,"turns":1},{"damage":4,"enemies":"Gremlin Nob","floor":13,"turns":3},{"damage":0,"enemies":"Gremlin Gang","floor":14,"turns":2},{"damage":0,"enemies":"Hexaghost","floor":16,"turns":9},{"damage":14,"enemies":"Chosen","floor":18,"turns":4},{"damage":2,"enemies":"2 Thieves","floor":21,"turns":3},{"damage":36,"enemies":"Slavers","floor":23,"turns":5},{"damage":33,"enemies":"Gremlin Leader","floor":25,"turns":4}],"seed_played":"7829481565775359109","potions_obtained":[{"floor":3,"key":"BlessingOfTheForge"},{"floor":4,"key":"GamblersBrew"},{"floor":11,"key":"AttackPotion"},{"floor":23,"key":"EssenceOfDarkness"}],"is_trial":false,"path_per_floor":["M","M","M","M","?","E","M","E","T","M","M","R","E","M","R","B",null,"M","?","?","M","$","E","R","E"],"character_chosen":"DEFECT","items_purchased":["Molten Egg 2"],"campfire_rested":0,"item_purchase_floors":[22],"current_hp_per_floor":[64,63,62,62,51,40,40,18,28,28,28,28,24,24,24,24,67,53,53,53,51,51,22,22,0,0],"gold":76,"neow_bonus":"BOSS_RELIC","is_daily":false,"chose_seed":false,"campfire_upgraded":3,"win_rate":0.0,"timestamp":1607840971,"path_taken":["M","M","M","M","?","E","M","E","T","M","M","R","E","M","R","BOSS","M","?","?","?","$","E","R","E"],"items_purchased_type":["Relic"],"build_version":"2020-11-30","purchased_purges":0,"victory":false,"max_hp_per_floor":[71,71,71,71,71,71,71,71,81,81,81,81,81,81,81,81,81,81,81,81,81,81,81,81,81,81],"card_choices":[{"not_picked":["Coolheaded","Gash"],"picked":"Go for the Eyes","floor":1.0},{"not_picked":["Coolheaded","Static Discharge"],"picked":"Turbo","floor":2},{"not_picked":["Turbo","Beam Cell"],"picked":"Reprogram","floor":3},{"not_picked":["Conserve Battery","Melter"],"picked":"FTL","floor":4},{"not_picked":["Go for the Eyes","Gash","Steam"],"picked":"SKIP","floor":6},{"not_picked":["Streamline","Coolheaded"],"picked":"Seek","floor":7},{"not_picked":["Ball Lightning","Coolheaded"],"picked":"Go for the Eyes","floor":8},{"not_picked":["Streamline","Coolheaded"],"picked":"Hello World","floor":10},{"not_picked":["Lockon","Turbo"],"picked":"Sunder","floor":11},{"not_picked":["Force Field","Ball Lightning","Lockon"],"picked":"SKIP","floor":13},{"not_picked":["Beam Cell","Glacier","Stack"],"picked":"Fusion","floor":14},{"not_picked":["Machine Learning","Creative AI","Core Surge"],"picked":"Seek","floor":16},{"not_picked":["Gash","Barrage","Ball Lightning"],"picked":"Stack","floor":18},{"not_picked":["Stack","Blizzard","Electrodynamics"],"picked":"Self Repair","floor":21},{"not_picked":["Redo+1","Self Repair","Static Discharge"],"picked":"Seek","floor":23}],"player_experience":1332214,"relics_obtained":[{"floor":6,"key":"Thread and Needle"},{"floor":8,"key":"Ancient Tea Set"},{"floor":9,"key":"Pear"},{"floor":13,"key":"Question Card"},{"floor":23,"key":"Gremlin Horn"}],"event_choices":[{"damage_healed":0,"gold_gain":0,"player_choice":"Success","damage_taken":11,"relics_obtained":["Akabeko"],"max_hp_gain":0,"max_hp_loss":0,"event_name":"Scrap Ooze","floor":5,"gold_loss":0},{"cards_removed":["Strike_B"],"damage_healed":0,"gold_gain":0,"player_choice":"Gave Gold","damage_taken":0,"max_hp_gain":0,"max_hp_loss":0,"event_name":"Beggar","floor":19,"gold_loss":75},{"damage_healed":0,"gold_gain":0,"cards_transformed":["Strike_B"],"player_choice":"Transformed","damage_taken":0,"max_hp_gain":0,"max_hp_loss":0,"event_name":"Transmorgrifier","floor":20,"gold_loss":0,"cards_obtained":["Lockon"]}],"is_beta":false,"boss_relics":[{"not_picked":["Ectoplasm","Pandora\u0027s Box"],"picked":"Coffee Dripper"}],"items_purged_floors":[],"is_endless":false,"potions_floor_spawned":[3,4,6,11,23],"killed_by":"Gremlin Leader","ascension_level":20}}