{"host":"BK","time":1607897186,"event":{"mods":["BaseMod","Highlight Path","Minty Spire (QoL Compilation)","StSLib"],"gold_per_floor":[118,118,43,118,75,108,108,126,126,154,173,236,262,280,280,280,280],"floor_reached":16,"playtime":435,"items_purged":[],"score":286,"play_id":"1d5ade35-7ead-4664-8d12-6f56fa692d25","local_time":"20201213150626","is_ascension_mode":true,"campfire_choices":[{"floor":7.0,"key":"REST"},{"floor":15,"key":"REST"}],"circlet_count":0,"master_deck":["AscendersBane","Strike_B","Strike_B","Strike_B","Defend_B","Defend_B+1","Defend_B","Defend_B+1","Zap","Dualcast","Coolheaded","Melter","Sunder","Barrage","Sweeping Beam+1","White Noise","Coolheaded+1","Reinforced Body+1"],"relics":["Cracked Core","NeowsBlessing","Pantograph","Molten Egg 2","PreservedInsect","Toxic Egg 2"],"acts_visited":["Exordium"],"potions_floor_usage":[13],"damage_taken":[{"damage":0.0,"enemies":"Small Slimes","floor":1.0,"turns":1.0},{"damage":0.0,"enemies":"3 Sentries","floor":6.0,"turns":1.0},{"damage":0.0,"enemies":"Jaw Worm","floor":8.0,"turns":1.0},{"damage":32.0,"enemies":"Lagavulin","floor":10.0,"turns":7.0},{"damage":0.0,"enemies":"2 Louse","floor":11.0,"turns":1.0},{"damage":6,"enemies":"Gremlin Nob","floor":13,"turns":3},{"damage":5,"enemies":"Large Slime","floor":14,"turns":4},{"damage":63,"enemies":"Slime Boss","floor":16,"turns":10}],"seed_played":"-4922937646929328931","potions_obtained":[{"floor":6.0,"key":"SpeedPotion"},{"floor":10.0,"key":"FocusPotion"}],"is_trial":false,"path_per_floor":["M","?","?","?","$","E","R","M","T","E","M","?","E","M","R","B"],"character_chosen":"DEFECT","items_purchased":["Melter"],"campfire_rested":2,"item_purchase_floors":[5],"current_hp_per_floor":[64,43,43,32,32,32,53,53,53,21,21,21,15,10,31,0,0],"gold":280,"neow_bonus":"THREE_ENEMY_KILL","is_daily":false,"chose_seed":false,"campfire_upgraded":0,"win_rate":0.0,"timestamp":1607897186,"path_taken":["M","?","?","?","$","E","R","M","T","E","?","?","E","M","R","BOSS"],"items_purchased_type":["Card"],"build_version":"2020-12-07","purchased_purges":0,"victory":false,"max_hp_per_floor":[71,71,71,71,71,71,71,71,71,71,71,71,71,71,71,71,71],"card_choices":[{"not_picked":["Heatsinks","Beam Cell"],"picked":"Coolheaded","floor":1.0},{"not_picked":["Capacitor","Rebound"],"picked":"Sunder","floor":6.0},{"not_picked":["Turbo","Stack"],"picked":"Barrage","floor":8.0},{"not_picked":["Beam Cell+1","Sunder+1"],"picked":"Sweeping Beam+1","floor":10.0},{"not_picked":["All For One+1","Hologram"],"picked":"White Noise","floor":11.0},{"not_picked":["Steam+1","Hologram+1"],"picked":"Coolheaded+1","floor":13},{"not_picked":["Coolheaded+1","Beam Cell+1"],"picked":"Reinforced Body+1","floor":14}],"player_experience":2361553,"relics_obtained":[{"floor":6.0,"key":"Pantograph"},{"floor":9.0,"key":"Molten Egg 2"},{"floor":10.0,"key":"PreservedInsect"},{"floor":13,"key":"Toxic Egg 2"}],"event_choices":[{"damage_healed":0.0,"max_hp_gain":0.0,"max_hp_loss":0.0,"gold_gain":0.0,"event_name":"Shining Light","player_choice":"Entered Light","floor":2.0,"gold_loss":0.0,"damage_taken":21.0,"cards_upgraded":["Defend_B","Defend_B"]},{"cards_removed":["Strike_B"],"damage_healed":0.0,"max_hp_gain":0.0,"max_hp_loss":0.0,"gold_gain":0.0,"event_name":"The Cleric","player_choice":"Card Removal","floor":3.0,"gold_loss":75.0,"damage_taken":0.0},{"damage_healed":0.0,"max_hp_gain":0.0,"max_hp_loss":0.0,"gold_gain":75.0,"event_name":"World of Goop","player_choice":"Gather Gold","floor":4.0,"gold_loss":0.0,"damage_taken":11.0},{"damage_healed":0.0,"max_hp_gain":0.0,"max_hp_loss":0.0,"gold_gain":63.0,"event_name":"Golden Wing","player_choice":"Gained Gold","floor":12.0,"gold_loss":0.0,"damage_taken":0.0}],"is_beta":true,"boss_relics":[],"items_purged_floors":[],"is_endless":false,"potions_floor_spawned":[6,10,11],"killed_by":"Slime Boss","ascension_level":20}}