{"host":"m6aaltr68g9tvoay","time":1607820772,"event":{"mods":["AchievementEnabler","BaseMod","Colored Map","Downfall","Minty Spire (QoL Compilation)","StSLib"],"gold_per_floor":[99,117,117,117,133,143,195,195,207,207,37,137,150,164,177,177,177],"floor_reached":16,"playtime":2160,"items_purged":[],"score":94,"play_id":"c8c2cfe8-6862-471b-a106-0c43002e73e0","local_time":"20201212165252","is_ascension_mode":false,"campfire_choices":[{"data":"champ:Execute","floor":1,"key":"SMITH"},{"data":"champ:Taunt","floor":4,"key":"SMITH"},{"data":"champ:EndlessRage","floor":8,"key":"SMITH"},{"data":"champ:FanOfKnives","floor":10,"key":"SMITH"}],"circlet_count":0,"master_deck":["champ:Strike","champ:Strike","champ:Strike","champ:Strike","champ:Defend","champ:Defend","champ:Defend","champ:Defend","champ:Execute+1","champ:Taunt+1","champ:ShieldWall+1","champ:RisingSlash","champ:EndlessRage+1","champ:FanOfKnives+1","champ:Lariat","champ:Shatter","champ:StanceDance","champ:FlashCut"],"relics":["champ:ChampionCrown"],"acts_visited":["Exordium"],"potions_floor_usage":[16,16],"damage_taken":[{"damage":7,"enemies":"2 Louse","floor":2,"turns":3},{"damage":6,"enemies":"Cultist","floor":5,"turns":4},{"damage":6,"enemies":"Small Slimes","floor":6,"turns":3},{"damage":25,"enemies":"Red Slaver","floor":9,"turns":3},{"damage":11,"enemies":"downfall:FleeingMerchant","floor":11,"turns":4},{"damage":24,"enemies":"Lots of Slimes","floor":13,"turns":4},{"damage":19,"enemies":"Large Slime","floor":14,"turns":6},{"damage":24,"enemies":"Gremlin Gang","floor":15,"turns":4},{"damage":56,"enemies":"downfall:Watcher","floor":16,"turns":8}],"seed_played":"2530884333381550462","potions_obtained":[{"floor":6,"key":"Ancient Potion"},{"floor":13,"key":"DuplicationPotion"}],"is_trial":false,"path_per_floor":["R","M","?","R","M","M","T","R","M","R","$","?","M","M","M","B"],"character_chosen":"THE_CHAMP","items_purchased":["champ:Shatter","Regen Potion"],"campfire_rested":0,"item_purchase_floors":[11,11],"current_hp_per_floor":[99,97,97,97,96,93,93,93,82,82,85,85,71,55,37,0,0],"gold":177,"neow_bonus":"TEN_PERCENT_HP_BONUS","is_daily":false,"chose_seed":false,"campfire_upgraded":4,"win_rate":0.0,"timestamp":1607820772,"path_taken":["R","M","?","R","?","M","T","R","M","R","$","?","M","?","M","BOSS"],"items_purchased_type":["Card","Potion"],"build_version":"2020-11-30","purchased_purges":0,"victory":false,"max_hp_per_floor":[99,99,99,99,99,99,99,99,99,99,99,99,99,99,99,99,99],"card_choices":[{"not_picked":["champ:CrookedStrike","champ:BerserkersShout"],"picked":"champ:ShieldWall","floor":2},{"not_picked":["champ:ShieldWall","champ:SkillfulDodge"],"picked":"champ:RisingSlash","floor":5},{"not_picked":["champ:CrookedStrike","champ:Duel"],"picked":"champ:EndlessRage","floor":6},{"not_picked":["champ:FocusedGladiator","champ:FlashCut"],"picked":"champ:FanOfKnives","floor":9},{"not_picked":["champ:BringItOn","champ:BerserkerStyle"],"picked":"champ:Lariat","floor":11},{"not_picked":["champ:SkillfulDodge","champ:FaceSlap"],"picked":"champ:StanceDance","floor":13},{"not_picked":["champ:Circumvent","champ:AdrenalArmor","champ:Riposte"],"picked":"SKIP","floor":14},{"not_picked":["champ:FanOfKnives","champ:Riposte"],"picked":"champ:FlashCut","floor":15}],"player_experience":1584254,"relics_obtained":[],"event_choices":[{"damage_healed":0,"gold_gain":0,"player_choice":"Upgraded","damage_taken":0,"max_hp_gain":0,"max_hp_loss":0,"event_name":"Upgrade Shrine","floor":3,"gold_loss":0,"cards_upgraded":["champ:ShieldWall"]}],"is_beta":false,"boss_relics":[],"items_purged_floors":[],"is_endless":false,"potions_floor_spawned":[6,13],"killed_by":"downfall:Watcher","ascension_level":0}}