{"host":"plbsiuh3vwan8ocg","time":1607856010,"event":{"mods":["AchievementEnabler","BaseMod","Minty Spire (QoL Compilation)","Permanent Neow","Quick Restart","StSLib"],"gold_per_floor":[115,129,204,204,218,251,251,1,1,1,35,53,53,84,84,182,182,202,225,225,225,225,268,268,293,293,293,313,351,371,371,371,467,467,492,523,856,869,882,882,882,485,485,485,503,32,52,79,79,79],"floor_reached":51,"playtime":4482,"items_purged":[],"score":1304,"play_id":"55a3eef9-373f-4560-b0a6-ea19618094af","local_time":"20201213054010","is_ascension_mode":true,"campfire_choices":[{"floor":7.0,"key":"REST"},{"floor":13.0,"key":"REST"},{"data":"Hello World","floor":15.0,"key":"SMITH"},{"floor":24.0,"key":"REST"},{"data":"Consume","floor":27.0,"key":"SMITH"},{"data":"Seek","floor":32.0,"key":"SMITH"},{"data":"Fission","floor":40.0,"key":"SMITH"},{"data":"Storm","floor":49.0,"key":"SMITH"}],"circlet_count":0,"master_deck":["AscendersBane","Defend_B","Defend_B","Defend_B+1","Defend_B","Zap+1","Dualcast","Beam Cell+1","Melter","Hello World+1","Conserve Battery","Streamline","Sunder","Injury","Seek+1","Storm+1","Cold Snap","Hyperbeam","Cold Snap","Coolheaded","Redo+1","FTL","Bite","Bite","Bite","Bite","Bite","Hologram+1","Consume+1","Hello World","Heatsinks+1","Sweeping Beam","Cold Snap+1","Amplify","Skim","RitualDagger","Fission+1","Rebound+1","Conserve Battery","Lockon","Creative AI","Hologram","Go for the Eyes+1","Steam","Madness","Madness","Heatsinks","Capacitor","Fusion","Leap+1","Turbo+1","Glacier"],"relics":["Cracked Core","War Paint","CaptainsWheel","Medical Kit","Bottled Lightning","Gremlin Horn","Prayer Wheel","Inserter","Meat on the Bone","Dead Branch","Omamori","Eternal Feather","Nuclear Battery","Bird Faced Urn","Vajra","Shuriken","Happy Flower","Runic Capacitor","Gambling Chip","Blood Vial"],"acts_visited":["Exordium","TheCity","TheBeyond"],"potions_floor_usage":[50,50],"damage_taken":[{"damage":1.0,"enemies":"2 Louse","floor":1.0,"turns":2.0},{"damage":7.0,"enemies":"Jaw Worm","floor":2.0,"turns":4.0},{"damage":0.0,"enemies":"Cultist","floor":5.0,"turns":3.0},{"damage":22.0,"enemies":"3 Sentries","floor":6.0,"turns":6.0},{"damage":10.0,"enemies":"Gremlin Nob","floor":11.0,"turns":3.0},{"damage":4.0,"enemies":"Lots of Slimes","floor":12.0,"turns":2.0},{"damage":10.0,"enemies":"3 Sentries","floor":14.0,"turns":5.0},{"damage":26.0,"enemies":"The Guardian","floor":16.0,"turns":8.0},{"damage":2.0,"enemies":"Chosen","floor":18.0,"turns":4.0},{"damage":7.0,"enemies":"Shell Parasite","floor":19.0,"turns":4.0},{"damage":50.0,"enemies":"Book of Stabbing","floor":23.0,"turns":6.0},{"damage":19.0,"enemies":"3 Cultists","floor":25.0,"turns":7.0},{"damage":14.0,"enemies":"Centurion and Healer","floor":28.0,"turns":4.0},{"damage":35.0,"enemies":"Slavers","floor":29.0,"turns":8.0},{"damage":11.0,"enemies":"Chosen and Byrds","floor":30.0,"turns":5.0},{"damage":38.0,"enemies":"Collector","floor":33.0,"turns":16.0},{"damage":4.0,"enemies":"3 Shapes","floor":35.0,"turns":5.0},{"damage":0.0,"enemies":"Mind Bloom Boss Battle","floor":36.0,"turns":9.0},{"damage":10.0,"enemies":"Orb Walker","floor":38.0,"turns":4.0},{"damage":0.0,"enemies":"Sphere and 2 Shapes","floor":39.0,"turns":5.0},{"damage":22.0,"enemies":"Spire Growth","floor":45.0,"turns":4.0},{"damage":14.0,"enemies":"4 Shapes","floor":47.0,"turns":3.0},{"damage":21.0,"enemies":"Reptomancer","floor":48.0,"turns":7.0},{"damage":36,"enemies":"Time Eater","floor":50,"turns":13}],"seed_played":"-4885032344610920499","potions_obtained":[{"floor":2.0,"key":"Fire Potion"},{"floor":12.0,"key":"PowerPotion"},{"floor":14.0,"key":"Regen Potion"},{"floor":16.0,"key":"SkillPotion"},{"floor":18.0,"key":"DuplicationPotion"},{"floor":25.0,"key":"FocusPotion"},{"floor":29.0,"key":"Fire Potion"},{"floor":36.0,"key":"FocusPotion"},{"floor":45.0,"key":"Block Potion"},{"floor":47.0,"key":"PowerPotion"}],"is_trial":false,"path_per_floor":["M","M","?","?","M","E","R","$","T","?","E","M","R","E","R","B",null,"M","M","?","T","?","E","R","M","T","R","M","E","M","?","R","B",null,"M","?","?","M","M","R","?","$","T","?","M","$","M","E","R","B",null],"character_chosen":"DEFECT","items_purchased":["Medical Kit","Streamline","Sunder","Vajra","Shuriken","Runic Capacitor","Gambling Chip","Fusion"],"campfire_rested":3,"item_purchase_floors":[8,8,8,42,42,46,46,46],"current_hp_per_floor":[63,56,45,45,45,23,44,44,44,44,34,30,51,41,41,15,57,55,48,48,48,48,16,30,35,35,35,35,20,33,27,48,34,45,49,49,49,46,49,49,49,49,49,43,41,41,39,44,49,31],"gold":79,"neow_bonus":"RANDOM_COMMON_RELIC","is_daily":false,"chose_seed":false,"campfire_upgraded":5,"win_rate":0.0,"timestamp":1607856010,"path_taken":["M","M","?","?","?","E","R","?","T","?","E","M","R","E","R","BOSS","M","M","?","?","?","E","R","?","T","R","M","E","M","?","R","BOSS","M","?","?","M","M","R","?","$","T","?","M","$","M","E","R","BOSS"],"items_purchased_type":["Relic","Card","Card","Relic","Relic","Relic","Relic","Card"],"build_version":"2020-11-30","purchased_purges":0,"victory":true,"max_hp_per_floor":[71,71,71,71,71,71,71,71,71,71,71,71,71,71,71,71,71,71,71,49,49,49,49,49,49,49,49,49,49,49,49,49,49,49,49,49,49,49,49,49,49,49,49,49,49,49,49,49,49,49],"card_choices":[{"not_picked":["Lockon","Loop"],"picked":"Beam Cell","floor":1.0},{"not_picked":["Steam","Leap"],"picked":"Melter","floor":2.0},{"not_picked":["Coolheaded","Turbo"],"picked":"Hello World","floor":5.0},{"not_picked":["Redo","Turbo"],"picked":"Conserve Battery","floor":6.0},{"not_picked":["Conserve Battery","Scrape"],"picked":"Seek","floor":11.0},{"not_picked":["Rebound","Conserve Battery"],"picked":"Storm","floor":12.0},{"not_picked":["Beam Cell","Fusion"],"picked":"Cold Snap","floor":14.0},{"not_picked":["Thunder Strike","Multi-Cast"],"picked":"Hyperbeam","floor":16.0},{"not_picked":["Stack","Leap"],"picked":"Cold Snap","floor":18.0},{"not_picked":["Rip and Tear","Leap"],"picked":"Coolheaded","floor":18.0},{"not_picked":["Hologram","Go for the Eyes"],"picked":"Redo+1","floor":19.0},{"not_picked":["Chill","Reinforced Body"],"picked":"FTL","floor":19.0},{"not_picked":["Leap","Glacier"],"picked":"Hologram+1","floor":23.0},{"not_picked":["Skim","Cold Snap+1"],"picked":"Consume","floor":25.0},{"not_picked":["Aggregate","Buffer"],"picked":"Hello World","floor":25.0},{"not_picked":["Conserve Battery","Turbo"],"picked":"Heatsinks+1","floor":28.0},{"not_picked":["Redo","Steam"],"picked":"Sweeping Beam","floor":28.0},{"not_picked":["Reprogram","Darkness"],"picked":"Cold Snap+1","floor":29.0},{"not_picked":["Glacier","Coolheaded"],"picked":"Amplify","floor":30.0},{"not_picked":["Rebound","Turbo"],"picked":"Skim","floor":30.0},{"not_picked":["Rainbow","Amplify"],"picked":"Fission","floor":33.0},{"not_picked":["Ball Lightning","Go for the Eyes"],"picked":"Rebound+1","floor":35.0},{"not_picked":["Melter","Streamline"],"picked":"Conserve Battery","floor":35.0},{"not_picked":["Ball Lightning","Steam"],"picked":"Lockon","floor":36.0},{"not_picked":["Leap","Go for the Eyes+1"],"picked":"Creative AI","floor":38.0},{"not_picked":["Redo","Streamline"],"picked":"Hologram","floor":38.0},{"not_picked":["Auto Shields","Rebound+1"],"picked":"Go for the Eyes+1","floor":39.0},{"not_picked":["Stack","Reinforced Body"],"picked":"Steam","floor":39.0},{"not_picked":["Ball Lightning","Go for the Eyes+1"],"picked":"Heatsinks","floor":45.0},{"not_picked":["Coolheaded","Hologram"],"picked":"Capacitor","floor":45.0},{"not_picked":["Multi-Cast","Gash"],"picked":"Leap+1","floor":47.0},{"not_picked":["Rebound","Glacier"],"picked":"Turbo+1","floor":47.0},{"not_picked":["Reprogram","Fission"],"picked":"Glacier","floor":48.0}],"player_experience":388803,"relics_obtained":[{"floor":6.0,"key":"CaptainsWheel"},{"floor":9.0,"key":"Bottled Lightning"},{"floor":11.0,"key":"Gremlin Horn"},{"floor":14.0,"key":"Prayer Wheel"},{"floor":21.0,"key":"Meat on the Bone"},{"floor":23.0,"key":"Dead Branch"},{"floor":26.0,"key":"Omamori"},{"floor":29.0,"key":"Eternal Feather"},{"floor":36.0,"key":"Bird Faced Urn"},{"floor":43.0,"key":"Happy Flower"},{"floor":48.0,"key":"Blood Vial"}],"event_choices":[{"damage_healed":0.0,"max_hp_gain":0.0,"max_hp_loss":0.0,"gold_gain":75.0,"event_name":"World of Goop","player_choice":"Gather Gold","floor":3.0,"gold_loss":0.0,"damage_taken":11.0},{"damage_healed":0.0,"max_hp_gain":0.0,"max_hp_loss":0.0,"gold_gain":0.0,"event_name":"Upgrade Shrine","player_choice":"Upgraded","floor":4.0,"gold_loss":0.0,"damage_taken":0.0,"cards_upgraded":["Beam Cell"]},{"damage_healed":0.0,"max_hp_gain":0.0,"max_hp_loss":0.0,"gold_gain":0.0,"event_name":"Golden Idol","player_choice":"Take Wound","floor":10.0,"gold_loss":0.0,"damage_taken":0.0,"relics_obtained":["Golden Idol"],"cards_obtained":["Injury"]},{"damage_healed":0.0,"max_hp_gain":0.0,"max_hp_loss":22.0,"gold_gain":0.0,"event_name":"Vampires","player_choice":"Became a vampire","floor":20.0,"gold_loss":0.0,"damage_taken":0.0,"cards_obtained":["Bite","Bite","Bite","Bite","Bite"]},{"damage_healed":0.0,"max_hp_gain":0.0,"max_hp_loss":0.0,"gold_gain":0.0,"event_name":"Ghosts","player_choice":"Ignored","floor":22.0,"gold_loss":0.0,"damage_taken":0.0},{"damage_healed":0.0,"max_hp_gain":0.0,"max_hp_loss":0.0,"gold_gain":0.0,"event_name":"Nest","player_choice":"Joined the Cult","floor":31.0,"gold_loss":0.0,"damage_taken":6.0,"cards_obtained":["RitualDagger"]},{"damage_healed":0.0,"max_hp_gain":0.0,"max_hp_loss":0.0,"gold_gain":0.0,"event_name":"MindBloom","player_choice":"Fight","floor":36.0,"gold_loss":0.0,"damage_taken":0.0},{"damage_healed":0.0,"max_hp_gain":0.0,"max_hp_loss":0.0,"gold_gain":333.0,"event_name":"The Moai Head","player_choice":"Gave Idol","floor":37.0,"relics_lost":["Golden Idol"],"gold_loss":0.0,"damage_taken":0.0},{"damage_healed":0.0,"max_hp_gain":0.0,"max_hp_loss":0.0,"gold_gain":0.0,"event_name":"Tomb of Lord Red Mask","player_choice":"Ignored","floor":41.0,"gold_loss":0.0,"damage_taken":0.0},{"damage_healed":0.0,"max_hp_gain":0.0,"max_hp_loss":0.0,"gold_gain":0.0,"event_name":"Winding Halls","player_choice":"Embrace Madness","floor":44.0,"gold_loss":0.0,"damage_taken":6.0,"cards_obtained":["Madness","Madness"]}],"is_beta":false,"boss_relics":[{"not_picked":["Black Star","Fusion Hammer"],"picked":"Inserter"},{"not_picked":["FrozenCore","Busted Crown"],"picked":"Nuclear Battery"}],"items_purged_floors":[],"is_endless":false,"potions_floor_spawned":[2,12,14,16,18,25,28,29,36,45,47,48],"ascension_level":14}}