{"host":"zi8o4akxlgxypwgb","time":1607838424,"event":{"mods":["BaseMod","Minty Spire (QoL Compilation)","Replay The Spire","StSLib","SuperFastMode"],"gold_per_floor":[122,150,176,176,202,246,246,321,372,395,430,15,40,76,76,187,187,220,12,12,12,50,105,105,30,30,30,44,44],"floor_reached":28,"playtime":1217,"items_purged":["Defend_P"],"score":300,"play_id":"9de3cd83-65cf-4af2-afaf-39d039b22edc","local_time":"20201213134704","is_ascension_mode":true,"campfire_choices":[{"data":"Replay:AllIn","floor":7.0,"key":"SMITH"},{"data":"Eruption","floor":15.0,"key":"SMITH"},{"data":"Midas Touch","floor":24,"key":"SMITH"}],"circlet_count":0,"master_deck":["Strike_P","Strike_P","Defend_P","Defend_P","Eruption+1","Vigilance","FlyingSleeves","Replay:AtTheReady","Replay:ManipulateFuture","ForeignInfluence","Steam","Sanctity","Replay:AllIn+1","Crescendo","Wallop","Evaluate","Violence","SignatureMove","Consecrate","Replay:Battleflow","Ragnarok","Sanctity","Midas Touch+1","Weave","CutThroughFate","Replay:BluntJabs+1","Replay:Vibes+1"],"relics":["PureWater","Replay:Bandana","Bottled Lightning","Happy Flower","Damaru","Orichalcum","Busted Crown","Ring of Panic","Ring of Hypnosis","ReplayFunnel","Bag of Marbles"],"acts_visited":["Exordium","TheCity"],"potions_floor_usage":[],"damage_taken":[{"damage":0.0,"enemies":"2 Louse","floor":1.0,"turns":2.0},{"damage":4.0,"enemies":"Jaw Worm","floor":2.0,"turns":3.0},{"damage":0.0,"enemies":"Small Slimes","floor":3.0,"turns":3.0},{"damage":5.0,"enemies":"Looter","floor":5.0,"turns":2.0},{"damage":40.0,"enemies":"Lagavulin","floor":6.0,"turns":6.0},{"damage":0.0,"enemies":"3 Louse","floor":10.0,"turns":2.0},{"damage":3.0,"enemies":"Exordium Wildlife","floor":11.0,"turns":5.0},{"damage":0.0,"enemies":"Looter","floor":13.0,"turns":3.0},{"damage":0.0,"enemies":"Gremlin Nob","floor":14.0,"turns":3.0},{"damage":1.0,"enemies":"Slime Boss","floor":16.0,"turns":5.0},{"damage":0.0,"enemies":"Chosen","floor":18.0,"turns":2.0},{"damage":9.0,"enemies":"Shell Parasite","floor":22.0,"turns":3.0},{"damage":28,"enemies":"Book of Stabbing","floor":23,"turns":5},{"damage":0,"enemies":"3 Cultists","floor":28,"turns":3}],"seed_played":"-7065861015877515087","potions_obtained":[{"floor":2.0,"key":"PowerPotion"},{"floor":6.0,"key":"Block Potion"},{"floor":10.0,"key":"Ancient Potion"},{"floor":13.0,"key":"DuplicationPotion"},{"floor":16.0,"key":"SpeedPotion"},{"floor":18.0,"key":"Languid Potion"}],"is_trial":false,"path_per_floor":["M","M","M","?","M","E","R","?","T","M","M","$","M","E","R","B",null,"M","$","?","?","M","E","R","$","T","?","M"],"character_chosen":"WATCHER","items_purchased":["Evaluate","Violence","SignatureMove","Damaru","Midas Touch","Weave"],"campfire_rested":0,"item_purchase_floors":[12,12,12,12,19,19],"current_hp_per_floor":[72,68,68,68,63,23,23,12,12,12,9,9,9,9,9,8,72,72,72,72,72,63,35,35,35,35,35,35,35],"gold":44,"neow_bonus":"RANDOM_COMMON_RELIC","is_daily":false,"chose_seed":false,"campfire_upgraded":3,"win_rate":0.0,"timestamp":1607838424,"path_taken":["M","M","M","?","M","E","R","?","T","M","M","$","M","E","R","BOSS","M","$","?","?","M","E","R","$","T","?","M"],"items_purchased_type":["Card","Card","Card","Relic","Card","Card"],"build_version":"2020-11-30","purchased_purges":1,"victory":false,"max_hp_per_floor":[72,72,72,72,72,72,72,72,72,72,72,72,72,72,72,72,72,72,72,72,72,72,72,72,72,72,72,72,72],"card_choices":[{"not_picked":["ClearTheMind","LikeWater"],"picked":"FlyingSleeves","floor":1.0},{"not_picked":["Protect","Replay:Hum"],"picked":"Replay:AtTheReady","floor":2.0},{"not_picked":["CrushJoints","Wireheading"],"picked":"Replay:ManipulateFuture","floor":3.0},{"not_picked":["BowlingBash","WaveOfTheHand"],"picked":"Sanctity","floor":5.0},{"not_picked":["Evaluate","CutThroughFate"],"picked":"Replay:AllIn","floor":6.0},{"not_picked":["Replay:ManipulateFuture","FollowUp"],"picked":"Crescendo","floor":10.0},{"not_picked":["CrushJoints","FlyingSleeves"],"picked":"Wallop","floor":11.0},{"not_picked":["Collect","JustLucky"],"picked":"Consecrate","floor":13.0},{"not_picked":["Perseverance","Pray"],"picked":"Replay:Battleflow","floor":14.0},{"not_picked":["Replay:LoomingThreat","Scrawl"],"picked":"Ragnarok","floor":16.0},{"not_picked":[],"picked":"Sanctity","floor":18.0},{"not_picked":[],"picked":"Replay:BluntJabs+1","floor":22.0},{"not_picked":[],"picked":"Replay:Vibes+1","floor":23}],"player_experience":293326,"relics_obtained":[{"floor":6.0,"key":"Bottled Lightning"},{"floor":9.0,"key":"Happy Flower"},{"floor":14.0,"key":"Orichalcum"},{"floor":21.0,"key":"Ring of Panic"},{"floor":21.0,"key":"Ring of Hypnosis"},{"floor":23,"key":"ReplayFunnel"},{"floor":26,"key":"Bag of Marbles"}],"event_choices":[{"damage_healed":0.0,"max_hp_gain":0.0,"max_hp_loss":0.0,"gold_gain":75.0,"event_name":"World of Goop","player_choice":"Gather Gold","floor":8.0,"gold_loss":0.0,"damage_taken":11.0},{"damage_healed":0.0,"max_hp_gain":0.0,"max_hp_loss":0.0,"gold_gain":0.0,"event_name":"The Library","player_choice":"Read","floor":20.0,"gold_loss":0.0,"damage_taken":0.0,"cards_obtained":["CutThroughFate"]},{"cards_removed":["Strike_P"],"damage_healed":0,"gold_gain":0,"player_choice":"Elegance","damage_taken":0,"max_hp_gain":0,"max_hp_loss":0,"event_name":"Back to Basics","floor":27,"gold_loss":0}],"is_beta":false,"boss_relics":[{"not_picked":["Ectoplasm","Runic Dome"],"picked":"Busted Crown"}],"items_purged_floors":[25],"is_endless":false,"potions_floor_spawned":[2,6,10,11,13,16,18,23],"killed_by":"3 Cultists","ascension_level":2}}