{"host":"c70kelp781yiwf61","time":1607834662,"event":{"mods":["BaseMod","Minty Spire (QoL Compilation)","Reimu£®≤©¿ˆ¡È√Œ£©","Waifu the Spire"],"gold_per_floor":[114,114,114,114,139,166,166,166,217,217,217,217],"floor_reached":11,"playtime":365,"items_purged":[],"score":70,"play_id":"2f362173-8d28-4326-8e5e-b3c286828640","local_time":"20201213124422","is_ascension_mode":true,"campfire_choices":[{"floor":8,"key":"REST"},{"data":"NineCharacters:ReiMu","floor":10,"key":"SMITH"}],"circlet_count":0,"master_deck":["Strike_Lin:ReiMu","Strike_Lin:ReiMu","Strike_Lin:ReiMu","Defend_Lin:ReiMu","Defend_Lin:ReiMu","Defend_Lin:ReiMu","Defend_Lin:ReiMu","NB:ReiMu","Stagnation:ReiMu","FantasyMoon:ReiMu","SubcavityInstant:ReiMu","NineCharacters:ReiMu+1"],"relics":["FlyPower:ReiMu","Boot","Meat on the Bone","Nunchaku","GremlinMask","Vajra"],"acts_visited":["Exordium"],"potions_floor_usage":[6],"damage_taken":[{"damage":5,"enemies":"Jaw Worm","floor":1,"turns":7},{"damage":45,"enemies":"3 Sentries","floor":6,"turns":12},{"damage":20,"enemies":"Gremlin Nob","floor":11,"turns":5}],"seed_played":"-9075569494863594572","potions_obtained":[{"floor":1,"key":"Energy Potion"}],"is_trial":false,"path_per_floor":["M","?","?","?","T","E","?","R","T","R","E"],"character_chosen":"REIMU","items_purchased":[],"campfire_rested":1,"item_purchase_floors":[],"current_hp_per_floor":[60,60,60,53,53,20,20,39,39,39,19,19],"gold":217,"neow_bonus":"RANDOM_COMMON_RELIC","is_daily":false,"chose_seed":false,"campfire_upgraded":1,"win_rate":0.0,"timestamp":1607834662,"path_taken":["M","?","?","?","?","E","?","R","T","R","E"],"items_purchased_type":[],"build_version":"2020-11-30","purchased_purges":0,"victory":false,"max_hp_per_floor":[65,65,65,65,65,65,65,65,65,65,65,65],"card_choices":[{"not_picked":["TakeOff:ReiMu","CollectionFlower2:ReiMu"],"picked":"FantasyMoon:ReiMu","floor":1},{"not_picked":["Amulet:ReiMu","FoulBorder2:ReiMu"],"picked":"NineCharacters:ReiMu","floor":6}],"player_experience":132025,"relics_obtained":[{"floor":6,"key":"Nunchaku"},{"floor":9,"key":"Vajra"}],"event_choices":[{"damage_healed":0,"gold_gain":0,"player_choice":"Box","damage_taken":0,"relics_obtained":["Meat on the Bone"],"max_hp_gain":0,"max_hp_loss":0,"event_name":"Big Fish","floor":2,"gold_loss":0,"cards_obtained":["Regret"]},{"damage_healed":0,"gold_gain":0,"cards_transformed":["Strike_Lin:ReiMu"],"player_choice":"Change","damage_taken":0,"max_hp_gain":0,"max_hp_loss":0,"event_name":"Living Wall","floor":3,"gold_loss":0,"cards_obtained":["SubcavityInstant:ReiMu"]},{"cards_removed":["Regret"],"damage_healed":0,"gold_gain":0,"player_choice":"Card Removal","damage_taken":7,"max_hp_gain":0,"max_hp_loss":0,"event_name":"Golden Wing","floor":4,"gold_loss":0},{"damage_healed":0,"gold_gain":0,"player_choice":"Trade","damage_taken":0,"relics_obtained":["GremlinMask"],"max_hp_gain":0,"max_hp_loss":0,"event_name":"FaceTrader","floor":7,"gold_loss":0}],"is_beta":false,"boss_relics":[],"items_purged_floors":[],"is_endless":false,"potions_floor_spawned":[1],"killed_by":"Gremlin Nob","ascension_level":1}}