{"host":"bf1tnxyvjw6wp3cl","time":1607830341,"event":{"mods":["AchievementEnabler","BaseMod","Block Reminder","Colored Powertips","Minty Spire (QoL Compilation)","Quick Restart","Relic Stats","StSLib","SuperFastMode"],"gold_per_floor":[115,415,415,442,462,489,508,508,508,460,480,480,480,497,497,497,497],"floor_reached":16,"playtime":304,"items_purged":[],"score":125,"play_id":"3ed4900d-c856-4cae-88ea-1d2c8c50f790","local_time":"20201212223221","is_ascension_mode":false,"campfire_choices":[{"floor":8,"key":"RECALL"},{"data":"PathToVictory","floor":12,"key":"SMITH"},{"floor":15,"key":"REST"}],"circlet_count":0,"master_deck":["Strike_P","Strike_P","Strike_P","Strike_P","Defend_P","Defend_P","Defend_P","Eruption","Vigilance","JustLucky","CarveReality","PathToVictory+1","ThirdEye","JustLucky","JustLucky","TalkToTheHand","FlyingSleeves"],"relics":["PureWater","NeowsBlessing","Old Coin","Pear","Bag of Marbles"],"acts_visited":["Exordium"],"potions_floor_usage":[16],"damage_taken":[{"damage":0,"enemies":"Jaw Worm","floor":1,"turns":1},{"damage":0,"enemies":"Small Slimes","floor":5,"turns":1},{"damage":0,"enemies":"Gremlin Nob","floor":6,"turns":1},{"damage":0,"enemies":"Cultist","floor":7,"turns":2},{"damage":4,"enemies":"2 Fungi Beasts","floor":11,"turns":3},{"damage":30,"enemies":"Gremlin Gang","floor":14,"turns":5},{"damage":68,"enemies":"Slime Boss","floor":16,"turns":10}],"seed_played":"-6471018588691304812","potions_obtained":[{"floor":5,"key":"Weak Potion"},{"floor":14,"key":"Dexterity Potion"}],"is_trial":false,"path_per_floor":["M","?","?","T","M","E","M","R","T","$","M","R","?","M","R","B"],"character_chosen":"WATCHER","items_purchased":["JustLucky"],"campfire_rested":1,"item_purchase_floors":[10],"current_hp_per_floor":[72,65,65,65,65,75,75,75,75,75,71,71,71,41,65,0,0],"gold":497,"neow_bonus":"THREE_ENEMY_KILL","is_daily":false,"chose_seed":false,"campfire_upgraded":1,"win_rate":0.0,"timestamp":1607830341,"path_taken":["M","?","?","?","M","E","M","R","T","$","M","R","?","M","R","BOSS"],"items_purchased_type":["Card"],"build_version":"2020-11-30","purchased_purges":0,"victory":false,"max_hp_per_floor":[72,72,72,72,72,82,82,82,82,82,82,82,82,82,82,82,82],"relic_stats":{"counters":[7,23],"obtain_stats":[{"Pear":6,"NeowsBlessing":0,"Bag of Marbles":9,"PureWater":0,"Old Coin":2},{"Pear":3,"NeowsBlessing":0,"Bag of Marbles":4,"PureWater":0,"Old Coin":1},{"Pear":3,"NeowsBlessing":0,"Bag of Marbles":5,"PureWater":0,"Old Coin":1}]},"card_choices":[{"not_picked":["ForeignInfluence","TalkToTheHand"],"picked":"JustLucky","floor":1},{"not_picked":["SashWhip","ThirdEye"],"picked":"PathToVictory","floor":5},{"not_picked":["WaveOfTheHand","CutThroughFate"],"picked":"ThirdEye","floor":6},{"not_picked":["EmptyBody","FlurryOfBlows"],"picked":"JustLucky","floor":7},{"not_picked":["MentalFortress","Protect"],"picked":"TalkToTheHand","floor":11},{"not_picked":["Fasting2","Perseverance"],"picked":"FlyingSleeves","floor":14}],"player_experience":148977,"relics_obtained":[{"floor":6,"key":"Pear"},{"floor":9,"key":"Bag of Marbles"}],"event_choices":[{"damage_healed":0,"gold_gain":0,"player_choice":"Success","damage_taken":7,"relics_obtained":["Old Coin"],"max_hp_gain":0,"max_hp_loss":0,"event_name":"Scrap Ooze","floor":2,"gold_loss":0},{"damage_healed":0,"gold_gain":0,"cards_transformed":["Defend_P"],"player_choice":"Change","damage_taken":0,"max_hp_gain":0,"max_hp_loss":0,"event_name":"Living Wall","floor":3,"gold_loss":0,"cards_obtained":["CarveReality"]},{"damage_healed":0,"gold_gain":0,"player_choice":"Leave","damage_taken":0,"max_hp_gain":0,"max_hp_loss":0,"event_name":"The Cleric","floor":13,"gold_loss":0}],"is_beta":false,"boss_relics":[],"items_purged_floors":[],"is_endless":false,"potions_floor_spawned":[5,14],"killed_by":"Slime Boss","ascension_level":0}}