{"host":"l7bqp3ve1ygltd7f","time":1607837765,"event":{"mods":["BaseMod","Downfall","Hermit","Minty Spire (QoL Compilation)","StSLib","The Bug Knight","The Construct","The Cursed","The Hierophant","The Jungle","The Poker Player","The Runesmith","The Senshi","The Servant 0.9.4"],"gold_per_floor":[116,76,92,92,119,119,162,162,162,187,206,220,259,259,259,389,389,408,426,426,426],"floor_reached":20,"playtime":711,"items_purged":[],"score":240,"play_id":"cfcb6b8f-8fce-4f3a-a2ba-84ec1c713231","local_time":"20201213133605","is_ascension_mode":true,"campfire_choices":[{"data":"Cleave","floor":6,"key":"SMITH"},{"data":"Flex","floor":8,"key":"SMITH"},{"data":"Inflame","floor":15,"key":"SMITH"}],"circlet_count":0,"master_deck":["Strike_R","Strike_R","Strike_R","Strike_R","Defend_R","Defend_R","Defend_R","Bash","Cleave+1","Flex+1","Headbutt","Inflame+1","Demon Form","Rage"],"relics":["Burning Blood","NeowsBlessing","Golden Idol","Potion Belt","Orichalcum","Strawberry","Matryoshka","Empty Cage"],"acts_visited":["Exordium","TheCity"],"potions_floor_usage":[13,16,18,20,20],"damage_taken":[{"damage":0,"enemies":"Small Slimes","floor":1,"turns":1},{"damage":0,"enemies":"Cultist","floor":3,"turns":1},{"damage":0,"enemies":"Lagavulin","floor":7,"turns":1},{"damage":6,"enemies":"Jaw Worm","floor":10,"turns":2},{"damage":13,"enemies":"Exordium Wildlife","floor":11,"turns":2},{"damage":3,"enemies":"2 Fungi Beasts","floor":12,"turns":3},{"damage":13,"enemies":"3 Sentries","floor":13,"turns":4},{"damage":41,"enemies":"Slime Boss","floor":16,"turns":9},{"damage":41,"enemies":"2 Thieves","floor":18,"turns":4},{"damage":21,"enemies":"Spheric Guardian","floor":19,"turns":4},{"damage":43,"enemies":"Shelled Parasite and Fungi","floor":20,"turns":4}],"seed_played":"-1194720125535000852","potions_obtained":[{"floor":2,"key":"ColorlessPotion"},{"floor":2,"key":"SpeedPotion"},{"floor":2,"key":"Explosive Potion"},{"floor":12,"key":"GamblersBrew"},{"floor":16,"key":"SteroidPotion"},{"floor":19,"key":"SneckoOil"}],"is_trial":false,"path_per_floor":["M","?","M","?","T","R","E","R","T","M","M","M","E","?","R","B",null,"M","M","M"],"character_chosen":"IRONCLAD","items_purchased":[],"campfire_rested":0,"item_purchase_floors":[],"current_hp_per_floor":[80,80,80,60,60,60,66,66,66,66,59,62,62,62,62,27,87,52,37,0,0],"gold":426,"neow_bonus":"THREE_ENEMY_KILL","is_daily":false,"chose_seed":false,"campfire_upgraded":3,"win_rate":0.0,"timestamp":1607837765,"path_taken":["M","?","?","?","?","R","E","R","T","M","M","M","E","?","R","BOSS","M","?","M"],"items_purchased_type":[],"build_version":"2020-11-30","purchased_purges":0,"victory":false,"max_hp_per_floor":[80,80,80,80,80,80,80,80,80,80,80,80,87,87,87,87,87,87,87,87,87],"card_choices":[{"not_picked":["Thunderclap","Reckless Charge"],"picked":"Cleave","floor":1},{"not_picked":["Clothesline","Power Through","Warcry"],"picked":"SKIP","floor":3},{"not_picked":["Perfected Strike","Havoc"],"picked":"Flex","floor":7},{"not_picked":["Clothesline","True Grit"],"picked":"Headbutt","floor":10},{"not_picked":["Body Slam","True Grit","Evolve"],"picked":"SKIP","floor":11},{"not_picked":["Shrug It Off","True Grit"],"picked":"Inflame","floor":12},{"not_picked":["Exhume","Entrench","Anger"],"picked":"SKIP","floor":13},{"not_picked":["Feed","Brutality"],"picked":"Demon Form","floor":16},{"not_picked":["Shrug It Off","Inflame"],"picked":"Rage","floor":18},{"not_picked":["Intimidate","Havoc","True Grit"],"picked":"SKIP","floor":19}],"player_experience":137909,"relics_obtained":[{"floor":7,"key":"Potion Belt"},{"floor":9,"key":"Orichalcum"},{"floor":13,"key":"Strawberry"}],"event_choices":[{"damage_healed":0,"gold_gain":0,"player_choice":"Bought 3 Potions","damage_taken":0,"max_hp_gain":0,"max_hp_loss":0,"event_name":"The Woman in Blue","floor":2,"gold_loss":0},{"damage_healed":0,"gold_gain":0,"player_choice":"Take Damage","damage_taken":20,"relics_obtained":["Golden Idol"],"max_hp_gain":0,"max_hp_loss":0,"event_name":"Golden Idol","floor":4,"gold_loss":0},{"damage_healed":0,"gold_gain":0,"player_choice":"Gave Potion","damage_taken":0,"relics_obtained":["Matryoshka"],"max_hp_gain":0,"max_hp_loss":0,"event_name":"WeMeetAgain","floor":14,"gold_loss":0}],"is_beta":false,"boss_relics":[{"not_picked":["Runic Pyramid","Pandora\u0027s Box"],"picked":"Empty Cage"}],"items_purged_floors":[],"is_endless":false,"potions_floor_spawned":[12,16,19],"killed_by":"Shelled Parasite and Fungi","ascension_level":3}}