{"host":"vzugls1u57eppbds","time":1607884868,"event":{"mods":["AchievementEnabler","BaseMod","Better Third Choice","Minty Spire (QoL Compilation)","Relic Stats","Shop Mod","StSLib","The IronCluck"],"gold_per_floor":[16,35,35,35,51,83,83,83,109,122,157,9,9,25,25,129,129,129,148,148,14,14,14,39,49,349,364,364,376,376,392,392,493,493,505,398,398,2,18,52,62,62,62,97,19,34,52,52,52],"floor_reached":48,"playtime":1517,"items_purged":[],"score":757,"play_id":"fa5ffa78-c831-4c9c-a717-aa225d7f1145","local_time":"20201213194108","is_ascension_mode":true,"campfire_choices":[{"floor":8.0,"key":"REST"},{"floor":15.0,"key":"REST"},{"floor":23.0,"key":"REST"},{"floor":30.0,"key":"REST"},{"floor":32.0,"key":"REST"},{"floor":42.0,"key":"REST"}],"circlet_count":0,"master_deck":["Strike_R+1","Strike_R+1","Strike_R+1","Strike_R+1","Strike_R+1","Defend_R+1","Defend_R+1","Defend_R+1","Defend_R+1","Bash+1","Demon Form+1","Hemokinesis","Clothesline","Pommel Strike","Fiend Fire","Shrug It Off","Iron Wave","Limit Break","Seeing Red","Clothesline+1","Thunderclap+1","Dark Embrace","Wild Strike","Reaper","Wild Strike+1","Evolve","Heavy Blade+1","Apotheosis","Sword Boomerang+1","Reckless Charge+1","Evolve+1","Infernal Blade"],"relics":["Black Blood","Regal Pillow","Matryoshka","Omamori","Blood Vial","White Beast Statue","Membership Card","PreservedInsect","SacredBark","Oddly Smooth Stone","Bag of Marbles","Lantern","Old Coin","Nunchaku","Potion Belt","HandDrill","Molten Egg 2","WingedGreaves","Torii","Mummified Hand","Anchor"],"acts_visited":["Exordium","TheCity","TheBeyond"],"potions_floor_usage":[48],"damage_taken":[{"damage":7.0,"enemies":"Small Slimes","floor":1.0,"turns":4.0},{"damage":3.0,"enemies":"Cultist","floor":2.0,"turns":3.0},{"damage":4.0,"enemies":"Jaw Worm","floor":5.0,"turns":3.0},{"damage":44.0,"enemies":"3 Sentries","floor":6.0,"turns":7.0},{"damage":10.0,"enemies":"3 Louse","floor":10.0,"turns":4.0},{"damage":32.0,"enemies":"Gremlin Nob","floor":11.0,"turns":5.0},{"damage":23.0,"enemies":"Lots of Slimes","floor":14.0,"turns":5.0},{"damage":44.0,"enemies":"The Guardian","floor":16.0,"turns":8.0},{"damage":0.0,"enemies":"3 Byrds","floor":18.0,"turns":1.0},{"damage":57.0,"enemies":"Shell Parasite","floor":19.0,"turns":8.0},{"damage":5.0,"enemies":"Gremlin Leader","floor":24.0,"turns":4.0},{"damage":35.0,"enemies":"Cultist and Chosen","floor":25.0,"turns":7.0},{"damage":18.0,"enemies":"Snake Plant","floor":27.0,"turns":3.0},{"damage":26.0,"enemies":"Sentry and Sphere","floor":29.0,"turns":6.0},{"damage":31.0,"enemies":"Cultist and Chosen","floor":31.0,"turns":7.0},{"damage":51.0,"enemies":"Champ","floor":33.0,"turns":9.0},{"damage":26.0,"enemies":"Orb Walker","floor":35.0,"turns":3.0},{"damage":13.0,"enemies":"3 Shapes","floor":39.0,"turns":3.0},{"damage":42.0,"enemies":"Nemesis","floor":40.0,"turns":7.0},{"damage":65.0,"enemies":"Spire Growth","floor":41.0,"turns":6.0},{"damage":24.0,"enemies":"Giant Head","floor":44.0,"turns":6.0},{"damage":10.0,"enemies":"Transient","floor":46.0,"turns":5.0},{"damage":39.0,"enemies":"Jaw Worm Horde","floor":47.0,"turns":4.0},{"damage":53,"enemies":"Spire Growth","floor":48,"turns":4}],"seed_played":"5263225440623514400","potions_obtained":[{"floor":1.0,"key":"SpeedPotion"},{"floor":5.0,"key":"Block Potion"},{"floor":10.0,"key":"SkillPotion"},{"floor":14.0,"key":"FearPotion"},{"floor":16.0,"key":"SmokeBomb"},{"floor":19.0,"key":"DistilledChaos"},{"floor":24.0,"key":"GamblersBrew"},{"floor":25.0,"key":"Ancient Potion"},{"floor":27.0,"key":"Strength Potion"},{"floor":29.0,"key":"BlessingOfTheForge"},{"floor":31.0,"key":"Fire Potion"},{"floor":33.0,"key":"SkillPotion"},{"floor":35.0,"key":"PowerPotion"},{"floor":39.0,"key":"DistilledChaos"},{"floor":40.0,"key":"GamblersBrew"},{"floor":41.0,"key":"Weak Potion"},{"floor":44.0,"key":"SpeedPotion"},{"floor":46.0,"key":"BlessingOfTheForge"},{"floor":47.0,"key":"Fire Potion"}],"is_trial":false,"path_per_floor":["M","M","?","?","M","E","?","R","T","M","E","$","?","M","R","B",null,"M","M","?","$","?","R","E","M","T","M","?","M","R","M","R","B",null,"M","$","?","$","M","E","M","R","T","E","$","M","M","M"],"character_chosen":"IRONCLAD","items_purchased":["Membership Card","Seeing Red","Oddly Smooth Stone","SkillPotion","Evolve","Nunchaku","Potion Belt","HandDrill","Molten Egg 2","Heavy Blade+1","Apotheosis","BloodPotion","Anchor"],"campfire_rested":6,"item_purchase_floors":[12,21,21,21,36,36,38,38,38,38,38,38,45],"current_hp_per_floor":[71,74,58,46,48,10,36,75,75,73,49,49,49,34,73,37,69,77,28,28,28,28,67,70,43,43,33,33,15,54,31,70,27,67,61,61,61,61,62,34,21,60,60,50,50,73,48,0,0],"gold":52,"neow_bonus":"THREE_RARE_CARDS","is_daily":false,"chose_seed":false,"campfire_upgraded":0,"win_rate":0.0,"timestamp":1607884868,"path_taken":["M","M","?","?","M","E","?","R","T","M","E","$","?","M","R","BOSS","M","M","?","$","?","R","E","M","T","M","?","?","R","M","R","BOSS","M","$","?","$","M","E","M","R","T","E","$","M","M","M"],"items_purchased_type":["Relic","Card","Relic","Potion","Card","Relic","Relic","Relic","Relic","Card","Card","Potion","Relic"],"build_version":"2020-11-30","purchased_purges":0,"victory":false,"max_hp_per_floor":[80,80,80,80,80,80,80,80,80,80,80,80,80,80,80,80,80,80,80,80,80,80,80,80,80,80,80,80,80,80,80,80,80,80,80,80,80,80,80,80,80,80,80,80,80,80,80,80,80],"relic_stats":{"Blood Vial":40,"Regal Pillow":90,"Nunchaku":[7],"Torii":3,"counters":[24,122],"Mummified Hand":[9],"Black Blood":180,"PreservedInsect":229,"HandDrill":[8],"obtain_stats":[{"Potion Belt":38,"Regal Pillow":4,"Lantern":26,"Torii":43,"SacredBark":17,"Oddly Smooth Stone":21,"Black Blood":34,"PreservedInsect":13,"Omamori":9,"Burning Blood":0,"White Beast Statue":11,"Old Coin":26,"Blood Vial":9,"Nunchaku":36,"Anchor":45,"Matryoshka":6,"Mummified Hand":44,"Molten Egg 2":38,"WingedGreaves":40,"Bag of Marbles":24,"HandDrill":38,"Membership Card":12},{"Potion Belt":17,"Regal Pillow":2,"Lantern":12,"Torii":20,"SacredBark":8,"Oddly Smooth Stone":10,"Black Blood":16,"PreservedInsect":6,"Omamori":4,"Burning Blood":0,"White Beast Statue":6,"Old Coin":12,"Blood Vial":4,"Nunchaku":17,"Anchor":21,"Matryoshka":4,"Mummified Hand":21,"Molten Egg 2":17,"WingedGreaves":19,"Bag of Marbles":11,"HandDrill":17,"Membership Card":6},{"Potion Belt":87,"Regal Pillow":7,"Lantern":59,"Torii":103,"SacredBark":39,"Oddly Smooth Stone":48,"Black Blood":84,"PreservedInsect":26,"Omamori":17,"Burning Blood":0,"White Beast Statue":26,"Old Coin":59,"Blood Vial":17,"Nunchaku":87,"Anchor":109,"Matryoshka":17,"Mummified Hand":109,"Molten Egg 2":87,"WingedGreaves":97,"Bag of Marbles":52,"HandDrill":87,"Membership Card":26}]},"card_choices":[{"not_picked":["Impervious","Double Tap"],"picked":"Demon Form","floor":0.0},{"not_picked":["Headbutt","Uppercut"],"picked":"Hemokinesis","floor":1.0},{"not_picked":["Flame Barrier","True Grit"],"picked":"Clothesline","floor":2.0},{"not_picked":["Entrench","Iron Wave"],"picked":"Pommel Strike","floor":5.0},{"not_picked":["Searing Blow","Warcry"],"picked":"Fiend Fire","floor":6.0},{"not_picked":["Armaments","Havoc","Anger"],"picked":"SKIP","floor":10.0},{"not_picked":["Bloodletting","Combust"],"picked":"Shrug It Off","floor":11.0},{"not_picked":["Headbutt","True Grit"],"picked":"Iron Wave","floor":14.0},{"not_picked":["Impervious","Double Tap"],"picked":"Limit Break","floor":16.0},{"not_picked":["Body Slam","Disarm","Perfected Strike"],"picked":"SKIP","floor":19.0},{"not_picked":["Dual Wield+1","Flex","Havoc"],"picked":"SKIP","floor":24.0},{"not_picked":["Twin Strike","Flex"],"picked":"Clothesline+1","floor":25.0},{"not_picked":["Infernal Blade+1","Bloodletting+1"],"picked":"Thunderclap+1","floor":27.0},{"not_picked":["Metallicize","Fire Breathing"],"picked":"Dark Embrace","floor":29.0},{"not_picked":["Clothesline","Clash"],"picked":"Wild Strike","floor":31.0},{"not_picked":["Limit Break","Bludgeon"],"picked":"Reaper","floor":33.0},{"not_picked":["Sword Boomerang","True Grit+1"],"picked":"Wild Strike+1","floor":35.0},{"not_picked":["Body Slam+1","Flex+1","Hemokinesis+1"],"picked":"SKIP","floor":39.0},{"not_picked":["Havoc+1","Armaments","Corruption"],"picked":"SKIP","floor":40.0},{"not_picked":["Body Slam+1","Thunderclap+1"],"picked":"Sword Boomerang+1","floor":41.0},{"not_picked":["Anger+1","Barricade"],"picked":"Reckless Charge+1","floor":44.0},{"not_picked":["Body Slam+1","Heavy Blade+1"],"picked":"Evolve+1","floor":46.0},{"not_picked":["Shrug It Off","Combust"],"picked":"Infernal Blade","floor":47.0}],"player_experience":211145,"relics_obtained":[{"floor":6.0,"key":"Matryoshka"},{"floor":9.0,"key":"Omamori"},{"floor":9.0,"key":"Blood Vial"},{"floor":11.0,"key":"White Beast Statue"},{"floor":24.0,"key":"Bag of Marbles"},{"floor":26.0,"key":"Lantern"},{"floor":26.0,"key":"Old Coin"},{"floor":40.0,"key":"WingedGreaves"},{"floor":43.0,"key":"Torii"},{"floor":44.0,"key":"Mummified Hand"}],"event_choices":[{"damage_healed":74.0,"max_hp_gain":0.0,"max_hp_loss":80.0,"gold_gain":0.0,"event_name":"betterThird:BetterShining","player_choice":"Upgrade","floor":3.0,"gold_loss":0.0,"damage_taken":16.0,"cards_upgraded":["Strike_R","Bash"]},{"damage_healed":0.0,"max_hp_gain":0.0,"max_hp_loss":0.0,"gold_gain":0.0,"event_name":"betterThird:BetterScrap","player_choice":"Relic ","floor":4.0,"gold_loss":0.0,"damage_taken":12.0,"cards_obtained":["Leg Sweep"]},{"damage_healed":26.0,"max_hp_gain":0.0,"max_hp_loss":0.0,"gold_gain":0.0,"event_name":"Big Fish","player_choice":"Banana","floor":7.0,"gold_loss":0.0,"damage_taken":0.0},{"damage_healed":0.0,"max_hp_gain":0.0,"max_hp_loss":0.0,"gold_gain":0.0,"event_name":"WeMeetAgain","player_choice":"Gave Potion","floor":13.0,"gold_loss":0.0,"damage_taken":0.0,"relics_obtained":["PreservedInsect"]},{"damage_healed":0.0,"max_hp_gain":0.0,"max_hp_loss":0.0,"gold_gain":0.0,"event_name":"Ghosts","player_choice":"Ignored","floor":20.0,"gold_loss":0.0,"damage_taken":0.0},{"damage_healed":0.0,"max_hp_gain":0.0,"max_hp_loss":8.0,"gold_gain":0.0,"event_name":"betterThird:BetterWriting","player_choice":"Simplicity","floor":22.0,"gold_loss":0.0,"damage_taken":0.0},{"damage_healed":0.0,"max_hp_gain":0.0,"max_hp_loss":0.0,"gold_gain":0.0,"event_name":"Accursed Blacksmith","player_choice":"Forge","floor":28.0,"gold_loss":0.0,"damage_taken":0.0,"cards_upgraded":["Demon Form"]},{"damage_healed":0.0,"max_hp_gain":0.0,"max_hp_loss":0.0,"gold_gain":0.0,"event_name":"SensoryStone","player_choice":"Memory 1","floor":37.0,"gold_loss":0.0,"damage_taken":0.0}],"is_beta":false,"boss_relics":[{"not_picked":["Mark of Pain","Ectoplasm"],"picked":"SacredBark"},{"not_picked":["Astrolabe","Runic Dome"],"picked":"Black Blood"}],"items_purged_floors":[],"is_endless":false,"potions_floor_spawned":[1,5,10,14,16,18,19,24,25,27,29,31,33,35,39,40,41,44,46,47],"killed_by":"Spire Growth","ascension_level":9}}