{"host":"whyfdmrq1ty0e9zp","time":1607856160,"event":{"mods":["Act Like it!","BaseMod","Colored Map","Colored Powertips","Conspire","Gensokyo","LagranYue(拉格朗・月)","Marisa（F雨　魔理沙）","Minty Spire (QoL Compilation)","MostiFishMod","Prisma Mod","Quick Restart","Relic Stats","Remilia（蕾米莉亚）","Replay The Spire","StSLib","TestMod","vexMod","【遗物卡牌】REMEMod"],"gold_per_floor":[116,2,2,16,26,57,57,86,112,126,162,204,242,293,293,420,420,459,259,259,259,304,304,342,342,342,374,383,392,64,251,251,641,641,662,388,435,451,551,551,244,262,262,379,424,443,918,942,942,1214],"floor_reached":51,"playtime":2251,"items_purged":["Strike_MRS","Strike_MRS","Defend_MRS","WitchOfGreed"],"score":1375,"play_id":"07f413b1-da90-4cc0-9dc6-c41ea06a9848","local_time":"20201213184240","is_ascension_mode":true,"campfire_choices":[{"data":"GrandCross","floor":15.0,"key":"SMITH"},{"data":"GrandCross","floor":23,"key":"SMITH"},{"data":"IllusionStar+1","floor":25,"key":"SMITH"},{"data":"PrismaMod:ChloeAnySkillTrace","floor":32,"key":"SMITH"},{"data":"PulseMagic","floor":40,"key":"SMITH"},{"data":"ManaRampage","floor":49,"key":"SMITH"}],"circlet_count":0,"master_deck":["Defend_MRS","Defend_MRS","Defend_MRS","MasterSpark","UpSweep","testmod-AdversityCounterattack","AsteroidBelt+1","IllusionStar+2","GrandCross+1","MagicChant+1","GrandCross+1","DarkMatter","Acceleration","LuminesStrike","MillisecondPulsars","GalacticHalo","SporeBomb+1","MagicAbsorber","Gensokyo:AllTheWorldsEvil","PrismaMod:ChloeAnySkillTrace+1","Robbery","Acceleration","ManaConvection","PulseMagic+1","ManaRampage+1","Orbital","REME_MagicPocketWatch","SuperPerseids+1","EventHorizon+1","Acceleration","Acceleration+1"],"relics":["MiniHakkero","testmod-TestBox","DaveBox","REME_ComplimentaryCards","testmod-TimeTraveler","ChiXiaoBlade","LagranYue:RandomDrawCardRelic","NeowsBlessing","Question Card","Lantern","LagranYue:MagicReflectiveArmorRelic","LagranYue:RareGoldArmorRelic","CeramicFish","ImportantClient","ShadowXiaoBlade","TheAbacus","conspire:InfiniteJournal","Bottled Flame","White Beast Statue","testmod-FatalChain","Bag of Marbles","HaiYi:Twilight","Membership Card","PreservedInsect","Civilization","conspire:TreasureMap","testmod-Déjàvu","Snack Pack"],"acts_visited":["Exordium","Gensokyo:Gensokyo","TheBeyond"],"potions_floor_usage":[31],"damage_taken":[{"damage":0.0,"enemies":"Gensokyo:Python","floor":1.0,"turns":1.0},{"damage":0.0,"enemies":"Gensokyo:3_Fairies","floor":4.0,"turns":1.0},{"damage":0.0,"enemies":"Gensokyo:Gryphon","floor":5.0,"turns":1.0},{"damage":19.0,"enemies":"Gensokyo:Aya","floor":6.0,"turns":4.0},{"damage":2.0,"enemies":"Gensokyo:Mamizou","floor":8.0,"turns":5.0},{"damage":3.0,"enemies":"Gensokyo:2_Rabbits","floor":10.0,"turns":2.0},{"damage":0.0,"enemies":"Gensokyo:Gryphon_and_Rabbit","floor":11.0,"turns":4.0},{"damage":0.0,"enemies":"Gensokyo:Cirno","floor":12.0,"turns":4.0},{"damage":8.0,"enemies":"Gensokyo:Kitsune","floor":13.0,"turns":2.0},{"damage":0.0,"enemies":"Gensokyo:Mamizou","floor":14.0,"turns":7.0},{"damage":7.0,"enemies":"Gensokyo:Yukari","floor":16.0,"turns":8.0},{"damage":0,"enemies":"Gensokyo:2_Gloops","floor":18,"turns":2},{"damage":6,"enemies":"Gensokyo:CosmicMonolith","floor":22,"turns":2},{"damage":0,"enemies":"Gensokyo:Reisen","floor":24,"turns":2},{"damage":0,"enemies":"Gensokyo:Koishi","floor":27,"turns":2},{"damage":0,"enemies":"Gensokyo:Reisen","floor":31,"turns":2},{"damage":0,"enemies":"Gensokyo:Eiki","floor":33,"turns":4},{"damage":0,"enemies":"Orb Walker","floor":35,"turns":1},{"damage":0,"enemies":"3 Shapes","floor":37,"turns":1},{"damage":0,"enemies":"Sphere and 2 Shapes","floor":38,"turns":1},{"damage":0,"enemies":"Writhing Mass","floor":42,"turns":1},{"damage":0,"enemies":"3 Darklings","floor":44,"turns":2},{"damage":11,"enemies":"2 Orb Walkers","floor":45,"turns":2},{"damage":0,"enemies":"4 Shapes","floor":46,"turns":1},{"damage":0,"enemies":"Giant Head","floor":47,"turns":1},{"damage":0,"enemies":"Writhing Mass","floor":48,"turns":1},{"damage":16,"enemies":"Awakened One","floor":50,"turns":3}],"seed_played":"2817091023698496168","potions_obtained":[{"floor":1.0,"key":"testmod-TimePotion"},{"floor":4.0,"key":"conspire:TimeTravelPotion"},{"floor":5.0,"key":"LiquidBronze"},{"floor":11.0,"key":"Dexterity Potion"},{"floor":12.0,"key":"ColorlessPotion"},{"floor":13.0,"key":"testmod-SpacePotion"},{"floor":14.0,"key":"Fire Potion"},{"floor":16.0,"key":"Adrenaline Potion"},{"floor":18,"key":"Weak Potion"},{"floor":18,"key":"GamblersBrew"},{"floor":22,"key":"Swift Potion"},{"floor":33,"key":"SkillPotion"},{"floor":33,"key":"SkillPotion"},{"floor":35,"key":"PowerPotion"}],"is_trial":false,"path_per_floor":["M","$","?","M","M","E","?","E","T","M","M","E","M","E","R","B",null,"M","$","?","?","M","R","E","R","T","E","?","?","$","E","R","B",null,"M","$","M","M","?","R","$","M","T","M","?","M","E","M","R","B",null],"character_chosen":"MARISA","items_purchased":["IllusionStar+1","TheAbacus","Robbery","testmod-FatalChain","Acceleration","Membership Card","REME_MagicPocketWatch","PreservedInsect","Civilization","conspire:TreasureMap"],"campfire_rested":0,"item_purchase_floors":[2,19,30,30,30,36,36,36,41,41],"current_hp_per_floor":[75,75,75,75,75,56,56,54,54,51,51,51,51,51,51,44,67,67,67,67,67,61,61,61,61,61,61,61,61,61,61,61,61,72,72,72,72,72,72,72,72,73,73,80,78,91,105,120,120,126],"gold":1214,"neow_bonus":"THREE_ENEMY_KILL","is_daily":false,"chose_seed":false,"campfire_upgraded":6,"win_rate":0.0,"timestamp":1607856160,"path_taken":["M","$","?","M","?","E","?","E","T","M","M","E","M","E","R","BOSS","M","$","?","?","M","R","E","R","T","E","?","?","$","E","R","BOSS","M","$","M","M","?","R","$","?","T","M","?","M","E","M","R","BOSS"],"items_purchased_type":["Card","Relic","Card","Relic","Card","Relic","Card","Relic","Relic","Relic"],"build_version":"2020-11-30","purchased_purges":4,"victory":true,"max_hp_per_floor":[75,75,75,75,75,75,75,75,75,75,75,75,75,75,75,75,75,75,75,75,75,75,75,75,75,75,75,75,75,75,75,75,75,75,75,75,75,75,75,75,75,76,76,83,92,105,119,134,134,154],"relic_stats":{"TheAbacus":[6],"counters":[27,67],"CeramicFish":153,"PreservedInsect":125,"Question Card":44,"obtain_stats":[{"AmplifyWand":14,"Lantern":6,"DaveBox":0,"LagranYue:RandomDrawCardRelic":0,"Gremlin Horn":12,"CeramicFish":14,"LagranYue:RareGoldArmorRelic":12,"LagranYue:MagicReflectiveArmorRelic":9,"conspire:InfiniteJournal":24,"Frozen Eye":27,"Civilization":41,"TheAbacus":19,"testmod-Déjàvu":45,"Kunai":35,"ImportantClient":16,"conspire:TreasureMap":41,"testmod-TestBox":0,"testmod-TimeTraveler":0,"NeowsBlessing":0,"testmod-FatalChain":30,"ShadowXiaoBlade":17,"PreservedInsect":36,"War Paint":8,"Question Card":1,"White Beast Statue":27,"Mercury Hourglass":8,"Bottled Flame":26,"HaiYi:Twilight":34,"ChiXiaoBlade":0,"Bag of Marbles":31,"Snack Pack":47,"MiniHakkero":0,"Membership Card":36,"REME_ComplimentaryCards":0},{"AmplifyWand":10,"Lantern":4,"DaveBox":0,"LagranYue:RandomDrawCardRelic":0,"Gremlin Horn":8,"CeramicFish":10,"LagranYue:RareGoldArmorRelic":8,"LagranYue:MagicReflectiveArmorRelic":5,"conspire:InfiniteJournal":14,"Frozen Eye":14,"Civilization":20,"TheAbacus":12,"testmod-Déjàvu":23,"Kunai":18,"ImportantClient":11,"conspire:TreasureMap":20,"testmod-TestBox":0,"testmod-TimeTraveler":0,"NeowsBlessing":0,"testmod-FatalChain":15,"ShadowXiaoBlade":11,"PreservedInsect":18,"War Paint":5,"Question Card":1,"White Beast Statue":15,"Mercury Hourglass":5,"Bottled Flame":14,"HaiYi:Twilight":17,"ChiXiaoBlade":0,"Bag of Marbles":16,"Snack Pack":25,"MiniHakkero":0,"Membership Card":18,"REME_ComplimentaryCards":0},{"AmplifyWand":26,"Lantern":7,"DaveBox":0,"LagranYue:RandomDrawCardRelic":0,"Gremlin Horn":19,"CeramicFish":31,"LagranYue:RareGoldArmorRelic":22,"LagranYue:MagicReflectiveArmorRelic":12,"conspire:InfiniteJournal":45,"Frozen Eye":45,"Civilization":56,"TheAbacus":41,"testmod-Déjàvu":61,"Kunai":54,"ImportantClient":39,"conspire:TreasureMap":56,"testmod-TestBox":0,"testmod-TimeTraveler":0,"NeowsBlessing":0,"testmod-FatalChain":47,"ShadowXiaoBlade":39,"PreservedInsect":54,"War Paint":12,"Question Card":1,"White Beast Statue":47,"Mercury Hourglass":11,"Bottled Flame":45,"HaiYi:Twilight":53,"ChiXiaoBlade":0,"Bag of Marbles":49,"Snack Pack":63,"MiniHakkero":0,"Membership Card":54,"REME_ComplimentaryCards":0}]},"card_choices":[{"not_picked":["GalacticHalo","WitchOfGreed"],"picked":"AsteroidBelt","floor":1.0},{"not_picked":["UnstableBomb","EventHorizon","SprinkleStarSeal"],"picked":"GrandCross","floor":3.0},{"not_picked":["SporeBomb","SprinkleStarSeal","AsteroidBelt"],"picked":"MagicChant","floor":3.0},{"not_picked":["6A","DC","AbsoluteMagnitude"],"picked":"GrandCross","floor":4.0},{"not_picked":["PowerUp","6A","ShootingEcho"],"picked":"DarkMatter","floor":5.0},{"not_picked":["AsteroidBelt","EnergyRecoil","ChargeUpSpray","Occultation"],"picked":"SKIP","floor":6.0},{"not_picked":["DragonMeteor","PulseMagic","MilkyWay"],"picked":"Acceleration","floor":8.0},{"not_picked":["6A","SatelliteIllusion","SporeBomb"],"picked":"WitchOfGreed","floor":10.0},{"not_picked":["AsteroidBelt","GravityBeat","GalacticHalo"],"picked":"LuminesStrike","floor":11.0},{"not_picked":["MagicChant","GrandCross","NonDirectionalLaser","GalacticHalo"],"picked":"SKIP","floor":12.0},{"not_picked":["AbsoluteMagnitude","BlazeAway","GravityBeat","RefractionSpark"],"picked":"SKIP","floor":13.0},{"not_picked":["PowerUp","AsteroidBelt","GrandCross","OortCloud"],"picked":"SKIP","floor":14.0},{"not_picked":["CasketOfStar","EscapeVelocity","StarDustReverie"],"picked":"MillisecondPulsars","floor":16.0},{"not_picked":["OpenUniverse","SuperNova"],"picked":"GalacticHalo","floor":18},{"not_picked":["GrandCross","Singularity+1","PowerUp","ShootingEcho"],"picked":"SKIP","floor":18},{"not_picked":["GalacticHalo","Singularity","GrandCross+1"],"picked":"SporeBomb+1","floor":22},{"not_picked":["PowerUp","AsteroidBelt","GrandCross"],"picked":"SKIP","floor":22},{"not_picked":["IllusionStar","WitchLeyline","StarBarrage"],"picked":"MagicAbsorber","floor":24},{"not_picked":["DC","DoubleSpark","NonDirectionalLaser"],"picked":"SKIP","floor":24},{"not_picked":["GravityBeat","StarBarrage","MillisecondPulsars"],"picked":"SKIP","floor":27},{"not_picked":["FairyDestructionRay","ShootingEcho","PowerUp+1","DoubleSpark"],"picked":"SKIP","floor":27},{"not_picked":["DC","UnstableBomb"],"picked":"ManaConvection","floor":31},{"not_picked":["DC","StarBarrage","6A","GrandCross"],"picked":"SKIP","floor":31},{"not_picked":["SporeBomb","GravityBeat"],"picked":"PulseMagic","floor":33},{"not_picked":["CasketOfStar","FinalSpark","AbsoluteMagnitude"],"picked":"ManaRampage","floor":33},{"not_picked":["Acceleration+1","DoubleSpark","MysteriousBeam+1"],"picked":"Orbital","floor":35},{"not_picked":["ShootingEcho","MilkyWay","MilkyWay"],"picked":"SKIP","floor":35},{"not_picked":["DoubleSpark+1","AsteroidBelt","ShootingEcho"],"picked":"SuperPerseids+1","floor":37},{"not_picked":["WitchLeyline","DarkMatter","OrrerysSun"],"picked":"SKIP","floor":37},{"not_picked":["MillisecondPulsars","AsteroidBelt","6A"],"picked":"SKIP","floor":38},{"not_picked":["DC","MysteriousBeam","NonDirectionalLaser+1","GravityBeat+1"],"picked":"SKIP","floor":38},{"not_picked":["DC","DoubleSpark","NonDirectionalLaser"],"picked":"SKIP","floor":42},{"not_picked":["NonDirectionalLaser","ShootingEcho","GrandCross+1","WitchOfGreed"],"picked":"SKIP","floor":42},{"not_picked":["GravityBeat","SuperPerseids+1","6A+1"],"picked":"EventHorizon+1","floor":44},{"not_picked":["MysteriousBeam","TreasureHunter","JA"],"picked":"SKIP","floor":44},{"not_picked":["6A","WitchLeyline","GalacticHalo+1"],"picked":"Acceleration","floor":46},{"not_picked":["ShootTheMoon","SporeBomb","FinalSpark"],"picked":"SKIP","floor":46},{"not_picked":["BlazingStar","SuperNova","MagicAbsorber"],"picked":"SKIP","floor":47},{"not_picked":["FairyDestructionRay","6A","DoubleSpark+1","WitchLeyline"],"picked":"SKIP","floor":47},{"not_picked":["ManaConvection+1","AlicesGift+1","SuperPerseids+1"],"picked":"Acceleration+1","floor":48},{"not_picked":["Acceleration","ShootingEcho","ManaConvection"],"picked":"SKIP","floor":48}],"player_experience":407150,"relics_obtained":[{"floor":1.0,"key":"Question Card"},{"floor":6.0,"key":"Lantern"},{"floor":8.0,"key":"War Paint"},{"floor":9.0,"key":"LagranYue:MagicReflectiveArmorRelic"},{"floor":12.0,"key":"LagranYue:RareGoldArmorRelic"},{"floor":14.0,"key":"CeramicFish"},{"floor":16.0,"key":"ImportantClient"},{"floor":24,"key":"conspire:InfiniteJournal"},{"floor":26,"key":"Bottled Flame"},{"floor":27,"key":"White Beast Statue"},{"floor":31,"key":"Bag of Marbles"},{"floor":45,"key":"testmod-Déjàvu"},{"floor":47,"key":"Snack Pack"}],"event_choices":[{"damage_healed":0.0,"max_hp_gain":0.0,"max_hp_loss":0.0,"gold_gain":0.0,"event_name":"conspire:Investor","player_choice":"Leave","floor":7.0,"gold_loss":0.0,"damage_taken":0.0},{"damage_healed":0,"gold_gain":100,"player_choice":"Pray","damage_taken":0,"max_hp_gain":0,"max_hp_loss":0,"event_name":"Golden Shrine","floor":39,"gold_loss":0},{"damage_healed":0,"gold_gain":0,"player_choice":"Fight","damage_taken":0,"max_hp_gain":0,"max_hp_loss":0,"event_name":"Mysterious Sphere","floor":45,"gold_loss":0}],"is_beta":false,"boss_relics":[{"not_picked":["conspire:RoyalGoblet","ReplayTheSpireMod:DimensionalGlitch"],"picked":"ShadowXiaoBlade"},{"not_picked":["Runic Dome","ExperimentalFamiliar"],"picked":"HaiYi:Twilight"}],"items_purged_floors":[2,19,36,41],"is_endless":false,"potions_floor_spawned":[1,4,5,11,12,18,22,33,35,37,38,42,44,45,46,47,48],"ascension_level":5}}