{"host":"98b2emtovkb95ydb","time":1607818357,"event":{"mods":["AchievementEnabler","BaseMod","Beaked The Cultist","BetterRewards","Challenge The Spire","Colored Map","Conspire","Googly Eyes","Hubris","Infinite Spire","Magitek Elite","Minty Spire (QoL Compilation)","Quick Restart","Relic Sorter","Replay The Spire","Spikes Relics","StSLib","The Construct","The Cursed","The Disciple","The Druid","The Factory","The Forsaken","The Jungle","The Necromancer","The Valiant","Virulent Crown","vexMod"],"gold_per_floor":[116,41,61,73,73,73,73,73,149,149,49,49,49,83,83,203,203,228,103,18,18,18,49,49,67,91,91,111,111,111,145,145,276,276,290,290,290,290,140,155,194,221,248,248,279,310,154,167,167,167],"floor_reached":51,"playtime":2163,"items_purged":["Dodge and Roll","PiercingWail","Slice","Slice+1","Finesse","Slice+1"],"score":1338,"play_id":"481a49dd-b724-4bcc-a9da-608c3c0798a3","local_time":"20201212191237","daily_mods":["SealedDeck","Colorless Cards","Flight"],"is_ascension_mode":false,"campfire_choices":[{"data":"conspire:PoisonWeapons","floor":6.0,"key":"SMITH"},{"data":"Deflect","floor":10.0,"key":"SMITH"},{"data":"Slice","floor":12.0,"key":"SMITH"},{"data":"Masterful Stab","floor":13.0,"key":"SMITH"},{"data":"Slice","floor":15.0,"key":"SMITH"},{"data":"infinitespire:Gouge","floor":30.0,"key":"SMITH"},{"data":"Tools of the Trade","floor":32.0,"key":"SMITH"},{"floor":49.0,"key":"DIG"}],"circlet_count":0,"master_deck":["conspire:PoisonWeapons+1","Masterful Stab+1","Deflect+1","Tools of the Trade+1","infinitespire:Gouge+1"],"relics":["Unceasing Top","hubris:Icosahedron","Golden Idol","Ornamental Fan","Replay:Accelerometer","Tiny Chest","Black Star","Meat on the Bone","Toy Ornithopter","hubris:BottledRain","CrustySpines","Regal Pillow","Onion Ring","Busted Crown","infinitespire:Beetle Shell","StoneCalendar","SpikesRelics:ToyHorsey","Art of War","Oddly Smooth Stone","Quantum Egg","Boot","ReplayFunnel","Chameleon Ring","Genji_Glove","Snack Pack"],"acts_visited":["Exordium","TheCity","TheBeyond"],"potions_floor_usage":[],"damage_taken":[{"damage":0.0,"enemies":"Cultist","floor":1.0,"turns":2.0},{"damage":0.0,"enemies":"2 Louse","floor":3.0,"turns":1.0},{"damage":0.0,"enemies":"conspire:RoseBush","floor":4.0,"turns":2.0},{"damage":0.0,"enemies":"3 Sentries","floor":14.0,"turns":1.0},{"damage":0.0,"enemies":"Hexaghost","floor":16.0,"turns":1.0},{"damage":0.0,"enemies":"Spheric Guardian","floor":18.0,"turns":1.0},{"damage":0.0,"enemies":"Book of Stabbing","floor":23.0,"turns":1.0},{"damage":0.0,"enemies":"2 Thieves","floor":25.0,"turns":1.0},{"damage":0.0,"enemies":"conspire:HollyBat","floor":28.0,"turns":2.0},{"damage":0.0,"enemies":"Gremlin Leader","floor":31.0,"turns":1.0},{"damage":0.0,"enemies":"Champ","floor":33.0,"turns":1.0},{"damage":1.0,"enemies":"3 Shapes","floor":35.0,"turns":1.0},{"damage":0.0,"enemies":"3 Darklings","floor":40.0,"turns":1.0},{"damage":0.0,"enemies":"Nemesis","floor":41.0,"turns":1.0},{"damage":0.0,"enemies":"Giant Head","floor":45.0,"turns":1.0},{"damage":0.0,"enemies":"beaked:SuperParasite","floor":46.0,"turns":1.0},{"damage":0.0,"enemies":"Sphere and 2 Shapes","floor":48.0,"turns":1.0},{"damage":0,"enemies":"conspire:OrnateMirror","floor":50,"turns":1}],"seed_played":"2994435657606571562","potions_obtained":[{"floor":4.0,"key":"Dexterity Potion"},{"floor":16.0,"key":"Poison Potion"},{"floor":25.0,"key":"SpeedPotion"},{"floor":28.0,"key":"DuplicationPotion"},{"floor":33.0,"key":"Adrenaline Potion"}],"is_trial":true,"path_per_floor":["M","$","M","M","?","R","?","T","T","R","$","R","R","E","R","B",null,"M","$","?","?","$","E","T","M","T","?","M","AVR","R","E","R","B",null,"M","T","?","?","$","M","E","T","T","AVR","E","E","$","M","R_BF","B",null],"character_chosen":"THE_SILENT","items_purchased":["Genji_Glove"],"campfire_rested":0,"item_purchase_floors":[47],"current_hp_per_floor":[70,70,70,70,70,70,53,53,53,53,53,53,53,53,53,53,70,70,70,70,70,70,70,70,70,70,70,70,70,70,76,76,76,76,75,75,75,75,75,75,75,75,75,75,75,75,75,75,75,76],"gold":167,"neow_bonus":"","is_daily":false,"chose_seed":false,"campfire_upgraded":7,"win_rate":0.0,"timestamp":1607818357,"path_taken":["M","$","M","?","?","R","?","?","T","R","$","R","R","E","R","BOSS","M","$","?","?","?","E","?","?","T","?","?","AVR","R","E","R","BOSS","M","?","?","?","$","?","E","?","T","AVR","E","E","$","M","R_BF","BOSS"],"items_purchased_type":["Relic"],"build_version":"2020-11-30","purchased_purges":6,"victory":true,"max_hp_per_floor":[70,70,70,70,70,70,70,70,70,70,70,70,70,70,70,70,70,70,70,70,70,70,70,70,70,70,70,70,70,70,76,76,76,76,76,76,76,76,76,76,76,76,76,76,76,76,76,76,76,76],"card_choices":[{"not_picked":["Prepared","Deflect","Catalyst"],"picked":"SKIP","floor":1.0},{"not_picked":["Outmaneuver","hubris:SlightOfHand","Skewer"],"picked":"SKIP","floor":3.0},{"not_picked":["PiercingWail","Dodge and Roll","Jack Of All Trades"],"picked":"SKIP","floor":4.0},{"not_picked":["Prepared","Deadly Poison","Bane"],"picked":"SKIP","floor":14.0},{"not_picked":["Venomology","Corpse Explosion"],"picked":"Tools of the Trade","floor":16.0},{"not_picked":["Degenerate","conspire:Banana","Endless Agony+1"],"picked":"SKIP","floor":18.0},{"not_picked":["Dagger Throw","Acrobatics","Deadly Poison"],"picked":"SKIP","floor":23.0},{"not_picked":["Poisoned Stab","Dark Shackles","Underhanded Strike+1"],"picked":"SKIP","floor":25.0},{"not_picked":["Deadly Poison","Cloak And Dagger+1","Acrobatics+1"],"picked":"SKIP","floor":28.0},{"not_picked":["ReplayTheSpireMod:Private Reserves","conspire:PoisonWeapons","Sucker Punch"],"picked":"SKIP","floor":31.0},{"not_picked":["Blade Dance"],"picked":"SKIP","floor":35.0},{"not_picked":["Sucker Punch"],"picked":"SKIP","floor":40.0},{"not_picked":["Accuracy+1"],"picked":"SKIP","floor":41.0},{"not_picked":["Dagger Spray"],"picked":"SKIP","floor":45.0},{"not_picked":["Slice"],"picked":"SKIP","floor":46.0},{"not_picked":["Poisoned Stab"],"picked":"SKIP","floor":48.0}],"player_experience":1236505,"relics_obtained":[{"floor":8.0,"key":"Ornamental Fan"},{"floor":9.0,"key":"Replay:Accelerometer"},{"floor":14.0,"key":"Tiny Chest"},{"floor":23.0,"key":"Toy Ornithopter"},{"floor":23.0,"key":"hubris:BottledRain"},{"floor":24.0,"key":"CrustySpines"},{"floor":26.0,"key":"Regal Pillow"},{"floor":31.0,"key":"vexMod:BerryBomb"},{"floor":31.0,"key":"Onion Ring"},{"floor":36.0,"key":"infinitespire:Beetle Shell"},{"floor":41.0,"key":"StoneCalendar"},{"floor":41.0,"key":"SpikesRelics:ToyHorsey"},{"floor":42.0,"key":"Art of War"},{"floor":43.0,"key":"Oddly Smooth Stone"},{"floor":45.0,"key":"Quantum Egg"},{"floor":45.0,"key":"Boot"},{"floor":46.0,"key":"ReplayFunnel"},{"floor":46.0,"key":"Chameleon Ring"},{"floor":49.0,"key":"Snack Pack"}],"event_choices":[{"damage_healed":0.0,"max_hp_gain":0.0,"max_hp_loss":0.0,"gold_gain":0.0,"event_name":"Golden Idol","player_choice":"Take Damage","floor":7.0,"gold_loss":0.0,"damage_taken":17.0,"relics_obtained":["Golden Idol"]},{"damage_healed":0.0,"max_hp_gain":0.0,"max_hp_loss":0.0,"gold_gain":0.0,"event_name":"Addict","player_choice":"Obtained Relic","floor":20.0,"gold_loss":85.0,"damage_taken":0.0,"relics_obtained":["Meat on the Bone"]},{"damage_healed":0.0,"max_hp_gain":0.0,"max_hp_loss":0.0,"gold_gain":0.0,"event_name":"The Woman in Blue","player_choice":"Bought 0 Potions","floor":27.0,"gold_loss":0.0,"damage_taken":0.0},{"damage_healed":0.0,"max_hp_gain":0.0,"max_hp_loss":0.0,"gold_gain":0.0,"event_name":"SecretPortal","player_choice":"Ignored","floor":38.0,"gold_loss":0.0,"damage_taken":0.0}],"is_beta":false,"boss_relics":[{"not_picked":["conspire:RunicOctahedron","Ectoplasm"],"picked":"Black Star"},{"not_picked":["Fusion Hammer","Replay:Fungal Core"],"picked":"Busted Crown"}],"items_purged_floors":[2,11,19,29,39,44],"is_endless":false,"potions_floor_spawned":[4,16,25,28,33,45],"ascension_level":0}}