{"host":"fhq3k2nq5elnbks3","time":1607842474,"event":{"mods":["2.2 Compatiblity","AchievementEnabler","Act Like it!","AlwaysNeverKeys","Aspiration","Astrologer","Bard","Bartender","BaseMod","Better Altar","Better Skull","Better Vampires","Better-Laid Plans","CCEM","CapriCore","Card Filter","CatGirl Mod","Chen","Colored Powertips","Displayed Cursed Tome","Ekko","Eldritch Tears","Emptier Cage","Fiend Mod","Fireblade Mod","Friendly Minions","FutureSeer","GifTheSpireLib","Gremlin Skip","Hallownest","Hermit","HololiveMod","Hunter ??","JesterMod","Kalas","Koishi","Kratos Character Expansion","Mad Scientist","Mathematician","Mathemortician","Minty Spire (QoL Compilation)","Onozuka Komachi Mod","Permanent Neow","Potionbrewer","Prisma Mod","Quick Restart","READ ME - Guardian Mod","Reimu??????","Relic Filter","Robot Space Explorer","Shop Mod","Somnambulant","Spikes Relics","StSLib","SuperFastMode","The Animator","The Bug Knight","The Dragon Tamer","The Gatherer","The Hierophant","The Immortal","The Necromancer","The Runesmith","The Trickster","The Valiant","The Wild Card","TheBandit","TheFirefly","Transform Curses","Uncapped","Unknown Chances","Virulent Crown","Yohane!","Yuri Mod","thorton","vexMod"],"gold_per_floor":[139,149,149,164,177,212,227,245,268,268,294,294,294,314,314,410,410,422,422,442,459,10,10,21,21,21,21,38,49,49,77,77,77,77],"floor_reached":33,"playtime":1178,"items_purged":[],"score":279,"play_id":"a5189a00-e9d9-48f7-8627-aaaa2ac1028e","local_time":"20201213005434","is_ascension_mode":false,"campfire_choices":[{"data":"KratosMod:BladeWhip","floor":10,"key":"SMITH"},{"data":"KratosMod:ShieldBash","floor":12,"key":"SMITH"},{"data":"KratosMod:Strike_K","floor":15,"key":"SMITH"},{"data":"KratosMod:kBerserk","floor":23,"key":"SMITH"},{"data":"KratosMod:Strike_K","floor":25,"key":"SMITH"},{"data":"KratosMod:Strike_K","floor":27,"key":"SMITH"},{"data":"KratosMod:Strike_K","floor":30,"key":"SMITH"},{"data":"KratosMod:Revenge","floor":32,"key":"SMITH"}],"circlet_count":0,"master_deck":["KratosMod:Strike_K+1","KratosMod:Strike_K+1","KratosMod:Strike_K+1","KratosMod:Strike_K+1","KratosMod:Defend_K","KratosMod:Defend_K","KratosMod:Defend_K","KratosMod:Defend_K","KratosMod:cyclone+1","KratosMod:AthenaBane","KratosMod:ShieldBash+1","KratosMod:BladeWhip+1","KratosMod:kBerserk+1","KratosMod:Revenge+1"],"relics":["KratosMod:eagle","Burning Blood","CCEMRelics:Francisca","HollowMod:PaleOreRelic","Runesmith:AutoHammer","aspiration:RitualDagger","MerchantsRug","Orichalcum","White Beast Statue","vexMod:HeadHunter","Toxic Egg 2"],"acts_visited":["Exordium","TheCity"],"potions_floor_usage":[14,16,33,33],"damage_taken":[{"damage":7,"enemies":"2 Louse","floor":1,"turns":3},{"damage":7,"enemies":"Small Slimes","floor":2,"turns":2},{"damage":0,"enemies":"Cultist","floor":4,"turns":3},{"damage":0,"enemies":"Large Slime","floor":5,"turns":5},{"damage":14,"enemies":"HollowMod:MossKnight","floor":6,"turns":4},{"damage":0,"enemies":"Gremlin Gang","floor":7,"turns":2},{"damage":10,"enemies":"Looter","floor":8,"turns":3},{"damage":36,"enemies":"Lagavulin","floor":11,"turns":4},{"damage":8,"enemies":"Lots of Slimes","floor":14,"turns":6},{"damage":34,"enemies":"The Guardian","floor":16,"turns":8},{"damage":18,"enemies":"Shell Parasite","floor":18,"turns":2},{"damage":14,"enemies":"Spheric Guardian","floor":20,"turns":3},{"damage":32,"enemies":"Shelled Parasite and Fungi","floor":21,"turns":3},{"damage":28,"enemies":"Centurion and Healer","floor":24,"turns":3},{"damage":33,"enemies":"Sentry and Sphere","floor":29,"turns":4},{"damage":47,"enemies":"Slavers","floor":31,"turns":4},{"damage":32,"enemies":"Collector","floor":33,"turns":4}],"seed_played":"-1558402440577027727","potions_obtained":[{"floor":2,"key":"Fire Potion"},{"floor":4,"key":"Strength Potion"},{"floor":5,"key":"Regen Potion"},{"floor":14,"key":"Block Potion"},{"floor":18,"key":"potionbrewer:NoxiousPotion"},{"floor":24,"key":"Swift Potion"},{"floor":29,"key":"Energy Potion"},{"floor":31,"key":"GrandPatriotsElixir:ReiMu"}],"is_trial":false,"path_per_floor":["M","M","?","M","M","E","M","M","T","R","E","R","?","M","R","B",null,"M","?","M","M","$","R","M","R","T","R","$","M","R","E","R","B"],"character_chosen":"KRATOS","items_purchased":["MerchantsRug","Orichalcum","White Beast Statue"],"campfire_rested":0,"item_purchase_floors":[22,22,22],"current_hp_per_floor":[59,58,58,60,60,52,58,54,54,54,24,24,24,37,37,9,60,48,48,40,14,14,14,60,60,60,60,60,42,42,18,18,0,0],"gold":77,"neow_bonus":"NOSTALGIA","is_daily":false,"chose_seed":false,"campfire_upgraded":8,"win_rate":0.0,"timestamp":1607842474,"path_taken":["M","M","?","M","M","E","M","M","T","R","E","R","?","?","R","BOSS","M","?","M","?","$","R","?","R","T","R","$","?","R","E","R","BOSS"],"items_purchased_type":["Relic","Relic","Relic"],"build_version":"2020-11-30","purchased_purges":0,"victory":false,"max_hp_per_floor":[60,60,60,60,60,60,60,60,60,60,60,60,60,60,60,60,60,60,60,60,60,60,60,60,60,60,60,60,60,60,60,60,60,60],"card_choices":[{"not_picked":["KratosMod:BladeWhip","KratosMod:Tempor","KratosMod:clawsofhades"],"picked":"SKIP","floor":1},{"not_picked":["KratosMod:SmashStone","KratosMod:settle","KratosMod:clawsofhades"],"picked":"SKIP","floor":2},{"not_picked":["KratosMod:BladeWhip","KratosMod:Roll"],"picked":"KratosMod:ShieldBash","floor":4},{"not_picked":["KratosMod:Roll","KratosMod:conjuresoul","KratosMod:clawsofhades"],"picked":"SKIP","floor":5},{"not_picked":["KratosMod:ShieldBash","KratosMod:Endure"],"picked":"KratosMod:BladeWhip","floor":6},{"not_picked":["KratosMod:tartarusrage","KratosMod:rattle","KratosMod:Tempor"],"picked":"SKIP","floor":7},{"not_picked":["KratosMod:Tempor","KratosMod:BladeWhip","KratosMod:ShieldBash"],"picked":"SKIP","floor":8},{"not_picked":["KratosMod:clawsofhades","KratosMod:settle","KratosMod:rattle"],"picked":"SKIP","floor":11},{"not_picked":["KratosMod:BladeWhip","KratosMod:ShieldBash","KratosMod:ablockalypse"],"picked":"SKIP","floor":14},{"not_picked":["KratosMod:styx","KratosMod:ablockalypse"],"picked":"KratosMod:kBerserk","floor":16},{"not_picked":["KratosMod:Roll","KratosMod:BladeWhip","KratosMod:settle+1"],"picked":"SKIP","floor":18},{"not_picked":["KratosMod:ShieldBash","KratosMod:clawsofhades","KratosMod:settle+1"],"picked":"SKIP","floor":20},{"not_picked":["KratosMod:rattle","KratosMod:ShieldBash","KratosMod:Roll+1"],"picked":"SKIP","floor":21},{"not_picked":["KratosMod:rattle+1","KratosMod:BladeWhip","KratosMod:Tempor"],"picked":"SKIP","floor":24},{"not_picked":["KratosMod:Tempor","KratosMod:kBerserk","KratosMod:BladeWhip"],"picked":"SKIP","floor":29},{"not_picked":["KratosMod:tartarusrage","KratosMod:kBerserk"],"picked":"KratosMod:Revenge","floor":31},{"not_picked":["KratosMod:Roll+1","KratosMod:BladeWhip","KratosMod:clawsofhades"],"picked":"SKIP","floor":31}],"player_experience":494945,"relics_obtained":[{"floor":6,"key":"CCEMRelics:Francisca"},{"floor":9,"key":"HollowMod:PaleOreRelic"},{"floor":11,"key":"Runesmith:AutoHammer"},{"floor":26,"key":"vexMod:HeadHunter"},{"floor":31,"key":"Toxic Egg 2"}],"event_choices":[{"damage_healed":0,"gold_gain":0,"player_choice":"Forge","damage_taken":0,"max_hp_gain":0,"max_hp_loss":0,"event_name":"Accursed Blacksmith","floor":13,"gold_loss":0,"cards_upgraded":["KratosMod:cyclone"]},{"damage_healed":0,"gold_gain":0,"player_choice":"Ignored","damage_taken":0,"max_hp_gain":0,"max_hp_loss":0,"event_name":"N\u0027loth","floor":19,"gold_loss":0}],"is_beta":false,"boss_relics":[{"not_picked":["Astrolabe","jesterMod:MachoBrace"],"picked":"aspiration:RitualDagger"}],"items_purged_floors":[],"is_endless":false,"potions_floor_spawned":[2,4,5,8,14,18,21,24,29,31],"killed_by":"Collector","ascension_level":0}}