{"host":"aovv4e73998kgan0","time":1607820416,"event":{"mods":["BaseMod","Minty Spire (QoL Compilation)","StSLib"],"gold_per_floor":[111,131,150,150,150,150,176,54,77,111,11,11,11,27,27,122,122,139,139,157,177,52,79,93,107,107,131,150,169,169,198,198,295,295,315,291,291,265,283,283,303,331,355,319,342,342,355,355,355],"floor_reached":48,"playtime":3850,"items_purged":["Strike_B","Strike_B","Strike_B"],"score":587,"play_id":"2044e602-a4f4-47f7-afcc-9800d027d9c1","local_time":"20201212194656","is_ascension_mode":true,"campfire_choices":[{"data":"Dualcast","floor":6,"key":"SMITH"},{"data":"Zap","floor":12,"key":"SMITH"},{"data":"Chill","floor":15,"key":"SMITH"},{"floor":30,"key":"REST"},{"floor":32,"key":"REST"},{"data":"Defragment","floor":40,"key":"SMITH"}],"circlet_count":0,"master_deck":["Strike_B","Defend_B","Defend_B+1","Defend_B","Defend_B+1","Zap+1","Dualcast+1","Core Surge","Doom and Gloom","Loop","Self Repair","Capacitor","Leap","Core Surge","Chill+1","Multi-Cast","Recycle","Leap+1","Zap+1","Barrage+1","Steam","Coolheaded","Hologram","FTL","Double Energy+1","Defragment+1","Buffer","CurseOfTheBell","Conserve Battery+1","Steam","Self Repair","Coolheaded","Compile Driver","Auto Shields+1","Seek","Tempest"],"relics":["Cracked Core","Regal Pillow","Tiny Chest","Cables","Kunai","Black Star","Unceasing Top","Bottled Lightning","War Paint","Bag of Marbles","Lantern","MealTicket","Calling Bell","Pen Nib","White Beast Statue","TungstenRod","Gremlin Horn","Ornamental Fan","Boot","Omamori","Ginger"],"acts_visited":["Exordium","TheCity","TheBeyond"],"potions_floor_usage":[7,10,14,28,31,31,41,42,42,47],"damage_taken":[{"damage":1,"enemies":"Jaw Worm","floor":1,"turns":3},{"damage":0,"enemies":"Small Slimes","floor":2,"turns":2},{"damage":0,"enemies":"Cultist","floor":3,"turns":3},{"damage":5,"enemies":"Gremlin Nob","floor":7,"turns":4},{"damage":9,"enemies":"Lagavulin","floor":10,"turns":4},{"damage":5,"enemies":"2 Fungi Beasts","floor":14,"turns":3},{"damage":19,"enemies":"Hexaghost","floor":16,"turns":7},{"damage":10,"enemies":"3 Byrds","floor":18,"turns":8},{"damage":4,"enemies":"Shell Parasite","floor":20,"turns":7},{"damage":8,"enemies":"Shelled Parasite and Fungi","floor":21,"turns":7},{"damage":45,"enemies":"Book of Stabbing","floor":23,"turns":7},{"damage":13,"enemies":"Snake Plant","floor":24,"turns":5},{"damage":3,"enemies":"Cultist and Chosen","floor":25,"turns":7},{"damage":36,"enemies":"Snecko","floor":28,"turns":11},{"damage":6,"enemies":"Snake Plant","floor":29,"turns":5},{"damage":45,"enemies":"Gremlin Leader","floor":31,"turns":7},{"damage":38,"enemies":"Champ","floor":33,"turns":12},{"damage":14,"enemies":"3 Darklings","floor":35,"turns":7},{"damage":8,"enemies":"3 Shapes","floor":39,"turns":6},{"damage":18,"enemies":"Transient","floor":41,"turns":5},{"damage":11,"enemies":"Reptomancer","floor":42,"turns":9},{"damage":30,"enemies":"Sphere and 2 Shapes","floor":47,"turns":6},{"damage":66,"enemies":"Giant Head","floor":48,"turns":11}],"seed_played":"-2479140494914580555","potions_obtained":[{"floor":1,"key":"Swift Potion"},{"floor":3,"key":"SkillPotion"},{"floor":10,"key":"Weak Potion"},{"floor":18,"key":"Dexterity Potion"},{"floor":24,"key":"SteroidPotion"},{"floor":28,"key":"Block Potion"},{"floor":29,"key":"Swift Potion"},{"floor":31,"key":"FearPotion"},{"floor":35,"key":"FearPotion"},{"floor":39,"key":"Fire Potion"},{"floor":41,"key":"Fire Potion"},{"floor":42,"key":"CultistPotion"},{"floor":47,"key":"Fruit Juice"}],"is_trial":false,"path_per_floor":["M","M","M","?","?","R","E","$","T","E","$","R","?","M","R","B",null,"M","?","M","M","$","E","M","M","T","T","M","M","R","E","R","B",null,"M","$","?","$","M","R","M","E","T","$","T","T","M","E"],"character_chosen":"DEFECT","items_purchased":["Leap","Steam","Coolheaded","Tempest"],"campfire_rested":2,"item_purchase_floors":[8,36,38,44],"current_hp_per_floor":[74,74,74,79,63,63,58,58,58,56,56,56,53,55,55,43,80,77,77,80,79,79,41,35,39,39,39,10,11,50,12,51,20,80,66,80,80,80,80,80,76,72,72,80,80,80,69,3,3],"gold":355,"neow_bonus":"ONE_RANDOM_RARE_CARD","is_daily":false,"chose_seed":false,"campfire_upgraded":4,"win_rate":0.0,"timestamp":1607820416,"path_taken":["M","M","M","?","?","R","E","$","T","E","$","R","?","M","R","BOSS","M","?","M","M","$","E","?","M","T","?","M","?","R","E","R","BOSS","M","$","?","$","M","R","M","E","T","?","?","?","?","E"],"items_purchased_type":["Card","Card","Card","Card"],"build_version":"2020-11-30","purchased_purges":3,"victory":false,"max_hp_per_floor":[75,75,75,80,80,80,80,80,80,80,80,80,80,80,80,80,80,80,80,80,80,80,80,80,80,80,80,80,80,80,80,80,80,80,80,80,80,80,80,80,80,80,80,80,80,80,85,85,85],"card_choices":[{"not_picked":["Blizzard","BootSequence"],"picked":"Doom and Gloom","floor":1},{"not_picked":["Gash","Compile Driver"],"picked":"Loop","floor":2},{"not_picked":["Streamline","Steam"],"picked":"Self Repair","floor":3},{"not_picked":["Hello World","Gash"],"picked":"Capacitor","floor":7},{"not_picked":["Compile Driver","Chaos"],"picked":"Core Surge","floor":10},{"not_picked":["Stack","Streamline"],"picked":"Chill","floor":14},{"not_picked":["Core Surge","Reboot"],"picked":"Multi-Cast","floor":16},{"not_picked":["Heatsinks","Static Discharge"],"picked":"Recycle","floor":18},{"not_picked":["Leap","Glacier"],"picked":"Barrage+1","floor":20},{"not_picked":["Redo","Turbo"],"picked":"Steam","floor":21},{"not_picked":["White Noise","Skim","Coolheaded"],"picked":"SKIP","floor":23},{"not_picked":["White Noise","Skim"],"picked":"Coolheaded","floor":23},{"not_picked":["Conserve Battery","Stack"],"picked":"Hologram","floor":24},{"not_picked":["Chaos","Ball Lightning+1"],"picked":"FTL","floor":25},{"not_picked":["Cold Snap","Seek"],"picked":"Double Energy+1","floor":28},{"not_picked":["Glacier","Gash"],"picked":"Defragment","floor":29},{"not_picked":["Cold Snap","Hologram","FTL"],"picked":"SKIP","floor":31},{"not_picked":["Multi-Cast","Hyperbeam"],"picked":"Buffer","floor":33},{"not_picked":["Coolheaded","Ball Lightning+1"],"picked":"Conserve Battery+1","floor":35},{"not_picked":["Turbo","Barrage"],"picked":"Compile Driver","floor":39},{"not_picked":["Turbo","Sweeping Beam"],"picked":"Auto Shields+1","floor":41},{"not_picked":["Conserve Battery","Ball Lightning+1"],"picked":"Seek","floor":42},{"not_picked":["Cold Snap","Ball Lightning","Tempest"],"picked":"SKIP","floor":47}],"player_experience":125459,"relics_obtained":[{"floor":7,"key":"Regal Pillow"},{"floor":9,"key":"Tiny Chest"},{"floor":10,"key":"Cables"},{"floor":23,"key":"Unceasing Top"},{"floor":23,"key":"Bottled Lightning"},{"floor":26,"key":"War Paint"},{"floor":27,"key":"Bag of Marbles"},{"floor":31,"key":"Lantern"},{"floor":31,"key":"MealTicket"},{"floor":34,"key":"Pen Nib"},{"floor":34,"key":"White Beast Statue"},{"floor":34,"key":"TungstenRod"},{"floor":42,"key":"Gremlin Horn"},{"floor":42,"key":"Ornamental Fan"},{"floor":43,"key":"Boot"},{"floor":45,"key":"Omamori"},{"floor":46,"key":"Ginger"}],"event_choices":[{"damage_healed":0,"gold_gain":0,"player_choice":"Donut","damage_taken":0,"max_hp_gain":5,"max_hp_loss":0,"event_name":"Big Fish","floor":4,"gold_loss":0},{"damage_healed":0,"gold_gain":0,"player_choice":"Entered Light","damage_taken":16,"max_hp_gain":0,"max_hp_loss":0,"event_name":"Shining Light","floor":5,"gold_loss":0,"cards_upgraded":["Defend_B","Defend_B"]},{"damage_healed":0,"gold_gain":0,"player_choice":"Success","damage_taken":3,"relics_obtained":["Kunai"],"max_hp_gain":0,"max_hp_loss":0,"event_name":"Scrap Ooze","floor":13,"gold_loss":0},{"damage_healed":0,"gold_gain":0,"player_choice":"2 cards matched","damage_taken":0,"max_hp_gain":0,"max_hp_loss":0,"event_name":"Match and Keep!","floor":19,"gold_loss":0,"cards_obtained":["Leap","Zap"]},{"damage_healed":0,"gold_gain":0,"player_choice":"Copied","damage_taken":0,"max_hp_gain":0,"max_hp_loss":0,"event_name":"Duplicator","floor":37,"gold_loss":0,"cards_obtained":["Self Repair"]}],"is_beta":false,"boss_relics":[{"not_picked":["Coffee Dripper","FrozenCore"],"picked":"Black Star"},{"not_picked":["SacredBark","Velvet Choker"],"picked":"Calling Bell"}],"items_purged_floors":[8,11,22],"is_endless":false,"potions_floor_spawned":[1,3,10,18,24,28,29,31,35,39,41,42,47],"killed_by":"Giant Head","ascension_level":1}}