{"host":"es9iqxsx76c74tza","time":1607828572,"event":{"mods":["BaseMod","Colored Map","Colored Powertips","Downfall","Lobotomy","LobotomyExtend","Minty Spire (QoL Compilation)","Quick Restart","Relic Stats","StSLib"],"gold_per_floor":[116,136,311,326,198,198,198,214,239,239,93,105,105,129,129,227,227,244,244,244],"floor_reached":19,"playtime":725,"items_purged":["Doubt"],"score":157,"play_id":"3917df84-e09e-4ac3-a6c3-bef0b2a7f2ac","local_time":"20201213110252","is_ascension_mode":false,"campfire_choices":[{"data":"Power Through","floor":6.0,"key":"SMITH"},{"data":"True Grit","floor":15.0,"key":"SMITH"}],"circlet_count":0,"master_deck":["Strike_R","Strike_R","Strike_R","Strike_R","Strike_R","Defend_R","Defend_R","Defend_R","Defend_R","Bash","Inflame","Power Through+1","Wild Strike","Cleave","True Grit+1","Burning Pact","Evolve","Second Wind","Limit Break","CurseOfTheBell","Thunderclap"],"relics":["Burning Blood","NeowsBlessing","LetterFromLob","Juzu Bracelet","Happy Flower","Calling Bell","Oddly Smooth Stone","HornCleat","Peace Pipe"],"acts_visited":["Exordium","TheCity"],"potions_floor_usage":[16,19],"damage_taken":[{"damage":0.0,"enemies":"Small Slimes","floor":1.0,"turns":1.0},{"damage":0.0,"enemies":"Jaw Worm","floor":2.0,"turns":1.0},{"damage":0.0,"enemies":"2 Louse","floor":4.0,"turns":1.0},{"damage":8.0,"enemies":"Large Slime","floor":8.0,"turns":5.0},{"damage":16.0,"enemies":"Exordium Thugs","floor":12.0,"turns":5.0},{"damage":20,"enemies":"The Guardian","floor":16,"turns":22},{"damage":23,"enemies":"Chosen","floor":18,"turns":8},{"damage":60,"enemies":"Spheric Guardian","floor":19,"turns":14}],"seed_played":"-9144350393490581541","potions_obtained":[{"floor":4.0,"key":"Fire Potion"},{"floor":12.0,"key":"Guardian:BlockOnCardUsePotion"}],"is_trial":false,"path_per_floor":["M","M","?","M","$","R","?","M","T","?","$","M","M","T","R","B",null,"M","M"],"character_chosen":"IRONCLAD","items_purchased":["Cleave","Burning Pact","Evolve"],"campfire_rested":0,"item_purchase_floors":[5,11,11],"current_hp_per_floor":[80,80,80,80,80,80,80,78,78,78,78,68,68,68,68,54,80,63,3,3],"gold":244,"neow_bonus":"THREE_ENEMY_KILL","is_daily":false,"chose_seed":false,"campfire_upgraded":2,"win_rate":0.0,"timestamp":1607828572,"path_taken":["M","M","?","M","?","R","?","M","T","?","$","M","M","?","R","BOSS","M","M"],"items_purchased_type":["Card","Card","Card"],"build_version":"2020-11-30","purchased_purges":1,"victory":false,"max_hp_per_floor":[80,80,80,80,80,80,80,80,80,80,80,80,80,80,80,80,80,80,80,80],"relic_stats":{"Peace Pipe":0,"Happy Flower":[14],"counters":[8,57],"Juzu Bracelet":0,"obtain_stats":[{"Calling Bell":17,"Peace Pipe":17,"HornCleat":17,"NeowsBlessing":0,"Happy Flower":14,"Oddly Smooth Stone":17,"LetterFromLob":1,"Juzu Bracelet":9,"Burning Blood":0},{"Calling Bell":6,"Peace Pipe":6,"HornCleat":6,"NeowsBlessing":0,"Happy Flower":5,"Oddly Smooth Stone":6,"LetterFromLob":1,"Juzu Bracelet":4,"Burning Blood":0},{"Calling Bell":35,"Peace Pipe":35,"HornCleat":35,"NeowsBlessing":0,"Happy Flower":13,"Oddly Smooth Stone":35,"LetterFromLob":1,"Juzu Bracelet":8,"Burning Blood":0}],"Burning Blood":24},"card_choices":[{"not_picked":["Flex","Combust"],"picked":"Inflame","floor":1.0},{"not_picked":["Anger","Twin Strike"],"picked":"Power Through","floor":2.0},{"not_picked":["Dark Embrace","Intimidate"],"picked":"Wild Strike","floor":4.0},{"not_picked":["Dual Wield","Body Slam"],"picked":"True Grit","floor":8.0},{"not_picked":["Uppercut","Anger"],"picked":"Second Wind","floor":12.0},{"not_picked":["Immolate","Bludgeon"],"picked":"Limit Break","floor":16},{"not_picked":["Cleave+1","Sentinel"],"picked":"Thunderclap","floor":18}],"player_experience":278538,"relics_obtained":[{"floor":1.0,"key":"LetterFromLob"},{"floor":9.0,"key":"Juzu Bracelet"},{"floor":14.0,"key":"Happy Flower"},{"floor":17,"key":"Oddly Smooth Stone"},{"floor":17,"key":"HornCleat"},{"floor":17,"key":"Peace Pipe"}],"event_choices":[{"damage_healed":0.0,"max_hp_gain":0.0,"max_hp_loss":0.0,"gold_gain":175.0,"event_name":"Liars Game","player_choice":"AGREE","floor":3.0,"gold_loss":0.0,"damage_taken":0.0,"cards_obtained":["Doubt"]}],"is_beta":false,"boss_relics":[{"not_picked":["Ectoplasm","Black Star"],"picked":"Calling Bell"}],"items_purged_floors":[5],"is_endless":false,"potions_floor_spawned":[4,12],"killed_by":"Spheric Guardian","ascension_level":0}}