{"host":"9ndbo4kgsfoemf7y","time":1607844955,"event":{"mods":["AchievementEnabler","BaseMod","Colored Map","DeckTracker","Keyboard Shortcuts","Minty Spire (QoL Compilation)","Permanent Neow","Quick Restart","Relic Stats","StSLib","SuperFastMode"],"gold_per_floor":[366,366,46,66,86,86,106,106,106,122,43,43,70,70,70,149,149,159,159,159,174,174,174,200,200,200,220,220,71,71,71,71,143,143,163,163,163],"floor_reached":36,"playtime":1173,"items_purged":[],"score":662,"play_id":"7fb84460-249c-48ea-9253-3bd28c5a50a1","local_time":"20201213163555","is_ascension_mode":true,"campfire_choices":[{"data":"Neutralize","floor":6.0,"key":"SMITH"},{"data":"Footwork","floor":8.0,"key":"SMITH"},{"data":"Well Laid Plans","floor":15.0,"key":"SMITH"},{"data":"RitualDagger","floor":23.0,"key":"SMITH"},{"data":"Noxious Fumes","floor":25,"key":"SMITH"},{"data":"Infinite Blades","floor":28,"key":"SMITH"},{"data":"Grand Finale","floor":32,"key":"SMITH"}],"circlet_count":0,"master_deck":["AscendersBane","Strike_G+1","Strike_G+1","Defend_G+1","Defend_G+1","Defend_G+1","Defend_G+1","Survivor","Neutralize+1","Footwork+1","Infinite Blades+1","Blade Dance+1","Blade Dance+1","Noxious Fumes+1","Well Laid Plans+1","Adrenaline+1","Cloak And Dagger+1","RitualDagger+1","Reflex+1","Writhe","Terror+1","Grand Finale+1","Venomology+1","Skewer+1","Distraction+1","Backflip+1","Escape Plan+1"],"relics":["Ring of the Snake","Toxic Egg 2","Kunai","Torii","MealTicket","Philosopher\u0027s Stone","Juzu Bracelet","Pantograph","Anchor","Astrolabe"],"acts_visited":["Exordium","TheCity","TheBeyond"],"potions_floor_usage":[24,33,35,36],"damage_taken":[{"damage":1.0,"enemies":"Jaw Worm","floor":1.0,"turns":5.0},{"damage":4.0,"enemies":"Cultist","floor":4.0,"turns":7.0},{"damage":0.0,"enemies":"2 Louse","floor":5.0,"turns":2.0},{"damage":4.0,"enemies":"Exordium Wildlife","floor":7.0,"turns":4.0},{"damage":2.0,"enemies":"Looter","floor":10.0,"turns":4.0},{"damage":16.0,"enemies":"Lagavulin","floor":13.0,"turns":7.0},{"damage":1.0,"enemies":"The Guardian","floor":16.0,"turns":12.0},{"damage":6.0,"enemies":"Spheric Guardian","floor":18.0,"turns":4.0},{"damage":0.0,"enemies":"Shell Parasite","floor":21.0,"turns":4.0},{"damage":10,"enemies":"Gremlin Leader","floor":24,"turns":8},{"damage":2,"enemies":"Snake Plant","floor":27,"turns":6},{"damage":9,"enemies":"Champ","floor":33,"turns":13},{"damage":30,"enemies":"3 Shapes","floor":35,"turns":7},{"damage":38,"enemies":"3 Darklings","floor":36,"turns":2}],"seed_played":"-6945591688116605672","potions_obtained":[{"floor":1.0,"key":"SteroidPotion"},{"floor":5.0,"key":"Fire Potion"},{"floor":18.0,"key":"SmokeBomb"},{"floor":21.0,"key":"LiquidBronze"},{"floor":31,"key":"Dexterity Potion"},{"floor":33,"key":"BlessingOfTheForge"}],"is_trial":false,"path_per_floor":["M","?","$","M","M","R","M","R","T","M","$","T","E","$","R","B",null,"M","?","?","M","?","R","E","R","T","M","R","$","$","?","R","B",null,"M","M"],"character_chosen":"THE_SILENT","items_purchased":["Toxic Egg 2","Footwork","Well Laid Plans","Grand Finale"],"campfire_rested":0,"item_purchase_floors":[3,3,11,29],"current_hp_per_floor":[43,43,43,39,39,39,35,35,35,33,33,33,17,32,32,31,57,51,45,45,45,45,45,35,35,35,33,33,48,63,63,63,57,64,34,0,0],"gold":163,"neow_bonus":"TWO_FIFTY_GOLD","is_daily":false,"chose_seed":false,"campfire_upgraded":7,"win_rate":0.0,"timestamp":1607844955,"path_taken":["M","?","$","M","?","R","M","R","T","M","$","?","E","?","R","BOSS","M","?","?","M","?","R","E","R","T","M","R","?","$","?","R","BOSS","M","M"],"items_purchased_type":["Relic","Card","Card","Card"],"build_version":"2020-11-30","purchased_purges":0,"victory":false,"max_hp_per_floor":[66,66,66,66,66,66,66,66,66,66,66,66,66,66,66,66,66,66,66,66,66,66,66,66,66,66,66,66,66,66,66,66,66,66,66,66,66],"relic_stats":{"Torii":26,"counters":[14,85],"Pantograph":3,"Astrolabe":["Skewer","Distraction","Backflip"],"MealTicket":45,"Juzu Bracelet":1,"Kunai":[82],"obtain_stats":[{"Anchor":26,"Torii":12,"Pantograph":24,"Astrolabe":34,"MealTicket":13,"Philosopher\u0027s Stone":17,"Juzu Bracelet":22,"Kunai":9,"Toxic Egg 2":3,"Ring of the Snake":0},{"Anchor":10,"Torii":5,"Pantograph":10,"Astrolabe":12,"MealTicket":6,"Philosopher\u0027s Stone":7,"Juzu Bracelet":9,"Kunai":4,"Toxic Egg 2":1,"Ring of the Snake":0},{"Anchor":57,"Torii":22,"Pantograph":57,"Astrolabe":76,"MealTicket":29,"Philosopher\u0027s Stone":41,"Juzu Bracelet":49,"Kunai":18,"Toxic Egg 2":5,"Ring of the Snake":0}],"Ring of the Snake":[28]},"card_choices":[{"not_picked":["Riddle With Holes","Quick Slash","PiercingWail"],"picked":"SKIP","floor":1.0},{"not_picked":["Slice","Eviscerate"],"picked":"Infinite Blades","floor":4.0},{"not_picked":["Poisoned Stab","Flechettes"],"picked":"Blade Dance+1","floor":5.0},{"not_picked":["Dagger Throw","Backstab"],"picked":"Blade Dance+1","floor":7.0},{"not_picked":["Riddle With Holes","Outmaneuver+1"],"picked":"Noxious Fumes","floor":10.0},{"not_picked":["PiercingWail+1","Night Terror+1","Dodge and Roll+1"],"picked":"SKIP","floor":13.0},{"not_picked":["Wraith Form v2","Glass Knife"],"picked":"Adrenaline+1","floor":16.0},{"not_picked":["Dodge and Roll+1","Acrobatics+1"],"picked":"Cloak And Dagger+1","floor":18.0},{"not_picked":["Backstab","Deadly Poison+1"],"picked":"Reflex+1","floor":21.0},{"not_picked":["Deflect+1","Outmaneuver+1","Dagger Spray"],"picked":"SKIP","floor":24},{"not_picked":["Dodge and Roll+1","Dagger Spray"],"picked":"Terror+1","floor":27},{"not_picked":["Corpse Explosion+1","Die Die Die"],"picked":"Venomology+1","floor":33},{"not_picked":["Sucker Punch","Deadly Poison+1"],"picked":"Escape Plan+1","floor":35}],"player_experience":673512,"relics_obtained":[{"floor":9.0,"key":"Kunai"},{"floor":12.0,"key":"Torii"},{"floor":13.0,"key":"MealTicket"},{"floor":24,"key":"Pantograph"},{"floor":26,"key":"Anchor"}],"event_choices":[{"cards_removed":["Strike_G"],"damage_healed":0.0,"max_hp_gain":0.0,"max_hp_loss":0.0,"gold_gain":0.0,"event_name":"Purifier","player_choice":"Purged","floor":2.0,"gold_loss":0.0,"damage_taken":0.0},{"damage_healed":0.0,"max_hp_gain":0.0,"max_hp_loss":0.0,"gold_gain":0.0,"event_name":"Nest","player_choice":"Joined the Cult","floor":19.0,"gold_loss":0.0,"damage_taken":6.0,"cards_obtained":["RitualDagger"]},{"damage_healed":0.0,"max_hp_gain":0.0,"max_hp_loss":0.0,"gold_gain":0.0,"event_name":"Back to Basics","player_choice":"Simplicity","floor":20.0,"gold_loss":0.0,"damage_taken":0.0,"cards_upgraded":["Strike_G","Strike_G","Strike_G","Strike_G","Defend_G","Defend_G","Defend_G","Defend_G","Defend_G"]},{"damage_healed":0.0,"max_hp_gain":0.0,"max_hp_loss":0.0,"gold_gain":0.0,"event_name":"The Mausoleum","player_choice":"Opened","floor":22.0,"gold_loss":0.0,"damage_taken":0.0,"relics_obtained":["Juzu Bracelet"],"cards_obtained":["Writhe"]},{"damage_healed":0,"gold_gain":0,"player_choice":"Got Potions","damage_taken":0,"max_hp_gain":0,"max_hp_loss":0,"event_name":"Lab","floor":31,"gold_loss":0}],"is_beta":false,"boss_relics":[{"not_picked":["Ectoplasm","Tiny House"],"picked":"Philosopher\u0027s Stone"},{"not_picked":["Runic Pyramid","Velvet Choker"],"picked":"Astrolabe"}],"items_purged_floors":[],"is_endless":false,"potions_floor_spawned":[1,5,18,21,33,35],"killed_by":"3 Darklings","ascension_level":15}}