{"host":"nj06ypb01n3s9mn8","time":1607902208,"event":{"mods":["2.2 Compatiblity","BaseMod","Colored Map","Downfall","Highlight Path","Marisa????????","Minty Spire (QoL Compilation)","Replay The Spire","StSLib","The Animator","The Bug Knight","The Necromancer","The Servant 0.9.4","Waifu the Spire"],"gold_per_floor":[99,99,129,54,82,98,121,134,148,174,200,200,226,250,275,383,383,308,416,416,416,416,416,416,449,475,508,533,560,560,560,560],"floor_reached":31,"playtime":2582,"items_purged":[],"score":345,"play_id":"3b3850af-e733-47ad-a67b-b85be2602d45","local_time":"20201213203008","is_ascension_mode":false,"campfire_choices":[{"floor":1,"key":"RECALL"},{"data":"hexamod:Rewind","floor":4,"key":"SMITH"},{"data":"hexamod:Hexaguard","floor":18,"key":"SMITH"},{"data":"hexamod:GhostShield","floor":20,"key":"SMITH"},{"data":"hexamod:GhostShield","floor":23,"key":"SMITH"}],"circlet_count":0,"master_deck":["hexamod:Strike+1","hexamod:Strike+1","hexamod:Strike","hexamod:Defend","hexamod:Defend","hexamod:Defend","hexamod:Sear","hexamod:Float","hexamod:Rewind+1","hexamod:AdvancingGuard","hexamod:Haunt","hexamod:SkipABeat","hexamod:SecondSeal","hexamod:EmpoweredFlame","hexamod:Hexaguard+1","hexamod:GhostShield+1","hexamod:FastForward+1","hexamod:FifthSeal","hexamod:TurnItUp","hexamod:GhostShield+1","J.A.X.","hexamod:FastForward","hexamod:SixthSeal","hexamod:Hexaguard+1","hexamod:FirstSeal","hexamod:FastForward","hexamod:FifthSeal","hexamod:SkipABeat","hexamod:FourthSeal","hexamod:SixthSeal","hexamod:GhostflameBarrier+1"],"relics":["hexamod:SpiritBrand","downfall:HeartsMalice","Letter Opener","downfall:HeartBlessingRed","Toy Ornithopter","Question Card","Garlic","Velvet Choker","downfall:HeartBlessingBlue","MutagenicStrength","Peace Pipe","Replay:Bottled Snecko","HollowMod:LifeEnderRelic","Toxic Egg 2"],"acts_visited":["Exordium","TheCity"],"potions_floor_usage":[16,16,25,27,29,31],"damage_taken":[{"damage":0,"enemies":"2 Louse","floor":2,"turns":1},{"damage":0,"enemies":"Lagavulin","floor":3,"turns":1},{"damage":0,"enemies":"Gremlin Nob","floor":5,"turns":1},{"damage":0,"enemies":"Jaw Worm","floor":6,"turns":3},{"damage":0,"enemies":"Cultist","floor":8,"turns":3},{"damage":0,"enemies":"Large Slime","floor":9,"turns":3},{"damage":7,"enemies":"3 Sentries","floor":10,"turns":6},{"damage":0,"enemies":"2 Fungi Beasts","floor":11,"turns":3},{"damage":4,"enemies":"Lots of Slimes","floor":13,"turns":5},{"damage":14,"enemies":"Large Slime","floor":14,"turns":7},{"damage":1,"enemies":"2 Fungi Beasts","floor":15,"turns":4},{"damage":74,"enemies":"downfall:Defect","floor":16,"turns":9},{"damage":16,"enemies":"downfall:Augmenter","floor":19,"turns":6},{"damage":12,"enemies":"Slavers","floor":25,"turns":6},{"damage":0,"enemies":"Chosen","floor":26,"turns":7},{"damage":34,"enemies":"Book of Stabbing","floor":27,"turns":7},{"damage":8,"enemies":"Spheric Guardian","floor":28,"turns":6},{"damage":17,"enemies":"Snake Plant","floor":29,"turns":5},{"damage":54,"enemies":"Cultist and Chosen","floor":31,"turns":6}],"seed_played":"-7589695920936337750","potions_obtained":[{"floor":3,"key":"Swift Potion"},{"floor":9,"key":"DistilledChaos"},{"floor":11,"key":"SneckoOil"},{"floor":13,"key":"FairyPotion"},{"floor":16,"key":"SkillPotion"},{"floor":26,"key":"Weak Potion"},{"floor":27,"key":"hexamod:DoubleChargePotion"},{"floor":28,"key":"SkillPotion"},{"floor":29,"key":"Regen Potion"}],"is_trial":false,"path_per_floor":["R","M","E","R","E","M","T","M","M","E","M","?","M","M","M","B",null,"R","?","R","?","?","R","T","E","M","E","M","M","T","M"],"character_chosen":"THE_SPIRIT","items_purchased":[],"campfire_rested":0,"item_purchase_floors":[],"current_hp_per_floor":[70,70,70,70,70,70,70,70,70,63,63,63,59,45,44,1,70,80,64,64,64,64,64,64,57,57,35,34,29,29,0,0],"gold":560,"neow_bonus":"THREE_ENEMY_KILL","is_daily":false,"chose_seed":false,"campfire_upgraded":4,"win_rate":0.0,"timestamp":1607902208,"path_taken":["R","M","E","R","E","M","T","M","M","E","M","?","M","M","M","BOSS","R","?","R","?","?","R","T","E","M","E","M","M","?","?"],"items_purchased_type":[],"build_version":"2020-11-29","purchased_purges":0,"victory":false,"max_hp_per_floor":[70,70,70,70,70,70,70,70,70,70,70,70,70,70,70,70,70,80,80,80,80,80,80,80,80,80,80,80,80,80,80,80],"card_choices":[{"not_picked":["hexamod:GhostflameBarrier","hexamod:SwordOfDarkness"],"picked":"hexamod:Rewind","floor":2},{"not_picked":["hexamod:GhostLash","hexamod:SwordOfDarkness"],"picked":"hexamod:AdvancingGuard","floor":3},{"not_picked":["hexamod:InspiringFlames","hexamod:SearingWound"],"picked":"hexamod:Haunt","floor":5},{"not_picked":["hexamod:NightmareGuise","hexamod:GhostLash","hexamod:SpectersWail"],"picked":"SKIP","floor":6},{"not_picked":["hexamod:SwordOfDarkness","hexamod:Firestarter","hexamod:GhostOfSpirePresent"],"picked":"SKIP","floor":8},{"not_picked":["hexamod:AdvancingGuard","hexamod:InspiringFlames"],"picked":"hexamod:SkipABeat","floor":9},{"not_picked":["hexamod:BacktrackSmack","hexamod:GiftsFromTheDead"],"picked":"hexamod:SecondSeal","floor":10},{"not_picked":["hexamod:AdvancingGuard","hexamod:Hexaguard","hexamod:NightmareGuise"],"picked":"hexamod:EmpoweredFlame","floor":11},{"not_picked":["hexamod:RainOfEmbers","hexamod:ChargedBarrage","hexamod:NightmareGuise"],"picked":"hexamod:Hexaguard","floor":13},{"not_picked":["hexamod:NightmareStrike","hexamod:HauntingEcho","hexamod:HeatCrush"],"picked":"hexamod:GhostShield","floor":14},{"not_picked":["hexamod:SwordOfDarkness","hexamod:InspiringFlames","hexamod:BacktrackSmack"],"picked":"hexamod:FastForward","floor":15},{"not_picked":["hexamod:SearingWound","hexamod:UnleashSpirits","hexamod:TimeOfNeed"],"picked":"hexamod:FifthSeal","floor":16},{"not_picked":[],"picked":"J.A.X.","floor":19},{"not_picked":["hexamod:ThermalTransfer","hexamod:NecessarySacrifice+1","hexamod:AdvancingGuard"],"picked":"hexamod:FastForward","floor":19},{"not_picked":["hexamod:FourthSeal","hexamod:SecondSeal","hexamod:FifthSeal"],"picked":"hexamod:SixthSeal","floor":25},{"not_picked":["hexamod:SoulSteal+1","hexamod:RetreatToShadows","hexamod:RainOfEmbers+1"],"picked":"hexamod:Hexaguard+1","floor":25},{"not_picked":["hexamod:FourthSeal","hexamod:SecondSeal","hexamod:SixthSeal"],"picked":"hexamod:FirstSeal","floor":26},{"not_picked":["hexamod:GhostLash","hexamod:PhantomFireball+1","hexamod:AdvancingGuard"],"picked":"hexamod:FastForward","floor":26},{"not_picked":["hexamod:NightmareStrike+1","hexamod:NecessarySacrifice","hexamod:RecurringNightmare","hexamod:HauntingEcho"],"picked":"SKIP","floor":27},{"not_picked":["hexamod:SixthSeal","hexamod:SecondSeal","hexamod:FirstSeal"],"picked":"hexamod:FifthSeal","floor":28},{"not_picked":["hexamod:PhantomFireball","hexamod:AdvancingGuard","hexamod:HauntingEcho"],"picked":"hexamod:SkipABeat","floor":28},{"not_picked":["hexamod:FifthSeal","hexamod:SixthSeal","hexamod:SecondSeal"],"picked":"hexamod:FourthSeal","floor":29},{"not_picked":["hexamod:FifthSeal","hexamod:SecondSeal","hexamod:FourthSeal"],"picked":"hexamod:SixthSeal","floor":29},{"not_picked":["hexamod:Haunt","hexamod:GhostOfSpirePresent","hexamod:InspiringFlames"],"picked":"hexamod:GhostflameBarrier+1","floor":29}],"player_experience":31925,"relics_obtained":[{"floor":3,"key":"Letter Opener"},{"floor":5,"key":"Toy Ornithopter"},{"floor":10,"key":"Question Card"},{"floor":19,"key":"MutagenicStrength"},{"floor":24,"key":"Peace Pipe"},{"floor":25,"key":"Replay:Bottled Snecko"},{"floor":27,"key":"HollowMod:LifeEnderRelic"},{"floor":30,"key":"Toxic Egg 2"}],"event_choices":[{"damage_healed":0,"gold_gain":0,"player_choice":"Box","damage_taken":0,"relics_obtained":["Garlic"],"max_hp_gain":0,"max_hp_loss":0,"event_name":"Big Fish","floor":12,"gold_loss":0,"cards_obtained":["Regret"]}],"is_beta":false,"boss_relics":[{"not_picked":["Ectoplasm","Empty Cage"],"picked":"Velvet Choker"}],"items_purged_floors":[],"is_endless":false,"potions_floor_spawned":[3,9,11,13,16,26,27,28,29],"killed_by":"Cultist and Chosen","ascension_level":0}}