{"host":"n5tkjfaoqcucuref","time":1607847557,"event":{"mods":["AchievementEnabler","BaseMod","Colored Map","Colored Powertips","Downfall","Friendly Minions","Hermit","Marisa????????","Minty Spire (QoL Compilation)","Quick Restart","Rare Cards Sparkle","StSLib","The Cursed","The Servant 0.9.4"],"gold_per_floor":[115,130,130,107,137,137,186,186,186,229,229,257,302,335,335,450,450,480,507,507,190,190,190,225,225,225,250,350,350,350],"floor_reached":29,"playtime":1795,"items_purged":["Strike_MRS"],"score":235,"play_id":"29c36053-fadb-4659-a3d3-dbb11088338a","local_time":"20201213061917","is_ascension_mode":false,"campfire_choices":[{"data":"DoubleSpark","floor":6.0,"key":"SMITH"},{"data":"Singularity","floor":8.0,"key":"SMITH"},{"data":"PowerUp","floor":11.0,"key":"SMITH"},{"data":"SprinkleStarSeal","floor":15.0,"key":"SMITH"},{"data":"CollectingQuirk","floor":23.0,"key":"SMITH"},{"data":"DoubleSpark","floor":25.0,"key":"SMITH"}],"circlet_count":0,"master_deck":["Strike_MRS","Strike_MRS","Strike_MRS","Defend_MRS","Defend_MRS","Defend_MRS","Defend_MRS","MasterSpark","UpSweep","Singularity+1","DoubleSpark+1","WitchOfGreed","DeepEcoloBomb","PowerUp+1","Parasite","Parasite","CollectingQuirk+1","DoubleSpark+1","SprinkleStarSeal+1","CasketOfStar","MilkyWay+1"],"relics":["MiniHakkero","ShroomBag","Pantograph","Eternal Feather","RampagingMagicTools","Enchiridion","Bottled Lightning","Shuriken","Ice Cream","Letter Opener"],"acts_visited":[],"potions_floor_usage":[29],"damage_taken":[{"damage":1.0,"enemies":"Jaw Worm","floor":1.0,"turns":3.0},{"damage":0.0,"enemies":"Cultist","floor":2.0,"turns":3.0},{"damage":0.0,"enemies":"Small Slimes","floor":5.0,"turns":3.0},{"damage":19.0,"enemies":"Exordium Thugs","floor":7.0,"turns":5.0},{"damage":6.0,"enemies":"Gremlin Nob","floor":10.0,"turns":4.0},{"damage":15.0,"enemies":"Blue Slaver","floor":12.0,"turns":4.0},{"damage":22.0,"enemies":"3 Sentries","floor":13.0,"turns":6.0},{"damage":5.0,"enemies":"3 Louse","floor":14.0,"turns":3.0},{"damage":55.0,"enemies":"The Guardian","floor":16.0,"turns":10.0},{"damage":15.0,"enemies":"3 Byrds","floor":18.0,"turns":6.0},{"damage":16.0,"enemies":"Chosen","floor":19.0,"turns":4.0},{"damage":6.0,"enemies":"Snake Plant","floor":24.0,"turns":4.0},{"damage":10.0,"enemies":"Centurion and Healer","floor":27.0,"turns":5.0},{"damage":18.0,"enemies":"Colosseum Slavers","floor":28.0,"turns":2.0},{"damage":27.0,"enemies":"Colosseum Nobs","floor":28.0,"turns":5.0},{"damage":18,"enemies":"Gremlin Leader","floor":29,"turns":2}],"seed_played":"1532483271450763158","potions_obtained":[{"floor":1.0,"key":"Block Potion"},{"floor":2.0,"key":"DuplicationPotion"},{"floor":5.0,"key":"Guardian:BlockOnCardUsePotion"},{"floor":7.0,"key":"ColorlessPotion"},{"floor":7.0,"key":"sneckomod:MuddlingPotion"},{"floor":10.0,"key":"Ancient Potion"},{"floor":12.0,"key":"Block Potion"},{"floor":13.0,"key":"Regen Potion"},{"floor":13.0,"key":"Ancient Potion"},{"floor":16.0,"key":"Weak Potion"},{"floor":18.0,"key":"BottledSpark"},{"floor":28.0,"key":"Fire Potion"}],"is_trial":false,"path_per_floor":["M","M","?","$","M","R","M","R","T","E","R","M","E","M","R","B",null,"M","M","?","$","?","R","M","R","T","M","?","E"],"character_chosen":"MARISA","items_purchased":["WitchOfGreed","Bottled Lightning"],"campfire_rested":0,"item_purchase_floors":[4,21],"current_hp_per_floor":[81,81,81,81,81,81,62,62,62,60,60,49,31,30,42,31,82,69,55,39,39,39,51,49,61,61,55,16,0,0],"gold":350,"neow_bonus":"TEN_PERCENT_HP_BONUS","is_daily":false,"chose_seed":false,"campfire_upgraded":6,"win_rate":0.0,"timestamp":1607847557,"path_taken":["M","M","?","?","M","R","M","R","T","E","R","M","E","M","R","BOSS","M","M","?","$","?","R","?","R","T","M","?","E"],"items_purchased_type":["Card","Relic"],"build_version":"2020-11-30","purchased_purges":1,"victory":false,"max_hp_per_floor":[82,82,82,82,82,82,82,82,82,82,82,82,82,82,82,82,82,82,82,82,82,82,82,82,82,82,82,82,82,82],"card_choices":[{"not_picked":["MysteriousBeam","EarthLightRay"],"picked":"Singularity","floor":1.0},{"not_picked":["Acceleration","OrrerysSun"],"picked":"DoubleSpark","floor":2.0},{"not_picked":["6A","WitchOfGreed"],"picked":"DeepEcoloBomb","floor":5.0},{"not_picked":["DC","SuperPerseids"],"picked":"PowerUp","floor":7.0},{"not_picked":["LuminesStrike","PowerUp","DeepEcoloBomb"],"picked":"SKIP","floor":10.0},{"not_picked":["RefractionSpark","Singularity"],"picked":"CollectingQuirk","floor":12.0},{"not_picked":["MysteriousBeam","ChargeUpSpray"],"picked":"DoubleSpark","floor":13.0},{"not_picked":["Occultation","NonDirectionalLaser"],"picked":"SprinkleStarSeal","floor":14.0},{"not_picked":["SatelliteIllusion","BigCrunch"],"picked":"CasketOfStar","floor":16.0},{"not_picked":["MysteriousBeam","ManaConvection"],"picked":"MilkyWay+1","floor":18.0},{"not_picked":["ShootingEcho","PowerUp","GravityBeat"],"picked":"SKIP","floor":19.0},{"not_picked":["WitchOfGreed","GrandCross","DoubleSpark"],"picked":"SKIP","floor":24.0},{"not_picked":["ShootingEcho+1","GrandCross+1","GravityBeat"],"picked":"SKIP","floor":27.0}],"player_experience":23278,"relics_obtained":[{"floor":9.0,"key":"ShroomBag"},{"floor":10.0,"key":"Pantograph"},{"floor":13.0,"key":"Eternal Feather"},{"floor":20.0,"key":"Enchiridion"},{"floor":26.0,"key":"Shuriken"},{"floor":28.0,"key":"Ice Cream"},{"floor":28.0,"key":"Letter Opener"}],"event_choices":[{"damage_healed":0.0,"max_hp_gain":0.0,"max_hp_loss":0.0,"gold_gain":0.0,"event_name":"The Woman in Blue","player_choice":"Bought 0 Potions","floor":3.0,"gold_loss":0.0,"damage_taken":0.0},{"damage_healed":0.0,"max_hp_gain":0.0,"max_hp_loss":0.0,"gold_gain":0.0,"event_name":"Cursed Tome","player_choice":"Obtained Book","floor":20.0,"gold_loss":0.0,"damage_taken":16.0},{"damage_healed":0.0,"max_hp_gain":0.0,"max_hp_loss":0.0,"gold_gain":0.0,"event_name":"Fountain of Cleansing","player_choice":"Ignored","floor":22.0,"gold_loss":0.0,"damage_taken":0.0},{"damage_healed":0.0,"max_hp_gain":0.0,"max_hp_loss":0.0,"gold_gain":0.0,"event_name":"Colosseum","player_choice":"Fight","floor":28.0,"gold_loss":0.0,"damage_taken":0.0},{"damage_healed":0.0,"max_hp_gain":0.0,"max_hp_loss":0.0,"gold_gain":0.0,"event_name":"Colosseum","player_choice":"Fought Nobs","floor":28.0,"gold_loss":0.0,"damage_taken":0.0}],"is_beta":false,"boss_relics":[{"not_picked":["Runic Pyramid","Calling Bell"],"picked":"RampagingMagicTools"}],"items_purged_floors":[21],"is_endless":false,"potions_floor_spawned":[1,2,7,10,13,16,18,19,28,28],"killed_by":"Gremlin Leader","ascension_level":0}}