{"host":"f5n4tidiz2n5sooh","time":1607862294,"event":{"mods":["BaseMod","Colored Map","Minty Spire (QoL Compilation)","Relic Stats","StSLib"],"gold_per_floor":[118,118,130,280,292,292,1,35,60,79,79,79,90,125,125,203,203,220,240,240,69,84,114,29,29,29,29,29,29],"floor_reached":28,"playtime":915,"items_purged":["Doubt"],"score":567,"play_id":"a1308ce8-10ac-49e3-9b99-fe9f31bb8f9d","local_time":"20201213062454","is_ascension_mode":true,"campfire_choices":[{"data":"Bash","floor":6,"key":"SMITH"},{"data":"Spot Weakness","floor":11,"key":"SMITH"},{"data":"Disarm","floor":15,"key":"SMITH"}],"circlet_count":0,"master_deck":["AscendersBane","Defend_R+1","Defend_R+1","Defend_R+1","Bash+1","Spot Weakness+1","Pummel","Pommel Strike","Power Through","Immolate","Shrug It Off","Disarm+1","Barricade","Corruption","Headbutt","Inflame","Bite","Bite","Bite","Bite","Bite"],"relics":["Empty Cage","Lantern","Regal Pillow","Self Forming Clay","Red Skull","Sozu","Akabeko","Thread and Needle","Singing Bowl","Eternal Feather"],"acts_visited":["Exordium","TheCity"],"potions_floor_usage":[5,8,13,14,14,28],"damage_taken":[{"damage":6,"enemies":"2 Louse","floor":1,"turns":3},{"damage":4,"enemies":"Jaw Worm","floor":3,"turns":3},{"damage":1,"enemies":"Cultist","floor":5,"turns":3},{"damage":0,"enemies":"Gremlin Nob","floor":8,"turns":2},{"damage":8,"enemies":"Blue Slaver","floor":10,"turns":3},{"damage":8,"enemies":"Exordium Thugs","floor":13,"turns":3},{"damage":10,"enemies":"Lagavulin","floor":14,"turns":7},{"damage":16,"enemies":"Hexaghost","floor":16,"turns":7},{"damage":13,"enemies":"Spheric Guardian","floor":18,"turns":5},{"damage":11,"enemies":"Shell Parasite","floor":19,"turns":5},{"damage":5,"enemies":"Centurion and Healer","floor":22,"turns":5},{"damage":30,"enemies":"Slavers","floor":23,"turns":6},{"damage":25,"enemies":"Gremlin Leader","floor":28,"turns":4}],"seed_played":"34981295937163335","potions_obtained":[{"floor":3,"key":"Swift Potion"},{"floor":5,"key":"EntropicBrew"},{"floor":10,"key":"SkillPotion"},{"floor":14,"key":"EssenceOfSteel"}],"is_trial":false,"path_per_floor":["M","?","M","?","M","R","$","E","T","M","R","T","M","E","R","B",null,"M","M","?","$","M","E","?","?","T","?","E"],"character_chosen":"IRONCLAD","items_purchased":["Lantern","SteroidPotion","Akabeko"],"campfire_rested":0,"item_purchase_floors":[7,7,21],"current_hp_per_floor":[62,62,58,58,57,57,57,57,57,51,51,51,45,37,37,23,62,51,42,42,42,39,11,11,11,11,11,0,0],"gold":29,"neow_bonus":"BOSS_RELIC","is_daily":false,"chose_seed":false,"campfire_upgraded":3,"win_rate":0.0,"timestamp":1607862294,"path_taken":["M","?","M","?","?","R","$","E","T","M","R","?","M","E","R","BOSS","M","M","?","?","M","E","?","?","T","?","E"],"items_purchased_type":["Relic","Potion","Relic"],"build_version":"2020-11-30","purchased_purges":1,"victory":false,"max_hp_per_floor":[75,75,75,75,75,75,75,75,75,75,75,75,75,75,75,75,75,75,75,75,75,75,75,75,75,75,75,75,75],"relic_stats":{"Sozu":2,"Regal Pillow":0,"Singing Bowl":0,"counters":[13,56],"Self Forming Clay":[72],"Eternal Feather":0,"obtain_stats":[{"Blood Vial":9,"Sozu":17,"Lantern":7,"Regal Pillow":8,"Singing Bowl":24,"Self Forming Clay":12,"Thread and Needle":23,"Eternal Feather":26,"Empty Cage":0,"Burning Blood":0,"Red Skull":14,"Akabeko":21},{"Blood Vial":4,"Sozu":8,"Lantern":3,"Regal Pillow":4,"Singing Bowl":12,"Self Forming Clay":5,"Thread and Needle":12,"Eternal Feather":12,"Empty Cage":0,"Burning Blood":0,"Red Skull":7,"Akabeko":10},{"Blood Vial":11,"Sozu":31,"Lantern":9,"Regal Pillow":11,"Singing Bowl":52,"Self Forming Clay":14,"Thread and Needle":52,"Eternal Feather":52,"Empty Cage":0,"Burning Blood":0,"Red Skull":24,"Akabeko":41}]},"card_choices":[{"not_picked":["Pommel Strike","Combust"],"picked":"Spot Weakness","floor":1},{"not_picked":["Dark Embrace","Cleave"],"picked":"Pommel Strike","floor":3},{"not_picked":["Twin Strike","Sentinel"],"picked":"Power Through","floor":5},{"not_picked":["Armaments","Flex"],"picked":"Immolate","floor":8},{"not_picked":["Heavy Blade","Thunderclap"],"picked":"Shrug It Off","floor":10},{"not_picked":["Flex","Anger"],"picked":"Disarm","floor":13},{"not_picked":["Headbutt","Thunderclap"],"picked":"Barricade","floor":14},{"not_picked":["Double Tap","Impervious"],"picked":"Corruption","floor":16},{"not_picked":["Flex","True Grit","Reckless Charge+1"],"picked":"SKIP","floor":18},{"not_picked":["Havoc","Clothesline","Armaments"],"picked":"SKIP","floor":19},{"not_picked":["Cleave","Reckless Charge","Headbutt"],"picked":"SKIP","floor":22},{"not_picked":["Cleave","Reckless Charge"],"picked":"Headbutt","floor":22},{"not_picked":["Sword Boomerang","Cleave+1"],"picked":"Inflame","floor":23}],"player_experience":1878425,"relics_obtained":[{"floor":8,"key":"Regal Pillow"},{"floor":9,"key":"Blood Vial"},{"floor":12,"key":"Self Forming Clay"},{"floor":14,"key":"Red Skull"},{"floor":23,"key":"Thread and Needle"},{"floor":26,"key":"Eternal Feather"}],"event_choices":[{"damage_healed":0,"gold_gain":0,"cards_transformed":["Strike_R"],"player_choice":"Change","damage_taken":0,"max_hp_gain":0,"max_hp_loss":0,"event_name":"Living Wall","floor":2,"gold_loss":0,"cards_obtained":["Pummel"]},{"damage_healed":0,"gold_gain":150,"player_choice":"AGREE","damage_taken":0,"max_hp_gain":0,"max_hp_loss":0,"event_name":"Liars Game","floor":4,"gold_loss":0,"cards_obtained":["Doubt"]},{"cards_removed":["Strike_R"],"damage_healed":0,"gold_gain":0,"player_choice":"Offered Basic","damage_taken":0,"max_hp_gain":0,"max_hp_loss":0,"event_name":"Bonfire Elementals","floor":20,"gold_loss":0},{"damage_healed":0,"gold_gain":0,"player_choice":"Obtained Relic","damage_taken":0,"relics_obtained":["Singing Bowl"],"max_hp_gain":0,"max_hp_loss":0,"event_name":"Addict","floor":24,"gold_loss":85},{"damage_healed":0,"gold_gain":0,"player_choice":"Became a vampire (Vial)","damage_taken":0,"max_hp_gain":0,"max_hp_loss":0,"event_name":"Vampires","floor":25,"relics_lost":["Blood Vial"],"gold_loss":0,"cards_obtained":["Bite","Bite","Bite","Bite","Bite"]},{"damage_healed":0,"gold_gain":0,"player_choice":"Simplicity","damage_taken":0,"max_hp_gain":0,"max_hp_loss":0,"event_name":"Back to Basics","floor":27,"gold_loss":0,"cards_upgraded":["Defend_R","Defend_R","Defend_R"]}],"is_beta":false,"boss_relics":[{"not_picked":["Runic Dome","Coffee Dripper"],"picked":"Sozu"}],"items_purged_floors":[7],"is_endless":false,"potions_floor_spawned":[3,5,10,14,18,22],"killed_by":"Gremlin Leader","ascension_level":20}}