{"host":"y76clbnovzmw9ubx","time":1607900385,"event":{"mods":["AchievementEnabler","BaseMod","Minty Spire (QoL Compilation)","Permanent Neow","Relic Stats"],"gold_per_floor":[119,132,132,151,151,185,196,196,264,64,64,78,78,112,112,112,112],"floor_reached":16,"playtime":842,"items_purged":[],"score":220,"play_id":"233a7d6d-9d1d-474c-8503-58aea3abf52d","local_time":"20201213175945","is_ascension_mode":true,"campfire_choices":[{"data":"Carnage","floor":8,"key":"SMITH"},{"data":"Flame Barrier","floor":11,"key":"SMITH"},{"data":"Pommel Strike","floor":13,"key":"SMITH"},{"floor":15,"key":"REST"}],"circlet_count":0,"master_deck":["AscendersBane","Strike_R","Strike_R","Strike_R","Strike_R","Defend_R","Defend_R","Defend_R","Defend_R","Bash+1","Impervious","Anger","Pommel Strike+1","Reaper","Carnage+1","Flame Barrier+1"],"relics":["Burning Blood","FossilizedHelix","Shuriken","PreservedInsect","CeramicFish"],"acts_visited":["Exordium"],"potions_floor_usage":[6,16],"damage_taken":[{"damage":8,"enemies":"Jaw Worm","floor":1,"turns":5},{"damage":10,"enemies":"Small Slimes","floor":2,"turns":3},{"damage":2,"enemies":"Cultist","floor":4,"turns":4},{"damage":32,"enemies":"Gremlin Nob","floor":6,"turns":4},{"damage":11,"enemies":"Exordium Thugs","floor":7,"turns":6},{"damage":0,"enemies":"2 Fungi Beasts","floor":12,"turns":4},{"damage":50,"enemies":"3 Sentries","floor":14,"turns":11},{"damage":41,"enemies":"Hexaghost","floor":16,"turns":7}],"seed_played":"3629548003410867660","potions_obtained":[{"floor":1,"key":"Swift Potion"},{"floor":7,"key":"Dexterity Potion"}],"is_trial":false,"path_per_floor":["M","M","?","M","?","E","M","R","T","$","R","M","R","E","R","B"],"character_chosen":"IRONCLAD","items_purchased":["PreservedInsect","Flame Barrier"],"campfire_rested":1,"item_purchase_floors":[10,10],"current_hp_per_floor":[66,62,55,59,59,33,28,28,28,28,28,38,38,9,31,0,0],"gold":112,"neow_bonus":"ONE_RANDOM_RARE_CARD","is_daily":false,"chose_seed":false,"campfire_upgraded":3,"win_rate":0.0,"timestamp":1607900385,"path_taken":["M","M","?","M","?","E","?","R","T","?","R","M","R","E","R","BOSS"],"items_purchased_type":["Relic","Card"],"build_version":"2020-11-30","purchased_purges":0,"victory":false,"max_hp_per_floor":[75,75,75,75,75,75,75,75,75,75,75,75,75,75,75,75,75],"relic_stats":{"counters":[8,44],"Shuriken":[6],"CeramicFish":0,"PreservedInsect":35,"obtain_stats":[{"Shuriken":9,"CeramicFish":14,"PreservedInsect":10,"Burning Blood":0,"FossilizedHelix":6},{"Shuriken":5,"CeramicFish":7,"PreservedInsect":5,"Burning Blood":0,"FossilizedHelix":4},{"Shuriken":22,"CeramicFish":37,"PreservedInsect":22,"Burning Blood":0,"FossilizedHelix":16}],"Burning Blood":42},"card_choices":[{"not_picked":["Flex","True Grit"],"picked":"Anger","floor":1},{"not_picked":["Body Slam","Thunderclap"],"picked":"Pommel Strike","floor":2},{"not_picked":["Clothesline","Iron Wave","Blood for Blood"],"picked":"SKIP","floor":4},{"not_picked":["True Grit","Rampage"],"picked":"Reaper","floor":6},{"not_picked":["Heavy Blade","Havoc"],"picked":"Carnage","floor":7},{"not_picked":["Sword Boomerang","Clash","Body Slam"],"picked":"SKIP","floor":12},{"not_picked":["Warcry","Perfected Strike","Pummel"],"picked":"SKIP","floor":14}],"player_experience":2854701,"relics_obtained":[{"floor":6,"key":"FossilizedHelix"},{"floor":9,"key":"Shuriken"},{"floor":14,"key":"CeramicFish"}],"event_choices":[{"cards_removed":["Strike_R"],"damage_healed":0,"gold_gain":0,"player_choice":"Card Removal","damage_taken":7,"max_hp_gain":0,"max_hp_loss":0,"event_name":"Golden Wing","floor":3,"gold_loss":0},{"damage_healed":0,"gold_gain":0,"player_choice":"Upgraded","damage_taken":0,"max_hp_gain":0,"max_hp_loss":0,"event_name":"Upgrade Shrine","floor":5,"gold_loss":0,"cards_upgraded":["Bash"]}],"is_beta":false,"boss_relics":[],"items_purged_floors":[],"is_endless":false,"potions_floor_spawned":[1,7],"killed_by":"Hexaghost","ascension_level":20}}