{"host":"kda2p2afd6bvz6qo","time":1607892115,"event":{"mods":["BaseMod","Colored Map","Minty Spire (QoL Compilation)","Relic Stats"],"gold_per_floor":[117,117,65,80,30,60,60,79,106,106,125,142,176,188,188,286,286,300,300,45,56,72,106,106,119,169,169,169],"floor_reached":27,"playtime":1430,"items_purged":[],"score":384,"play_id":"30c13a67-5bfa-48c5-9914-3ac975500582","local_time":"20201213204155","is_ascension_mode":true,"campfire_choices":[{"data":"Dagger Spray","floor":7,"key":"SMITH"},{"data":"Bane","floor":10,"key":"SMITH"},{"data":"Footwork","floor":15,"key":"SMITH"}],"circlet_count":0,"master_deck":["Strike_G","Strike_G","Strike_G","Strike_G","Defend_G","Defend_G","Defend_G","Defend_G","Defend_G","Survivor","Neutralize","Masterful Stab","Dagger Spray+1","Deadly Poison","Tools of the Trade","Bane+1","Footwork+1","Terror","Malaise","Corpse Explosion","CurseOfTheBell","Poisoned Stab+1","PiercingWail","PiercingWail+1"],"relics":["Ring of the Snake","NeowsBlessing","Orichalcum","Mummified Hand","Anchor","Snake Skull","Calling Bell","Toy Ornithopter","Molten Egg 2","Incense Burner","Matryoshka","Ancient Tea Set","MealTicket","Lantern"],"acts_visited":["Exordium","TheCity"],"potions_floor_usage":[14,22,27,27,27],"damage_taken":[{"damage":0,"enemies":"Cultist","floor":1,"turns":1},{"damage":0,"enemies":"Small Slimes","floor":4,"turns":1},{"damage":0,"enemies":"Gremlin Nob","floor":6,"turns":1},{"damage":0,"enemies":"2 Louse","floor":8,"turns":2},{"damage":8,"enemies":"Blue Slaver","floor":11,"turns":3},{"damage":0,"enemies":"Lots of Slimes","floor":12,"turns":2},{"damage":6,"enemies":"3 Sentries","floor":13,"turns":6},{"damage":0,"enemies":"Gremlin Gang","floor":14,"turns":3},{"damage":0,"enemies":"Hexaghost","floor":16,"turns":9},{"damage":0,"enemies":"3 Byrds","floor":18,"turns":3},{"damage":16,"enemies":"2 Thieves","floor":21,"turns":3},{"damage":13,"enemies":"Shelled Parasite and Fungi","floor":22,"turns":6},{"damage":25,"enemies":"Slavers","floor":23,"turns":4},{"damage":0,"enemies":"Centurion and Healer","floor":25,"turns":4},{"damage":39,"enemies":"Gremlin Leader","floor":27,"turns":3}],"seed_played":"1919615308017285246","potions_obtained":[{"floor":1,"key":"SteroidPotion"},{"floor":11,"key":"EssenceOfSteel"},{"floor":13,"key":"Energy Potion"},{"floor":18,"key":"Energy Potion"},{"floor":25,"key":"AttackPotion"}],"is_trial":false,"path_per_floor":["M","?","$","M","?","E","R","M","T","R","M","M","E","M","R","B",null,"M","?","$","M","M","E","?","M","T","E"],"character_chosen":"THE_SILENT","items_purchased":["Dagger Spray","Matryoshka"],"campfire_rested":0,"item_purchase_floors":[3,20],"current_hp_per_floor":[70,67,67,67,67,67,67,67,67,67,59,59,53,53,53,53,70,70,70,70,54,46,21,21,21,21,0,0],"gold":169,"neow_bonus":"THREE_ENEMY_KILL","is_daily":false,"chose_seed":false,"campfire_upgraded":3,"win_rate":0.0,"timestamp":1607892115,"path_taken":["M","?","$","M","?","E","R","M","T","R","M","M","E","M","R","BOSS","M","?","$","M","M","E","?","M","T","E"],"items_purchased_type":["Card","Relic"],"build_version":"2020-11-30","purchased_purges":0,"victory":false,"max_hp_per_floor":[70,70,70,70,70,70,70,70,70,70,70,70,70,70,70,70,70,70,70,70,70,70,70,70,70,70,70,70],"relic_stats":{"counters":[15,51],"Mummified Hand":[14],"MealTicket":0,"Snake Skull":[12],"Orichalcum":[102],"obtain_stats":[{"Lantern":26,"NeowsBlessing":0,"Snake Skull":13,"Incense Burner":17,"Orichalcum":2,"Ancient Tea Set":23,"Calling Bell":17,"Anchor":9,"Matryoshka":20,"Mummified Hand":6,"Molten Egg 2":17,"MealTicket":26,"Toy Ornithopter":17,"Ring of the Snake":0},{"Lantern":14,"NeowsBlessing":0,"Snake Skull":7,"Incense Burner":9,"Orichalcum":1,"Ancient Tea Set":13,"Calling Bell":9,"Anchor":4,"Matryoshka":10,"Mummified Hand":3,"Molten Egg 2":9,"MealTicket":14,"Toy Ornithopter":9,"Ring of the Snake":0},{"Lantern":48,"NeowsBlessing":0,"Snake Skull":16,"Incense Burner":28,"Orichalcum":1,"Ancient Tea Set":44,"Calling Bell":28,"Anchor":5,"Matryoshka":31,"Mummified Hand":3,"Molten Egg 2":28,"MealTicket":48,"Toy Ornithopter":28,"Ring of the Snake":0}],"Toy Ornithopter":20,"Ring of the Snake":[30]},"card_choices":[{"not_picked":["Outmaneuver","Well Laid Plans"],"picked":"Masterful Stab","floor":1},{"not_picked":["Dodge and Roll","Slice"],"picked":"Deadly Poison","floor":4},{"not_picked":["Backstab","Cloak And Dagger"],"picked":"Tools of the Trade","floor":6},{"not_picked":["Accuracy","Blade Dance"],"picked":"Bane","floor":8},{"not_picked":["Riddle With Holes","Bane"],"picked":"Footwork","floor":11},{"not_picked":["Acrobatics","Calculated Gamble","Endless Agony"],"picked":"SKIP","floor":12},{"not_picked":["Bane","Escape Plan"],"picked":"Terror","floor":13},{"not_picked":["Dagger Spray","Escape Plan"],"picked":"Malaise","floor":14},{"not_picked":["Tools of the Trade","Bullet Time"],"picked":"Corpse Explosion","floor":16},{"not_picked":["Bane+1","Backflip"],"picked":"Poisoned Stab+1","floor":18},{"not_picked":["Calculated Gamble","Blade Dance","Masterful Stab+1"],"picked":"SKIP","floor":21},{"not_picked":["Skewer+1","Slice+1"],"picked":"PiercingWail","floor":22},{"not_picked":["Slice+1","Sucker Punch+1"],"picked":"PiercingWail","floor":23},{"not_picked":["Poisoned Stab+1","Reflex","Bane+1"],"picked":"SKIP","floor":25}],"player_experience":36156,"relics_obtained":[{"floor":6,"key":"Mummified Hand"},{"floor":9,"key":"Anchor"},{"floor":13,"key":"Snake Skull"},{"floor":17,"key":"Toy Ornithopter"},{"floor":17,"key":"Molten Egg 2"},{"floor":17,"key":"Incense Burner"},{"floor":23,"key":"Ancient Tea Set"},{"floor":26,"key":"MealTicket"},{"floor":26,"key":"Lantern"}],"event_choices":[{"damage_healed":0,"gold_gain":0,"player_choice":"Success","damage_taken":3,"relics_obtained":["Orichalcum"],"max_hp_gain":0,"max_hp_loss":0,"event_name":"Scrap Ooze","floor":2,"gold_loss":0},{"cards_removed":["Strike_G"],"damage_healed":0,"gold_gain":0,"player_choice":"Card Removal","damage_taken":0,"max_hp_gain":0,"max_hp_loss":0,"event_name":"The Cleric","floor":5,"gold_loss":50},{"damage_healed":0,"gold_gain":0,"player_choice":"Ignored","damage_taken":0,"max_hp_gain":0,"max_hp_loss":0,"event_name":"Vampires","floor":19,"gold_loss":0},{"damage_healed":0,"gold_gain":0,"player_choice":"Forge","damage_taken":0,"max_hp_gain":0,"max_hp_loss":0,"event_name":"Accursed Blacksmith","floor":24,"gold_loss":0,"cards_upgraded":["PiercingWail"]}],"is_beta":false,"boss_relics":[{"not_picked":["Fusion Hammer","Tiny House"],"picked":"Calling Bell"}],"items_purged_floors":[],"is_endless":false,"potions_floor_spawned":[1,11,13,18,25],"killed_by":"Gremlin Leader","ascension_level":4}}