{"host":"axuns55dzq466eei","time":1607871756,"event":{"mods":["BaseMod","Colored Map","Keyboard Shortcuts","Minty Spire (QoL Compilation)","StSLib","SuperFastMode"],"gold_per_floor":[111,111,111,36,51,51,91,91,91,129,142,165,165,180,180,180,180],"floor_reached":16,"playtime":308,"items_purged":[],"score":270,"play_id":"e1867336-25a4-455f-9ecf-3c42e3541f7a","local_time":"20201214000236","is_ascension_mode":true,"campfire_choices":[{"data":"Eruption","floor":6.0,"key":"SMITH"},{"data":"CarveReality","floor":8.0,"key":"SMITH"},{"data":"Adaptation","floor":15,"key":"SMITH"}],"circlet_count":0,"master_deck":["AscendersBane","Strike_P","Strike_P","Strike_P","Defend_P","Defend_P","Defend_P","Defend_P","Eruption+1","Vigilance","FollowUp","Adaptation+1","CarveReality+1","EmptyBody+1","ClearTheMind+1","Indignation+1"],"relics":["PureWater","NeowsBlessing","Golden Idol","Lantern","Bag of Marbles","Toxic Egg 2"],"acts_visited":["Exordium"],"potions_floor_usage":[10,14,16],"damage_taken":[{"damage":0.0,"enemies":"Jaw Worm","floor":1.0,"turns":1.0},{"damage":0.0,"enemies":"Small Slimes","floor":5.0,"turns":1.0},{"damage":0.0,"enemies":"Gremlin Nob","floor":7.0,"turns":2.0},{"damage":7,"enemies":"3 Sentries","floor":10,"turns":5},{"damage":1,"enemies":"2 Louse","floor":11,"turns":2},{"damage":15,"enemies":"Lots of Slimes","floor":12,"turns":4},{"damage":3,"enemies":"3 Louse","floor":14,"turns":3},{"damage":6,"enemies":"Hexaghost","floor":16,"turns":7}],"seed_played":"394086831784826166","potions_obtained":[{"floor":7.0,"key":"Strength Potion"},{"floor":11,"key":"DistilledChaos"},{"floor":12,"key":"SteroidPotion"}],"is_trial":false,"path_per_floor":["M","?","?","$","M","R","E","R","T","E","M","M","?","M","R","B"],"character_chosen":"WATCHER","items_purchased":["Adaptation"],"campfire_rested":0,"item_purchase_floors":[4],"current_hp_per_floor":[61,38,31,31,31,31,31,31,31,24,23,8,8,5,5,0,0],"gold":180,"neow_bonus":"THREE_ENEMY_KILL","is_daily":false,"chose_seed":false,"campfire_upgraded":3,"win_rate":0.0,"timestamp":1607871756,"path_taken":["M","?","?","$","M","R","E","R","T","E","M","M","?","M","R","BOSS"],"items_purchased_type":["Card"],"build_version":"2020-11-30","purchased_purges":0,"victory":false,"max_hp_per_floor":[68,68,68,68,68,68,68,68,68,68,68,68,68,68,68,68,68],"card_choices":[{"not_picked":["Crescendo","Consecrate"],"picked":"FollowUp","floor":1.0},{"not_picked":["EmptyBody","BowlingBash","Wallop"],"picked":"SKIP","floor":5.0},{"not_picked":["MasterReality","Worship"],"picked":"CarveReality","floor":7.0},{"not_picked":["PathToVictory+1","FlurryOfBlows"],"picked":"EmptyBody+1","floor":10},{"not_picked":["ForeignInfluence+1","Sanctity+1"],"picked":"ClearTheMind+1","floor":11},{"not_picked":["EmptyBody+1","Study","FollowUp"],"picked":"SKIP","floor":12},{"not_picked":["FlyingSleeves","CutThroughFate"],"picked":"Indignation+1","floor":14}],"player_experience":1032477,"relics_obtained":[{"floor":7.0,"key":"Lantern"},{"floor":9.0,"key":"Bag of Marbles"},{"floor":10,"key":"Toxic Egg 2"}],"event_choices":[{"damage_healed":0.0,"max_hp_gain":0.0,"max_hp_loss":0.0,"gold_gain":0.0,"event_name":"Golden Idol","player_choice":"Take Damage","floor":2.0,"gold_loss":0.0,"damage_taken":23.0,"relics_obtained":["Golden Idol"]},{"cards_removed":["Strike_P"],"damage_healed":0.0,"max_hp_gain":0.0,"max_hp_loss":0.0,"gold_gain":0.0,"event_name":"Golden Wing","player_choice":"Card Removal","floor":3.0,"gold_loss":0.0,"damage_taken":7.0},{"damage_healed":0,"gold_gain":0,"player_choice":"Ignored","damage_taken":0,"max_hp_gain":0,"max_hp_loss":0,"event_name":"Shining Light","floor":13,"gold_loss":0}],"is_beta":false,"boss_relics":[],"items_purged_floors":[],"is_endless":false,"potions_floor_spawned":[7,11,12],"killed_by":"Hexaghost","ascension_level":20}}