{"host":"fhujvjnj99vjue08","time":1607870784,"event":{"mods":["2.2 Compatiblity","AchievementEnabler","Aspiration","Astrologer","BaseMod","Beaked The Cultist","BetterRewards","CatGirl Mod","Colored Map","Colored Powertips","Conjunction","Conspire","Custom Start","Friendly Minions","GifTheSpireLib","Googly Eyes","Halation","Highlight Path","Hubris","Hyrulean Relics","Infinite Spire","Magitek Elite","Mimic Mod","Minty Spire (QoL Compilation)","Replay The Spire","Reworked Bosses","Shop Mod","StSLib","Strawberry Spire","Stuff the Spire","The Bug Knight","The Factory","The Gatherer","The Jungle","The Servant 0.9.4","TheBandit","TheFirefly","egg","thorton","vexMod"],"gold_per_floor":[111,186,186,204,216,246,246,246,246],"floor_reached":8,"playtime":274,"items_purged":[],"score":56,"play_id":"7f1fae40-309b-4e45-9e29-5a7b3d767f52","local_time":"20201213144624","is_ascension_mode":false,"campfire_choices":[],"circlet_count":0,"master_deck":["theCatGirl:Strike","theCatGirl:Strike","theCatGirl:Strike","theCatGirl:Strike","theCatGirl:Defend","theCatGirl:Defend","theCatGirl:Defend","theCatGirl:Defend","theCatGirl:ClawStrike","theCatGirl:Evasion","theCatGirl:Slip","theCatGirl:RunningWithDaggers","theCatGirl:PerfectBlock","theCatGirl:ComboAttack"],"relics":["theCatGirl:TrainedRelic","NeowsBlessing","Counterbalance","Dream Catcher","CultistMask"],"acts_visited":["Exordium"],"potions_floor_usage":[],"damage_taken":[{"damage":0,"enemies":"2 Louse","floor":1,"turns":1},{"damage":0,"enemies":"Jaw Worm","floor":4,"turns":1},{"damage":0,"enemies":"Small Slimes","floor":5,"turns":1},{"damage":53,"enemies":"3 Sentries","floor":6,"turns":15},{"damage":23,"enemies":"Gremlin Nob","floor":8,"turns":5}],"seed_played":"-3816805331464714422","potions_obtained":[{"floor":1,"key":"Elixir"}],"is_trial":false,"path_per_floor":["M","?","?","M","M","E","?","E"],"character_chosen":"THE_CATGIRL","items_purchased":[],"campfire_rested":0,"item_purchase_floors":[],"current_hp_per_floor":[70,59,59,59,59,6,6,0,0],"gold":246,"neow_bonus":"THREE_ENEMY_KILL","is_daily":false,"chose_seed":false,"campfire_upgraded":0,"win_rate":0.0,"timestamp":1607870784,"path_taken":["M","?","?","M","M","E","?","E"],"items_purchased_type":[],"build_version":"2020-11-30","purchased_purges":0,"victory":false,"max_hp_per_floor":[70,70,70,70,70,70,70,70,70],"card_choices":[{"not_picked":["theCatGirl:Growl","theCatGirl:TwoStep"],"picked":"theCatGirl:Slip","floor":1},{"not_picked":["theCatGirl:LostTrinket","theCatGirl:LearnByMistake"],"picked":"theCatGirl:RunningWithDaggers","floor":4},{"not_picked":["theCatGirl:SearchBackpack","theCatGirl:AllIn"],"picked":"theCatGirl:PerfectBlock","floor":5},{"not_picked":["theCatGirl:ExtremeSpeed","theCatGirl:UnrelentingAssault"],"picked":"theCatGirl:ComboAttack","floor":6}],"player_experience":292231,"relics_obtained":[{"floor":3,"key":"Counterbalance"},{"floor":6,"key":"Dream Catcher"}],"event_choices":[{"damage_healed":0,"gold_gain":75,"player_choice":"Gather Gold","damage_taken":11,"max_hp_gain":0,"max_hp_loss":0,"event_name":"World of Goop","floor":2,"gold_loss":0},{"damage_healed":0,"gold_gain":0,"player_choice":"Trade","damage_taken":0,"relics_obtained":["CultistMask"],"max_hp_gain":0,"max_hp_loss":0,"event_name":"FaceTrader","floor":7,"gold_loss":0}],"is_beta":false,"boss_relics":[],"items_purged_floors":[],"is_endless":false,"potions_floor_spawned":[1],"killed_by":"Gremlin Nob","ascension_level":0}}