{"host":"kw4o7b3ro2ktmmbe","time":1607860066,"event":{"mods":["BaseMod","Minty Spire (QoL Compilation)","StSLib","The Death Knight","Treasure Hunter"],"gold_per_floor":[161,180,255,269,32,32,48,100,100,100,135,135,135,170,170,270,270,288,298,314,314,314,342,42,42,117,117,145,145,160,160,160,258,258,272,284,284,333,85,85,135,172,204,223,223,259,259,259,259,259],"floor_reached":51,"playtime":9927,"items_purged":[],"score":842,"play_id":"62f21f26-df8b-496f-b96d-e31a1826d675","local_time":"20201214004746","is_ascension_mode":true,"campfire_choices":[{"floor":6.0,"key":"REST"},{"floor":10.0,"key":"RECALL"},{"floor":13.0,"key":"REST"},{"floor":15.0,"key":"REST"},{"floor":27.0,"key":"REST"},{"floor":29.0,"key":"REST"},{"floor":32.0,"key":"REST"},{"floor":40.0,"key":"REST"},{"floor":45.0,"key":"REST"},{"floor":47.0,"key":"REST"},{"floor":49.0,"key":"REST"}],"circlet_count":0,"master_deck":["DeathKnight:Strike_DeathKnight+1","DeathKnight:Strike_DeathKnight+1","DeathKnight:Strike_DeathKnight+1","DeathKnight:Strike_DeathKnight+1","DeathKnight:Strike_DeathKnight+1","DeathKnight:Defend_DeathKnight+1","DeathKnight:Defend_DeathKnight+1","DeathKnight:Defend_DeathKnight+1","DeathKnight:Defend_DeathKnight+1","DeathKnight:Defend_DeathKnight+1","DeathKnight:RuneTap","DeathKnight:BloodStrike","DeathKnight:Pestilence+1","DeathKnight:Contagion","DeathKnight:DeathStrike","TH:TreasureMap","TH:ElvenBoots+1","TH:TreasureMap","TH:ArmorSpikes","DeathKnight:DeathStrike","TH:ArmorSpikes","DeathKnight:UnholyPresence+1","DeathKnight:DancingRuneblade","DeathKnight:DarkSuccor+1","TH:BikiniMail","DeathKnight:HowlingBlast","TH:PixieDust","TH:BikiniMail","DeathKnight:SindragosasBreath","DeathKnight:ScourgeStrike+1","TH:Mimic","DeathKnight:Simulacrum","TH:ElvenBoots","Blind","Panacea","TH:BikiniMail","TH:DeckOfManyThings","TH:BikiniMail"],"relics":["Fusion Hammer","Toy Ornithopter","Whetstone","Eternal Feather","Blood Vial","DeathKnight:ScourgePlagueSample","DeathKnight:Shadowmourne","Orichalcum","Happy Flower","Toolbox","HornCleat","Pear","Busted Crown","DeathKnight:LightbringersTabard","Singing Bowl","Dead Branch","CeramicFish","Pen Nib","DeathKnight:TomeOfFrostSpecialization"],"acts_visited":["Exordium","TheCity","TheBeyond"],"potions_floor_usage":[50,50],"damage_taken":[{"damage":0.0,"enemies":"Cultist","floor":1.0,"turns":3.0},{"damage":0.0,"enemies":"Jaw Worm","floor":2.0,"turns":3.0},{"damage":0.0,"enemies":"Small Slimes","floor":4.0,"turns":2.0},{"damage":15.0,"enemies":"Exordium Wildlife","floor":7.0,"turns":4.0},{"damage":16.0,"enemies":"Gremlin Nob","floor":11.0,"turns":3.0},{"damage":25.0,"enemies":"Lagavulin","floor":14.0,"turns":6.0},{"damage":33.0,"enemies":"The Guardian","floor":16.0,"turns":8.0},{"damage":13.0,"enemies":"Chosen","floor":18.0,"turns":3.0},{"damage":23.0,"enemies":"Spheric Guardian","floor":19.0,"turns":4.0},{"damage":36.0,"enemies":"Shelled Parasite and Fungi","floor":20.0,"turns":5.0},{"damage":26.0,"enemies":"Book of Stabbing","floor":23.0,"turns":4.0},{"damage":12.0,"enemies":"Gremlin Leader","floor":28.0,"turns":4.0},{"damage":17.0,"enemies":"Centurion and Healer","floor":30.0,"turns":3.0},{"damage":39.0,"enemies":"Automaton","floor":33.0,"turns":8.0},{"damage":16.0,"enemies":"3 Shapes","floor":35.0,"turns":3.0},{"damage":8.0,"enemies":"Orb Walker","floor":36.0,"turns":3.0},{"damage":43.0,"enemies":"2 Orb Walkers","floor":38.0,"turns":5.0},{"damage":1.0,"enemies":"Mind Bloom Boss Battle","floor":41.0,"turns":4.0},{"damage":46.0,"enemies":"Reptomancer","floor":42.0,"turns":5.0},{"damage":1.0,"enemies":"3 Darklings","floor":44.0,"turns":5.0},{"damage":6.0,"enemies":"Giant Head","floor":46.0,"turns":5.0},{"damage":63,"enemies":"Donu and Deca","floor":50,"turns":8}],"seed_played":"-7090006131934304149","potions_obtained":[{"floor":2.0,"key":"Fire Potion"},{"floor":4.0,"key":"DeathKnight:PlagueVial"},{"floor":7.0,"key":"BlessingOfTheForge"},{"floor":16.0,"key":"DeathKnight:PlagueVial"},{"floor":18.0,"key":"GamblersBrew"},{"floor":23.0,"key":"BlessingOfTheForge"},{"floor":28.0,"key":"GamblersBrew"},{"floor":38.0,"key":"Dexterity Potion"},{"floor":44.0,"key":"DuplicationPotion"},{"floor":46.0,"key":"Regen Potion"}],"is_trial":false,"path_per_floor":["M","M","?","M","$","R","M","T","T","R","E","?","R","E","R","B",null,"M","M","M","?","?","E","$","?","T","R","E","R","M","?","R","B",null,"M","M","?","?","$","R","?","E","T","M","R","E","R","?","R","B",null],"character_chosen":"DEATH_KNIGHT","items_purchased":["Toy Ornithopter","DeathKnight:Contagion","Happy Flower","Toolbox","Singing Bowl"],"campfire_rested":10,"item_purchase_floors":[5,5,24,24,39],"current_hp_per_floor":[75,75,64,64,64,75,60,60,60,69,59,52,75,57,75,54,75,74,64,37,37,37,13,13,13,13,50,62,85,68,43,85,59,85,69,63,53,17,17,63,74,37,37,40,88,86,93,103,103,64],"gold":259,"neow_bonus":"BOSS_RELIC","is_daily":false,"chose_seed":false,"campfire_upgraded":0,"win_rate":0.0,"timestamp":1607860066,"path_taken":["M","M","?","M","$","R","M","?","T","R","E","?","R","E","R","BOSS","M","M","M","?","?","E","?","?","T","R","E","R","?","?","R","BOSS","M","M","?","?","?","R","?","E","T","M","R","E","R","?","R","BOSS"],"items_purchased_type":["Relic","Card","Relic","Relic","Relic"],"build_version":"2020-11-30","purchased_purges":0,"victory":true,"max_hp_per_floor":[75,75,75,75,75,75,75,75,75,75,75,75,75,75,75,75,75,75,75,75,75,75,75,75,75,75,75,85,85,85,85,85,85,85,85,85,85,85,85,85,87,89,89,91,91,93,93,103,103,103],"card_choices":[{"not_picked":["DeathKnight:ScourgeStrike","DeathKnight:Hysteria"],"picked":"DeathKnight:BloodStrike","floor":1.0},{"not_picked":["DeathKnight:DeathAndDecay","DeathKnight:Ossuary"],"picked":"DeathKnight:Pestilence","floor":2.0},{"not_picked":["DeathKnight:PathOfFrost","DeathKnight:BloodTap","DeathKnight:Marrowrend"],"picked":"SKIP","floor":4.0},{"not_picked":["DeathKnight:IcyTouch","DeathKnight:Ossuary"],"picked":"DeathKnight:DeathStrike","floor":7.0},{"not_picked":["TH:Mimic"],"picked":"TH:TreasureMap","floor":8.0},{"not_picked":["TH:Mimic"],"picked":"TH:ElvenBoots","floor":9.0},{"not_picked":["TH:CopperCoins"],"picked":"TH:TreasureMap","floor":11.0},{"not_picked":["DeathKnight:FrostStrike","DeathKnight:HornOfWinter","DeathKnight:ScourgeStrike"],"picked":"SKIP","floor":11.0},{"not_picked":["TH:EnergyPotion"],"picked":"TH:ArmorSpikes","floor":14.0},{"not_picked":["DeathKnight:Lichborne","DeathKnight:ShatteringStrikes"],"picked":"DeathKnight:DeathStrike","floor":14.0},{"not_picked":["TH:CopperCoins"],"picked":"TH:ArmorSpikes","floor":16.0},{"not_picked":["DeathKnight:ReapingStrike","DeathKnight:Defile"],"picked":"DeathKnight:Razorice","floor":16.0},{"not_picked":["DeathKnight:DreadStrike","DeathKnight:BludPresence","DeathKnight:IceboundArmor"],"picked":"SKIP","floor":18.0},{"not_picked":["DeathKnight:Obliterate+1","DeathKnight:ShatteringStrikes"],"picked":"DeathKnight:UnholyPresence+1","floor":19.0},{"not_picked":["DeathKnight:ChainsOfIce","DeathKnight:DeathGrip"],"picked":"DeathKnight:DancingRuneblade","floor":20.0},{"not_picked":["TH:Mimic"],"picked":"TH:BikiniMail","floor":23.0},{"not_picked":["DeathKnight:BloodStrike","DeathKnight:UnholyFrenzy"],"picked":"DeathKnight:HowlingBlast","floor":23.0},{"not_picked":["TH:EnergyPotion"],"picked":"TH:PixieDust","floor":26.0},{"not_picked":["TH:ElvenBoots"],"picked":"TH:BikiniMail","floor":28.0},{"not_picked":["DeathKnight:UnholyAssault","DeathKnight:FrostStrike"],"picked":"DeathKnight:SindragosasBreath","floor":28.0},{"not_picked":["DeathKnight:HornOfWinter","DeathKnight:MindFreeze"],"picked":"DeathKnight:ScourgeStrike+1","floor":30.0},{"not_picked":["TH:EnergyPotion"],"picked":"TH:Mimic","floor":33.0},{"not_picked":["DeathKnight:Outbreak","DeathKnight:ReapingStrike"],"picked":"DeathKnight:Simulacrum","floor":33.0},{"not_picked":["DeathKnight:DeathCoil+1"],"picked":"SKIP","floor":35.0},{"not_picked":["DeathKnight:BloodTap"],"picked":"SKIP","floor":36.0},{"not_picked":[],"picked":"TH:ElvenBoots","floor":37.0},{"not_picked":[],"picked":"Blind","floor":37.0},{"not_picked":[],"picked":"Panacea","floor":37.0},{"not_picked":["DeathKnight:Obliterate"],"picked":"Singing Bowl","floor":41.0},{"not_picked":[],"picked":"TH:BikiniMail","floor":42.0},{"not_picked":["DeathKnight:ReapingStrike"],"picked":"Singing Bowl","floor":42.0},{"not_picked":[],"picked":"TH:DeckOfManyThings","floor":43.0},{"not_picked":["DeathKnight:UnholyFrenzy"],"picked":"Singing Bowl","floor":44.0},{"not_picked":[],"picked":"TH:BikiniMail","floor":46.0},{"not_picked":["DeathKnight:HartStrike"],"picked":"Singing Bowl","floor":46.0}],"player_experience":1766881,"relics_obtained":[{"floor":8.0,"key":"Whetstone"},{"floor":9.0,"key":"Eternal Feather"},{"floor":11.0,"key":"Blood Vial"},{"floor":14.0,"key":"DeathKnight:ScourgePlagueSample"},{"floor":23.0,"key":"Orichalcum"},{"floor":26.0,"key":"HornCleat"},{"floor":28.0,"key":"Pear"},{"floor":38.0,"key":"DeathKnight:LightbringersTabard"},{"floor":41.0,"key":"Dead Branch"},{"floor":42.0,"key":"CeramicFish"},{"floor":43.0,"key":"Pen Nib"},{"floor":46.0,"key":"DeathKnight:TomeOfFrostSpecialization"}],"event_choices":[{"damage_healed":0.0,"max_hp_gain":0.0,"max_hp_loss":0.0,"gold_gain":75.0,"event_name":"World of Goop","player_choice":"Gather Gold","floor":3.0,"gold_loss":0.0,"damage_taken":11.0},{"cards_removed":["DeathKnight:RuneStrike"],"damage_healed":0.0,"max_hp_gain":0.0,"max_hp_loss":0.0,"gold_gain":0.0,"event_name":"Golden Wing","player_choice":"Card Removal","floor":12.0,"gold_loss":0.0,"damage_taken":7.0},{"damage_healed":0.0,"max_hp_gain":0.0,"max_hp_loss":0.0,"gold_gain":0.0,"event_name":"Back to Basics","player_choice":"Simplicity","floor":21.0,"gold_loss":0.0,"damage_taken":0.0,"cards_upgraded":["DeathKnight:Strike_DeathKnight","DeathKnight:Strike_DeathKnight","DeathKnight:Strike_DeathKnight","DeathKnight:Defend_DeathKnight","DeathKnight:Defend_DeathKnight","DeathKnight:Defend_DeathKnight","DeathKnight:Defend_DeathKnight","DeathKnight:Defend_DeathKnight"]},{"damage_healed":0.0,"max_hp_gain":0.0,"max_hp_loss":0.0,"gold_gain":0.0,"event_name":"The Library","player_choice":"Read","floor":22.0,"gold_loss":0.0,"damage_taken":0.0,"cards_obtained":["DeathKnight:DarkSuccor"]},{"damage_healed":0.0,"max_hp_gain":0.0,"max_hp_loss":0.0,"gold_gain":0.0,"event_name":"Ghosts","player_choice":"Ignored","floor":25.0,"gold_loss":0.0,"damage_taken":0.0},{"damage_healed":0.0,"max_hp_gain":0.0,"max_hp_loss":0.0,"gold_gain":0.0,"event_name":"SensoryStone","player_choice":"Memory 3","floor":37.0,"gold_loss":0.0,"damage_taken":10.0},{"damage_healed":0.0,"max_hp_gain":0.0,"max_hp_loss":0.0,"gold_gain":0.0,"event_name":"Mysterious Sphere","player_choice":"Fight","floor":38.0,"gold_loss":0.0,"damage_taken":0.0},{"damage_healed":0.0,"max_hp_gain":0.0,"max_hp_loss":0.0,"gold_gain":0.0,"event_name":"MindBloom","player_choice":"Fight","floor":41.0,"gold_loss":0.0,"damage_taken":0.0},{"cards_removed":["DeathKnight:Razorice"],"damage_healed":0.0,"max_hp_gain":10.0,"max_hp_loss":0.0,"gold_gain":0.0,"event_name":"Bonfire Elementals","player_choice":"Offered Rare","floor":48.0,"gold_loss":0.0,"damage_taken":0.0}],"is_beta":false,"boss_relics":[{"not_picked":["Cursed Key","Runic Pyramid"],"picked":"DeathKnight:Shadowmourne"},{"not_picked":["Coffee Dripper","DeathKnight:ScourgeInsignia"],"picked":"Busted Crown"}],"items_purged_floors":[],"is_endless":false,"potions_floor_spawned":[2,4,7,16,18,23,28,38,44,46],"ascension_level":2}}