{"host":"5u4m3sklrpw6xc20","time":1607886705,"event":{"mods":["2.2 Compatiblity","BaseMod","Better Third Choice","CapriCore","Colored Map","Hubris","Infinite Spire","Minty Spire (QoL Compilation)","Permanent Neow","Replay The Spire","Robot Space Explorer","Spicy Shops","StSLib","SuperFastMode","The Cursed","The Dragon Tamer","The Gatherer"],"gold_per_floor":[10000098,9998818,9998818,9998818,9998818,9998818,9998818,9998818,9998818,9998818,9998818,9998818,9998818,9998818,9998818,9998818,9998818,9998818,9997613,9997613,9997598,9997598,9997598,9997598,9997598,9997598,9996244,9996244,9996244,9996244,9996244,9996244,9996244,9996244,9996244,9996244,9995220,9995220,9994329,9994329,9994329,9994329,9994329,9994329,9994329,9994329,9994329,9994329,9994329,9994329,9994329,9994322,9994322,9994322],"floor_reached":52,"playtime":2160,"items_purged":["DTMod:Strike+1","DTMod:Strike+1","DTMod:TargetDefense+1","DTMod:TargetDefense+1","DTMod:TriAttack+1","DTMod:TargetDefense+1","DTMod:TargetDefense+1","DTMod:DoubleHit+1"],"score":1290,"play_id":"9c9eaa54-a05e-4d74-ba80-33bc5b59fa27","local_time":"20201213131145","is_ascension_mode":false,"metric_token":1107,"campfire_choices":[{"data":"DTMod:Strike+1","floor":7,"key":"PURGE"},{"floor":11,"key":"RECALL"},{"floor":15,"key":"DIG"},{"floor":24,"key":"DIG"},{"data":"DTMod:SwitchingTactic+1","floor":32,"key":"PURGE"},{"data":"DTMod:BlueScale+1","floor":49,"key":"PURGE"}],"dtmod_dragon_data":[64,64,0,0,0,0],"circlet_count":0,"master_deck":["DTMod:ComboAttack+1","DTMod:DragonDance+1","infinitespire:Collect+1","DTMod:Training+1","DTMod:InvisibleFlame+1","DTMod:ComboAttack+1","DTMod:HeadStart+1"],"relics":["DTMod:PactStone","Toxic Egg 2","Molten Egg 2","Quantum Egg","Frozen Egg 2","Sozu","Ectoplasm","Replay:Multitool","Blue Doll","Vajra","TheAbacus","infinitespire:Satchel","Replay:Lucky Slots","Bag of Marbles","infinitespire:Lucky Rock","Happy Flower","Bottled Flame","Coffee Dripper","Oddly Smooth Stone","Question Card","Guide Book","Art of War","Dream Catcher","hubris:KleinBottle","Iron Hammer","Replay:Ringing Soul","Nunchaku","infinitespire:ShieldingShard","MealTicket","infinitespire:Broken Mirror","Replay:Rubber Ducky","ClockworkSouvenir","SsserpentHead","Lantern","Philosopher\u0027s Stone","War Paint","hubris:SphereOfDissonance","Boot","Du-Vu Doll","ReplayTheSpireMod:Lightbulb","Centennial Puzzle","hubris:HerbalPaste","DTMod:OddArmor","Mirror","hubris:Icosahedron","hubris:ToyBattleship","Peace Pipe","Runic Dome","hubris:TenFootPole","Replay:Towering Pillar of Hats","SacredBark"],"acts_visited":["Exordium","TheCity","TheBeyond","Exordium"],"potions_floor_usage":[],"damage_taken":[{"damage":0,"enemies":"Small Slimes","floor":1,"turns":2},{"damage":0,"enemies":"2 Louse","floor":4,"turns":2},{"damage":10,"enemies":"Lagavulin","floor":6,"turns":5},{"damage":0,"enemies":"Cultist","floor":10,"turns":4},{"damage":0,"enemies":"3 Sentries","floor":12,"turns":1},{"damage":0,"enemies":"Gremlin Gang","floor":14,"turns":4},{"damage":0,"enemies":"Slime Boss","floor":16,"turns":8},{"damage":0,"enemies":"Spheric Guardian","floor":18,"turns":1},{"damage":2,"enemies":"2 Thieves","floor":21,"turns":2},{"damage":0,"enemies":"Nightmare","floor":23,"turns":5},{"damage":0,"enemies":"Snake Plant","floor":25,"turns":2},{"damage":0,"enemies":"Cultist and Chosen","floor":28,"turns":3},{"damage":0,"enemies":"Book of Stabbing","floor":30,"turns":3},{"damage":0,"enemies":"Shelled Parasite and Fungi","floor":31,"turns":2},{"damage":0,"enemies":"hubris:MusketHawk","floor":33,"turns":3},{"damage":0,"enemies":"Orb Walker","floor":35,"turns":1},{"damage":0,"enemies":"3 Shapes","floor":36,"turns":3},{"damage":0,"enemies":"Sphere and 2 Shapes","floor":38,"turns":2},{"damage":0,"enemies":"R_Hoarder","floor":41,"turns":3},{"damage":0,"enemies":"Maw","floor":42,"turns":2},{"damage":0,"enemies":"Nemesis","floor":46,"turns":1},{"damage":0,"enemies":"Transient","floor":47,"turns":4},{"damage":0,"enemies":"R_Hoarder","floor":48,"turns":3},{"damage":0,"enemies":"Awakened One","floor":50,"turns":2},{"damage":0,"enemies":"2 Louse","floor":52,"turns":1}],"seed_played":"3196678177656921717","potions_obtained":[],"is_trial":false,"path_per_floor":["M","$","?","M","?","E","R","?","T","M","R","E","?","M","R","B",null,"M","$","?","M","$","NM","R","M","T","$","M","?","E","M","R_BF","B",null,"M","M","$","M","$","R","E","M","T","AVR","?","E","M","E","R","B",null,"M"],"character_chosen":"THE_DT","items_purchased":["Replay:Multitool","Blue Doll","Vajra","TheAbacus","infinitespire:Satchel","Replay:Lucky Slots","Oddly Smooth Stone","Question Card","Guide Book","Art of War","Dream Catcher","DTMod:DragonDance+1","hubris:KleinBottle","infinitespire:ShieldingShard","MealTicket","infinitespire:Broken Mirror","Replay:Rubber Ducky","ClockworkSouvenir","DTMod:InvisibleFlame+1","War Paint","hubris:SphereOfDissonance","Boot","Du-Vu Doll","ReplayTheSpireMod:Lightbulb","Centennial Puzzle","hubris:HerbalPaste","DTMod:OddArmor","Mirror","DTMod:HeadStart+1"],"campfire_rested":0,"item_purchase_floors":[2,2,2,2,2,2,19,19,19,19,19,19,22,27,27,27,27,27,27,37,37,37,37,39,39,39,39,39,39],"current_hp_per_floor":[45,45,48,48,53,43,43,36,36,36,36,36,36,36,36,36,53,53,53,53,51,32,32,32,32,32,35,35,35,35,38,38,38,59,59,59,59,59,62,62,62,62,62,62,59,59,62,62,62,62,62,62,62,62],"gold":9994322,"neow_bonus":"UPGRADE_CARD","is_daily":false,"chose_seed":false,"campfire_upgraded":0,"win_rate":0.0,"timestamp":1607886705,"path_taken":["M","$","?","M","?","E","R","?","T","M","R","E","?","M","R","BOSS","M","$","?","M","?","NM","R","?","T","$","M","?","E","M","R_BF","BOSS","M","M","$","M","?","R","E","M","T","AVR","?","E","M","E","R","BOSS","M"],"items_purchased_type":["Relic","Relic","Relic","Relic","Relic","Relic","Relic","Relic","Relic","Relic","Relic","Card","Relic","Relic","Relic","Relic","Relic","Relic","Card","Relic","Relic","Relic","Relic","Relic","Relic","Relic","Relic","Relic","Card"],"build_version":"2020-11-30","purchased_purges":8,"victory":false,"max_hp_per_floor":[45,45,48,48,53,53,53,53,53,53,53,53,53,53,53,53,53,53,53,53,53,53,53,53,53,53,56,56,56,56,59,59,59,59,59,59,59,59,62,62,62,62,62,62,62,62,62,62,62,62,62,62,62,62],"card_choices":[{"not_picked":["DTMod:MagicField+1","DTMod:RunningTactic+1"],"picked":"DTMod:BlueScale+1","floor":1},{"not_picked":["DTMod:HeatWave+1","DTMod:Feint+1","DTMod:BuildUp+1"],"picked":"SKIP","floor":4},{"not_picked":["DTMod:StunTrap+1","DTMod:BuildUp+1","DTMod:Weaken+1"],"picked":"SKIP","floor":6},{"not_picked":["DTMod:StarRain+1","DTMod:RecklessFlurry+1"],"picked":"DTMod:ComboAttack+1","floor":10},{"not_picked":["DTMod:Inferno+1","DTMod:RunningTactic+1","DTMod:Punisher+1"],"picked":"SKIP","floor":12},{"not_picked":["DTMod:Adaptation+1","DTMod:BuildUp+1","DTMod:LastStand+1"],"picked":"SKIP","floor":14},{"not_picked":["DTMod:FierySynthesis+1","DTMod:Safeguard+1"],"picked":"DTMod:TriAttack+1","floor":16},{"not_picked":["DTMod:Weaken+1","DTMod:BizarreTactic+1","DTMod:Hide+1"],"picked":"SKIP","floor":18},{"not_picked":["DTMod:MasterPlan+1","DTMod:Threaten+1","DTMod:Training+1","DTMod:ShieldDrain+1"],"picked":"SKIP","floor":21},{"not_picked":["infinitespire:FinalStrike","infinitespire:NeuralNetwork"],"picked":"infinitespire:Collect","floor":22},{"not_picked":["DTMod:Threaten+1","DTMod:Astonish+1","DTMod:CleansingStrike+1"],"picked":"DTMod:Training+1","floor":23},{"not_picked":["DTMod:FlameSlash+1","DTMod:Training+1","DTMod:MasterPlan+1","DTMod:BuildUp+1"],"picked":"SKIP","floor":25},{"not_picked":["DTMod:Safeguard+1","DTMod:StarRain+1","DTMod:MasterPlan+1","DTMod:Hide+1"],"picked":"SKIP","floor":28},{"not_picked":["DTMod:Astonish+1","DTMod:PurifyingFlame+1","DTMod:TagTeam+1","DTMod:BurningForce+1"],"picked":"SKIP","floor":30},{"not_picked":["DTMod:Astonish+1","DTMod:PurifyingFlame+1","DTMod:TagTeam+1","DTMod:BurningForce+1"],"picked":"SKIP","floor":30},{"not_picked":["DTMod:Shift+1","DTMod:Cover+1","DTMod:BuildUp+1"],"picked":"DTMod:ComboAttack+1","floor":31},{"not_picked":["DTMod:PurifyingFlame+1","DTMod:MaximumCharge+1","DTMod:Threaten+1","DTMod:MagiciansMark+1"],"picked":"SKIP","floor":35},{"not_picked":["DTMod:RecklessFlurry+1","DTMod:Cover+1","DTMod:QuickFly+1","DTMod:Astonish+1"],"picked":"SKIP","floor":36},{"not_picked":["DTMod:ComboAttack+1","DTMod:BreakAttack+1","DTMod:GhostSkin+1","DTMod:BurningEnergy+1"],"picked":"SKIP","floor":38},{"not_picked":["DTMod:TauntingStrike+1","DTMod:InvisibleFlame+1","DTMod:CleansingStrike+1","DTMod:PurifyingFlame+1"],"picked":"SKIP","floor":41},{"not_picked":["DTMod:BreakAttack+1","DTMod:HeatWave+1","DTMod:Threaten+1","DTMod:TagTeam+1"],"picked":"SKIP","floor":42},{"not_picked":["DTMod:Outburst+1","DTMod:Safeguard+1","DTMod:BurningEnergy+1","DTMod:CrossStep+1"],"picked":"SKIP","floor":46},{"not_picked":["DTMod:HeatWave+1","DTMod:Coolant+1","DTMod:ComboAttack+1","DTMod:RunningTactic+1"],"picked":"SKIP","floor":47},{"not_picked":["DTMod:BlazingStrike+1","DTMod:CleansingStrike+1","DTMod:RunningTactic+1","DTMod:BuildUp+1"],"picked":"SKIP","floor":48}],"player_experience":223122,"relics_obtained":[{"floor":6,"key":"Bag of Marbles"},{"floor":12,"key":"Happy Flower"},{"floor":15,"key":"Bottled Flame"},{"floor":23,"key":"Iron Hammer"},{"floor":24,"key":"Replay:Ringing Soul"},{"floor":26,"key":"Nunchaku"},{"floor":30,"key":"Lantern"},{"floor":41,"key":"hubris:ToyBattleship"},{"floor":43,"key":"Peace Pipe"},{"floor":46,"key":"hubris:TenFootPole"},{"floor":48,"key":"Replay:Towering Pillar of Hats"}],"event_choices":[{"damage_healed":0,"gold_gain":0,"player_choice":"Upgrade","damage_taken":0,"relics_obtained":["Mark of the Bloom"],"max_hp_gain":0,"max_hp_loss":0,"event_name":"MindBloom","floor":0,"gold_loss":0,"cards_upgraded":["DTMod:Strike","DTMod:Strike","DTMod:Strike","DTMod:Strike","DTMod:TargetDefense","DTMod:TargetDefense","DTMod:TargetDefense","DTMod:TargetDefense","DTMod:SwitchingTactic"]},{"damage_healed":0,"gold_gain":0,"player_choice":"Donut","damage_taken":0,"max_hp_gain":5,"max_hp_loss":0,"event_name":"Big Fish","floor":5,"gold_loss":0},{"damage_healed":0,"gold_gain":0,"player_choice":"Relic ","damage_taken":7,"max_hp_gain":0,"max_hp_loss":0,"event_name":"betterThird:BetterScrap","floor":8,"gold_loss":0,"cards_obtained":["Corpse Explosion"]},{"damage_healed":0,"gold_gain":0,"player_choice":"Ignored","damage_taken":0,"max_hp_gain":0,"max_hp_loss":0,"event_name":"Transmorgrifier","floor":20,"gold_loss":0},{"damage_healed":0,"gold_gain":0,"player_choice":"Trade","damage_taken":0,"relics_obtained":["SsserpentHead"],"max_hp_gain":0,"max_hp_loss":0,"event_name":"FaceTrader","floor":29,"gold_loss":0},{"damage_healed":0,"gold_gain":0,"player_choice":"Punched","damage_taken":3,"max_hp_gain":0,"max_hp_loss":0,"event_name":"Designer","floor":45,"gold_loss":0}],"is_beta":false,"boss_relics":[{"not_picked":["hubris:VirtuousBlindfold","Black Star"],"picked":"Coffee Dripper"},{"not_picked":["Replay:Ancient Bell","ReplayTheSpireMod:SealedPack"],"picked":"Philosopher\u0027s Stone"},{"not_picked":["Velvet Choker","Pandora\u0027s Box"],"picked":"SacredBark"}],"items_purged_floors":[2,2,19,19,27,27,37,37],"is_endless":true,"potions_floor_spawned":[1,4,6,14,21,23,30,31,35,38,47],"killed_by":"2 Louse","ascension_level":0}}