{"host":"csaqw07vjsqfysdp","time":1607880666,"event":{"mods":["AchievementEnabler","BaseMod","Colored Powertips","Googly Eyes","Minty Spire (QoL Compilation)","Permanent Neow","Quick Restart","StSLib","Unceasing Turn Reminder"],"gold_per_floor":[118,134,134,134,148,173,27,54,54,54,4,20,20,47,47,142,142,155,155,155,6,24,55,70,103,103,103,119,218,218,14,14,111,111,130,130,52,52,66,96,116,162,162,180,180,180,180,197,197,197],"floor_reached":51,"playtime":2142,"items_purged":["Strike_R","Havoc"],"score":1018,"play_id":"b29d8b8c-b232-4253-b01d-4256d8da59ec","local_time":"20201213123106","is_ascension_mode":true,"campfire_choices":[{"floor":10,"key":"REST"},{"data":"True Grit","floor":13,"key":"SMITH"},{"data":"Uppercut","floor":15,"key":"SMITH"},{"data":"True Grit","floor":27,"key":"SMITH"},{"floor":30,"key":"REST"},{"data":"Flame Barrier","floor":32,"key":"SMITH"},{"data":"Corruption","floor":45,"key":"SMITH"},{"data":"Disarm","floor":49,"key":"SMITH"}],"circlet_count":0,"master_deck":["Bash","Anger+1","Shrug It Off","Clothesline+1","Shrug It Off","True Grit+1","Uppercut+1","Barricade+1","Berserk+1","Twin Strike","Disarm+1","Fire Breathing+1","True Grit+1","Blood for Blood","Ghostly","Ghostly","Ghostly","Ghostly","Ghostly","Impervious","Spot Weakness","Flame Barrier+1","Impervious","Feed+1","Reaper+1","True Grit+1","Master of Strategy","Spot Weakness","Flame Barrier","Corruption+1","True Grit+1","Power Through+1","Heavy Blade+1"],"relics":["Runic Pyramid","Vajra","Darkstone Periapt","PreservedInsect","Pandora\u0027s Box","Nloth\u0027s Gift","OrangePellets","FossilizedHelix","Molten Egg 2","Pen Nib","Philosopher\u0027s Stone","Ornamental Fan","Champion Belt","White Beast Statue"],"acts_visited":["Exordium","TheCity","TheBeyond"],"potions_floor_usage":[50],"damage_taken":[{"damage":6,"enemies":"2 Louse","floor":1,"turns":4},{"damage":3,"enemies":"Jaw Worm","floor":2,"turns":5},{"damage":1,"enemies":"Cultist","floor":5,"turns":3},{"damage":27,"enemies":"3 Sentries","floor":6,"turns":8},{"damage":23,"enemies":"Gremlin Nob","floor":8,"turns":4},{"damage":2,"enemies":"Blue Slaver","floor":12,"turns":3},{"damage":6,"enemies":"Lagavulin","floor":14,"turns":6},{"damage":25,"enemies":"The Guardian","floor":16,"turns":11},{"damage":14,"enemies":"Spheric Guardian","floor":18,"turns":4},{"damage":14,"enemies":"3 Byrds","floor":22,"turns":6},{"damage":3,"enemies":"Slavers","floor":23,"turns":5},{"damage":0,"enemies":"Cultist and Chosen","floor":24,"turns":6},{"damage":4,"enemies":"Gremlin Leader","floor":25,"turns":7},{"damage":1,"enemies":"Sentry and Sphere","floor":28,"turns":8},{"damage":24,"enemies":"Automaton","floor":33,"turns":12},{"damage":25,"enemies":"3 Darklings","floor":35,"turns":7},{"damage":0,"enemies":"Orb Walker","floor":39,"turns":4},{"damage":2,"enemies":"Reptomancer","floor":40,"turns":8},{"damage":0,"enemies":"4 Shapes","floor":41,"turns":5},{"damage":1,"enemies":"2 Orb Walkers","floor":42,"turns":6},{"damage":0,"enemies":"Spire Growth","floor":44,"turns":7},{"damage":0,"enemies":"Sphere and 2 Shapes","floor":48,"turns":7},{"damage":9,"enemies":"Time Eater","floor":50,"turns":8}],"seed_played":"-2464292525191798383","potions_obtained":[{"floor":2,"key":"BloodPotion"},{"floor":5,"key":"ElixirPotion"},{"floor":8,"key":"SteroidPotion"},{"floor":48,"key":"Regen Potion"}],"is_trial":false,"path_per_floor":["M","M","?","?","M","E","$","E","T","R","?","M","R","E","R","B",null,"M","?","?","$","M","E","M","E","T","R","M","?","R","$","R","B",null,"M","?","$","?","M","E","M","?","T","M","R","?","?","M","R","B",null],"character_chosen":"IRONCLAD","items_purchased":["Clothesline","Shrug It Off","OrangePellets","FairyPotion","Spot Weakness"],"campfire_rested":2,"item_purchase_floors":[7,7,21,31,37],"current_hp_per_floor":[66,63,63,63,62,35,35,12,12,36,36,34,34,28,28,3,61,47,40,40,40,26,23,23,19,19,19,18,18,30,30,30,10,36,31,31,31,31,35,52,56,55,55,59,59,59,59,64,64,64],"gold":197,"neow_bonus":"BOSS_RELIC","is_daily":false,"chose_seed":false,"campfire_upgraded":6,"win_rate":0.0,"timestamp":1607880666,"path_taken":["M","M","?","?","?","E","$","E","T","R","?","M","R","E","R","BOSS","M","?","?","$","M","E","?","E","T","R","M","?","R","$","R","BOSS","M","?","$","?","M","E","?","?","T","M","R","?","?","M","R","BOSS"],"items_purchased_type":["Card","Card","Relic","Potion","Card"],"build_version":"2020-11-30","purchased_purges":2,"victory":true,"max_hp_per_floor":[80,80,80,80,80,80,80,80,80,80,80,80,80,80,80,80,80,80,40,40,40,40,40,40,40,40,40,40,40,40,40,40,44,44,44,44,44,44,48,52,56,56,56,60,60,60,60,64,64,64],"card_choices":[{"not_picked":["Havoc","Rupture","Dual Wield"],"picked":"SKIP","floor":1},{"not_picked":["Thunderclap","Havoc"],"picked":"Anger","floor":2},{"not_picked":["Clothesline","Thunderclap"],"picked":"Shrug It Off","floor":5},{"not_picked":["Flex","Demon Form"],"picked":"Reckless Charge","floor":6},{"not_picked":["Havoc","Rupture+1","Shrug It Off"],"picked":"SKIP","floor":8},{"not_picked":["Iron Wave","Sword Boomerang"],"picked":"True Grit","floor":12},{"not_picked":["Havoc","Thunderclap"],"picked":"Uppercut","floor":14},{"not_picked":["Offering","Exhume"],"picked":"Barricade+1","floor":16},{"not_picked":["Anger","Clash","Warcry"],"picked":"SKIP","floor":18},{"not_picked":["Fire Breathing","Metallicize"],"picked":"Impervious","floor":22},{"not_picked":["Metallicize","Pummel+1"],"picked":"Spot Weakness","floor":23},{"not_picked":["Headbutt+1","Rampage"],"picked":"Flame Barrier","floor":24},{"not_picked":["Uppercut+1","Feed+1"],"picked":"Impervious","floor":25},{"not_picked":["Clothesline+1","Intimidate"],"picked":"Feed+1","floor":28},{"not_picked":["Demon Form","Limit Break"],"picked":"Reaper+1","floor":33},{"not_picked":["Reckless Charge+1","Metallicize"],"picked":"True Grit+1","floor":35},{"not_picked":["Jack Of All Trades","Dark Shackles"],"picked":"Master of Strategy","floor":36},{"not_picked":["Blood for Blood+1","Heavy Blade+1"],"picked":"Flame Barrier","floor":39},{"not_picked":["Dark Embrace","Brutality"],"picked":"Corruption","floor":40},{"not_picked":["Havoc","Dual Wield","Clothesline+1"],"picked":"SKIP","floor":41},{"not_picked":["Sword Boomerang+1","Blood for Blood+1"],"picked":"True Grit+1","floor":42},{"not_picked":["Anger+1","Exhume"],"picked":"Power Through+1","floor":44},{"not_picked":["Armaments","Flex+1"],"picked":"Heavy Blade+1","floor":48}],"player_experience":302988,"relics_obtained":[{"floor":6,"key":"Vajra"},{"floor":8,"key":"Frozen Egg 2"},{"floor":9,"key":"Darkstone Periapt"},{"floor":14,"key":"PreservedInsect"},{"floor":23,"key":"FossilizedHelix"},{"floor":25,"key":"Molten Egg 2"},{"floor":26,"key":"Pen Nib"},{"floor":40,"key":"Ornamental Fan"},{"floor":42,"key":"Champion Belt"},{"floor":43,"key":"White Beast Statue"}],"event_choices":[{"damage_healed":0,"gold_gain":0,"player_choice":"Ignored","damage_taken":0,"max_hp_gain":0,"max_hp_loss":0,"event_name":"Liars Game","floor":3,"gold_loss":0},{"damage_healed":0,"gold_gain":0,"player_choice":"Upgraded","damage_taken":0,"max_hp_gain":0,"max_hp_loss":0,"event_name":"Upgrade Shrine","floor":4,"gold_loss":0,"cards_upgraded":["Anger"]},{"cards_removed":["Strike_R"],"damage_healed":0,"gold_gain":0,"player_choice":"Card Removal","damage_taken":0,"max_hp_gain":0,"max_hp_loss":0,"event_name":"The Cleric","floor":11,"gold_loss":50},{"damage_healed":0,"gold_gain":0,"player_choice":"Became a Ghost","damage_taken":0,"max_hp_gain":0,"max_hp_loss":40,"event_name":"Ghosts","floor":19,"gold_loss":0,"cards_obtained":["Ghostly","Ghostly","Ghostly","Ghostly","Ghostly"]},{"damage_healed":0,"gold_gain":0,"player_choice":"Traded Relic","damage_taken":0,"relics_obtained":["Nloth\u0027s Gift"],"max_hp_gain":0,"max_hp_loss":0,"event_name":"N\u0027loth","floor":20,"relics_lost":["Frozen Egg 2"],"gold_loss":0},{"damage_healed":0,"gold_gain":99,"player_choice":"Stole From Cult","damage_taken":0,"max_hp_gain":0,"max_hp_loss":0,"event_name":"Nest","floor":29,"gold_loss":0},{"damage_healed":0,"gold_gain":0,"player_choice":"Memory 1","damage_taken":0,"max_hp_gain":0,"max_hp_loss":0,"event_name":"SensoryStone","floor":36,"gold_loss":0},{"damage_healed":0,"gold_gain":0,"player_choice":"Forge","damage_taken":0,"max_hp_gain":0,"max_hp_loss":0,"event_name":"Accursed Blacksmith","floor":38,"gold_loss":0,"cards_upgraded":["Clothesline"]},{"damage_healed":0,"gold_gain":0,"player_choice":"Fight","damage_taken":0,"max_hp_gain":0,"max_hp_loss":0,"event_name":"Mysterious Sphere","floor":42,"gold_loss":0},{"damage_healed":0,"gold_gain":0,"player_choice":"Ignored","damage_taken":0,"max_hp_gain":0,"max_hp_loss":0,"event_name":"Tomb of Lord Red Mask","floor":46,"gold_loss":0},{"cards_removed":["Reckless Charge"],"damage_healed":0,"gold_gain":0,"player_choice":"Removed Attack","damage_taken":0,"max_hp_gain":0,"max_hp_loss":0,"event_name":"Falling","floor":47,"gold_loss":0}],"is_beta":false,"boss_relics":[{"not_picked":["Snecko Eye","Runic Cube"],"picked":"Pandora\u0027s Box"},{"not_picked":["Astrolabe","Black Star"],"picked":"Philosopher\u0027s Stone"}],"items_purged_floors":[7,31],"is_endless":false,"potions_floor_spawned":[2,5,8,24,28,39,41,42,44,48],"ascension_level":6}}