{"host":"dl5mjdlimopbuch5","time":1607876611,"event":{"mods":["AchievementEnabler","BaseMod","Colored Powertips","Googly Eyes","Minty Spire (QoL Compilation)","Quick Restart"],"gold_per_floor":[111,111,111,125,125,156,156,156,156,10,34,52,72,85,85,213,276,291,135,135,160,175,175,26,26,102,102,116,134,148,148,148],"floor_reached":31,"playtime":852,"items_purged":[],"score":290,"play_id":"81f0648d-83d4-4e0f-8278-23d4a0f27ed2","local_time":"20201213162331","is_ascension_mode":true,"campfire_choices":[{"data":"Eruption","floor":8,"key":"SMITH"},{"data":"Judgement","floor":15,"key":"SMITH"},{"data":"Vault","floor":23,"key":"SMITH"},{"data":"PathToVictory","floor":25,"key":"SMITH"}],"circlet_count":0,"master_deck":["Strike_P","Strike_P","Strike_P","Strike_P","Defend_P","Defend_P","Defend_P","Defend_P","Eruption+1","Vigilance","PathToVictory+1","Regret","BowlingBash","EmptyFist","FearNoEvil","SashWhip","Judgement+1","Vault+1","PathToVictory+1","Wireheading","PathToVictory+1"],"relics":["PureWater","NeowsBlessing","CaptainsWheel","Golden Idol","Vajra","TeardropLocket","Bag of Marbles","Tiny House","Strange Spoon","Membership Card","White Beast Statue"],"acts_visited":["Exordium","TheCity"],"potions_floor_usage":[16,16,16,22,28,31],"damage_taken":[{"damage":0,"enemies":"2 Louse","floor":1,"turns":1},{"damage":0,"enemies":"Small Slimes","floor":4,"turns":1},{"damage":0,"enemies":"Gremlin Nob","floor":6,"turns":1},{"damage":10,"enemies":"Jaw Worm","floor":11,"turns":2},{"damage":3,"enemies":"Exordium Wildlife","floor":12,"turns":3},{"damage":0,"enemies":"3 Louse","floor":13,"turns":1},{"damage":9,"enemies":"Looter","floor":14,"turns":3},{"damage":38,"enemies":"The Guardian","floor":16,"turns":10},{"damage":8,"enemies":"3 Byrds","floor":18,"turns":4},{"damage":9,"enemies":"Shell Parasite","floor":21,"turns":4},{"damage":11,"enemies":"Centurion and Healer","floor":22,"turns":5},{"damage":3,"enemies":"Snake Plant","floor":28,"turns":2},{"damage":22,"enemies":"Chosen and Byrds","floor":29,"turns":5},{"damage":3,"enemies":"Sentry and Sphere","floor":30,"turns":2},{"damage":21,"enemies":"Snake Plant","floor":31,"turns":1}],"seed_played":"-7821216599640843434","potions_obtained":[{"floor":4,"key":"Fire Potion"},{"floor":11,"key":"Swift Potion"},{"floor":14,"key":"Fire Potion"},{"floor":16,"key":"SkillPotion"},{"floor":17,"key":"BottledMiracle"},{"floor":22,"key":"BlessingOfTheForge"},{"floor":28,"key":"PowerPotion"},{"floor":29,"key":"SteroidPotion"},{"floor":30,"key":"BottledMiracle"}],"is_trial":false,"path_per_floor":["M","?","?","M","?","E","?","R","T","$","M","M","M","M","R","B",null,"M","$","?","M","M","R","$","R","T","$","M","M","M","M"],"character_chosen":"WATCHER","items_purchased":["Bag of Marbles","Strange Spoon","Membership Card"],"campfire_rested":0,"item_purchase_floors":[10,19,24],"current_hp_per_floor":[72,72,72,72,67,67,67,67,67,67,57,54,54,45,45,7,72,64,64,64,55,44,44,44,44,44,44,41,19,16,0,0],"gold":148,"neow_bonus":"THREE_ENEMY_KILL","is_daily":false,"chose_seed":false,"campfire_upgraded":4,"win_rate":0.0,"timestamp":1607876611,"path_taken":["M","?","?","?","?","E","?","R","T","$","M","M","M","M","R","BOSS","M","$","?","M","M","R","$","R","T","$","M","?","M","M"],"items_purchased_type":["Relic","Relic","Relic"],"build_version":"2020-11-30","purchased_purges":0,"victory":false,"max_hp_per_floor":[72,72,72,72,67,67,67,67,67,67,67,67,67,67,67,67,72,72,72,72,72,72,72,72,72,72,72,72,72,72,72,72],"card_choices":[{"not_picked":["ClearTheMind","CutThroughFate"],"picked":"PathToVictory","floor":1},{"not_picked":["JustLucky","Adaptation"],"picked":"BowlingBash","floor":4},{"not_picked":["Crescendo","Swivel"],"picked":"EmptyFist","floor":6},{"not_picked":["Protect","Study"],"picked":"FearNoEvil","floor":11},{"not_picked":["Wallop","Protect","CutThroughFate"],"picked":"SKIP","floor":12},{"not_picked":["ThirdEye","ClearTheMind"],"picked":"SashWhip","floor":13},{"not_picked":["Wallop","Collect"],"picked":"Judgement","floor":14},{"not_picked":["SpiritShield","Blasphemy"],"picked":"Vault","floor":16},{"not_picked":["Nirvana","SandsOfTime"],"picked":"PathToVictory","floor":17},{"not_picked":["Protect","JustLucky+1","FlyingSleeves"],"picked":"SKIP","floor":18},{"not_picked":["SashWhip","Crescendo","Consecrate"],"picked":"SKIP","floor":21},{"not_picked":["EmptyFist","DeceiveReality","FlyingSleeves"],"picked":"SKIP","floor":22},{"not_picked":["Crescendo","CrushJoints+1","FlurryOfBlows"],"picked":"SKIP","floor":28},{"not_picked":["Perseverance+1","FlyingSleeves"],"picked":"PathToVictory+1","floor":29},{"not_picked":["Vengeance","Indignation","WindmillStrike"],"picked":"SKIP","floor":30}],"player_experience":206955,"relics_obtained":[{"floor":6,"key":"Vajra"},{"floor":9,"key":"TeardropLocket"},{"floor":26,"key":"White Beast Statue"}],"event_choices":[{"damage_healed":0,"gold_gain":0,"player_choice":"Ignored","damage_taken":0,"max_hp_gain":0,"max_hp_loss":0,"event_name":"Golden Wing","floor":2,"gold_loss":0},{"damage_healed":0,"gold_gain":0,"player_choice":"Box","damage_taken":0,"relics_obtained":["CaptainsWheel"],"max_hp_gain":0,"max_hp_loss":0,"event_name":"Big Fish","floor":3,"gold_loss":0,"cards_obtained":["Regret"]},{"damage_healed":0,"gold_gain":0,"player_choice":"Lose Max HP","damage_taken":0,"relics_obtained":["Golden Idol"],"max_hp_gain":0,"max_hp_loss":5,"event_name":"Golden Idol","floor":5,"gold_loss":0},{"damage_healed":0,"gold_gain":0,"player_choice":"Leave","damage_taken":0,"max_hp_gain":0,"max_hp_loss":0,"event_name":"The Cleric","floor":7,"gold_loss":0},{"damage_healed":0,"gold_gain":0,"player_choice":"1 cards matched","damage_taken":0,"max_hp_gain":0,"max_hp_loss":0,"event_name":"Match and Keep!","floor":20,"gold_loss":0,"cards_obtained":["Wireheading"]}],"is_beta":false,"boss_relics":[{"not_picked":["SlaversCollar","Pandora\u0027s Box"],"picked":"Tiny House"}],"items_purged_floors":[],"is_endless":false,"potions_floor_spawned":[4,11,14,16,22,28,29,30],"killed_by":"Snake Plant","ascension_level":2}}