{"host":"3jpcvpprzj9sjffh","time":1607863039,"event":{"mods":["AchievementEnabler","BaseMod","Colored Map","Minty Spire (QoL Compilation)","Rare Cards Sparkle","everything is the same but u backflip on backflip"],"gold_per_floor":[117,67,142,157,157,187,201,201,275,290,69,69,69,84,84,182,182,202,102,102,114,128,128,159,159,184,203,222,137,137,167,167,263,263,275,275,291,13,13,13,30,46,93,93,93,104,104,114,114,114,114],"floor_reached":50,"playtime":2842,"items_purged":["Strike_G","Strike_G","Defend_G"],"score":582,"play_id":"d3395d9c-f7fc-4088-898a-9e57e6ee9829","local_time":"20201213213719","is_ascension_mode":false,"campfire_choices":[{"data":"Accuracy","floor":13,"key":"SMITH"},{"data":"Infinite Blades","floor":15,"key":"SMITH"},{"data":"Blade Dance","floor":23,"key":"SMITH"},{"floor":25,"key":"REST"},{"data":"Blade Dance","floor":30,"key":"SMITH"},{"data":"Acrobatics","floor":32,"key":"SMITH"},{"floor":40,"key":"REST"},{"floor":45,"key":"REST"},{"floor":49,"key":"REST"}],"circlet_count":0,"master_deck":["Strike_G","Defend_G","Defend_G","Defend_G","Survivor","Neutralize","Acrobatics+1","Blade Dance+1","Accuracy+1","Blade Dance+1","Backflip","Infinite Blades+1","Slice+1","Dagger Throw","Blade Dance+1","Deflect+1"],"relics":["Ring of the Snake","NeowsBlessing","Dream Catcher","Meat on the Bone","TwistedFunnel","Sozu","Bird Faced Urn","Tiny Chest","Strawberry","Kunai","SlaversCollar","PrismaticShard","Centennial Puzzle","Nunchaku"],"acts_visited":["Exordium","TheCity","TheBeyond"],"potions_floor_usage":[16,16,50],"damage_taken":[{"damage":0,"enemies":"2 Louse","floor":1,"turns":1},{"damage":0,"enemies":"Small Slimes","floor":4,"turns":1},{"damage":0,"enemies":"3 Sentries","floor":6,"turns":1},{"damage":0,"enemies":"Jaw Worm","floor":7,"turns":2},{"damage":2,"enemies":"Looter","floor":10,"turns":2},{"damage":0,"enemies":"Large Slime","floor":14,"turns":3},{"damage":36,"enemies":"The Guardian","floor":16,"turns":5},{"damage":2,"enemies":"Shell Parasite","floor":18,"turns":3},{"damage":5,"enemies":"3 Byrds","floor":21,"turns":3},{"damage":18,"enemies":"Snake Plant","floor":22,"turns":4},{"damage":11,"enemies":"Book of Stabbing","floor":24,"turns":3},{"damage":0,"enemies":"Chosen and Byrds","floor":27,"turns":4},{"damage":9,"enemies":"Centurion and Healer","floor":28,"turns":3},{"damage":0,"enemies":"Gremlin Leader","floor":31,"turns":3},{"damage":0,"enemies":"Collector","floor":33,"turns":7},{"damage":21,"enemies":"3 Shapes","floor":35,"turns":2},{"damage":14,"enemies":"3 Darklings","floor":37,"turns":3},{"damage":13,"enemies":"Spire Growth","floor":41,"turns":3},{"damage":48,"enemies":"4 Shapes","floor":42,"turns":3},{"damage":12,"enemies":"Sphere and 2 Shapes","floor":46,"turns":2},{"damage":0,"enemies":"Maw","floor":48,"turns":5},{"damage":88,"enemies":"Time Eater","floor":50,"turns":4}],"seed_played":"324578661040324336","potions_obtained":[{"floor":7,"key":"LiquidBronze"},{"floor":10,"key":"FearPotion"},{"floor":14,"key":"FearPotion"},{"floor":16,"key":"Energy Potion"}],"is_trial":false,"path_per_floor":["M","?","?","M","?","E","M","?","T","M","$","?","R","M","R","B",null,"M","$","?","M","M","R","E","R","T","M","M","?","R","E","R","B",null,"M","?","M","$","T","R","M","M","T","$","R","M","?","M","R","B"],"character_chosen":"THE_SILENT","items_purchased":["TwistedFunnel","PrismaticShard"],"campfire_rested":4,"item_purchase_floors":[11,38],"current_hp_per_floor":[70,70,59,59,64,64,64,57,57,55,55,55,55,55,55,31,75,73,73,73,68,50,50,39,61,61,65,60,67,67,71,71,75,82,61,61,51,51,51,75,66,34,34,34,58,50,47,51,75,0,0],"gold":114,"neow_bonus":"THREE_ENEMY_KILL","is_daily":false,"chose_seed":false,"campfire_upgraded":5,"win_rate":0.0,"timestamp":1607863039,"path_taken":["M","?","?","?","?","E","M","?","T","M","$","?","R","M","R","BOSS","M","$","?","M","M","R","E","R","T","M","M","?","R","E","R","BOSS","M","?","M","?","?","R","M","M","T","$","R","M","?","?","R","BOSS"],"items_purchased_type":["Relic","Relic"],"build_version":"2020-11-30","purchased_purges":3,"victory":false,"max_hp_per_floor":[70,70,70,70,75,75,75,75,75,75,75,75,75,75,75,75,75,75,75,75,75,75,75,75,75,75,75,75,82,82,82,82,82,82,82,82,82,82,82,82,82,82,82,82,82,82,82,82,82,82,82],"card_choices":[{"not_picked":["Outmaneuver","PiercingWail"],"picked":"Acrobatics","floor":1},{"not_picked":["Deflect","Predator"],"picked":"Blade Dance","floor":4},{"not_picked":["Outmaneuver","Deadly Poison"],"picked":"Accuracy","floor":6},{"not_picked":["Distraction","PiercingWail"],"picked":"Blade Dance","floor":7},{"not_picked":["Acrobatics","Caltrops"],"picked":"Backflip","floor":10},{"not_picked":["Heel Hook","Flechettes"],"picked":"Infinite Blades","floor":14},{"not_picked":["Backflip","Deflect"],"picked":"Slice+1","floor":18},{"not_picked":["Dodge and Roll+1","Poisoned Stab"],"picked":"Dagger Throw","floor":21},{"not_picked":["Blade Dance+1","Deadly Poison+1","Dodge and Roll"],"picked":"SKIP","floor":22},{"not_picked":["Dodge and Roll","Footwork","Corpse Explosion"],"picked":"SKIP","floor":24},{"not_picked":["Caltrops+1","Calculated Gamble"],"picked":"Blade Dance+1","floor":25},{"not_picked":["All Out Attack","Quick Slash","Underhanded Strike+1"],"picked":"SKIP","floor":27},{"not_picked":["Dagger Throw","Poisoned Stab","Bane"],"picked":"SKIP","floor":28},{"not_picked":["Deadly Poison+1","Flying Knee","Quick Slash+1"],"picked":"SKIP","floor":31},{"not_picked":["Dagger Throw","Distraction","Acrobatics"],"picked":"SKIP","floor":35},{"not_picked":["Flechettes+1","Underhanded Strike+1"],"picked":"Deflect+1","floor":37},{"not_picked":["Reflex","JustLucky","Cloak And Dagger"],"picked":"SKIP","floor":41},{"not_picked":["FollowUp+1","Halt","ThirdEye"],"picked":"SKIP","floor":42},{"not_picked":["Go for the Eyes+1","FlyingSleeves","Sweeping Beam+1"],"picked":"SKIP","floor":46},{"not_picked":["Havoc","Clash+1","Catalyst+1"],"picked":"SKIP","floor":48}],"player_experience":148017,"relics_obtained":[{"floor":6,"key":"Dream Catcher"},{"floor":9,"key":"Meat on the Bone"},{"floor":24,"key":"Bird Faced Urn"},{"floor":26,"key":"Tiny Chest"},{"floor":31,"key":"Kunai"},{"floor":39,"key":"Centennial Puzzle"},{"floor":43,"key":"Nunchaku"}],"event_choices":[{"cards_removed":["Defend_G"],"damage_healed":0,"gold_gain":0,"player_choice":"Card Removal","damage_taken":0,"max_hp_gain":0,"max_hp_loss":0,"event_name":"The Cleric","floor":2,"gold_loss":50},{"damage_healed":0,"gold_gain":75,"player_choice":"Gather Gold","damage_taken":11,"max_hp_gain":0,"max_hp_loss":0,"event_name":"World of Goop","floor":3,"gold_loss":0},{"damage_healed":0,"gold_gain":0,"player_choice":"Donut","damage_taken":0,"max_hp_gain":5,"max_hp_loss":0,"event_name":"Big Fish","floor":5,"gold_loss":0},{"cards_removed":["Strike_G"],"damage_healed":0,"gold_gain":0,"player_choice":"Card Removal","damage_taken":7,"max_hp_gain":0,"max_hp_loss":0,"event_name":"Golden Wing","floor":8,"gold_loss":0},{"damage_healed":0,"gold_gain":0,"player_choice":"Ignored","damage_taken":0,"max_hp_gain":0,"max_hp_loss":0,"event_name":"Golden Idol","floor":12,"gold_loss":0},{"damage_healed":0,"gold_gain":0,"player_choice":"Ignored","damage_taken":0,"max_hp_gain":0,"max_hp_loss":0,"event_name":"Ghosts","floor":20,"gold_loss":0},{"damage_healed":0,"gold_gain":0,"player_choice":"Obtained Relic","damage_taken":0,"relics_obtained":["Strawberry"],"max_hp_gain":0,"max_hp_loss":0,"event_name":"Addict","floor":29,"gold_loss":85},{"cards_removed":["Strike_G"],"damage_healed":0,"gold_gain":0,"player_choice":"Removed Attack","damage_taken":0,"max_hp_gain":0,"max_hp_loss":0,"event_name":"Falling","floor":36,"gold_loss":0},{"damage_healed":0,"gold_gain":0,"player_choice":"Punched","damage_taken":3,"max_hp_gain":0,"max_hp_loss":0,"event_name":"Designer","floor":47,"gold_loss":0}],"is_beta":false,"boss_relics":[{"not_picked":["Philosopher\u0027s Stone","Ectoplasm"],"picked":"Sozu"},{"not_picked":["Coffee Dripper","Velvet Choker"],"picked":"SlaversCollar"}],"items_purged_floors":[11,19,38],"is_endless":false,"potions_floor_spawned":[7,10,14,16,24,28,31,33,35,37,42],"killed_by":"Time Eater","ascension_level":0}}