{"host":"avjwtc49fhlk6kym","time":1607887767,"event":{"mods":["AchievementEnabler","BaseMod","Better Match","Better Note","Better Third Choice","Colored Map","Colored Powertips","Displayed Cursed Tome","Highlight Path","Minty Spire (QoL Compilation)","Permanent Neow","Quick Restart","StSLib"],"gold_per_floor":[10,26,26,43,43,43,56,76,76,76,89,119,138,155,155,250,250,266,280,82,82,94,94,94],"floor_reached":23,"playtime":917,"items_purged":["Strike_P"],"score":217,"play_id":"592ec72e-3869-43d5-b13a-d6c4c8119f86","local_time":"20201213142927","is_ascension_mode":true,"campfire_choices":[{"data":"Eruption","floor":6.0,"key":"SMITH"},{"data":"ConjureBlade","floor":10.0,"key":"SMITH"},{"floor":15.0,"key":"REST"}],"circlet_count":0,"master_deck":["Strike_P","Strike_P","Strike_P","Defend_P","Defend_P","Defend_P","Defend_P","Eruption+1","Vigilance","Consecrate","Meditate","Swivel","ConjureBlade+1","ReachHeaven","ThirdEye","BattleHymn","FollowUp","BowlingBash","MasterReality","PathToVictory+1","Bandage Up","CarveReality"],"relics":["PureWater","Turnip","Singing Bowl","Nloth\u0027s Gift"],"acts_visited":["Exordium","TheCity"],"potions_floor_usage":[22],"damage_taken":[{"damage":0.0,"enemies":"2 Louse","floor":1.0,"turns":3.0},{"damage":0.0,"enemies":"Small Slimes","floor":2.0,"turns":2.0},{"damage":0.0,"enemies":"Cultist","floor":4.0,"turns":3.0},{"damage":0.0,"enemies":"3 Louse","floor":7.0,"turns":1.0},{"damage":0.0,"enemies":"Red Slaver","floor":8.0,"turns":1.0},{"damage":21.0,"enemies":"Exordium Thugs","floor":11.0,"turns":4.0},{"damage":40.0,"enemies":"Gremlin Nob","floor":12.0,"turns":5.0},{"damage":0.0,"enemies":"2 Fungi Beasts","floor":13.0,"turns":4.0},{"damage":0.0,"enemies":"Large Slime","floor":14.0,"turns":3.0},{"damage":8.0,"enemies":"Hexaghost","floor":16.0,"turns":7.0},{"damage":23.0,"enemies":"Spheric Guardian","floor":18.0,"turns":5.0},{"damage":21.0,"enemies":"Chosen","floor":19.0,"turns":5.0},{"damage":20,"enemies":"Sentry and Sphere","floor":22,"turns":4},{"damage":30,"enemies":"Gremlin Leader","floor":23,"turns":4}],"seed_played":"2951689529582557646","potions_obtained":[{"floor":4.0,"key":"SteroidPotion"},{"floor":5.0,"key":"SmokeBomb"},{"floor":5.0,"key":"Explosive Potion"},{"floor":8.0,"key":"AttackPotion"},{"floor":11.0,"key":"GamblersBrew"},{"floor":12.0,"key":"GamblersBrew"},{"floor":16.0,"key":"FearPotion"},{"floor":19.0,"key":"GamblersBrew"}],"is_trial":false,"path_per_floor":["M","M","?","M","?","R","M","M","T","R","M","E","M","M","R","B",null,"M","M","$","?","M","E"],"character_chosen":"WATCHER","items_purchased":["Bandage Up","CarveReality"],"campfire_rested":1,"item_purchase_floors":[20,20],"current_hp_per_floor":[72,72,72,72,72,72,72,72,72,72,51,11,11,11,32,24,72,49,30,30,30,16,0,0],"gold":94,"neow_bonus":"ONE_RARE_RELIC","is_daily":false,"chose_seed":false,"campfire_upgraded":2,"win_rate":0.0,"timestamp":1607887767,"path_taken":["M","M","?","M","?","R","M","M","T","R","?","E","M","M","R","BOSS","M","M","$","?","M","E"],"items_purchased_type":["Card","Card"],"build_version":"2020-11-30","purchased_purges":1,"victory":false,"max_hp_per_floor":[72,72,72,72,72,72,72,72,72,72,72,72,72,72,72,72,72,72,74,74,74,76,76,76],"card_choices":[{"not_picked":["CutThroughFate","Crescendo"],"picked":"Consecrate","floor":1.0},{"not_picked":["Prostrate","ClearTheMind"],"picked":"Meditate","floor":2.0},{"not_picked":["Consecrate","Nirvana"],"picked":"Swivel","floor":4.0},{"not_picked":["EmptyFist","ClearTheMind"],"picked":"ConjureBlade","floor":7.0},{"not_picked":["JustLucky","EmptyBody"],"picked":"ReachHeaven","floor":8.0},{"not_picked":["CarveReality","Worship"],"picked":"ThirdEye","floor":11.0},{"not_picked":["Scrawl","Evaluate"],"picked":"BattleHymn","floor":12.0},{"not_picked":["ReachHeaven","CrushJoints"],"picked":"FollowUp","floor":13.0},{"not_picked":["FlyingSleeves","FlurryOfBlows"],"picked":"BowlingBash","floor":14.0},{"not_picked":["DeusExMachina","Omniscience"],"picked":"MasterReality","floor":16.0},{"not_picked":["CrushJoints","Consecrate"],"picked":"PathToVictory+1","floor":18.0},{"not_picked":["ClearTheMind","Meditate+1","Prostrate"],"picked":"Singing Bowl","floor":19.0},{"not_picked":["Evaluate","FlurryOfBlows+1","Scrawl"],"picked":"Singing Bowl","floor":22}],"player_experience":498365,"relics_obtained":[{"floor":9.0,"key":"Singing Bowl"},{"floor":12.0,"key":"Darkstone Periapt"}],"event_choices":[{"damage_healed":0.0,"max_hp_gain":0.0,"max_hp_loss":0.0,"gold_gain":0.0,"event_name":"Golden Idol","player_choice":"Ignored","floor":3.0,"gold_loss":0.0,"damage_taken":0.0},{"damage_healed":0.0,"max_hp_gain":0.0,"max_hp_loss":0.0,"gold_gain":0.0,"event_name":"Lab","player_choice":"Got Potions","floor":5.0,"gold_loss":0.0,"damage_taken":0.0},{"damage_healed":0.0,"max_hp_gain":0.0,"max_hp_loss":0.0,"gold_gain":0.0,"event_name":"N\u0027loth","player_choice":"Traded Relic","floor":21.0,"relics_lost":["Darkstone Periapt"],"gold_loss":0.0,"damage_taken":0.0,"relics_obtained":["Nloth\u0027s Gift"]}],"is_beta":false,"boss_relics":[{"not_picked":["Snecko Eye","Ectoplasm","Runic Dome"]}],"items_purged_floors":[20],"is_endless":false,"potions_floor_spawned":[4,8,11,12,16,19],"killed_by":"Gremlin Leader","ascension_level":2}}