{"host":"6hzrz31j95f2y1pa","time":1607865403,"event":{"mods":["BaseMod","Colored Map","Downfall","Minty Spire (QoL Compilation)","StSLib"],"gold_per_floor":[99,99,99,128,128,128,128,128,142,176,8,8,19,29,48,150,150,150,182,182,89,100,135,184,201,86,118,136,154,167,167,183,183,183],"floor_reached":33,"playtime":1734,"items_purged":["champ:Defend","champ:Strike"],"score":367,"play_id":"5b9efe78-a8b0-4c48-bbd3-c12dbc159270","local_time":"20201213081643","is_ascension_mode":false,"campfire_choices":[{"data":"champ:Execute","floor":1.0,"key":"SMITH"},{"data":"champ:BladeFlurry","floor":6.0,"key":"SMITH"},{"data":"champ:GladiatorStyle","floor":18.0,"key":"SMITH"},{"data":"champ:VampiricStrike","floor":20.0,"key":"SMITH"}],"circlet_count":0,"master_deck":["champ:Strike","champ:Strike","champ:Defend","champ:Defend","champ:Execute+1","champ:Taunt","champ:Lariat","champ:BladeFlurry+1","champ:FanOfKnives","champ:CalledShot","champ:Improvising","champ:DefensiveStyle","champ:Haymaker","champ:GladiatorStyle+1","champ:VampiricStrike+1","champ:Duel+1","champ:EndlessRage","champ:TornadoPunch+1","champ:SteelEdge","champ:LastStand"],"relics":["champ:ChampionCrown","downfall:HeartsMalice","Potion Belt","Pear","Mummified Hand","Empty Cage","Regal Pillow","Gremlin Horn","Ancient Tea Set","Darkstone Periapt"],"acts_visited":["Exordium","TheCity"],"potions_floor_usage":[33,33],"damage_taken":[{"damage":0.0,"enemies":"Jaw Worm","floor":3.0,"turns":1.0},{"damage":0.0,"enemies":"Gremlin Nob","floor":4.0,"turns":1.0},{"damage":0.0,"enemies":"Small Slimes","floor":8.0,"turns":1.0},{"damage":11.0,"enemies":"Cultist","floor":9.0,"turns":4.0},{"damage":26.0,"enemies":"3 Sentries","floor":10.0,"turns":6.0},{"damage":14.0,"enemies":"downfall:FleeingMerchant","floor":11.0,"turns":4.0},{"damage":11.0,"enemies":"Large Slime","floor":12.0,"turns":1.0},{"damage":24.0,"enemies":"Blue Slaver","floor":13.0,"turns":3.0},{"damage":18.0,"enemies":"3 Louse","floor":14.0,"turns":3.0},{"damage":6.0,"enemies":"Exordium Wildlife","floor":15.0,"turns":2.0},{"damage":43.0,"enemies":"downfall:Watcher","floor":16.0,"turns":8.0},{"damage":36.0,"enemies":"Slavers","floor":19.0,"turns":5.0},{"damage":28.0,"enemies":"downfall:FleeingMerchant","floor":21.0,"turns":4.0},{"damage":21.0,"enemies":"Shell Parasite","floor":22.0,"turns":3.0},{"damage":37.0,"enemies":"Gremlin Leader","floor":23.0,"turns":7.0},{"damage":16.0,"enemies":"Chosen","floor":25.0,"turns":5.0},{"damage":5.0,"enemies":"downfall:FleeingMerchant","floor":26.0,"turns":4.0},{"damage":40.0,"enemies":"Book of Stabbing","floor":27.0,"turns":4.0},{"damage":15.0,"enemies":"Snake Plant","floor":28.0,"turns":3.0},{"damage":15.0,"enemies":"3 Cultists","floor":29.0,"turns":5.0},{"damage":21.0,"enemies":"Centurion and Healer","floor":30.0,"turns":3.0},{"damage":25.0,"enemies":"Sentry and Sphere","floor":32.0,"turns":5.0},{"damage":62,"enemies":"downfall:Silent","floor":33,"turns":6}],"seed_played":"-4648728470634160929","potions_obtained":[{"floor":4.0,"key":"SmokeBomb"},{"floor":9.0,"key":"Explosive Potion"},{"floor":13.0,"key":"Guardian:BlockOnCardUsePotion"},{"floor":15.0,"key":"Block Potion"},{"floor":19.0,"key":"CultistPotion"},{"floor":22.0,"key":"EntropicBrew"},{"floor":23.0,"key":"LiquidMemories"}],"is_trial":false,"path_per_floor":["R","?","M","E","?","R","T","M","M","E","$","M","M","M","M","B",null,"R","E","R","$","M","E","T","M","$","E","M","M","M","?","M","B"],"character_chosen":"THE_CHAMP","items_purchased":["champ:DefensiveStyle","champ:EndlessRage"],"campfire_rested":0,"item_purchase_floors":[11,21],"current_hp_per_floor":[90,90,90,90,75,75,85,85,80,67,67,67,55,48,47,33,100,100,73,73,81,85,85,85,100,100,73,58,61,80,60,46,0,0],"gold":183,"neow_bonus":"THREE_ENEMY_KILL","is_daily":false,"chose_seed":false,"campfire_upgraded":4,"win_rate":0.0,"timestamp":1607865403,"path_taken":["R","?","M","E","?","R","T","M","M","E","$","M","?","M","M","BOSS","R","E","R","$","M","E","T","M","$","E","M","M","M","?","M","BOSS"],"items_purchased_type":["Card","Card"],"build_version":"2020-11-30","purchased_purges":2,"victory":false,"max_hp_per_floor":[90,90,90,90,90,90,100,100,100,100,100,100,100,100,100,100,100,100,100,100,100,100,100,100,100,100,100,100,100,100,105,105,105,105],"card_choices":[{"not_picked":["champ:BerserkersShout","champ:Circumvent"],"picked":"champ:Lariat","floor":3.0},{"not_picked":["champ:Riposte","champ:EnGarde"],"picked":"champ:BladeFlurry","floor":4.0},{"not_picked":["champ:RecklessLeap","champ:BerserkersShout"],"picked":"champ:FanOfKnives","floor":8.0},{"not_picked":["champ:BerserkersShout","champ:CrookedStrike"],"picked":"champ:CalledShot","floor":9.0},{"not_picked":["champ:RisingSlash","champ:EnGarde"],"picked":"champ:Improvising","floor":10.0},{"not_picked":["champ:FanOfKnives","champ:FightOn","champ:Shatter"],"picked":"SKIP","floor":11.0},{"not_picked":["champ:FocusedBerserking","champ:Encircle"],"picked":"champ:Haymaker","floor":13.0},{"not_picked":["champ:BladeFlurry","champ:EnragedBash"],"picked":"champ:GladiatorStyle","floor":14.0},{"not_picked":["champ:AdrenalArmor","champ:DefensiveShout","champ:PerfectedStrike"],"picked":"SKIP","floor":15.0},{"not_picked":["champ:ShieldThrow","champ:DancingMaster"],"picked":"champ:VampiricStrike","floor":16.0},{"not_picked":["champ:FlashCut","champ:FightOn"],"picked":"champ:Duel+1","floor":19.0},{"not_picked":["champ:RapidStrikes","champ:HeartStrike","champ:EnragedBash"],"picked":"SKIP","floor":21.0},{"not_picked":["champ:FocusedDefense","champ:FlashCut"],"picked":"champ:TornadoPunch+1","floor":22.0},{"not_picked":["champ:DeathBlow","champ:CrookedStrike+1"],"picked":"champ:SteelEdge","floor":23.0},{"not_picked":["champ:DefensiveShout","champ:Encircle","champ:CrookedStrike"],"picked":"SKIP","floor":25.0},{"not_picked":["champ:BringItOn","champ:RapidStrikes"],"picked":"champ:LastStand","floor":26.0},{"not_picked":["champ:PreciseThrust","champ:Circumvent+1","champ:BladeFlurry"],"picked":"SKIP","floor":27.0},{"not_picked":["champ:FlashCut","champ:DefensiveShout+1","champ:GladiatorStyle"],"picked":"SKIP","floor":28.0},{"not_picked":["champ:RapidStrikes","champ:Circumvent","champ:EnragedBash"],"picked":"SKIP","floor":29.0},{"not_picked":["champ:Circumvent","champ:EnGarde","champ:SkillfulDodge"],"picked":"SKIP","floor":30.0},{"not_picked":["champ:FocusedDefense","champ:DefensiveShout","champ:BladeFlurry"],"picked":"SKIP","floor":32.0}],"player_experience":1179072,"relics_obtained":[{"floor":4.0,"key":"Potion Belt"},{"floor":7.0,"key":"Pear"},{"floor":10.0,"key":"Mummified Hand"},{"floor":19.0,"key":"Regal Pillow"},{"floor":23.0,"key":"Gremlin Horn"},{"floor":24.0,"key":"Ancient Tea Set"},{"floor":27.0,"key":"Darkstone Periapt"}],"event_choices":[],"is_beta":false,"boss_relics":[{"not_picked":["SacredBark","Cursed Key"],"picked":"Empty Cage"}],"items_purged_floors":[11,26],"is_endless":false,"potions_floor_spawned":[4,9,13,15,19,22,23],"killed_by":"downfall:Silent","ascension_level":0}}