{"host":"x1qj4d8ympd5jdqh","time":1607858748,"event":{"mods":["AchievementEnabler","AlwaysNeverKeys","BaseMod","Colored Map","Custom Start","DeckTracker","Highlight Path","Minty Spire (QoL Compilation)","StSLib","SuperFastMode"],"gold_per_floor":[110,122,172,57,57,57,357,357,357,389,389,409,424,448,448,521,521,533,533,263,279,299,299,91,91,91,109,109,141,141,141,141,218,268,287,306,31,31,31],"floor_reached":38,"playtime":1355,"items_purged":["Strike_G","Strike_G","Defend_G"],"score":830,"play_id":"927865f1-ba99-4329-a412-ead47a4d2351","local_time":"20201213202548","is_ascension_mode":true,"campfire_choices":[{"data":"Poisoned Stab","floor":6.0,"key":"SMITH"},{"data":"Bouncing Flask","floor":8.0,"key":"SMITH"},{"floor":11.0,"key":"REST"},{"data":"Neutralize","floor":15.0,"key":"SMITH"},{"floor":23.0,"key":"REST"},{"data":"Catalyst","floor":25.0,"key":"SMITH"},{"floor":30.0,"key":"REST"},{"data":"Well Laid Plans","floor":32.0,"key":"SMITH"}],"circlet_count":0,"master_deck":["AscendersBane","Defend_G","Defend_G","Defend_G+1","Defend_G","Survivor","Neutralize+1","Poisoned Stab+1","Bouncing Flask+1","Blur","Acrobatics","Corpse Explosion","Calculated Gamble","Well Laid Plans+1","Reflex","Catalyst+1","Backflip","Footwork","Adrenaline","Crippling Poison"],"relics":["Ring of the Serpent","Old Coin","Gremlin Horn","Bag of Preparation","Whetstone","Regal Pillow","Tiny House","Ancient Tea Set"],"acts_visited":["Exordium","TheCity","TheBeyond"],"potions_floor_usage":[38,38,38],"damage_taken":[{"damage":4.0,"enemies":"Jaw Worm","floor":1.0,"turns":4.0},{"damage":1.0,"enemies":"Cultist","floor":2.0,"turns":4.0},{"damage":27.0,"enemies":"3 Sentries","floor":10.0,"turns":10.0},{"damage":0.0,"enemies":"2 Louse","floor":12.0,"turns":4.0},{"damage":7.0,"enemies":"Looter","floor":13.0,"turns":3.0},{"damage":5.0,"enemies":"Hexaghost","floor":16.0,"turns":8.0},{"damage":9.0,"enemies":"Spheric Guardian","floor":18.0,"turns":5.0},{"damage":24.0,"enemies":"Shell Parasite","floor":21.0,"turns":4.0},{"damage":0.0,"enemies":"Snecko","floor":22.0,"turns":4.0},{"damage":3.0,"enemies":"3 Cultists","floor":27.0,"turns":3.0},{"damage":26.0,"enemies":"Book of Stabbing","floor":29.0,"turns":5.0},{"damage":28.0,"enemies":"Champ","floor":33.0,"turns":11.0},{"damage":24.0,"enemies":"3 Shapes","floor":35.0,"turns":5.0},{"damage":0.0,"enemies":"3 Darklings","floor":36.0,"turns":2.0},{"damage":12,"enemies":"Jaw Worm Horde","floor":38,"turns":2}],"seed_played":"-6775855767342970408","potions_obtained":[{"floor":10.0,"key":"LiquidBronze"},{"floor":12.0,"key":"DuplicationPotion"},{"floor":21.0,"key":"LiquidBronze"},{"floor":33.0,"key":"LiquidMemories"},{"floor":36.0,"key":"Strength Potion"}],"is_trial":false,"path_per_floor":["M","M","?","$","?","R","T","R","T","E","R","M","M","T","R","B",null,"M","?","$","M","M","R","$","R","T","M","?","E","R","?","R","B",null,"M","M","$","M"],"character_chosen":"THE_SILENT","items_purchased":["Blur","Reflex","Catalyst","Footwork","Ancient Tea Set","EntropicBrew"],"campfire_rested":3,"item_purchase_floors":[4,20,20,24,37,37],"current_hp_per_floor":[55,54,54,54,47,47,47,47,47,20,39,39,32,32,32,27,56,47,47,47,23,23,42,42,42,42,39,39,13,47,47,47,19,59,35,35,35,23,23],"gold":31,"neow_bonus":"TRANSFORM_CARD","is_daily":false,"chose_seed":false,"campfire_upgraded":5,"win_rate":0.0,"timestamp":1607858748,"path_taken":["M","M","?","$","?","R","?","R","T","E","R","M","?","?","R","BOSS","M","?","$","M","M","R","$","R","T","M","?","E","R","?","R","BOSS","M","M","$","M"],"items_purchased_type":["Card","Card","Card","Card","Relic","Potion"],"build_version":"2020-11-30","purchased_purges":3,"victory":false,"max_hp_per_floor":[66,66,66,66,66,66,66,66,66,66,66,66,66,66,66,66,66,66,66,66,66,66,66,66,66,66,66,66,66,66,66,66,66,71,71,71,71,71,71],"card_choices":[{"not_picked":["Outmaneuver","Deflect"],"picked":"Poisoned Stab","floor":1.0},{"not_picked":["Terror","Eviscerate"],"picked":"Bouncing Flask","floor":2.0},{"not_picked":["Poisoned Stab","Flying Knee"],"picked":"Acrobatics","floor":10.0},{"not_picked":["Blade Dance","Bouncing Flask","Masterful Stab"],"picked":"SKIP","floor":12.0},{"not_picked":["Distraction","Blade Dance","Deflect"],"picked":"SKIP","floor":13.0},{"not_picked":["After Image","Doppelganger"],"picked":"Corpse Explosion","floor":16.0},{"not_picked":["All Out Attack","Bouncing Flask","Expertise"],"picked":"SKIP","floor":18.0},{"not_picked":["Bane","Acrobatics"],"picked":"Backflip","floor":21.0},{"not_picked":["Dagger Throw","Slice","Blade Dance"],"picked":"SKIP","floor":22.0},{"not_picked":["Quick Slash","Deadly Poison","Masterful Stab"],"picked":"SKIP","floor":27.0},{"not_picked":["Quick Slash","Deadly Poison","Masterful Stab"],"picked":"SKIP","floor":27.0},{"not_picked":["Cloak And Dagger","Terror+1"],"picked":"Adrenaline","floor":29.0},{"not_picked":["Dodge and Roll","Prepared","Outmaneuver"],"picked":"SKIP","floor":35.0},{"not_picked":["Bane+1","Backflip"],"picked":"Crippling Poison","floor":36.0}],"player_experience":1213369,"relics_obtained":[{"floor":7.0,"key":"Old Coin"},{"floor":10.0,"key":"Gremlin Horn"},{"floor":14.0,"key":"Bag of Preparation"},{"floor":26.0,"key":"Whetstone"},{"floor":29.0,"key":"Regal Pillow"}],"event_choices":[{"damage_healed":0.0,"max_hp_gain":0.0,"max_hp_loss":0.0,"gold_gain":50.0,"event_name":"Golden Shrine","player_choice":"Pray","floor":3.0,"gold_loss":0.0,"damage_taken":0.0},{"cards_removed":["Strike_G"],"damage_healed":0.0,"max_hp_gain":0.0,"max_hp_loss":0.0,"gold_gain":0.0,"event_name":"Golden Wing","player_choice":"Card Removal","floor":5.0,"gold_loss":0.0,"damage_taken":7.0},{"damage_healed":0.0,"max_hp_gain":0.0,"max_hp_loss":0.0,"gold_gain":0.0,"cards_transformed":["Finisher","Strike_G"],"event_name":"Drug Dealer","player_choice":"Became Test Subject","floor":19.0,"gold_loss":0.0,"damage_taken":0.0,"cards_obtained":["Calculated Gamble","Well Laid Plans"]},{"damage_healed":0.0,"max_hp_gain":0.0,"max_hp_loss":0.0,"gold_gain":0.0,"event_name":"Vampires","player_choice":"Ignored","floor":28.0,"gold_loss":0.0,"damage_taken":0.0},{"damage_healed":0.0,"max_hp_gain":0.0,"max_hp_loss":0.0,"gold_gain":0.0,"event_name":"The Mausoleum","player_choice":"Ignored","floor":31.0,"gold_loss":0.0,"damage_taken":0.0}],"is_beta":false,"boss_relics":[{"not_picked":["Sozu","Velvet Choker"],"picked":"Ring of the Serpent"},{"not_picked":["Busted Crown","Calling Bell"],"picked":"Tiny House"}],"items_purged_floors":[4,20,24],"is_endless":false,"potions_floor_spawned":[10,12,21,27,33,36],"killed_by":"Jaw Worm Horde","ascension_level":20}}