{"host":"kh6fvhxn285ncg0o","time":1607896244,"event":{"mods":["Act Like it!","BaseMod","Colored Map","Friendly Minions","Keyboard Shortcuts","Minty Spire (QoL Compilation)","Quick Restart","Relic Stats","StSLib","SuperFastMode"],"gold_per_floor":[117,117,42,59,72,72,97,97,97,123,23,23,73,102,102,179,179,195,207,221,221,236,261,281,316,341,352,352,369,369,397,397,474,474,492,492,259,614,631,656,668,688,770,798,815,828,843,878,878,878,878,878,878,193,227,227],"floor_reached":57,"playtime":2699,"items_purged":["Strike_R","Strike_R","Strike_R","Clumsy"],"score":3773,"play_id":"54d75b3b-05aa-4f7a-b3e8-86582e9e4061","local_time":"20201214065044","is_ascension_mode":true,"campfire_choices":[{"data":"Bash","floor":6.0,"key":"SMITH"},{"data":"Metallicize","floor":15.0,"key":"SMITH"},{"data":"Corruption","floor":28.0,"key":"SMITH"},{"data":"True Grit","floor":30.0,"key":"SMITH"},{"floor":32.0,"key":"RECALL"},{"data":"Burning Pact","floor":49,"key":"SMITH"},{"data":"Second Wind","floor":53,"key":"SMITH"}],"circlet_count":0,"master_deck":["AscendersBane","Strike_R","Defend_R","Defend_R","Defend_R","Defend_R","Bash+1","Clash","Pommel Strike+1","Offering","Corruption+1","True Grit+1","Carnage+1","Battle Trance","Feed+1","Flame Barrier+1","Burning Pact+1","Feel No Pain+1","Body Slam+1","Second Wind+1","Armaments+1","Evolve+1","Clumsy","Shrug It Off+1","Magnetism+1","Fiend Fire+1"],"relics":["Burning Blood","StrikeDummy","Pen Nib","Bag of Preparation","Happy Flower","Dead Branch","Cursed Key","InkBottle","Frozen Egg 2","Molten Egg 2","Smiling Mask","Coffee Dripper","Old Coin","Toxic Egg 2","Self Forming Clay","Shuriken","CeramicFish","Lee\u0027s Waffle","Blue Candle","War Paint"],"acts_visited":["Exordium","TheCity","TheBeyond","TheEnding"],"potions_floor_usage":[41,42,55,56],"damage_taken":[{"damage":14.0,"enemies":"Jaw Worm","floor":1.0,"turns":5.0},{"damage":13.0,"enemies":"Small Slimes","floor":4.0,"turns":5.0},{"damage":2.0,"enemies":"2 Louse","floor":5.0,"turns":2.0},{"damage":30.0,"enemies":"3 Sentries","floor":7.0,"turns":10.0},{"damage":16.0,"enemies":"Lagavulin","floor":10.0,"turns":5.0},{"damage":11.0,"enemies":"3 Sentries","floor":14.0,"turns":7.0},{"damage":12.0,"enemies":"The Guardian","floor":16.0,"turns":7.0},{"damage":2.0,"enemies":"Shell Parasite","floor":18.0,"turns":3.0},{"damage":7.0,"enemies":"2 Thieves","floor":19.0,"turns":4.0},{"damage":0.0,"enemies":"Snecko","floor":20.0,"turns":3.0},{"damage":16.0,"enemies":"Snake Plant","floor":22.0,"turns":4.0},{"damage":39.0,"enemies":"Book of Stabbing","floor":23.0,"turns":3.0},{"damage":0.0,"enemies":"Centurion and Healer","floor":24.0,"turns":4.0},{"damage":6.0,"enemies":"Slavers","floor":25.0,"turns":3.0},{"damage":0.0,"enemies":"3 Cultists","floor":27.0,"turns":3.0},{"damage":0.0,"enemies":"Cultist and Chosen","floor":29.0,"turns":3.0},{"damage":6.0,"enemies":"Gremlin Leader","floor":31.0,"turns":2.0},{"damage":15.0,"enemies":"Collector","floor":33.0,"turns":6.0},{"damage":0,"enemies":"Orb Walker","floor":35,"turns":3},{"damage":3,"enemies":"2 Orb Walkers","floor":38,"turns":3},{"damage":6,"enemies":"3 Shapes","floor":39,"turns":2},{"damage":6,"enemies":"Nemesis","floor":40,"turns":3},{"damage":15,"enemies":"Spire Growth","floor":41,"turns":4},{"damage":3,"enemies":"Jaw Worm Horde","floor":42,"turns":3},{"damage":0,"enemies":"Giant Head","floor":44,"turns":3},{"damage":6,"enemies":"3 Darklings","floor":45,"turns":4},{"damage":6,"enemies":"Sphere and 2 Shapes","floor":46,"turns":5},{"damage":6,"enemies":"Maw","floor":47,"turns":3},{"damage":6,"enemies":"Nemesis","floor":48,"turns":3},{"damage":0,"enemies":"Donu and Deca","floor":50,"turns":5},{"damage":6,"enemies":"Time Eater","floor":51,"turns":9},{"damage":8,"enemies":"Shield and Spear","floor":55,"turns":2},{"damage":8,"enemies":"The Heart","floor":56,"turns":6}],"seed_played":"3161215820269555921","potions_obtained":[{"floor":1.0,"key":"BloodPotion"},{"floor":7.0,"key":"SkillPotion"},{"floor":14.0,"key":"LiquidBronze"},{"floor":16.0,"key":"AttackPotion"},{"floor":18.0,"key":"Explosive Potion"},{"floor":23.0,"key":"Weak Potion"},{"floor":27.0,"key":"EssenceOfSteel"},{"floor":33,"key":"HeartOfIron"},{"floor":38,"key":"GamblersBrew"},{"floor":40,"key":"Swift Potion"},{"floor":42,"key":"Swift Potion"},{"floor":46,"key":"ColorlessPotion"}],"is_trial":false,"path_per_floor":["M","?","$","M","M","R","E","?","T","E","$","?","?","E","R","B",null,"M","M","M","?","M","E","M","E","T","M","R","M","R","E","R","B",null,"M","?","$","?","M","E","M","M","T","E","M","M","M","E","R","B","B",null,"R","$","E","B",null],"character_chosen":"IRONCLAD","items_purchased":["Feel No Pain+1","Body Slam+1","Second Wind","Magnetism+1","Lee\u0027s Waffle","Blue Candle"],"campfire_rested":0,"item_purchase_floors":[37,37,37,54,54,54],"current_hp_per_floor":[60,55,55,48,52,52,28,28,28,18,18,23,23,18,18,28,67,71,70,76,76,66,33,39,39,39,45,45,51,51,55,55,46,75,81,81,81,84,88,92,83,90,90,100,104,112,116,120,120,128,132,132,132,139,137,135],"gold":227,"neow_bonus":"TRANSFORM_CARD","is_daily":false,"chose_seed":false,"campfire_upgraded":6,"win_rate":0.0,"timestamp":1607896244,"path_taken":["M","?","$","M","M","R","E","?","T","E","?","?","?","E","R","BOSS","M","?","M","?","M","E","M","E","T","?","R","M","R","E","R","BOSS","BOSS","M","?","$","?","M","E","M","M","T","E","M","M","M","E","R","BOSS","BOSS","R","$","E","BOSS"],"items_purchased_type":["Card","Card","Card","Card","Relic","Relic"],"build_version":"2020-11-30","purchased_purges":4,"victory":true,"max_hp_per_floor":[75,75,75,75,75,75,75,75,75,75,75,80,80,80,80,80,80,80,80,80,80,80,80,80,80,80,80,80,80,80,84,84,84,84,84,84,84,84,88,92,92,96,96,100,104,112,116,120,120,128,132,132,132,139,139,139],"relic_stats":{"Lee\u0027s Waffle":7,"Happy Flower":[36],"counters":[33,137],"Self Forming Clay":[24],"Dead Branch":[527],"CeramicFish":18,"Blue Candle":[2],"Pen Nib":[29],"Bag of Preparation":[58],"War Paint":["Armaments","Flame Barrier"],"Cursed Key":2,"Smiling Mask":175,"Burning Blood":192,"Shuriken":[25],"obtain_stats":[{"Lee\u0027s Waffle":54,"Happy Flower":10,"Self Forming Clay":43,"Dead Branch":14,"CeramicFish":48,"Blue Candle":54,"Pen Nib":7,"Bag of Preparation":9,"Frozen Egg 2":23,"War Paint":55,"Cursed Key":17,"Smiling Mask":31,"Burning Blood":0,"Old Coin":38,"Shuriken":44,"Molten Egg 2":25,"Coffee Dripper":34,"Toxic Egg 2":40,"StrikeDummy":2,"InkBottle":21},{"Lee\u0027s Waffle":31,"Happy Flower":5,"Self Forming Clay":24,"Dead Branch":6,"CeramicFish":29,"Blue Candle":31,"Pen Nib":4,"Bag of Preparation":4,"Frozen Egg 2":12,"War Paint":32,"Cursed Key":7,"Smiling Mask":17,"Burning Blood":0,"Old Coin":20,"Shuriken":25,"Molten Egg 2":14,"Coffee Dripper":18,"Toxic Egg 2":22,"StrikeDummy":1,"InkBottle":10},{"Lee\u0027s Waffle":129,"Happy Flower":27,"Self Forming Clay":97,"Dead Branch":34,"CeramicFish":115,"Blue Candle":129,"Pen Nib":22,"Bag of Preparation":22,"Frozen Egg 2":58,"War Paint":131,"Cursed Key":41,"Smiling Mask":73,"Burning Blood":0,"Old Coin":85,"Shuriken":100,"Molten Egg 2":65,"Coffee Dripper":79,"Toxic Egg 2":90,"StrikeDummy":5,"InkBottle":51}],"InkBottle":[52]},"card_choices":[{"not_picked":["Bloodletting","Dual Wield","Blood for Blood"],"picked":"SKIP","floor":1.0},{"not_picked":["Flex","Anger"],"picked":"Pommel Strike","floor":4.0},{"not_picked":["Body Slam","Rampage","Perfected Strike"],"picked":"SKIP","floor":5.0},{"not_picked":["Uppercut","Heavy Blade"],"picked":"Offering","floor":7.0},{"not_picked":["Inflame","Clash","Perfected Strike"],"picked":"SKIP","floor":10.0},{"not_picked":["Cleave","Carnage"],"picked":"Metallicize","floor":14.0},{"not_picked":["Barricade","Limit Break"],"picked":"Corruption","floor":16.0},{"not_picked":["Dual Wield","Wild Strike","Headbutt"],"picked":"SKIP","floor":18.0},{"not_picked":["Havoc+1","Clash","Anger"],"picked":"SKIP","floor":19.0},{"not_picked":["Body Slam","Bloodletting","Clothesline"],"picked":"SKIP","floor":20.0},{"not_picked":["Clothesline","Anger","Cleave"],"picked":"SKIP","floor":22.0},{"not_picked":["Ghostly Armor","Bloodletting"],"picked":"True Grit","floor":23.0},{"not_picked":["Pommel Strike+1","Twin Strike","Sword Boomerang"],"picked":"SKIP","floor":24.0},{"not_picked":["Flex","Anger+1"],"picked":"Carnage+1","floor":25.0},{"not_picked":["Iron Wave+1","Armaments"],"picked":"Battle Trance","floor":27.0},{"not_picked":["Armaments","Anger+1"],"picked":"Feed+1","floor":29.0},{"not_picked":["Thunderclap+1","Havoc"],"picked":"Flame Barrier","floor":31.0},{"not_picked":["Hemokinesis+1","Heavy Blade+1"],"picked":"Burning Pact","floor":35},{"not_picked":["Twin Strike+1","True Grit"],"picked":"Armaments","floor":38},{"not_picked":["Headbutt+1","Rage","Sever Soul+1"],"picked":"SKIP","floor":39},{"not_picked":["Clash+1","Cleave+1"],"picked":"Evolve+1","floor":40},{"not_picked":["Havoc+1","Heavy Blade+1","Thunderclap+1"],"picked":"SKIP","floor":41},{"not_picked":["Havoc+1","Heavy Blade+1","Thunderclap+1"],"picked":"SKIP","floor":41},{"not_picked":["Spot Weakness+1","Sword Boomerang+1","Flame Barrier+1"],"picked":"SKIP","floor":42},{"not_picked":["Double Tap+1","Iron Wave+1","Thunderclap+1"],"picked":"SKIP","floor":44},{"not_picked":["Double Tap+1","Iron Wave+1","Thunderclap+1"],"picked":"SKIP","floor":44},{"not_picked":["Clothesline+1","Pommel Strike+1","Metallicize+1"],"picked":"SKIP","floor":45},{"not_picked":["Clothesline+1","Pommel Strike+1","Metallicize+1"],"picked":"SKIP","floor":45},{"not_picked":["Havoc+1","Pommel Strike+1","Flex+1"],"picked":"SKIP","floor":46},{"not_picked":["Heavy Blade+1","Inflame+1"],"picked":"Shrug It Off+1","floor":47},{"not_picked":["Twin Strike+1","Combust+1","Armaments+1"],"picked":"SKIP","floor":48},{"not_picked":["Intimidate+1","Warcry+1"],"picked":"Fiend Fire+1","floor":55}],"player_experience":3153742,"relics_obtained":[{"floor":7.0,"key":"Pen Nib"},{"floor":9.0,"key":"Bag of Preparation"},{"floor":10.0,"key":"Happy Flower"},{"floor":14.0,"key":"Dead Branch"},{"floor":23.0,"key":"Frozen Egg 2"},{"floor":25.0,"key":"Molten Egg 2"},{"floor":31.0,"key":"Smiling Mask"},{"floor":38,"key":"Old Coin"},{"floor":40,"key":"Toxic Egg 2"},{"floor":43,"key":"Self Forming Clay"},{"floor":44,"key":"Shuriken"},{"floor":48,"key":"CeramicFish"},{"floor":55,"key":"War Paint"}],"event_choices":[{"damage_healed":0.0,"max_hp_gain":0.0,"max_hp_loss":0.0,"gold_gain":0.0,"event_name":"Scrap Ooze","player_choice":"Success","floor":2.0,"gold_loss":0.0,"damage_taken":5.0,"relics_obtained":["StrikeDummy"]},{"damage_healed":0.0,"max_hp_gain":0.0,"max_hp_loss":0.0,"gold_gain":0.0,"event_name":"Living Wall","player_choice":"Grow","floor":8.0,"gold_loss":0.0,"damage_taken":0.0,"cards_upgraded":["Pommel Strike"]},{"damage_healed":0.0,"max_hp_gain":5.0,"max_hp_loss":0.0,"gold_gain":0.0,"event_name":"Big Fish","player_choice":"Donut","floor":12.0,"gold_loss":0.0,"damage_taken":0.0},{"damage_healed":0.0,"max_hp_gain":0.0,"max_hp_loss":0.0,"gold_gain":50.0,"event_name":"Golden Shrine","player_choice":"Pray","floor":13.0,"gold_loss":0.0,"damage_taken":0.0},{"damage_healed":0.0,"max_hp_gain":0.0,"max_hp_loss":0.0,"gold_gain":0.0,"event_name":"WeMeetAgain","player_choice":"Gave Potion","floor":21.0,"gold_loss":0.0,"damage_taken":0.0,"relics_obtained":["InkBottle"]},{"cards_removed":["Metallicize"],"damage_healed":0,"gold_gain":0,"player_choice":"Removed Power","damage_taken":0,"max_hp_gain":0,"max_hp_loss":0,"event_name":"Falling","floor":36,"gold_loss":0},{"damage_healed":0,"gold_gain":0,"player_choice":"Fight","damage_taken":0,"max_hp_gain":0,"max_hp_loss":0,"event_name":"Mysterious Sphere","floor":38,"gold_loss":0}],"is_beta":false,"boss_relics":[{"not_picked":["Black Star","Busted Crown"],"picked":"Cursed Key"},{"not_picked":["Snecko Eye","Mark of Pain"],"picked":"Coffee Dripper"}],"items_purged_floors":[3,11,37,54],"is_endless":false,"potions_floor_spawned":[1,7,14,16,18,23,27,33,35,38,40,42,46],"ascension_level":20}}