{"host":"i0nzj1s6ag4x3c6t","time":1607871434,"event":{"mods":["BaseMod","Colored Powertips","Downfall","Marisa£®ÏF”Í°°ƒß¿Ì…≥£©","Minty Spire (QoL Compilation)","Quick Restart","Replay The Spire","StSLib","The Servant 0.9.4","Yuri Mod"],"gold_per_floor":[119,119,178,353,412,412,412,412,412,467,164,180,287,302,302,407,407,426,81,98,114,125,157,168,185,209,84,99,114,114],"floor_reached":29,"playtime":1252,"items_purged":["Doubt","Strike_MRS","DoubleSpark"],"score":241,"play_id":"a196b1cb-7ba8-4602-84a2-dd4596d3b3d0","local_time":"20201213225714","is_ascension_mode":false,"campfire_choices":[{"data":"JA","floor":6.0,"key":"SMITH"},{"data":"MilkyWay","floor":8.0,"key":"SMITH"},{"floor":15.0,"key":"REST"}],"circlet_count":0,"master_deck":["Strike_MRS","Strike_MRS","Strike_MRS","Defend_MRS","Defend_MRS","Defend_MRS","Defend_MRS","MasterSpark","UpSweep","MilkyWay+1","CommonCold","JA+1","ShootingEcho+1","Acceleration+1","EnergyFlow","ManaConvection","PowerUp","OneTimeOff"],"relics":["MiniHakkero","NeowsBlessing","Ring of Fury","ReplayTheSpireMod:Ring of Challenge","Regal Pillow","ReplayTheSpireMod:TigerMarble","Guide Book","Ancient Tea Set","Busted Crown","HornCleat","Quantum Egg"],"acts_visited":["Exordium","TheCity"],"potions_floor_usage":[23,29],"damage_taken":[{"damage":0.0,"enemies":"Small Slimes","floor":1.0,"turns":1.0},{"damage":0.0,"enemies":"Jaw Worm","floor":3.0,"turns":1.0},{"damage":1.0,"enemies":"2 Louse","floor":5.0,"turns":1.0},{"damage":10.0,"enemies":"Gremlin Gang","floor":10.0,"turns":2.0},{"damage":7.0,"enemies":"Exordium Wildlife","floor":12.0,"turns":3.0},{"damage":6.0,"enemies":"Blue Slaver","floor":14.0,"turns":2.0},{"damage":30.0,"enemies":"Hexaghost","floor":16.0,"turns":4.0},{"damage":6.0,"enemies":"Chosen","floor":18.0,"turns":3.0},{"damage":12.0,"enemies":"Shell Parasite","floor":20.0,"turns":3.0},{"damage":4.0,"enemies":"Centurion and Healer","floor":21.0,"turns":4.0},{"damage":17.0,"enemies":"Snake Plant","floor":22.0,"turns":3.0},{"damage":5,"enemies":"Gremlin Leader","floor":23,"turns":3},{"damage":13,"enemies":"Shelled Parasite and Fungi","floor":24,"turns":4},{"damage":0,"enemies":"Centurion and Healer","floor":25,"turns":4},{"damage":0,"enemies":"Sentry and Sphere","floor":28,"turns":3},{"damage":21,"enemies":"Book of Stabbing","floor":29,"turns":3}],"seed_played":"-849134167825821473","potions_obtained":[{"floor":3.0,"key":"Block Potion"},{"floor":5.0,"key":"LiquidMemories"},{"floor":14.0,"key":"FearPotion"},{"floor":18.0,"key":"ColorlessPotion"},{"floor":20.0,"key":"Adrenaline Potion"},{"floor":25,"key":"SteroidPotion"}],"is_trial":false,"path_per_floor":["M","?","M","?","M","R","T","R","T","M","$","M","?","M","R","B",null,"M","$","M","M","M","E","M","M","T","$","M","E"],"character_chosen":"MARISA","items_purchased":["Guide Book","EnergyFlow","HornCleat"],"campfire_rested":1,"item_purchase_floors":[11,11,19],"current_hp_per_floor":[75,75,75,75,74,74,74,74,74,64,64,57,39,33,70,40,75,69,69,57,53,36,31,18,18,18,18,18,0,0],"gold":114,"neow_bonus":"THREE_ENEMY_KILL","is_daily":false,"chose_seed":false,"campfire_upgraded":2,"win_rate":0.0,"timestamp":1607871434,"path_taken":["M","?","M","?","M","R","?","R","T","M","$","M","?","M","R","BOSS","M","$","M","M","M","E","M","?","T","$","M","E"],"items_purchased_type":["Relic","Card","Relic"],"build_version":"2020-11-30","purchased_purges":3,"victory":false,"max_hp_per_floor":[75,75,75,75,75,75,75,75,75,75,75,75,75,75,75,75,75,75,75,75,75,75,75,75,75,75,75,75,75,75],"card_choices":[{"not_picked":["DragonMeteor","Acceleration"],"picked":"MilkyWay","floor":1.0},{"not_picked":["EarthLightRay","WitchOfGreed"],"picked":"JA","floor":3.0},{"not_picked":["StarBarrage","WitchLeyline"],"picked":"ShootingEcho","floor":5.0},{"not_picked":["NonDirectionalLaser","ChargeUpSpray"],"picked":"Acceleration","floor":10.0},{"not_picked":["GrandCross","ChargeUpSpray","SporeBomb"],"picked":"SKIP","floor":12.0},{"not_picked":["GrandCross","UnstableBomb"],"picked":"ManaConvection","floor":13.0},{"not_picked":["SporeBomb","DC"],"picked":"DoubleSpark","floor":13.0},{"not_picked":["Singularity","StarDustReverie","DragonMeteor"],"picked":"SKIP","floor":14.0},{"not_picked":["SporeBomb+1"],"picked":"SKIP","floor":18.0},{"not_picked":[],"picked":"PowerUp","floor":20.0},{"not_picked":["Acceleration"],"picked":"SKIP","floor":21.0},{"not_picked":["GalacticHalo+1"],"picked":"SKIP","floor":22.0},{"not_picked":[],"picked":"OneTimeOff","floor":23},{"not_picked":["DC"],"picked":"SKIP","floor":24},{"not_picked":["GravityBeat+1"],"picked":"SKIP","floor":25},{"not_picked":["UnstableBomb"],"picked":"SKIP","floor":28}],"player_experience":83719,"relics_obtained":[{"floor":2.0,"key":"Ring of Fury"},{"floor":2.0,"key":"ReplayTheSpireMod:Ring of Challenge"},{"floor":7.0,"key":"Regal Pillow"},{"floor":9.0,"key":"ReplayTheSpireMod:TigerMarble"},{"floor":13.0,"key":"Ancient Tea Set"},{"floor":23,"key":"Quantum Egg"}],"event_choices":[{"damage_healed":0.0,"max_hp_gain":0.0,"max_hp_loss":0.0,"gold_gain":175.0,"event_name":"Liars Game","player_choice":"AGREE","floor":4.0,"gold_loss":0.0,"damage_taken":0.0,"cards_obtained":["Doubt"]}],"is_beta":false,"boss_relics":[{"not_picked":["ChewingGum","ReplayTheSpireMod:DimensionalGlitch"],"picked":"Busted Crown"}],"items_purged_floors":[11,19,27],"is_endless":false,"potions_floor_spawned":[3,5,14,18,20,25],"killed_by":"Book of Stabbing","ascension_level":0}}