{"host":"j06fkfseroga8i8e","time":1607827415,"event":{"mods":["BaseMod","Bestiary","Colored Map","Colored Powertips","Minty Spire (QoL Compilation)","Relic Stats","StSLib"],"gold_per_floor":[112,112,130,140,156,185,27,54,54,54,84,84,118,135,135,232,232,251,251,251,270,282,311,311,340,363,363,363],"floor_reached":27,"playtime":624,"items_purged":[],"score":407,"play_id":"c0ae1079-ed6d-4c81-b0f6-530aed87fafd","local_time":"20201212214335","is_ascension_mode":true,"campfire_choices":[{"floor":12,"key":"REST"},{"floor":15,"key":"REST"},{"data":"1","floor":24,"key":"LIFT"}],"circlet_count":0,"master_deck":["AscendersBane","Strike_R","Strike_R","Strike_R","Strike_R","Strike_R","Defend_R","Defend_R+1","Defend_R+1","Defend_R","Bash","Spot Weakness","Headbutt","Twin Strike","Cleave","Limit Break","Demon Form","Thunderclap","Berserk","Battle Trance+1","Seeing Red+1","Disarm","Iron Wave+1"],"relics":["Sozu","Meat on the Bone","Happy Flower","Letter Opener","Question Card","War Paint","Girya","Velvet Choker","Nilry\u0027s Codex","Smiling Mask","Akabeko","Bag of Preparation"],"acts_visited":["Exordium","TheCity"],"potions_floor_usage":[],"damage_taken":[{"damage":7,"enemies":"2 Louse","floor":1,"turns":3},{"damage":0,"enemies":"Cultist","floor":3,"turns":2},{"damage":0,"enemies":"Small Slimes","floor":4,"turns":3},{"damage":6,"enemies":"Looter","floor":5,"turns":2},{"damage":16,"enemies":"Gremlin Nob","floor":6,"turns":3},{"damage":35,"enemies":"Lagavulin","floor":8,"turns":4},{"damage":24,"enemies":"3 Sentries","floor":13,"turns":6},{"damage":18,"enemies":"Large Slime","floor":14,"turns":2},{"damage":37,"enemies":"Hexaghost","floor":16,"turns":7},{"damage":24,"enemies":"Chosen","floor":18,"turns":5},{"damage":34,"enemies":"2 Thieves","floor":21,"turns":4},{"damage":16,"enemies":"Snake Plant","floor":22,"turns":3},{"damage":16,"enemies":"Gremlin Leader","floor":23,"turns":4},{"damage":25,"enemies":"Book of Stabbing","floor":25,"turns":4},{"damage":31,"enemies":"Slavers","floor":27,"turns":2}],"seed_played":"-774199450904017483","potions_obtained":[],"is_trial":false,"path_per_floor":["M","?","M","M","M","E","$","E","T","$","?","R","E","M","R","B",null,"M","?","?","M","M","E","R","E","T","E"],"character_chosen":"IRONCLAD","items_purchased":["Limit Break"],"campfire_rested":2,"item_purchase_floors":[7],"current_hp_per_floor":[65,65,65,65,59,43,43,20,20,20,20,44,32,26,50,25,66,42,26,80,46,42,38,38,25,25,0,0],"gold":363,"neow_bonus":"BOSS_RELIC","is_daily":false,"chose_seed":false,"campfire_upgraded":0,"win_rate":0.0,"timestamp":1607827415,"path_taken":["M","?","M","?","M","E","?","E","T","$","?","R","E","M","R","BOSS","M","?","?","M","M","E","R","E","T","E"],"items_purchased_type":["Card"],"build_version":"2020-11-30","purchased_purges":0,"victory":false,"max_hp_per_floor":[80,80,80,80,80,80,80,80,80,80,80,80,80,80,80,80,80,80,80,80,80,80,80,80,80,80,80,80],"relic_stats":{"Sozu":6,"Happy Flower":[13],"counters":[15,54],"Bag of Preparation":[2],"Letter Opener":[55],"War Paint":["Defend_R","Defend_R"],"Question Card":8,"Smiling Mask":0,"obtain_stats":[{"Girya":13,"Happy Flower":6,"Nilry\u0027s Codex":19,"Velvet Choker":17,"Bag of Preparation":26,"Letter Opener":8,"War Paint":11,"Question Card":9,"Smiling Mask":23,"Burning Blood":0,"Akabeko":25,"Sozu":0,"Meat on the Bone":2},{"Girya":7,"Happy Flower":5,"Nilry\u0027s Codex":10,"Velvet Choker":9,"Bag of Preparation":14,"Letter Opener":6,"War Paint":6,"Question Card":6,"Smiling Mask":13,"Burning Blood":0,"Akabeko":14,"Sozu":0,"Meat on the Bone":1},{"Girya":23,"Happy Flower":13,"Nilry\u0027s Codex":37,"Velvet Choker":32,"Bag of Preparation":52,"Letter Opener":17,"War Paint":17,"Question Card":17,"Smiling Mask":48,"Burning Blood":0,"Akabeko":52,"Sozu":0,"Meat on the Bone":3}],"Meat on the Bone":84},"card_choices":[{"not_picked":["Havoc","Sword Boomerang"],"picked":"Clothesline","floor":1},{"not_picked":["Clash","Dual Wield"],"picked":"Spot Weakness","floor":3},{"not_picked":["Sword Boomerang","Iron Wave"],"picked":"Headbutt","floor":4},{"not_picked":["Ghostly Armor","Pommel Strike"],"picked":"Twin Strike","floor":5},{"not_picked":["Anger","Havoc"],"picked":"Cleave","floor":6},{"not_picked":["Second Wind","Pommel Strike"],"picked":"Demon Form","floor":8},{"not_picked":["Armaments","Rage","Battle Trance"],"picked":"Thunderclap","floor":13},{"not_picked":["Cleave","Sentinel","True Grit"],"picked":"Burning Pact","floor":14},{"not_picked":["Brutality","Fiend Fire","Impervious"],"picked":"Berserk","floor":16},{"not_picked":["Rage","Burning Pact+1","Dual Wield+1"],"picked":"Battle Trance+1","floor":18},{"not_picked":["Body Slam","Rupture","Sword Boomerang"],"picked":"Seeing Red+1","floor":21},{"not_picked":["Evolve+1","True Grit","Thunderclap"],"picked":"Disarm","floor":22},{"not_picked":["Body Slam","Twin Strike","Juggernaut"],"picked":"Iron Wave+1","floor":23},{"not_picked":["Anger","Reckless Charge+1","Infernal Blade","Wild Strike"],"picked":"SKIP","floor":25}],"player_experience":499491,"relics_obtained":[{"floor":6,"key":"Happy Flower"},{"floor":8,"key":"Letter Opener"},{"floor":9,"key":"Question Card"},{"floor":13,"key":"Girya"},{"floor":19,"key":"Nilry\u0027s Codex"},{"floor":23,"key":"Smiling Mask"},{"floor":25,"key":"Akabeko"},{"floor":26,"key":"Bag of Preparation"}],"event_choices":[{"cards_removed":["Clothesline"],"damage_healed":0,"gold_gain":0,"player_choice":"Gave Card","damage_taken":0,"relics_obtained":["Meat on the Bone"],"max_hp_gain":0,"max_hp_loss":0,"event_name":"WeMeetAgain","floor":2,"gold_loss":0},{"damage_healed":0,"gold_gain":30,"player_choice":"Searched \u00272\u0027 times","damage_taken":0,"relics_obtained":["War Paint"],"max_hp_gain":0,"max_hp_loss":0,"event_name":"Dead Adventurer","floor":11,"gold_loss":0},{"damage_healed":0,"gold_gain":0,"player_choice":"Obtained Book","damage_taken":16,"max_hp_gain":0,"max_hp_loss":0,"event_name":"Cursed Tome","floor":19,"gold_loss":0},{"cards_removed":["Burning Pact"],"damage_healed":54,"gold_gain":0,"player_choice":"Offered Uncommon","damage_taken":0,"max_hp_gain":0,"max_hp_loss":0,"event_name":"Bonfire Elementals","floor":20,"gold_loss":0}],"is_beta":false,"boss_relics":[{"not_picked":["Empty Cage","Tiny House"],"picked":"Velvet Choker"}],"items_purged_floors":[],"is_endless":false,"potions_floor_spawned":[4,6,8,13,21,23],"killed_by":"Slavers","ascension_level":10}}