{"host":"vfg9szunmpjwj08o","time":1607879339,"event":{"mods":["Act Like it!","BaseMod","Challenge The Spire","Colored Map","Colored Powertips","Minty Spire (QoL Compilation)","StSLib","Waifu the Spire"],"gold_per_floor":[367,367,68,87,87,87,112,123,203,230,64,64,64,77,77,172,172,191,207,107,32,107,133,133,158,158,177,189,207,207,5,5,102,102,122,138,138,58,58,58,90,109,109,119,119,137,137,137,137,137,137,137,50,82,82],"floor_reached":56,"playtime":3409,"items_purged":["Strike_P","Strike_P","Defend_P"],"score":1730,"play_id":"eb00391f-007d-4753-a530-b960d33a5ad7","local_time":"20201213180859","is_ascension_mode":true,"campfire_choices":[{"data":"Eruption","floor":6.0,"key":"SMITH"},{"data":"Apotheosis","floor":12,"key":"SMITH"},{"data":"Discovery","floor":15,"key":"SMITH"},{"floor":24,"key":"RECALL"},{"data":"MasterReality","floor":30,"key":"SMITH"},{"data":"TalkToTheHand","floor":32,"key":"SMITH"},{"data":"Devotion","floor":40,"key":"SMITH"},{"data":"MentalFortress","floor":45,"key":"SMITH"},{"data":"Vault","floor":47,"key":"SMITH"},{"data":"PathToVictory","floor":49,"key":"SMITH"},{"data":"Pray","floor":52,"key":"SMITH"}],"circlet_count":0,"master_deck":["Defend_P","Defend_P","Eruption+1","Vigilance","Wallop","Discovery+1","FearNoEvil","Halt","FlurryOfBlows","CutThroughFate+1","EmptyBody","Apotheosis+1","Vault+1","Adaptation+1","Pray+1","PathToVictory+1","Meditate+1","Sanctity","MasterReality+1","TalkToTheHand+1","Devotion+1","MentalFortress+1","Prostrate+1","Evaluate+1","Impatience"],"relics":["PureWater","Art of War","Meat on the Bone","Coffee Dripper","CaptainsWheel","PreservedInsect","Thread and Needle","VioletLotus","Ice Cream","Pear","Oddly Smooth Stone"],"acts_visited":["Exordium","TheCity","TheBeyond","TheEnding"],"potions_floor_usage":[23,23,41,55,55],"damage_taken":[{"damage":0.0,"enemies":"2 Louse","floor":1.0,"turns":1.0},{"damage":0.0,"enemies":"Small Slimes","floor":4.0,"turns":2.0},{"damage":17.0,"enemies":"Lagavulin","floor":7.0,"turns":3.0},{"damage":0,"enemies":"Jaw Worm","floor":8,"turns":1},{"damage":1,"enemies":"3 Sentries","floor":10,"turns":4},{"damage":11,"enemies":"Lots of Slimes","floor":14,"turns":4},{"damage":16,"enemies":"Hexaghost","floor":16,"turns":10},{"damage":6,"enemies":"Chosen","floor":18,"turns":2},{"damage":8,"enemies":"2 Thieves","floor":19,"turns":4},{"damage":7,"enemies":"Gremlin Leader","floor":23,"turns":8},{"damage":19,"enemies":"Book of Stabbing","floor":25,"turns":5},{"damage":16,"enemies":"Snake Plant","floor":27,"turns":6},{"damage":7,"enemies":"Shelled Parasite and Fungi","floor":28,"turns":5},{"damage":0,"enemies":"Cultist and Chosen","floor":29,"turns":5},{"damage":0,"enemies":"Champ","floor":33,"turns":9},{"damage":7,"enemies":"3 Shapes","floor":35,"turns":5},{"damage":16,"enemies":"3 Darklings","floor":36,"turns":4},{"damage":23,"enemies":"Reptomancer","floor":41,"turns":5},{"damage":13,"enemies":"4 Shapes","floor":42,"turns":6},{"damage":12,"enemies":"Sphere and 2 Shapes","floor":44,"turns":6},{"damage":29,"enemies":"Jaw Worm Horde","floor":46,"turns":4},{"damage":0,"enemies":"Time Eater","floor":50,"turns":9},{"damage":1,"enemies":"Shield and Spear","floor":54,"turns":6},{"damage":45,"enemies":"The Heart","floor":55,"turns":8}],"seed_played":"-8049985333807059498","potions_obtained":[{"floor":4.0,"key":"AttackPotion"},{"floor":10,"key":"BlessingOfTheForge"},{"floor":18,"key":"SpeedPotion"},{"floor":19,"key":"DistilledChaos"},{"floor":27,"key":"Weak Potion"},{"floor":35,"key":"Explosive Potion"},{"floor":46,"key":"SteroidPotion"},{"floor":54,"key":"AttackPotion"}],"is_trial":false,"path_per_floor":["M","?","$","M","?","R","E","M","T","E","$","R","?","M","R","B",null,"M","M","$","?","?","E","R","E","T","M","M","M","R","$","R","B",null,"M","M","?","$","?","R","E","M","T","M","R","M","R","$","R","B",null,"R","$","E","B",null],"character_chosen":"WATCHER","items_purchased":["Discovery","FearNoEvil","Halt","Apotheosis","TalkToTheHand","MentalFortress","Impatience"],"campfire_rested":0,"item_purchase_floors":[3,3,3,11,31,38,53],"current_hp_per_floor":[65,70,70,70,63,63,46,46,46,45,45,45,31,32,32,28,60,54,46,46,46,39,44,44,37,37,33,38,38,38,38,38,38,62,55,39,39,39,39,39,28,27,37,37,37,20,20,20,20,32,68,68,68,67,34],"gold":82,"neow_bonus":"TWO_FIFTY_GOLD","is_daily":false,"chose_seed":false,"campfire_upgraded":10,"win_rate":0.0,"timestamp":1607879339,"path_taken":["M","?","$","M","?","R","E","M","T","E","$","R","?","?","R","BOSS","M","?","$","?","?","E","R","E","T","M","?","M","R","$","R","BOSS","M","M","?","$","?","R","E","M","T","M","R","?","R","$","R","BOSS","R","$","E","BOSS"],"items_purchased_type":["Card","Card","Card","Card","Card","Card","Card"],"build_version":"2020-11-30","purchased_purges":3,"victory":true,"max_hp_per_floor":[65,70,70,70,70,70,70,70,70,70,70,70,70,70,70,70,70,70,70,70,70,70,70,70,70,70,70,70,70,70,70,70,70,70,70,70,70,70,70,70,70,70,80,80,80,80,80,80,80,80,80,80,80,80,80],"card_choices":[{"not_picked":["Prostrate","FlurryOfBlows"],"picked":"Wallop","floor":1.0},{"not_picked":["ThirdEye","Halt"],"picked":"FlurryOfBlows","floor":4.0},{"not_picked":["SpiritShield","WreathOfFlame"],"picked":"CutThroughFate","floor":7},{"not_picked":["SashWhip","Halt","FearNoEvil"],"picked":"SKIP","floor":8},{"not_picked":["Consecrate","WheelKick"],"picked":"EmptyBody","floor":10},{"not_picked":["SashWhip","JustLucky","WreathOfFlame"],"picked":"SKIP","floor":14},{"not_picked":["LessonLearned","SpiritShield"],"picked":"Vault","floor":16},{"not_picked":["EmptyFist","CutThroughFate"],"picked":"Adaptation+1","floor":18},{"not_picked":["FlyingSleeves+1","SashWhip"],"picked":"Evaluate","floor":19},{"not_picked":["SashWhip","JustLucky"],"picked":"Pray","floor":23},{"not_picked":["FlurryOfBlows","Protect"],"picked":"PathToVictory","floor":25},{"not_picked":["Halt","EmptyBody"],"picked":"Meditate+1","floor":27},{"not_picked":["WreathOfFlame","InnerPeace+1"],"picked":"Sanctity","floor":28},{"not_picked":["Crescendo","JustLucky"],"picked":"MasterReality","floor":29},{"not_picked":["Omniscience","Judgement"],"picked":"Devotion","floor":33},{"not_picked":["ClearTheMind","CrushJoints+1","Prostrate"],"picked":"SKIP","floor":35},{"not_picked":["Evaluate+1","Prostrate","Consecrate+1"],"picked":"SKIP","floor":36},{"not_picked":["MasterReality","FlyingSleeves","Fasting2"],"picked":"SKIP","floor":41},{"not_picked":["CrushJoints","EmptyBody","Weave"],"picked":"SKIP","floor":42},{"not_picked":["SashWhip","BowlingBash+1"],"picked":"Prostrate+1","floor":44},{"not_picked":["Indignation","FollowUp"],"picked":"Evaluate+1","floor":46},{"not_picked":["Weave","EmptyBody","JustLucky+1"],"picked":"SKIP","floor":54}],"player_experience":980219,"relics_obtained":[{"floor":7,"key":"Art of War"},{"floor":10,"key":"Meat on the Bone"},{"floor":23,"key":"CaptainsWheel"},{"floor":25,"key":"PreservedInsect"},{"floor":26,"key":"Thread and Needle"},{"floor":41,"key":"Ice Cream"},{"floor":43,"key":"Pear"},{"floor":54,"key":"Oddly Smooth Stone"}],"event_choices":[{"damage_healed":0.0,"max_hp_gain":5.0,"max_hp_loss":0.0,"gold_gain":0.0,"event_name":"Big Fish","player_choice":"Donut","floor":2.0,"gold_loss":0.0,"damage_taken":0.0},{"cards_removed":["Strike_P"],"damage_healed":0.0,"max_hp_gain":0.0,"max_hp_loss":0.0,"gold_gain":0.0,"event_name":"Golden Wing","player_choice":"Card Removal","floor":5.0,"gold_loss":0.0,"damage_taken":7.0},{"damage_healed":0,"gold_gain":0,"player_choice":"Entered Light","damage_taken":14,"max_hp_gain":0,"max_hp_loss":0,"event_name":"Shining Light","floor":13,"gold_loss":0,"cards_upgraded":["CutThroughFate","Strike_P"]},{"cards_removed":["Defend_P"],"damage_healed":0,"gold_gain":0,"player_choice":"Gave Gold","damage_taken":0,"max_hp_gain":0,"max_hp_loss":0,"event_name":"Beggar","floor":21,"gold_loss":75},{"damage_healed":0,"gold_gain":75,"player_choice":"Touch","damage_taken":7,"max_hp_gain":0,"max_hp_loss":0,"event_name":"FaceTrader","floor":22,"gold_loss":0},{"cards_removed":["Evaluate"],"damage_healed":0,"gold_gain":0,"player_choice":"Removed Skill","damage_taken":0,"max_hp_gain":0,"max_hp_loss":0,"event_name":"Falling","floor":37,"gold_loss":0},{"cards_removed":["Strike_P"],"damage_healed":0,"gold_gain":0,"player_choice":"Offered Basic","damage_taken":0,"max_hp_gain":0,"max_hp_loss":0,"event_name":"Bonfire Elementals","floor":39,"gold_loss":0}],"is_beta":false,"boss_relics":[{"not_picked":["Runic Dome","Pandora\u0027s Box"],"picked":"Coffee Dripper"},{"not_picked":["SacredBark","Philosopher\u0027s Stone"],"picked":"VioletLotus"}],"items_purged_floors":[3,20,31],"is_endless":false,"potions_floor_spawned":[4,10,18,19,27,35,46,54],"ascension_level":6}}