{"host":"ilxricga2547gmyy","time":1607880667,"event":{"mods":["AchievementEnabler","BaseMod","Minty Spire (QoL Compilation)","Quick Restart","StSLib"],"gold_per_floor":[113,113,63,74,151,183,183,109,109,141,141,141,157,186,186,291,291,304,219,219,80,96,130,4,38,92,103,137,148,179,197,197,197,197],"floor_reached":33,"playtime":1157,"items_purged":["Uppercut"],"score":519,"play_id":"ddb97ec4-6f8d-4078-ad0b-04577dfe902a","local_time":"20201213183107","is_ascension_mode":true,"campfire_choices":[{"data":"Uppercut","floor":7,"key":"SMITH"},{"data":"Flame Barrier","floor":11,"key":"SMITH"},{"floor":15,"key":"REST"},{"data":"Reaper","floor":32,"key":"SMITH"}],"circlet_count":0,"master_deck":["Strike_R","Strike_R","Strike_R","Strike_R","Strike_R","Defend_R+1","Defend_R","Defend_R","Defend_R+1","Bash","Clash","Clash","Uppercut+1","Flame Barrier+1","Headbutt","Double Tap+1","Bloodletting+1","J.A.X.+1","Reaper+1","Headbutt+1","Intimidate+1","Armaments+1","Cleave+1","Ghostly Armor+1","Shrug It Off+1","Offering+1"],"relics":["Black Blood","NeowsBlessing","Art of War","Peace Pipe","InkBottle","Bronze Scales","Toxic Egg 2","Bag of Preparation","Vajra","Red Mask","Boot","Eternal Feather","Dream Catcher"],"acts_visited":["Exordium","TheCity"],"potions_floor_usage":[16,28,28,28,28,33,33,33],"damage_taken":[{"damage":0,"enemies":"Small Slimes","floor":1,"turns":1},{"damage":0,"enemies":"2 Louse","floor":4,"turns":1},{"damage":0,"enemies":"Gremlin Nob","floor":6,"turns":1},{"damage":40,"enemies":"3 Sentries","floor":10,"turns":10},{"damage":1,"enemies":"Jaw Worm","floor":13,"turns":3},{"damage":14,"enemies":"Gremlin Nob","floor":14,"turns":4},{"damage":49,"enemies":"The Guardian","floor":16,"turns":10},{"damage":19,"enemies":"2 Thieves","floor":18,"turns":4},{"damage":10,"enemies":"3 Byrds","floor":22,"turns":3},{"damage":66,"enemies":"Book of Stabbing","floor":23,"turns":5},{"damage":44,"enemies":"Masked Bandits","floor":25,"turns":4},{"damage":11,"enemies":"Centurion and Healer","floor":27,"turns":5},{"damage":23,"enemies":"Slavers","floor":28,"turns":5},{"damage":15,"enemies":"Snake Plant","floor":29,"turns":3},{"damage":12,"enemies":"Gremlin Leader","floor":30,"turns":4},{"damage":18,"enemies":"Cultist and Chosen","floor":31,"turns":5},{"damage":92,"enemies":"Automaton","floor":33,"turns":8}],"seed_played":"5403337689701272823","potions_obtained":[{"floor":4,"key":"Swift Potion"},{"floor":13,"key":"FairyPotion"},{"floor":16,"key":"EssenceOfSteel"},{"floor":22,"key":"Ancient Potion"},{"floor":27,"key":"EntropicBrew"},{"floor":29,"key":"Dexterity Potion"}],"is_trial":false,"path_per_floor":["M","?","?","M","?","E","R","$","T","E","R","?","M","E","R","B",null,"M","?","?","$","M","E","$","?","T","M","E","M","E","M","R","B"],"character_chosen":"IRONCLAD","items_purchased":["Flame Barrier","Reaper","Armaments+1"],"campfire_rested":1,"item_purchase_floors":[8,21,24],"current_hp_per_floor":[78,78,78,80,80,80,80,80,80,46,46,30,35,27,51,8,62,55,55,55,55,63,19,19,36,36,49,46,43,80,80,80,0,0],"gold":197,"neow_bonus":"THREE_ENEMY_KILL","is_daily":false,"chose_seed":false,"campfire_upgraded":3,"win_rate":0.0,"timestamp":1607880667,"path_taken":["M","?","?","M","?","E","R","?","T","E","R","?","M","E","R","BOSS","M","?","?","$","M","E","$","?","T","M","E","M","E","M","R","BOSS"],"items_purchased_type":["Card","Card","Card"],"build_version":"2020-11-30","purchased_purges":1,"victory":false,"max_hp_per_floor":[80,80,80,80,80,80,80,80,80,80,80,80,80,80,80,80,80,80,80,80,80,80,80,80,80,80,80,80,80,80,80,80,80,80],"card_choices":[{"not_picked":["Clothesline","Sentinel"],"picked":"Clash","floor":1},{"not_picked":["Dark Embrace","Armaments"],"picked":"Clash","floor":4},{"not_picked":["Body Slam","Thunderclap"],"picked":"Uppercut","floor":6},{"not_picked":["Body Slam","Carnage"],"picked":"Headbutt","floor":10},{"not_picked":["Feel No Pain","Fire Breathing","Warcry"],"picked":"SKIP","floor":13},{"not_picked":["Infernal Blade+1","Blood for Blood"],"picked":"Uppercut","floor":14},{"not_picked":["Demon Form","Juggernaut"],"picked":"Double Tap+1","floor":16},{"not_picked":["Fire Breathing","Intimidate+1"],"picked":"Bloodletting+1","floor":18},{"not_picked":["Feel No Pain","Sword Boomerang+1"],"picked":"Headbutt+1","floor":22},{"not_picked":["Carnage","Twin Strike"],"picked":"Intimidate+1","floor":23},{"not_picked":["Twin Strike","Second Wind+1"],"picked":"Cleave+1","floor":25},{"not_picked":["Heavy Blade+1","Pummel+1"],"picked":"Ghostly Armor+1","floor":27},{"not_picked":["Berserk","Headbutt+1"],"picked":"Shrug It Off+1","floor":28},{"not_picked":["Heavy Blade","Entrench+1","Carnage+1"],"picked":"SKIP","floor":29},{"not_picked":["True Grit+1","Anger"],"picked":"Offering+1","floor":30},{"not_picked":["Iron Wave+1","Uppercut","Dark Embrace"],"picked":"SKIP","floor":31}],"player_experience":214351,"relics_obtained":[{"floor":6,"key":"Peace Pipe"},{"floor":9,"key":"InkBottle"},{"floor":10,"key":"Bronze Scales"},{"floor":14,"key":"Toxic Egg 2"},{"floor":23,"key":"Vajra"},{"floor":25,"key":"Red Mask"},{"floor":26,"key":"Boot"},{"floor":28,"key":"Eternal Feather"},{"floor":30,"key":"Dream Catcher"}],"event_choices":[{"damage_healed":0,"gold_gain":0,"player_choice":"Box","damage_taken":0,"relics_obtained":["Art of War"],"max_hp_gain":0,"max_hp_loss":0,"event_name":"Big Fish","floor":2,"gold_loss":0,"cards_obtained":["Regret"]},{"cards_removed":["Regret"],"damage_healed":0,"gold_gain":0,"player_choice":"Card Removal","damage_taken":0,"max_hp_gain":0,"max_hp_loss":0,"event_name":"The Cleric","floor":3,"gold_loss":50},{"damage_healed":0,"gold_gain":77,"player_choice":"Gained Gold","damage_taken":0,"max_hp_gain":0,"max_hp_loss":0,"event_name":"Golden Wing","floor":5,"gold_loss":0},{"damage_healed":0,"gold_gain":0,"player_choice":"Entered Light","damage_taken":16,"max_hp_gain":0,"max_hp_loss":0,"event_name":"Shining Light","floor":12,"gold_loss":0,"cards_upgraded":["Defend_R","Defend_R"]},{"damage_healed":0,"gold_gain":0,"player_choice":"Obtained Relic","damage_taken":0,"relics_obtained":["Bag of Preparation"],"max_hp_gain":0,"max_hp_loss":0,"event_name":"Addict","floor":19,"gold_loss":85},{"damage_healed":0,"gold_gain":0,"player_choice":"Obtain J.A.X.","damage_taken":0,"max_hp_gain":0,"max_hp_loss":0,"event_name":"Drug Dealer","floor":20,"gold_loss":0,"cards_obtained":["J.A.X."]},{"damage_healed":0,"gold_gain":0,"player_choice":"Fought Bandits","damage_taken":0,"max_hp_gain":0,"max_hp_loss":0,"event_name":"Masked Bandits","floor":25,"gold_loss":0}],"is_beta":false,"boss_relics":[{"not_picked":["Tiny House","Runic Cube"],"picked":"Black Blood"}],"items_purged_floors":[24],"is_endless":false,"potions_floor_spawned":[4,13,16,22,27,29,30],"killed_by":"Automaton","ascension_level":8}}