{"host":"g3js2eermvvpeiqn","time":1607853962,"event":{"mods":["BaseMod","DeckTracker","Downfall","Minty Spire (QoL Compilation)","Quick Restart","StSLib"],"gold_per_floor":[110,123,138,50,64,64,97,97,124,143,172,172,185,185,185,282,282,292,312,402,412,412,412,441,441,441,458,458,332,362,213,213,317,317,328,338,338,338,338,338],"floor_reached":39,"playtime":1389,"items_purged":["Loop","Stack"],"score":472,"play_id":"60b9c4f7-e5ec-41b2-a269-f09db41b2b30","local_time":"20201213040602","is_ascension_mode":true,"campfire_choices":[{"data":"Zap","floor":6.0,"key":"SMITH"},{"floor":12.0,"key":"REST"},{"data":"Sunder","floor":15.0,"key":"SMITH"},{"floor":23.0,"key":"REST"},{"floor":28.0,"key":"REST"},{"floor":32.0,"key":"REST"}],"circlet_count":0,"master_deck":["Zap+1","Dualcast","Streamline","Leap","Ball Lightning","Coolheaded","Skim","Barrage","Sunder+1","Cold Snap","Buffer+1","Double Energy","Electrodynamics","Stack","Thunder Strike","Defragment","Hello World","Redo+1","Electrodynamics"],"relics":["Cracked Core","NeowsBlessing","Regal Pillow","Strawberry","Centennial Puzzle","Pandora\u0027s Box","HornCleat","Matryoshka","Meat on the Bone"],"acts_visited":["Exordium","TheCity","TheBeyond"],"potions_floor_usage":[],"damage_taken":[{"damage":0.0,"enemies":"Cultist","floor":1.0,"turns":1.0},{"damage":0.0,"enemies":"Small Slimes","floor":2.0,"turns":1.0},{"damage":0.0,"enemies":"2 Louse","floor":3.0,"turns":1.0},{"damage":0.0,"enemies":"Red Slaver","floor":5.0,"turns":3.0},{"damage":21.0,"enemies":"3 Sentries","floor":7.0,"turns":8.0},{"damage":0.0,"enemies":"2 Fungi Beasts","floor":10.0,"turns":2.0},{"damage":30.0,"enemies":"Lagavulin","floor":11.0,"turns":6.0},{"damage":8.0,"enemies":"3 Louse","floor":13.0,"turns":2.0},{"damage":36.0,"enemies":"Slime Boss","floor":16.0,"turns":8.0},{"damage":22.0,"enemies":"Spheric Guardian","floor":18.0,"turns":4.0},{"damage":0.0,"enemies":"2 Thieves","floor":19.0,"turns":2.0},{"damage":14.0,"enemies":"Centurion and Healer","floor":21.0,"turns":5.0},{"damage":27.0,"enemies":"Book of Stabbing","floor":24.0,"turns":6.0},{"damage":4.0,"enemies":"3 Cultists","floor":27.0,"turns":3.0},{"damage":34.0,"enemies":"Gremlin Leader","floor":30.0,"turns":6.0},{"damage":19.0,"enemies":"Collector","floor":33.0,"turns":9.0},{"damage":24.0,"enemies":"3 Shapes","floor":35.0,"turns":2.0},{"damage":7.0,"enemies":"3 Darklings","floor":36.0,"turns":5.0},{"damage":78,"enemies":"Writhing Mass","floor":39,"turns":5}],"seed_played":"-4754290815799127005","potions_obtained":[{"floor":7.0,"key":"FearPotion"},{"floor":10.0,"key":"EntropicBrew"},{"floor":11.0,"key":"FocusPotion"},{"floor":19.0,"key":"Block Potion"},{"floor":21.0,"key":"PotionOfCapacity"},{"floor":36.0,"key":"Guardian:BlockOnCardUsePotion"}],"is_trial":false,"path_per_floor":["M","M","M","$","M","R","E","?","T","M","E","R","M","?","R","B",null,"M","M","?","M","?","R","E","?","T","M","R","$","E","$","R","B",null,"M","M","?","?","M"],"character_chosen":"DEFECT","items_purchased":["Coolheaded","Skim","Swift Potion","Explosive Potion"],"campfire_rested":4,"item_purchase_floors":[4,4,29,31],"current_hp_per_floor":[75,75,75,75,75,75,54,54,54,54,31,70,62,59,59,23,82,60,60,42,28,12,51,24,24,24,20,59,59,25,25,64,45,82,58,51,51,51,0,0],"gold":338,"neow_bonus":"THREE_ENEMY_KILL","is_daily":false,"chose_seed":false,"campfire_upgraded":2,"win_rate":0.0,"timestamp":1607853962,"path_taken":["M","M","?","$","?","R","E","?","T","?","E","R","M","?","R","BOSS","M","M","?","?","?","R","E","?","T","M","R","$","E","$","R","BOSS","M","?","?","?","M"],"items_purchased_type":["Card","Card","Potion","Potion"],"build_version":"2020-11-30","purchased_purges":2,"victory":false,"max_hp_per_floor":[75,75,75,75,75,75,75,75,75,75,82,82,82,82,82,82,82,82,82,82,82,82,82,82,82,82,82,82,82,82,82,82,82,82,82,82,82,82,82,82],"card_choices":[{"not_picked":["Gash","Reinforced Body"],"picked":"Streamline","floor":1.0},{"not_picked":["Force Field","Gash"],"picked":"Leap","floor":2.0},{"not_picked":["Barrage","Rebound"],"picked":"Ball Lightning","floor":3.0},{"not_picked":["Recycle","Sweeping Beam"],"picked":"Stack","floor":5.0},{"not_picked":["Gash","Scrape"],"picked":"Barrage","floor":7.0},{"not_picked":["Barrage","Sunder","Hologram"],"picked":"SKIP","floor":10.0},{"not_picked":["Compile Driver","Creative AI","Blizzard"],"picked":"SKIP","floor":11.0},{"not_picked":["Barrage","Stack"],"picked":"Cold Snap","floor":13.0},{"not_picked":["Creative AI","Meteor Strike"],"picked":"Buffer","floor":16.0},{"not_picked":["Capacitor","Coolheaded"],"picked":"Redo+1","floor":18.0},{"not_picked":["Lockon","Coolheaded","Rebound"],"picked":"SKIP","floor":19.0},{"not_picked":["Reprogram","Stack"],"picked":"Leap+1","floor":21.0},{"not_picked":["Gash","Ball Lightning","Hologram"],"picked":"SKIP","floor":24.0},{"not_picked":["Leap","FTL","Lockon"],"picked":"SKIP","floor":27.0},{"not_picked":["Hello World","Reprogram","Leap"],"picked":"SKIP","floor":30.0},{"not_picked":["Meteor Strike","Fission"],"picked":"Electrodynamics","floor":33.0},{"not_picked":["Ball Lightning","Hologram","Steam+1"],"picked":"SKIP","floor":35.0},{"not_picked":["Sweeping Beam","Gash","Compile Driver"],"picked":"SKIP","floor":36.0}],"player_experience":1442783,"relics_obtained":[{"floor":7.0,"key":"Regal Pillow"},{"floor":11.0,"key":"Strawberry"},{"floor":24.0,"key":"HornCleat"},{"floor":26.0,"key":"Matryoshka"},{"floor":30.0,"key":"Meat on the Bone"}],"event_choices":[{"damage_healed":0.0,"max_hp_gain":0.0,"max_hp_loss":0.0,"gold_gain":0.0,"cards_transformed":["Strike_B"],"event_name":"Transmorgrifier","player_choice":"Transformed","floor":8.0,"gold_loss":0.0,"damage_taken":0.0,"cards_obtained":["Sunder"]},{"damage_healed":0.0,"max_hp_gain":0.0,"max_hp_loss":0.0,"gold_gain":0.0,"event_name":"Scrap Ooze","player_choice":"Success","floor":14.0,"gold_loss":0.0,"damage_taken":3.0,"relics_obtained":["Centennial Puzzle"]},{"damage_healed":0.0,"max_hp_gain":0.0,"max_hp_loss":0.0,"gold_gain":90.0,"event_name":"Knowing Skull","player_choice":"POTION GOLD ","floor":20.0,"potions_obtained":["sneckomod:MuddlingPotion"],"gold_loss":0.0,"damage_taken":18.0,"cards_obtained":[]},{"damage_healed":0.0,"max_hp_gain":0.0,"max_hp_loss":0.0,"gold_gain":0.0,"event_name":"Cursed Tome","player_choice":"Obtained Book","floor":22.0,"gold_loss":0.0,"damage_taken":16.0},{"damage_healed":0.0,"max_hp_gain":0.0,"max_hp_loss":0.0,"gold_gain":0.0,"event_name":"Upgrade Shrine","player_choice":"Upgraded","floor":25.0,"gold_loss":0.0,"damage_taken":0.0,"cards_upgraded":["Buffer"]},{"cards_removed":["Leap"],"damage_healed":0.0,"max_hp_gain":0.0,"max_hp_loss":0.0,"gold_gain":0.0,"event_name":"Falling","player_choice":"Removed Skill","floor":37.0,"gold_loss":0.0,"damage_taken":0.0},{"damage_healed":0.0,"max_hp_gain":0.0,"max_hp_loss":0.0,"gold_gain":0.0,"event_name":"Mysterious Sphere","player_choice":"Ignored","floor":38.0,"gold_loss":0.0,"damage_taken":0.0}],"is_beta":false,"boss_relics":[{"not_picked":["Runic Pyramid","Inserter"],"picked":"Pandora\u0027s Box"},{"not_picked":["Calling Bell","FrozenCore","Runic Dome"]}],"items_purged_floors":[29,31],"is_endless":false,"potions_floor_spawned":[7,10,11,13,19,21,36],"killed_by":"Writhing Mass","ascension_level":2}}