{"host":"o3b7ow6d1xe49css","time":1607848560,"event":{"mods":["2.2 Compatiblity","Act Like it!","Aspiration","BaseMod","Bestiary","Better Altar","Better Match","Better Note","Better Sensory Stone","Better Skull","Better Third Choice","Colored Powertips","Conspire","Elementarium","Energized Spire","GifTheSpireLib","Halation","Hermit","Hubris","Infinite Spire","Minty Spire (QoL Compilation)","Quick Restart","Replay The Spire","Spicy Shops","Spikes Relics","StSLib","Stuff the Spire","The Blue Laboratory","The Jungle","Wandering Minibosses","vexMod"],"gold_per_floor":[113,126,145,145,220,246,272,272,298,329,357,383,38,67,67,163,163,182,288,57,57,57,87,87,137,137,137,177,206,206,233,233,362,362,388,415,39,39,39,73,73,106,106,154,154,182,225,238,238,294],"floor_reached":51,"playtime":1407,"items_purged":["Decay","Strike_R"],"score":1641,"play_id":"29be150c-65a0-4a5a-b9d2-e52ad96d3b87","local_time":"20201212233600","daily_mods":["Heirloom","Flight"],"is_ascension_mode":true,"campfire_choices":[{"data":"hubris:ReadiedAction","floor":8,"key":"SMITH"},{"data":"Flame Barrier","floor":15,"key":"SMITH"},{"data":"Demon Form","floor":24,"key":"SMITH"},{"floor":27,"key":"REST"},{"data":"Atom Bomb","floor":32,"key":"SMITH"},{"data":"hubris:DuctTapeCard","floor":45,"key":"SMITH"},{"data":"Madness","floor":49,"key":"SMITH"}],"circlet_count":0,"master_deck":["Defend_R","Defend_R","Bash","hubris:ReadiedAction+1","Armaments","Endless Agony","Atom Bomb+1","Die Die Die","Run Through","Thunderclap","Flame Barrier+1","Demon Form+1","Blood for Blood","Sword Boomerang","Atom Bomb+1","Double Tap","Madness","Madness+1","hubris:DuctTapeCard+2","Sword Boomerang+1"],"relics":["Burning Blood","Ring of Chaos","aspiration:AnachronicSnailShell","Snecko Eye","Replay:Wax Seal","vexMod:MemoryStick","halation:LettersToHer","ShockBauble","SpikesRelics:DaevaFist","Orichalcum","Sling","StuffTheSpire:Expresso","Calipers","aspiration:RitualDagger","Counterbalance","Bag of Marbles","ReplayFunnel","vexMod:ConsolationPrize","infinitespire:FocusingShard","Pet Ghost","Chameleon Ring","Art of War","Snecko Heart","Membership Card","Ice Cream","Lantern","Gremlin Horn","hubris:DuctTape","Letter Opener","Charon\u0027s Ashes","StuffTheSpire:Nightcore","hubris:TenFootPole"],"acts_visited":["Exordium","TheCity","TheBeyond"],"potions_floor_usage":[7,10,14,28,29,33,50],"damage_taken":[{"damage":8,"enemies":"conspire:RoseBush","floor":1,"turns":3},{"damage":0,"enemies":"Small Slimes","floor":2,"turns":3},{"damage":3,"enemies":"2 Louse","floor":3,"turns":2},{"damage":0,"enemies":"Lagavulin","floor":6,"turns":1},{"damage":9,"enemies":"3 Sentries","floor":7,"turns":3},{"damage":4,"enemies":"Gremlin Nob","floor":10,"turns":2},{"damage":7,"enemies":"3 Sentries","floor":11,"turns":3},{"damage":0,"enemies":"Gremlin Nob","floor":12,"turns":1},{"damage":0,"enemies":"Replay:BlueRogue","floor":14,"turns":1},{"damage":14,"enemies":"The Guardian","floor":16,"turns":8},{"damage":10,"enemies":"3 Byrds","floor":18,"turns":3},{"damage":17,"enemies":"Chosen","floor":19,"turns":3},{"damage":10,"enemies":"Book of Stabbing","floor":23,"turns":2},{"damage":24,"enemies":"Nightmare","floor":25,"turns":3},{"damage":12,"enemies":"Replay:Snechameleon","floor":28,"turns":2},{"damage":3,"enemies":"Gremlin Leader","floor":29,"turns":1},{"damage":10,"enemies":"Snecko","floor":31,"turns":2},{"damage":27,"enemies":"Automaton","floor":33,"turns":4},{"damage":6,"enemies":"Orb Walker","floor":35,"turns":2},{"damage":10,"enemies":"3 Shapes","floor":36,"turns":2},{"damage":6,"enemies":"Reptomancer","floor":40,"turns":2},{"damage":3,"enemies":"Giant Head","floor":42,"turns":1},{"damage":14,"enemies":"R_Hoarder","floor":44,"turns":2},{"damage":3,"enemies":"Reptomancer","floor":46,"turns":1},{"damage":11,"enemies":"Nightmare","floor":47,"turns":3},{"damage":10,"enemies":"Maw","floor":48,"turns":2},{"damage":56,"enemies":"Time Eater","floor":50,"turns":5}],"seed_played":"-799474244053176229","potions_obtained":[{"floor":1,"key":"Explosive Potion"},{"floor":2,"key":"Toxic Potion"},{"floor":7,"key":"Strength Potion"},{"floor":10,"key":"blueLaboratory:ExaltedPotion"},{"floor":19,"key":"Toxic Potion"},{"floor":25,"key":"Languid Potion"},{"floor":28,"key":"blueLaboratory:Moonshine"},{"floor":33,"key":"blueLaboratory:AbyssPotion"},{"floor":42,"key":"blueLaboratory:ConflagurationPotion"},{"floor":46,"key":"blueLaboratory:HorrorPotion"},{"floor":47,"key":"BloodPotion"},{"floor":48,"key":"Strength Potion"}],"is_trial":true,"path_per_floor":["M","M","M","?","?","E","E","R","T","E","E","E","$","E","R","B",null,"M","M","$","?","AVR","E","R","NM","T","R","E","E","?","M","R","B",null,"M","M","$","?","AVR","E","?","E","T","E","R","E","NM","M","R","B",null],"character_chosen":"IRONCLAD","items_purchased":["Sling","StuffTheSpire:Expresso","Counterbalance","Bag of Marbles","Membership Card","Ice Cream","Lantern"],"campfire_rested":1,"item_purchase_floors":[13,13,20,20,37,37,37],"current_hp_per_floor":[78,80,80,80,69,75,72,72,72,74,73,79,79,80,80,72,78,74,63,63,63,63,59,59,41,41,65,59,62,62,58,58,37,69,69,65,65,65,65,65,55,58,58,50,50,53,48,44,44,80],"gold":294,"neow_bonus":"","is_daily":false,"chose_seed":false,"campfire_upgraded":6,"win_rate":0.0,"timestamp":1607848560,"path_taken":["M","M","M","?","?","E","E","R","T","E","E","E","$","E","R","BOSS","M","M","$","?","AVR","E","R","NM","T","R","E","E","?","M","R","BOSS","M","M","$","?","AVR","E","?","E","T","E","R","E","NM","M","R","BOSS"],"items_purchased_type":["Relic","Relic","Relic","Relic","Relic","Relic","Relic"],"build_version":"2020-11-30","purchased_purges":2,"victory":true,"max_hp_per_floor":[80,80,80,80,80,80,80,80,80,80,80,80,80,80,80,80,80,80,80,80,80,80,80,80,80,80,80,80,80,80,80,80,80,80,80,80,80,80,80,80,80,80,80,80,80,80,80,80,80,80],"card_choices":[{"not_picked":["Clash","Run Through"],"picked":"hubris:ReadiedAction","floor":1},{"not_picked":["Replay:Undeath\u0027s Touch","Armaments","Clash"],"picked":"SKIP","floor":2},{"not_picked":["Ghostly Armor","Absolvement"],"picked":"Armaments","floor":3},{"not_picked":["Infernal Blade","Clothesline"],"picked":"Run Through","floor":6},{"not_picked":["StuffTheSpire:BloodClot","StuffTheSpire:Incineration"],"picked":"Thunderclap","floor":7},{"not_picked":["Combust","Replay:Many Hands","Infernal Blade"],"picked":"SKIP","floor":10},{"not_picked":["Shrug It Off","Clash","Intimidate"],"picked":"SKIP","floor":11},{"not_picked":["Sentinel","Replay:Undeath\u0027s Touch"],"picked":"Flame Barrier","floor":12},{"not_picked":["Combust","StuffTheSpire:Pyroclast","Run Through"],"picked":"SKIP","floor":14},{"not_picked":["Exhume","Feed"],"picked":"Demon Form","floor":16},{"not_picked":["Disarm","hubris:ReadiedAction+1"],"picked":"Blood for Blood","floor":18},{"not_picked":["Flex","Pommel Strike+1"],"picked":"Sword Boomerang","floor":19},{"not_picked":["Infernal Blade","StuffTheSpire:TitanForm","Seeing Red+1"],"picked":"SKIP","floor":23},{"not_picked":["StuffTheSpire:Resist","hubris:CleavingFinish","ReplayTheSpireMod:Muscle Training"],"picked":"SKIP","floor":25},{"not_picked":["hubris:SharpeningStone+1","Feel No Pain","Armaments"],"picked":"SKIP","floor":28},{"not_picked":["Dark Embrace","Thunderclap","Absolvement+1"],"picked":"SKIP","floor":29},{"not_picked":["Havoc","StuffTheSpire:Incineration","Perfected Strike"],"picked":"SKIP","floor":31},{"not_picked":["Barricade","Exhume"],"picked":"Double Tap","floor":33},{"not_picked":["Warcry+1","hubris:ReadiedAction+1","StuffTheSpire:Slingshot"],"picked":"SKIP","floor":35},{"not_picked":["Life Link","ReplayTheSpireMod:Strike From Hell","Burning Pact"],"picked":"SKIP","floor":36},{"not_picked":["BarbarianYell","Clash","Shrug It Off"],"picked":"SKIP","floor":40},{"not_picked":["Sword Boomerang","Seeing Red+1","Second Wind+1"],"picked":"SKIP","floor":42},{"not_picked":["Flex","Invigoration+1"],"picked":"Sword Boomerang+1","floor":44},{"not_picked":["Perfected Strike+1","Carnage+1","StuffTheSpire:Resist+1"],"picked":"SKIP","floor":46},{"not_picked":["Metallicize+1","Rampage+1","Reckless Charge"],"picked":"SKIP","floor":47},{"not_picked":["Iron Wave+1","Dropkick","Flex+1"],"picked":"SKIP","floor":48}],"player_experience":1695949,"relics_obtained":[{"floor":6,"key":"Replay:Wax Seal"},{"floor":7,"key":"vexMod:MemoryStick"},{"floor":9,"key":"halation:LettersToHer"},{"floor":10,"key":"ShockBauble"},{"floor":11,"key":"SpikesRelics:DaevaFist"},{"floor":12,"key":"Orichalcum"},{"floor":14,"key":"Calipers"},{"floor":23,"key":"vexMod:ConsolationPrize"},{"floor":25,"key":"infinitespire:FocusingShard"},{"floor":26,"key":"halation:LettersToHer"},{"floor":26,"key":"Pet Ghost"},{"floor":28,"key":"Chameleon Ring"},{"floor":29,"key":"Art of War"},{"floor":40,"key":"Gremlin Horn"},{"floor":42,"key":"hubris:DuctTape"},{"floor":43,"key":"halation:LettersToHer"},{"floor":43,"key":"Letter Opener"},{"floor":44,"key":"Charon\u0027s Ashes"},{"floor":46,"key":"StuffTheSpire:Nightcore"},{"floor":47,"key":"hubris:TenFootPole"}],"event_choices":[{"damage_healed":0,"gold_gain":75,"player_choice":"Gold","damage_taken":11,"max_hp_gain":0,"max_hp_loss":0,"event_name":"betterThird:BetterGoop","floor":5,"gold_loss":0},{"damage_healed":0,"gold_gain":0,"player_choice":"Copied","damage_taken":0,"max_hp_gain":0,"max_hp_loss":0,"event_name":"Duplicator","floor":21,"gold_loss":0,"cards_obtained":["Atom Bomb"]},{"cards_removed":["Strike_R"],"damage_healed":0,"gold_gain":0,"player_choice":"Give","damage_taken":0,"max_hp_gain":0,"max_hp_loss":0,"event_name":"betterNote:BetterNote","floor":30,"gold_loss":0,"cards_obtained":["Strike_G"]},{"damage_healed":0,"gold_gain":0,"player_choice":"Embrace Madness","damage_taken":10,"max_hp_gain":0,"max_hp_loss":0,"event_name":"Winding Halls","floor":41,"gold_loss":0,"cards_obtained":["Madness","Madness"]}],"is_beta":false,"boss_relics":[{"not_picked":["halation:HeavySnake","vexMod:CursedCompass"],"picked":"aspiration:RitualDagger"},{"not_picked":["Replay:Ancient Bell","Replay:Fungal Core"],"picked":"Snecko Heart"}],"items_purged_floors":[13,22],"is_endless":false,"potions_floor_spawned":[1,2,7,10,19,25,28,33,42,46,47,48],"ascension_level":5}}