{"host":"046f94hp0svsg0ce","time":1607899996,"event":{"mods":["Act Like it!","Astrologer","BaseMod","Beaked The Cultist","Better Third Choice","Colored Map","Colored Powertips","Hermit","Highlight Path","Mad Scientist","Marisa????????","Minty Spire (QoL Compilation)","Quick Restart","Rare Cards Sparkle","Relic Stats","Remilia??????","Somnambulant","StSLib","The Clintock","The Construct","The Disciple","The Exalted","The Forsaken","The Hierophant","The Necromancer","The Runesmith","The Servant 0.9.4","The Valiant"],"gold_per_floor":[116,191,13,25,39,39,39,39],"floor_reached":7,"playtime":465,"items_purged":["Strike_Br"],"score":41,"play_id":"7358a6ff-7c01-4090-bf68-fcd9360d1b6c","local_time":"20201213235316","is_ascension_mode":false,"campfire_choices":[{"data":"Engulf","floor":6.0,"key":"SMITH"}],"circlet_count":0,"master_deck":["Strike_Br","Strike_Br","Strike_Br","Defend_Br","Defend_Br","Defend_Br","Defend_Br","SecondHand","PatternShift","LockedOrichalcum","LockedUrn","HandsUpB","Engulf+1","LockedPlans"],"relics":["Chronometer","NeowsBlessing"],"acts_visited":["Exordium"],"potions_floor_usage":[],"damage_taken":[{"damage":0.0,"enemies":"Small Slimes","floor":1.0,"turns":1.0},{"damage":0.0,"enemies":"Cultist","floor":4.0,"turns":1.0},{"damage":0.0,"enemies":"Jaw Worm","floor":5.0,"turns":1.0},{"damage":0,"enemies":"Gremlin Nob","floor":7,"turns":1}],"seed_played":"3335217595502977456","potions_obtained":[{"floor":1.0,"key":"Fruit Juice"}],"is_trial":false,"path_per_floor":["M","?","$","M","M","R","E"],"character_chosen":"CHRONO_CLASS","items_purchased":["LockedUrn","HandsUpB"],"campfire_rested":0,"item_purchase_floors":[3,3],"current_hp_per_floor":[70,63,63,63,63,63,63,63],"gold":39,"neow_bonus":"THREE_ENEMY_KILL","is_daily":false,"chose_seed":false,"campfire_upgraded":1,"win_rate":0.0,"timestamp":1607899996,"path_taken":["M","?","$","?","M","R","E"],"items_purchased_type":["Card","Card"],"build_version":"2020-11-30","purchased_purges":1,"victory":false,"max_hp_per_floor":[70,70,70,70,70,70,70,70],"relic_stats":{"counters":[4,4],"obtain_stats":[{"NeowsBlessing":0,"Chronometer":0},{"NeowsBlessing":0,"Chronometer":0},{"NeowsBlessing":0,"Chronometer":0}]},"card_choices":[{"not_picked":["Accruing","BlueShift"],"picked":"LockedOrichalcum","floor":1.0},{"not_picked":["BlueShift","WindUp"],"picked":"Engulf","floor":4.0},{"not_picked":["HandsUpB","TickedOff"],"picked":"LockedPlans","floor":5.0}],"player_experience":1597664,"relics_obtained":[],"event_choices":[{"damage_healed":0.0,"max_hp_gain":0.0,"max_hp_loss":0.0,"gold_gain":75.0,"event_name":"FaceTrader","player_choice":"Touch","floor":2.0,"gold_loss":0.0,"damage_taken":7.0}],"is_beta":false,"boss_relics":[],"items_purged_floors":[3],"is_endless":false,"potions_floor_spawned":[1],"killed_by":"Gremlin Nob","ascension_level":0}}