{"host":"7yyoe0ei0fseceei","time":1607879997,"event":{"mods":["BaseMod","Colored Map","Highlight Path","Minty Spire (QoL Compilation)","Quick Restart"],"gold_per_floor":[118,118,132,148,161,187,187,206,206,206,42,72,83,103,103,103,103],"floor_reached":16,"playtime":354,"items_purged":[],"score":228,"play_id":"fa587b78-4bfc-4b87-89fb-355cec367e27","local_time":"20201213181957","is_ascension_mode":true,"campfire_choices":[{"data":"Wild Strike","floor":7,"key":"SMITH"},{"data":"Perfected Strike","floor":10,"key":"SMITH"},{"data":"Barricade","floor":15,"key":"SMITH"}],"circlet_count":0,"master_deck":["AscendersBane","Strike_R","Strike_R","Strike_R","Strike_R","Strike_R","Defend_R","Defend_R","Defend_R","Bash","Wild Strike+1","Perfected Strike+1","Flex","Anger","Inflame","Anger","Barricade+1","Bloodletting"],"relics":["Burning Blood","Omamori","PreservedInsect","Pantograph","Red Skull","Gremlin Horn"],"acts_visited":["Exordium"],"potions_floor_usage":[6,16],"damage_taken":[{"damage":5,"enemies":"Small Slimes","floor":1,"turns":3},{"damage":0,"enemies":"Cultist","floor":3,"turns":2},{"damage":0,"enemies":"2 Louse","floor":4,"turns":2},{"damage":19,"enemies":"2 Fungi Beasts","floor":5,"turns":3},{"damage":8,"enemies":"Gremlin Nob","floor":6,"turns":3},{"damage":9,"enemies":"Red Slaver","floor":8,"turns":2},{"damage":20,"enemies":"3 Sentries","floor":12,"turns":4},{"damage":16,"enemies":"Blue Slaver","floor":13,"turns":3},{"damage":0,"enemies":"3 Louse","floor":14,"turns":3},{"damage":66,"enemies":"The Guardian","floor":16,"turns":8}],"seed_played":"8799069204560121441","potions_obtained":[{"floor":4,"key":"Swift Potion"},{"floor":6,"key":"SneckoOil"},{"floor":14,"key":"SmokeBomb"}],"is_trial":false,"path_per_floor":["M","?","M","M","M","E","R","M","T","R","$","E","M","M","R","B"],"character_chosen":"IRONCLAD","items_purchased":["Red Skull"],"campfire_rested":0,"item_purchase_floors":[11],"current_hp_per_floor":[69,69,75,75,62,60,60,57,57,57,57,43,33,39,39,0,0],"gold":103,"neow_bonus":"RANDOM_COMMON_RELIC","is_daily":false,"chose_seed":false,"campfire_upgraded":3,"win_rate":0.0,"timestamp":1607879997,"path_taken":["M","?","?","M","M","E","R","M","T","R","?","E","?","?","R","BOSS"],"items_purchased_type":["Relic"],"build_version":"2020-11-30","purchased_purges":0,"victory":false,"max_hp_per_floor":[75,75,75,75,75,75,75,75,75,75,75,75,75,75,75,75,75],"card_choices":[{"not_picked":["True Grit","Dual Wield"],"picked":"Wild Strike","floor":1},{"not_picked":["Havoc","True Grit"],"picked":"Perfected Strike","floor":3},{"not_picked":["Rupture","Clothesline"],"picked":"Flex","floor":4},{"not_picked":["Heavy Blade","Body Slam"],"picked":"Anger","floor":5},{"not_picked":["Havoc","Armaments"],"picked":"Inflame","floor":6},{"not_picked":["Demon Form","Power Through"],"picked":"Anger","floor":8},{"not_picked":["Burning Pact","Flame Barrier"],"picked":"Barricade","floor":12},{"not_picked":["Sword Boomerang","Warcry","Body Slam"],"picked":"SKIP","floor":13},{"not_picked":["Uppercut","Thunderclap"],"picked":"Bloodletting","floor":14}],"player_experience":842075,"relics_obtained":[{"floor":6,"key":"PreservedInsect"},{"floor":9,"key":"Pantograph"},{"floor":12,"key":"Gremlin Horn"}],"event_choices":[{"cards_removed":["Defend_R"],"damage_healed":0,"gold_gain":0,"player_choice":"Purged","damage_taken":0,"max_hp_gain":0,"max_hp_loss":0,"event_name":"Purifier","floor":2,"gold_loss":0}],"is_beta":false,"boss_relics":[],"items_purged_floors":[],"is_endless":false,"potions_floor_spawned":[4,6,14],"killed_by":"The Guardian","ascension_level":20}}