{"host":"jwbw4f4imxd0v0b0","time":1607890102,"event":{"mods":["BaseMod","Colored Map","Highlight Path","Minty Spire (QoL Compilation)","Relic Stats","StSLib"],"gold_per_floor":[114,114,129,129,144,144,174,174,199,229,7,22,37,52,52,152,152,167,182,182,17,32,32,62,62,62],"floor_reached":25,"playtime":1712,"items_purged":["Pain"],"score":258,"play_id":"88c807e3-54e5-4e72-9d99-1c6f47611245","local_time":"20201213140822","daily_mods":["Specialized","Colorless Cards","Binary"],"is_ascension_mode":false,"campfire_choices":[{"data":"CrushJoints","floor":6.0,"key":"SMITH"},{"data":"Vigilance","floor":8.0,"key":"SMITH"},{"data":"EmptyFist","floor":15,"key":"SMITH"},{"data":"MentalFortress","floor":23,"key":"SMITH"}],"circlet_count":0,"master_deck":["Strike_P","Strike_P","Strike_P","Strike_P","Defend_P","Defend_P","Defend_P","Eruption","Vigilance+1","ThirdEye+1","ThirdEye","ThirdEye","ThirdEye","ThirdEye","Halt","CrushJoints+1","Nirvana","EmptyFist+1","Panache","Consecrate+1","MentalFortress+1","LessonLearned","Crescendo","CutThroughFate"],"relics":["HolyWater","WarpedTongs","Strawberry","Akabeko","Pantograph","Membership Card","TeardropLocket","InkBottle"],"acts_visited":["Exordium","TheCity"],"potions_floor_usage":[22,24,24],"damage_taken":[{"damage":1.0,"enemies":"Small Slimes","floor":1.0,"turns":5.0},{"damage":0.0,"enemies":"Cultist","floor":3.0,"turns":3.0},{"damage":0.0,"enemies":"2 Louse","floor":5.0,"turns":2.0},{"damage":14.0,"enemies":"Lagavulin","floor":7.0,"turns":6.0},{"damage":38.0,"enemies":"3 Sentries","floor":10.0,"turns":9.0},{"damage":20.0,"enemies":"Exordium Thugs","floor":12.0,"turns":4.0},{"damage":0.0,"enemies":"Lots of Slimes","floor":13.0,"turns":4.0},{"damage":0.0,"enemies":"Looter","floor":14.0,"turns":2.0},{"damage":21,"enemies":"Slime Boss","floor":16,"turns":8},{"damage":1,"enemies":"Chosen","floor":18,"turns":4},{"damage":0,"enemies":"Shell Parasite","floor":19,"turns":3},{"damage":6,"enemies":"Shelled Parasite and Fungi","floor":22,"turns":7},{"damage":65,"enemies":"Gremlin Leader","floor":24,"turns":10},{"damage":10,"enemies":"Chosen and Byrds","floor":25,"turns":4}],"seed_played":"4834798368356638827","potions_obtained":[{"floor":1.0,"key":"Weak Potion"},{"floor":5.0,"key":"SteroidPotion"},{"floor":12.0,"key":"Dexterity Potion"},{"floor":14.0,"key":"Block Potion"},{"floor":19,"key":"Block Potion"}],"is_trial":false,"path_per_floor":["M","?","M","?","M","R","E","R","T","E","$","M","M","M","R","B",null,"M","M","?","$","M","R","E","M"],"character_chosen":"WATCHER","items_purchased":["Membership Card","Nirvana","TeardropLocket","LessonLearned"],"campfire_rested":0,"item_purchase_floors":[11,11,21,21],"current_hp_per_floor":[71,71,71,71,71,71,64,64,64,26,26,6,6,6,6,10,79,78,78,78,78,72,72,7,0,0],"gold":62,"neow_bonus":"","is_daily":true,"chose_seed":false,"campfire_upgraded":4,"win_rate":0.0,"timestamp":1607890102,"path_taken":["M","?","?","?","M","R","E","R","T","E","?","?","M","M","R","BOSS","M","M","?","?","?","R","E","M"],"items_purchased_type":["Relic","Card","Relic","Card"],"build_version":"2020-11-30","purchased_purges":1,"victory":false,"max_hp_per_floor":[72,72,72,72,72,72,79,79,79,79,79,79,79,79,79,79,79,79,79,79,79,79,79,79,79,79],"relic_stats":{"counters":[14,71],"Pantograph":25,"obtain_stats":[{"Strawberry":7,"Pantograph":10,"HolyWater":17,"Membership Card":11,"TeardropLocket":21,"PureWater":0,"Akabeko":9,"InkBottle":24,"WarpedTongs":4},{"Strawberry":4,"Pantograph":5,"HolyWater":9,"Membership Card":5,"TeardropLocket":11,"PureWater":0,"Akabeko":4,"InkBottle":13,"WarpedTongs":2},{"Strawberry":16,"Pantograph":25,"HolyWater":43,"Membership Card":25,"TeardropLocket":50,"PureWater":0,"Akabeko":16,"InkBottle":67,"WarpedTongs":8}],"InkBottle":[1],"WarpedTongs":[62]},"card_choices":[{"not_picked":["EmptyFist"],"picked":"Halt","floor":1.0},{"not_picked":["FollowUp"],"picked":"CrushJoints","floor":3.0},{"not_picked":["Pray","Evaluate"],"picked":"SKIP","floor":5.0},{"not_picked":["FlyingSleeves","Indignation"],"picked":"SKIP","floor":7.0},{"not_picked":["Finesse","Flash of Steel"],"picked":"SKIP","floor":10.0},{"not_picked":["PanicButton"],"picked":"EmptyFist","floor":12.0},{"not_picked":["Good Instincts","PathToVictory"],"picked":"SKIP","floor":13.0},{"not_picked":["PathToVictory","Crescendo"],"picked":"SKIP","floor":14.0},{"not_picked":["Scrawl"],"picked":"Panache","floor":16},{"not_picked":["Evaluate+1"],"picked":"Consecrate+1","floor":18},{"not_picked":["CrushJoints+1"],"picked":"MentalFortress","floor":19},{"not_picked":["SashWhip+1"],"picked":"Crescendo","floor":22},{"not_picked":["FlyingSleeves"],"picked":"CutThroughFate","floor":24}],"player_experience":921081,"relics_obtained":[{"floor":7.0,"key":"Strawberry"},{"floor":9.0,"key":"Akabeko"},{"floor":10.0,"key":"Pantograph"},{"floor":24,"key":"InkBottle"}],"event_choices":[{"cards_removed":["Defend_P"],"damage_healed":0.0,"max_hp_gain":0.0,"max_hp_loss":0.0,"gold_gain":0.0,"event_name":"Bonfire Elementals","player_choice":"Offered Basic","floor":2.0,"gold_loss":0.0,"damage_taken":0.0},{"damage_healed":0.0,"max_hp_gain":0.0,"max_hp_loss":0.0,"gold_gain":0.0,"event_name":"Accursed Blacksmith","player_choice":"Rummage","floor":4.0,"gold_loss":0.0,"damage_taken":0.0,"relics_obtained":["WarpedTongs"],"cards_obtained":["Pain"]},{"damage_healed":0,"gold_gain":0,"player_choice":"Got Potions","damage_taken":0,"max_hp_gain":0,"max_hp_loss":0,"event_name":"Lab","floor":20,"gold_loss":0}],"is_beta":false,"boss_relics":[{"not_picked":["Tiny House","Empty Cage"],"picked":"HolyWater"}],"items_purged_floors":[11],"is_endless":false,"potions_floor_spawned":[1,5,12,14,16,19],"killed_by":"Chosen and Byrds","ascension_level":0}}