{"host":"ow9msrs9p2ctkx99","time":1607870861,"event":{"mods":["AchievementEnabler","BaseMod","Colored Map","Colored Powertips","Minty Spire (QoL Compilation)","Permanent Neow","Quick Restart","SuperFastMode"],"gold_per_floor":[113,113,38,38,38,72,89,89,112,132,132,150,211,228,228,327,327,345,345,356,381,396,396,415,415,415,430,173,272,288,288,288,288,288],"floor_reached":33,"playtime":702,"items_purged":["Strike_B"],"score":383,"play_id":"c83b0e91-6117-40a1-b327-54d9c59932af","local_time":"20201213154741","is_ascension_mode":true,"campfire_choices":[{"floor":11.0,"key":"REST"},{"floor":15.0,"key":"REST"},{"floor":23.0,"key":"REST"},{"data":"Seek","floor":25.0,"key":"SMITH"},{"floor":32,"key":"REST"}],"circlet_count":0,"master_deck":["AscendersBane","Zap","Dualcast","Sweeping Beam","Stack","Static Discharge+1","Consume","Coolheaded","Reinforced Body","Self Repair+1","Seek+1","Gash","Hologram","Aggregate","Skim","Go for the Eyes","Fusion","Redo","Redo+1","Necronomicurse","Capacitor+1","Barrage","Core Surge","Steam+1","Steam","PanicButton","Reprogram+1"],"relics":["Cracked Core","Tiny Chest","Pantograph","Frozen Egg 2","Mummified Hand","Regal Pillow","Ornamental Fan","Pandora\u0027s Box","Necronomicon","Bronze Scales","Kunai","ClockworkSouvenir"],"acts_visited":["Exordium","TheCity"],"potions_floor_usage":[33,33],"damage_taken":[{"damage":4.0,"enemies":"Small Slimes","floor":1.0,"turns":3.0},{"damage":59.0,"enemies":"3 Sentries","floor":6.0,"turns":7.0},{"damage":1.0,"enemies":"Cultist","floor":7.0,"turns":3.0},{"damage":2.0,"enemies":"Jaw Worm","floor":10.0,"turns":3.0},{"damage":16.0,"enemies":"2 Fungi Beasts","floor":12.0,"turns":2.0},{"damage":23.0,"enemies":"Lagavulin Event","floor":13.0,"turns":4.0},{"damage":2.0,"enemies":"Looter","floor":14.0,"turns":3.0},{"damage":51.0,"enemies":"Hexaghost","floor":16.0,"turns":7.0},{"damage":19.0,"enemies":"Chosen","floor":18.0,"turns":8.0},{"damage":20.0,"enemies":"Shell Parasite","floor":20.0,"turns":5.0},{"damage":27.0,"enemies":"Snecko","floor":22.0,"turns":5.0},{"damage":30.0,"enemies":"Snake Plant","floor":24.0,"turns":3.0},{"damage":24,"enemies":"Cultist and Chosen","floor":27,"turns":4},{"damage":20,"enemies":"3 Cultists","floor":30,"turns":5},{"damage":85,"enemies":"Champ","floor":33,"turns":9}],"seed_played":"5383364695683842530","potions_obtained":[{"floor":7.0,"key":"AttackPotion"},{"floor":10.0,"key":"Energy Potion"},{"floor":16.0,"key":"SkillPotion"},{"floor":22.0,"key":"SteroidPotion"},{"floor":27,"key":"BlessingOfTheForge"}],"is_trial":false,"path_per_floor":["M","?","$","T","?","E","M","T","T","M","R","M","?","M","R","B",null,"M","?","M","T","M","R","M","R","T","M","$","?","M","T","R","B"],"character_chosen":"DEFECT","items_purchased":["ClockworkSouvenir","Steam","PanicButton"],"campfire_rested":4,"item_purchase_floors":[28,28,28],"current_hp_per_floor":[64,75,75,75,80,21,20,20,20,18,57,41,18,16,55,39,70,61,45,35,35,18,57,37,37,37,23,23,23,13,13,52,0,0],"gold":288,"neow_bonus":"RANDOM_COMMON_RELIC","is_daily":false,"chose_seed":false,"campfire_upgraded":1,"win_rate":0.0,"timestamp":1607870861,"path_taken":["M","?","$","?","?","E","M","?","T","M","R","?","?","M","R","BOSS","M","?","M","?","M","R","?","R","T","?","$","?","M","?","R","BOSS"],"items_purchased_type":["Relic","Card","Card"],"build_version":"2020-11-30","purchased_purges":1,"victory":false,"max_hp_per_floor":[75,75,75,75,80,80,80,80,80,80,80,80,80,80,80,80,80,80,80,80,80,80,80,80,80,80,80,80,80,80,80,80,80,80],"card_choices":[{"not_picked":["Coolheaded","Conserve Battery"],"picked":"Sweeping Beam","floor":1.0},{"not_picked":["Recycle","Blizzard"],"picked":"Stack","floor":6.0},{"not_picked":["Fusion","Glacier"],"picked":"Static Discharge+1","floor":7.0},{"not_picked":["Barrage","Rebound"],"picked":"Consume","floor":10.0},{"not_picked":["Streamline","Gash"],"picked":"Coolheaded","floor":12.0},{"not_picked":["Streamline","Heatsinks+1"],"picked":"Reinforced Body","floor":13.0},{"not_picked":["Hologram","Sweeping Beam"],"picked":"Self Repair+1","floor":14.0},{"not_picked":["Thunder Strike","Reboot"],"picked":"Seek","floor":16.0},{"not_picked":["Go for the Eyes","Compile Driver"],"picked":"Redo+1","floor":18.0},{"not_picked":["Heatsinks+1","Skim"],"picked":"Capacitor+1","floor":20.0},{"not_picked":["Redo+1","Ball Lightning"],"picked":"Barrage","floor":22.0},{"not_picked":["Ball Lightning+1","Rip and Tear"],"picked":"Core Surge","floor":24.0},{"not_picked":["Rebound","Chaos"],"picked":"Steam+1","floor":27},{"not_picked":["Aggregate+1","Leap+1"],"picked":"Reprogram+1","floor":30}],"player_experience":1017689,"relics_obtained":[{"floor":4.0,"key":"Pantograph"},{"floor":6.0,"key":"Frozen Egg 2"},{"floor":8.0,"key":"Mummified Hand"},{"floor":9.0,"key":"Regal Pillow"},{"floor":19.0,"key":"Necronomicon"},{"floor":21.0,"key":"Bronze Scales"},{"floor":26.0,"key":"Kunai"}],"event_choices":[{"damage_healed":11.0,"max_hp_gain":0.0,"max_hp_loss":0.0,"gold_gain":0.0,"event_name":"Wheel of Change","player_choice":"Full Heal","floor":2.0,"gold_loss":0.0,"damage_taken":0.0},{"damage_healed":0.0,"max_hp_gain":5.0,"max_hp_loss":0.0,"gold_gain":0.0,"event_name":"Big Fish","player_choice":"Donut","floor":5.0,"gold_loss":0.0,"damage_taken":0.0},{"damage_healed":0.0,"max_hp_gain":0.0,"max_hp_loss":0.0,"gold_gain":30.0,"event_name":"Dead Adventurer","player_choice":"Searched \u00273\u0027 times","floor":13.0,"gold_loss":0.0,"damage_taken":0.0,"relics_obtained":["Ornamental Fan"]},{"damage_healed":0.0,"max_hp_gain":0.0,"max_hp_loss":0.0,"gold_gain":0.0,"event_name":"Cursed Tome","player_choice":"Obtained Book","floor":19.0,"gold_loss":0.0,"damage_taken":16.0},{"damage_healed":0,"gold_gain":99,"player_choice":"Stole From Cult","damage_taken":0,"max_hp_gain":0,"max_hp_loss":0,"event_name":"Nest","floor":29,"gold_loss":0}],"is_beta":false,"boss_relics":[{"not_picked":["Ectoplasm","Runic Dome"],"picked":"Pandora\u0027s Box"}],"items_purged_floors":[3],"is_endless":false,"potions_floor_spawned":[7,10,16,22,27],"killed_by":"Champ","ascension_level":11}}