{"host":"kntpungskobv1jqb","time":1607867321,"event":{"mods":["BaseMod","Minty Spire (QoL Compilation)","Replay The Spire","StSLib","SuperFastMode"],"gold_per_floor":[368,378,74,92,92,92,127,127,152,183,183,183,194,194,194,267,267,292,292,320,330,10,57,57,117,117,117,117,117,33,51,51,128,128,155,155,155,170,170,170,190,203,254,254,299,299],"floor_reached":45,"playtime":1066,"items_purged":[],"score":835,"play_id":"2023917f-1f23-42f2-95d7-9e0fef016611","local_time":"20201213214841","is_ascension_mode":true,"campfire_choices":[{"data":"Inflame","floor":6,"key":"SMITH"},{"floor":8,"key":"REST"},{"data":"Fiend Fire","floor":11,"key":"SMITH"},{"data":"ReplayTheSpireMod:Muscle Training","floor":15,"key":"SMITH"},{"floor":24,"key":"REST"},{"data":"Heavy Blade","floor":27,"key":"SMITH"},{"data":"Demon Form","floor":29,"key":"SMITH"},{"floor":32,"key":"REST"},{"floor":40,"key":"REST"},{"floor":44,"key":"REST"}],"circlet_count":0,"master_deck":["AscendersBane","Strike_R","Strike_R","Strike_R","Strike_R+1","Strike_R","Defend_R","Defend_R","Defend_R","Defend_R","Bash","Strike_R","Neutralize","ReplayTheSpireMod:Muscle Training+1","Inflame+1","Heavy Blade+1","Pommel Strike","Fiend Fire+1","ReplayTheSpireMod:Limb From Limb","Offering","Flex","Flex","Sword Boomerang","Pummel","ReplayTheSpireMod:Muscle Training","Demon Form+1","Twin Strike","Spot Weakness","Limit Break","Hemogenesis","Dramatic Entrance","Twin Strike","Cleave"],"relics":["Burning Blood","Another Sword","Replay:Rubber Ducky","Anchor","Pear","ReplayTheSpireMod:Ring of Addiction","SacredBark","Chameleon Ring","ReplayTheSpireMod:Ring of Challenge","SlaversCollar","Gremlin Horn","Nunchaku","Lizard Tail","Electric Blood","Akabeko"],"acts_visited":["Exordium","TheCity","TheBeyond"],"potions_floor_usage":[16,23,23,25,33,42,45],"damage_taken":[{"damage":1,"enemies":"Cultist","floor":1,"turns":3},{"damage":12,"enemies":"Jaw Worm","floor":2,"turns":3},{"damage":4,"enemies":"Small Slimes","floor":4,"turns":3},{"damage":36,"enemies":"Lagavulin","floor":7,"turns":4},{"damage":13,"enemies":"Gremlin Nob","floor":10,"turns":3},{"damage":7,"enemies":"2 Fungi Beasts","floor":13,"turns":3},{"damage":24,"enemies":"Hexaghost","floor":16,"turns":4},{"damage":9,"enemies":"Chosen","floor":18,"turns":3},{"damage":28,"enemies":"Shell Parasite","floor":20,"turns":3},{"damage":30,"enemies":"Chosen and Byrds","floor":21,"turns":5},{"damage":6,"enemies":"Replay:Snechameleon","floor":23,"turns":2},{"damage":10,"enemies":"Centurion and Healer","floor":25,"turns":3},{"damage":15,"enemies":"Cultist and Chosen","floor":31,"turns":4},{"damage":65,"enemies":"Collector","floor":33,"turns":7},{"damage":31,"enemies":"Orb Walker","floor":35,"turns":4},{"damage":19,"enemies":"3 Darklings","floor":38,"turns":3},{"damage":42,"enemies":"Spire Growth","floor":41,"turns":3},{"damage":12,"enemies":"4 Shapes","floor":42,"turns":2},{"damage":68,"enemies":"Transient","floor":45,"turns":3}],"seed_played":"2810327116399158854","potions_obtained":[{"floor":7,"key":"Reflective Coating"},{"floor":12,"key":"Block Potion"},{"floor":13,"key":"DuplicationPotion"},{"floor":16,"key":"FearPotion"},{"floor":23,"key":"Fire Potion"},{"floor":31,"key":"Weak Potion"},{"floor":33,"key":"Block Potion"},{"floor":41,"key":"Energy Potion"}],"is_trial":false,"path_per_floor":["M","M","$","M","$","R","E","R","T","E","R","?","M","?","R","B",null,"M","?","M","M","$","E","R","M","T","R","?","R","$","M","R","B",null,"M","?","?","M","?","R","M","M","T","R","M"],"character_chosen":"IRONCLAD","items_purchased":["Another Sword","Pummel","Gremlin Horn","Twin Strike","Spot Weakness"],"campfire_rested":5,"item_purchase_floors":[3,22,22,30,30],"current_hp_per_floor":[73,67,67,69,69,69,39,61,61,64,64,64,63,63,63,45,74,71,71,49,25,25,25,48,44,44,44,44,44,44,35,57,42,67,42,42,42,38,38,59,23,17,17,38,0,0],"gold":299,"neow_bonus":"TWO_FIFTY_GOLD","is_daily":false,"chose_seed":false,"campfire_upgraded":5,"win_rate":0.0,"timestamp":1607867321,"path_taken":["M","M","$","M","?","R","E","R","T","E","R","?","M","?","R","BOSS","M","?","M","M","$","E","R","M","T","R","?","R","$","M","R","BOSS","M","?","?","M","?","R","?","M","T","R","M"],"items_purchased_type":["Relic","Card","Relic","Card","Card"],"build_version":"2020-11-30","purchased_purges":0,"victory":false,"max_hp_per_floor":[75,75,75,75,75,75,75,75,75,85,85,85,85,85,85,83,83,83,83,81,81,81,79,79,79,79,79,79,77,77,77,75,75,75,75,75,73,73,73,71,71,71,71,71,71,71],"card_choices":[{"not_picked":["Flex","Rampage"],"picked":"ReplayTheSpireMod:Muscle Training","floor":1},{"not_picked":["Shrug It Off","Warcry"],"picked":"Inflame","floor":2},{"not_picked":["Intimidate","Clothesline"],"picked":"Heavy Blade","floor":4},{"not_picked":["Battle Trance","Clothesline"],"picked":"Pommel Strike","floor":7},{"not_picked":["Sever Soul","ReplayReversal"],"picked":"Fiend Fire","floor":10},{"not_picked":["ReplayTheSpireMod:Strike From Hell","Perfected Strike"],"picked":"ReplayTheSpireMod:Limb From Limb","floor":13},{"not_picked":["Fiend Fire","Brutality"],"picked":"Offering","floor":16},{"not_picked":["Sentinel","Thunderclap"],"picked":"Flex","floor":18},{"not_picked":["ReplayTheSpireMod:Strike From Hell","Uppercut"],"picked":"Flex","floor":20},{"not_picked":["Armaments","Warcry"],"picked":"Sword Boomerang","floor":21},{"not_picked":["Pommel Strike","Fire Breathing"],"picked":"ReplayTheSpireMod:Muscle Training","floor":23},{"not_picked":["Dual Wield","Fire Breathing+1","Thunderclap"],"picked":"SKIP","floor":25},{"not_picked":["ReplayTheSpireMod:Strike From Hell","Searing Blow"],"picked":"Limit Break","floor":31},{"not_picked":["Impervious","Juggernaut"],"picked":"Hemogenesis","floor":33},{"not_picked":["Carnage","Body Slam+1","Clash"],"picked":"SKIP","floor":35},{"not_picked":["Replay:Sssssssssstrike","Replay:Bootleg Shield Generator"],"picked":"Dramatic Entrance","floor":36},{"not_picked":["Infernal Blade+1","Power Through"],"picked":"Twin Strike","floor":38},{"not_picked":["Body Slam+1","Headbutt","Shrug It Off"],"picked":"SKIP","floor":41},{"not_picked":["Perfected Strike","Body Slam+1"],"picked":"Cleave","floor":42}],"player_experience":455913,"relics_obtained":[{"floor":7,"key":"Replay:Rubber Ducky"},{"floor":9,"key":"Anchor"},{"floor":10,"key":"Pear"},{"floor":12,"key":"ReplayTheSpireMod:Ring of Addiction"},{"floor":12,"key":"SacredBark"},{"floor":12,"key":"Chameleon Ring"},{"floor":12,"key":"ReplayTheSpireMod:Ring of Challenge"},{"floor":23,"key":"Nunchaku"},{"floor":26,"key":"Lizard Tail"},{"floor":43,"key":"Akabeko"}],"event_choices":[{"cards_removed":["Delirium"],"damage_healed":0,"gold_gain":0,"player_choice":"Elegance","damage_taken":0,"max_hp_gain":0,"max_hp_loss":0,"event_name":"Back to Basics","floor":19,"gold_loss":0},{"damage_healed":0,"gold_gain":0,"player_choice":"Read","damage_taken":0,"max_hp_gain":0,"max_hp_loss":0,"event_name":"The Library","floor":28,"gold_loss":0,"cards_obtained":["Demon Form"]},{"damage_healed":0,"gold_gain":0,"player_choice":"Memory 1","damage_taken":0,"max_hp_gain":0,"max_hp_loss":0,"event_name":"SensoryStone","floor":36,"gold_loss":0},{"damage_healed":0,"gold_gain":0,"player_choice":"Ignored","damage_taken":0,"max_hp_gain":0,"max_hp_loss":0,"event_name":"Tomb of Lord Red Mask","floor":37,"gold_loss":0},{"damage_healed":0,"gold_gain":0,"player_choice":"Ignored","damage_taken":0,"max_hp_gain":0,"max_hp_loss":0,"event_name":"SecretPortal","floor":39,"gold_loss":0}],"is_beta":false,"boss_relics":[{"not_picked":["Runic Cube","Ectoplasm"],"picked":"SlaversCollar"},{"not_picked":["Black Star","ChewingGum"],"picked":"Electric Blood"}],"items_purged_floors":[],"is_endless":false,"potions_floor_spawned":[7,13,16,23,31,33,41],"killed_by":"Transient","ascension_level":14}}