{"host":"ykruzxakfolvqoa7","time":1607869742,"event":{"mods":["Act Like it!","BaseMod","Colored Powertips","Downfall","Hubris","Ironclad Rager","Minty Spire (QoL Compilation)","StSLib","Swap Starting Deck Mod","Wandering Minibosses"],"gold_per_floor":[11,26,44,44,38,73,73,38,64,90,101,176,196,123,123,214,214,220,220,976,988,1001,1036,1036,344,344,376,376,376,405,417,429,540,552,564,564],"floor_reached":35,"playtime":2336,"items_purged":["Clumsy"],"score":474,"play_id":"0fa150a7-0be4-4a50-b60d-9c25d5b67edd","local_time":"20201213142902","is_ascension_mode":false,"campfire_choices":[{"floor":7,"key":"REST"},{"floor":15,"key":"REST"},{"floor":24,"key":"REST"},{"floor":29,"key":"REST"},{"floor":32,"key":"RECALL"}],"circlet_count":0,"master_deck":["Zap","Dualcast","Ball Lightning","Cold Snap","Ball Lightning","Cold Snap","Leap+1","Leap","Leap+1","Leap","Static Discharge","Redo","Redo","Hello World","Capacitor","Multi-Cast+1","Slimebound:CheckThePlaybook+1","Tempest+1","Ball Lightning+1","White Noise+1","ICR:ChainLightning","Leap+1","RitualDagger","Ball Lightning","Creative AI"],"relics":["Cracked Core","Art of War","PreservedInsect","Toxic Egg 2","Sozu","wanderingMiniBosses:MasterThiefsPresence","MealTicket","hubris:SoftwareUpdate","DataDisk","ClockworkSouvenir","hubris:DisguiseKit","MawBank","Spirit Poop","hubris:Stopwatch"],"acts_visited":["Exordium","TheCity","TheBeyond"],"potions_floor_usage":[6,11,16,20],"damage_taken":[{"damage":0,"enemies":"Cultist","floor":1,"turns":3},{"damage":0,"enemies":"Small Slimes","floor":2,"turns":3},{"damage":0,"enemies":"2 Louse","floor":3,"turns":2},{"damage":14,"enemies":"Exordium Wildlife","floor":5,"turns":7},{"damage":10,"enemies":"3 Sentries","floor":6,"turns":6},{"damage":12,"enemies":"Gremlin Nob","floor":10,"turns":3},{"damage":3,"enemies":"Blue Slaver","floor":11,"turns":3},{"damage":9,"enemies":"3 Louse","floor":13,"turns":2},{"damage":4,"enemies":"Hexaghost","floor":16,"turns":10},{"damage":24,"enemies":"Shell Parasite","floor":18,"turns":5},{"damage":12,"enemies":"Spheric Guardian","floor":20,"turns":5},{"damage":0,"enemies":"Chosen and Byrds","floor":21,"turns":6},{"damage":8,"enemies":"Snecko","floor":22,"turns":4},{"damage":11,"enemies":"Book of Stabbing","floor":23,"turns":4},{"damage":3,"enemies":"Gremlin Leader","floor":27,"turns":5},{"damage":0,"enemies":"Book of Stabbing","floor":30,"turns":3},{"damage":56,"enemies":"Automaton","floor":33,"turns":9},{"damage":0,"enemies":"3 Darklings","floor":35,"turns":1}],"seed_played":"6789937809725448769","potions_obtained":[{"floor":2,"key":"AttackPotion"},{"floor":5,"key":"Weak Potion"},{"floor":10,"key":"Fruit Juice"},{"floor":16,"key":"Explosive Potion"}],"is_trial":false,"path_per_floor":["M","M","M","?","M","E","R","?","T","E","M","?","M","$","R","B",null,"M","?","M","M","M","E","R","$","T","E","?","R","E","?","R","B",null,"M"],"character_chosen":"DEFECT","items_purchased":["Capacitor","hubris:SoftwareUpdate","DataDisk","ICR:ChainLightning","ClockworkSouvenir"],"campfire_rested":4,"item_purchase_floors":[14,25,25,25,25],"current_hp_per_floor":[50,50,50,36,22,12,32,49,49,37,39,28,19,19,40,36,73,49,49,37,37,29,18,39,54,54,51,45,66,66,66,66,10,73,73,73],"gold":564,"neow_bonus":"DEFECT_STORMLORD","is_daily":false,"chose_seed":false,"campfire_upgraded":0,"win_rate":0.0,"timestamp":1607869742,"path_taken":["M","M","?","?","M","E","R","?","T","E","?","?","M","$","R","BOSS","M","?","M","M","M","E","R","$","T","E","?","R","E","?","R","BOSS","M"],"items_purchased_type":["Card","Relic","Relic","Card","Relic"],"build_version":"2020-11-30","purchased_purges":1,"victory":false,"max_hp_per_floor":[68,68,68,68,68,68,68,68,68,68,73,73,73,73,73,73,73,73,73,73,73,73,73,73,73,73,73,73,73,73,73,73,73,73,73,73],"card_choices":[{"not_picked":["Scrape","Compile Driver"],"picked":"Static Discharge","floor":1},{"not_picked":["Coolheaded","Beam Cell"],"picked":"Redo","floor":2},{"not_picked":["Reinforced Body","Steam","Buffer"],"picked":"SKIP","floor":3},{"not_picked":["Recycle","Leap"],"picked":"Redo","floor":5},{"not_picked":["Chill","Cold Snap","Streamline"],"picked":"SKIP","floor":6},{"not_picked":["Steam Power+1","Hologram+1"],"picked":"Hello World","floor":10},{"not_picked":["Sweeping Beam","Barrage","Beam Cell"],"picked":"SKIP","floor":11},{"not_picked":["Streamline","Go for the Eyes","Steam+1"],"picked":"SKIP","floor":13},{"not_picked":["Meteor Strike","Reboot+1"],"picked":"Multi-Cast+1","floor":16},{"not_picked":["Force Field+1","Double Energy+1","Hologram+1"],"picked":"SKIP","floor":18},{"not_picked":["Force Field+1","Turbo+1","Streamline"],"picked":"SKIP","floor":20},{"not_picked":["Streamline","Steam+1"],"picked":"Tempest+1","floor":21},{"not_picked":["Sweeping Beam","Conserve Battery+1"],"picked":"Ball Lightning+1","floor":22},{"not_picked":["Stack+1","Hyperbeam"],"picked":"White Noise+1","floor":23},{"not_picked":["Sweeping Beam+1","Beam Cell+1"],"picked":"Leap+1","floor":27},{"not_picked":["Beam Cell","BootSequence+1","Guardian:BaubleBeam"],"picked":"Ball Lightning","floor":30},{"not_picked":["Core Surge","Biased Cognition","Guardian:Gem_Synthetic"],"picked":"Creative AI","floor":33}],"player_experience":341006,"relics_obtained":[{"floor":6,"key":"Art of War"},{"floor":9,"key":"PreservedInsect"},{"floor":10,"key":"Toxic Egg 2"},{"floor":20,"key":"wanderingMiniBosses:MasterThiefsPresence"},{"floor":23,"key":"MealTicket"},{"floor":27,"key":"hubris:DisguiseKit"},{"floor":30,"key":"MawBank"}],"event_choices":[{"damage_healed":0,"gold_gain":0,"player_choice":"Entered Light","damage_taken":14,"max_hp_gain":0,"max_hp_loss":0,"event_name":"Shining Light","floor":4,"gold_loss":0,"cards_upgraded":["Leap","Leap"]},{"damage_healed":17,"gold_gain":0,"player_choice":"Healed","damage_taken":0,"max_hp_gain":0,"max_hp_loss":0,"event_name":"The Cleric","floor":8,"gold_loss":35},{"damage_healed":0,"gold_gain":75,"player_choice":"Gather Gold","damage_taken":11,"max_hp_gain":0,"max_hp_loss":0,"event_name":"World of Goop","floor":12,"gold_loss":0},{"damage_healed":0,"gold_gain":0,"player_choice":"Joined the Cult","damage_taken":6,"max_hp_gain":0,"max_hp_loss":0,"event_name":"Nest","floor":28,"gold_loss":0,"cards_obtained":["RitualDagger"]},{"cards_removed":["Slimebound:Icky"],"damage_healed":0,"gold_gain":0,"player_choice":"Offered Curse","damage_taken":0,"relics_obtained":["Spirit Poop"],"max_hp_gain":0,"max_hp_loss":0,"event_name":"Bonfire Elementals","floor":31,"gold_loss":0}],"is_beta":false,"boss_relics":[{"not_picked":["Calling Bell","Busted Crown"],"picked":"Sozu"},{"not_picked":["SacredBark","hubris:RunicObelisk"],"picked":"hubris:Stopwatch"}],"items_purged_floors":[25],"is_endless":false,"potions_floor_spawned":[2,5,10,16,20,27,33],"killed_by":"3 Darklings","ascension_level":0}}