{"host":"oi1nj6gqzrtwlr6p","time":1607838656,"event":{"mods":["2.2 Compatiblity","BaseMod","Better Match","Better Note","Block Reminder","Colored Powertips","DeckTracker","Downfall","Energized Spire","Koishi","Marisa????????","Minty Spire (QoL Compilation)","Rare Cards Sparkle","Reimu??????","StSLib","Td1madao Mod","The Administrix","The Senshi","The Servant 0.9.4","The Vixen","The Wild Card"],"gold_per_floor":[115,115,115,115,40,40,63,63,363,66,66,80,80,151,151,275,275,289,314,314,337,356,356,399,415,415,433,433,433,433],"floor_reached":29,"playtime":2457,"items_purged":[],"score":233,"play_id":"7ca334cc-76f8-40eb-92c9-b5a72f8bce46","local_time":"20201212235056","is_ascension_mode":false,"campfire_choices":[{"floor":6,"key":"REST"},{"floor":15,"key":"REST"}],"circlet_count":0,"master_deck":["Guardian:Strike_Guardian","Guardian:Strike_Guardian","Guardian:Strike_Guardian","Guardian:Strike_Guardian","Guardian:Defend_Guardian","Guardian:Defend_Guardian","Guardian:Defend_Guardian","Guardian:Defend_Guardian","Guardian:CurlUp+1","Guardian:TwinSlam","Guardian:Clone","Guardian:Incinerate","Guardian:Reroute","Guardian:Reroute","Guardian:VentSteam","Guardian:Planning","Guardian:GatlingBeam","Guardian:SentryBeam","Guardian:PiercingHide","Guardian:Incinerate","Guardian:PrismaticBarrier","Guardian:Gem_White","Guardian:Gem_Cyan","Guardian:Gem_Green","Guardian:Reroute","Guardian:ChargeUp"],"relics":["energizedSpire:OgreHead","Golden Idol","Guardian:PickAxe","Old Coin","Matryoshka","theSenshi:SailorFukuRelic","SacredBark","White Beast Statue","Pantograph","The Courier"],"acts_visited":["Exordium","TheCity"],"potions_floor_usage":[14,25,25,27,29],"damage_taken":[{"damage":6,"enemies":"Jaw Worm","floor":1,"turns":3},{"damage":6,"enemies":"2 Louse","floor":7,"turns":2},{"damage":0,"enemies":"Cultist","floor":12,"turns":3},{"damage":12,"enemies":"Gremlin Nob","floor":14,"turns":4},{"damage":17,"enemies":"Hexaghost","floor":16,"turns":8},{"damage":7,"enemies":"Shell Parasite","floor":18,"turns":4},{"damage":0,"enemies":"3 Byrds","floor":19,"turns":4},{"damage":7,"enemies":"Snake Plant","floor":21,"turns":3},{"damage":9,"enemies":"Snecko","floor":22,"turns":5},{"damage":21,"enemies":"Book of Stabbing","floor":24,"turns":4},{"damage":31,"enemies":"Cultist and Chosen","floor":25,"turns":7},{"damage":2,"enemies":"Centurion and Healer","floor":27,"turns":7},{"damage":14,"enemies":"3 Cultists","floor":29,"turns":4}],"seed_played":"-8405109556041002398","potions_obtained":[{"floor":1,"key":"Guardian:DefensiveModePotion"},{"floor":16,"key":"Guardian:AcceleratePotion"},{"floor":19,"key":"Guardian:DefensiveModePotion"},{"floor":20,"key":"champ:CounterPotion"},{"floor":25,"key":"SkillPotion"},{"floor":27,"key":"Fire Potion"}],"is_trial":false,"path_per_floor":["M","?","?","?","$","R","M","R","T","$","?","M","R","?","R","B",null,"M","M","?","M","M","R","E","M","T","M","?","M"],"character_chosen":"GUARDIAN","items_purchased":["Guardian:Incinerate","Guardian:Reroute","Guardian:VentSteam","Matryoshka"],"campfire_rested":2,"item_purchase_floors":[5,5,10,10],"current_hp_per_floor":[74,54,24,24,24,48,42,42,42,42,42,42,42,30,54,37,80,73,73,73,66,57,57,36,5,5,3,3,0,0],"gold":433,"neow_bonus":"BOSS_RELIC","is_daily":false,"chose_seed":false,"campfire_upgraded":0,"win_rate":0.0,"timestamp":1607838656,"path_taken":["M","?","?","?","$","R","?","R","T","$","?","M","R","?","R","BOSS","M","M","?","?","M","R","E","M","T","?","?","M"],"items_purchased_type":["Card","Card","Card","Relic"],"build_version":"2020-11-30","purchased_purges":0,"victory":false,"max_hp_per_floor":[80,80,80,80,80,80,80,80,80,80,80,80,80,80,80,80,80,80,80,80,80,80,80,80,80,80,80,80,80,80],"card_choices":[{"not_picked":["Guardian:Gem_Red","Guardian:Incinerate"],"picked":"Guardian:Clone","floor":1},{"not_picked":["Guardian:Gem_Green","Guardian:WalkerClaw"],"picked":"Guardian:Reroute","floor":7},{"not_picked":["Guardian:CrystalBeam","Guardian:Recover"],"picked":"Guardian:Gem_Blue","floor":12},{"not_picked":["Guardian:Gem_Lightblue","Guardian:Recover"],"picked":"Guardian:Planning","floor":14},{"not_picked":["Guardian:RevengeProtocol","Guardian:SphericShield"],"picked":"Guardian:GatlingBeam","floor":16},{"not_picked":["Guardian:FuturePlans","Guardian:ChargeCore"],"picked":"Guardian:SentryBeam","floor":18},{"not_picked":["Guardian:Suspension","Guardian:VentSteam"],"picked":"Guardian:PiercingHide","floor":19},{"not_picked":["Guardian:WalkerClaw","Guardian:PiercingHide+1"],"picked":"Guardian:Incinerate","floor":21},{"not_picked":["Guardian:TimeCapacitor+1","Guardian:SentryBeam"],"picked":"Guardian:PrismaticBarrier","floor":22},{"not_picked":["Guardian:Planning","Guardian:TemporalStrike"],"picked":"Guardian:Gem_Green","floor":24},{"not_picked":["Guardian:CrystalBeam","Guardian:Incinerate"],"picked":"Guardian:Reroute","floor":25},{"not_picked":["Guardian:TemporalShield+1","Guardian:Incinerate"],"picked":"Guardian:ChargeUp","floor":27}],"player_experience":334440,"relics_obtained":[{"floor":9,"key":"Old Coin"},{"floor":14,"key":"theSenshi:SailorFukuRelic"},{"floor":24,"key":"White Beast Statue"},{"floor":26,"key":"Pantograph"},{"floor":26,"key":"The Courier"}],"event_choices":[{"damage_healed":0,"gold_gain":0,"player_choice":"Take Damage","damage_taken":20,"relics_obtained":["Golden Idol"],"max_hp_gain":0,"max_hp_loss":0,"event_name":"Golden Idol","floor":2,"gold_loss":0},{"damage_healed":0,"gold_gain":0,"player_choice":"Ignored","damage_taken":0,"max_hp_gain":0,"max_hp_loss":0,"event_name":"Golden Wing","floor":11,"gold_loss":0},{"damage_healed":0,"gold_gain":30,"player_choice":"Searched \u00272\u0027 times","damage_taken":0,"max_hp_gain":0,"max_hp_loss":0,"event_name":"Dead Adventurer","floor":14,"gold_loss":0},{"damage_healed":0,"gold_gain":0,"player_choice":"Got Potions","damage_taken":0,"max_hp_gain":0,"max_hp_loss":0,"event_name":"Lab","floor":20,"gold_loss":0},{"damage_healed":0,"gold_gain":0,"player_choice":"Ignored","damage_taken":0,"max_hp_gain":0,"max_hp_loss":0,"event_name":"betterNote:BetterNote","floor":28,"gold_loss":0,"cards_obtained":["SpringWay:ReiMu"]}],"is_beta":false,"boss_relics":[{"not_picked":["Velvet Choker","Ectoplasm"],"picked":"SacredBark"}],"items_purged_floors":[],"is_endless":false,"potions_floor_spawned":[1,16,19,21,25,27],"killed_by":"3 Cultists","ascension_level":0}}