{"host":"x0ovlu53kkkog8rv","time":1607855244,"event":{"mods":["BaseMod","Colored Map","Minty Spire (QoL Compilation)","Quick Restart","SuperFastMode"],"gold_per_floor":[110,110,126,126,139,139,163,133,133,148,148,162,162,337,337,337,337],"floor_reached":16,"playtime":659,"items_purged":[],"score":97,"play_id":"73ed8ff7-4f58-4d2d-8e79-06a64fb0b307","local_time":"20201213192724","is_ascension_mode":true,"campfire_choices":[{"data":"PathToVictory","floor":6,"key":"SMITH"},{"floor":11,"key":"REST"},{"floor":13,"key":"REST"},{"data":"Doubt","floor":15,"key":"PURGE"}],"circlet_count":0,"master_deck":["Strike_P","Strike_P","Strike_P","Strike_P","Defend_P","Defend_P","Defend_P","Defend_P","Eruption","Vigilance","PathToVictory+1","Halt","Injury","Pray","EmptyFist","DeceiveReality","TalkToTheHand","TalkToTheHand","Evaluate"],"relics":["PureWater","Golden Idol","Peace Pipe"],"acts_visited":["Exordium"],"potions_floor_usage":[16,16],"damage_taken":[{"damage":5,"enemies":"Jaw Worm","floor":1,"turns":4},{"damage":1,"enemies":"2 Louse","floor":3,"turns":2},{"damage":8,"enemies":"Cultist","floor":5,"turns":5},{"damage":25,"enemies":"Exordium Wildlife","floor":7,"turns":3},{"damage":5,"enemies":"Looter","floor":8,"turns":4},{"damage":14,"enemies":"3 Louse","floor":10,"turns":4},{"damage":7,"enemies":"Blue Slaver","floor":12,"turns":5},{"damage":96,"enemies":"Slime Boss","floor":16,"turns":10}],"seed_played":"6174588933051301479","potions_obtained":[{"floor":3,"key":"Regen Potion"},{"floor":10,"key":"FairyPotion"},{"floor":12,"key":"EssenceOfSteel"}],"is_trial":false,"path_per_floor":["M","?","M","?","M","R","M","M","T","M","R","M","R","?","R","B"],"character_chosen":"WATCHER","items_purchased":[],"campfire_rested":2,"item_purchase_floors":[],"current_hp_per_floor":[67,67,66,66,58,58,33,28,28,14,35,28,49,49,49,0,0],"gold":337,"neow_bonus":"THREE_CARDS","is_daily":false,"chose_seed":false,"campfire_upgraded":1,"win_rate":0.0,"timestamp":1607855244,"path_taken":["M","?","M","?","M","R","M","M","T","?","R","M","R","?","R","BOSS"],"items_purchased_type":[],"build_version":"2020-11-30","purchased_purges":0,"victory":false,"max_hp_per_floor":[72,72,72,72,72,72,72,72,72,72,72,72,72,72,72,72,72],"card_choices":[{"not_picked":["Consecrate","Weave"],"picked":"PathToVictory","floor":0},{"not_picked":["ClearTheMind","FollowUp"],"picked":"Halt","floor":1},{"not_picked":["JustLucky","Nirvana"],"picked":"Pray","floor":3},{"not_picked":["LessonLearned","Pray"],"picked":"EmptyFist","floor":5},{"not_picked":["Vengeance","SashWhip"],"picked":"DeceiveReality","floor":7},{"not_picked":["Fasting2","Study"],"picked":"TalkToTheHand","floor":8},{"not_picked":["JustLucky","FlurryOfBlows"],"picked":"TalkToTheHand","floor":10},{"not_picked":["Perseverance","FlurryOfBlows"],"picked":"Evaluate","floor":12}],"player_experience":203992,"relics_obtained":[{"floor":9,"key":"Peace Pipe"}],"event_choices":[{"damage_healed":0,"gold_gain":0,"player_choice":"Take Wound","damage_taken":0,"relics_obtained":["Golden Idol"],"max_hp_gain":0,"max_hp_loss":0,"event_name":"Golden Idol","floor":2,"gold_loss":0,"cards_obtained":["Injury"]},{"damage_healed":0,"gold_gain":0,"player_choice":"Bought 0 Potions","damage_taken":0,"max_hp_gain":0,"max_hp_loss":0,"event_name":"The Woman in Blue","floor":4,"gold_loss":0},{"damage_healed":0,"gold_gain":175,"player_choice":"AGREE","damage_taken":0,"max_hp_gain":0,"max_hp_loss":0,"event_name":"Liars Game","floor":14,"gold_loss":0,"cards_obtained":["Doubt"]}],"is_beta":false,"boss_relics":[],"items_purged_floors":[],"is_endless":false,"potions_floor_spawned":[3,10,12],"killed_by":"Slime Boss","ascension_level":1}}