{"host":"951sez6ulsv0fw1i","time":1607881267,"event":{"mods":["2.2 Compatiblity","Aspiration","BaseMod","BetterRewards","Conspire","Downfall","Googly Eyes","Infinite Spire","JesterMod","Luminous","Marisa????????","Minty Spire (QoL Compilation)","StSLib","The Cursed","The Mystic","The Poker Player","The Servant 0.9.4"],"gold_per_floor":[112,112,112,126,145,176,176,188,188,363,382,412,74,84,84,188,188,202,202,220,63,80,80,134,134,158,169,211,235,277,292,292,398,398,419,419,419],"floor_reached":36,"playtime":2598,"items_purged":[],"score":416,"play_id":"071c1e07-bb79-4f96-b053-2cf12d776a23","local_time":"20201213184107","is_ascension_mode":false,"campfire_choices":[{"floor":7,"key":"REST"},{"floor":15,"key":"RECALL"},{"data":"jesterMod:HedgehogForm","floor":23,"key":"SMITH"},{"data":"jesterMod:Schizophrenia","floor":25,"key":"SMITH"},{"data":"jesterMod:Mending","floor":32,"key":"SMITH"}],"circlet_count":0,"master_deck":["jesterMod:Strike","jesterMod:Strike","jesterMod:Strike","jesterMod:Strike","jesterMod:Sickle","jesterMod:Defend","jesterMod:Defend","jesterMod:Defend","jesterMod:Dodge","jesterMod:OblivionStrike","infinitespire:Fortify","jesterMod:Prankster","jesterMod:Exasperation","jesterMod:Mending+1","jesterMod:HitAndRun","Doubt","jesterMod:Prankster","jesterMod:Schizophrenia+1","jesterMod:TrickyDodge","jesterMod:Arrythmia","jesterMod:HedgehogForm+1","jesterMod:TrickyDodge","expansioncontent:SuperHexaguard","Doubt","jesterMod:Pillage","jesterMod:TrickyDodge","jesterMod:Inspiration+1","jesterMod:DesperateStrike+1","jesterMod:Unleash+1","jesterMod:Mending+1","jesterMod:Prankster","jesterMod:Swiftness","jesterMod:Momentum","jesterMod:Frenzy+1"],"relics":["jesterMod:JesterCap","aspiration:Nostalgia","MiniHakkero","Toy Ornithopter","White Beast Statue","PreservedInsect","FossilizedHelix","jesterMod:HauntedLute","aspiration:Lifesprig","Vajra","CeramicFish","Potion Belt","conspire:SpecialSausage"],"acts_visited":["Exordium","TheCity","TheBeyond"],"potions_floor_usage":[11,12,14,18,20,20,20,20,22,24,27,29,30,30,35],"damage_taken":[{"damage":5,"enemies":"Small Slimes","floor":1,"turns":3},{"damage":1,"enemies":"2 Louse","floor":4,"turns":2},{"damage":6,"enemies":"Cultist","floor":5,"turns":3},{"damage":4,"enemies":"Lagavulin","floor":6,"turns":8},{"damage":7,"enemies":"2 Fungi Beasts","floor":8,"turns":4},{"damage":0,"enemies":"Exordium Wildlife","floor":11,"turns":2},{"damage":27,"enemies":"3 Sentries","floor":12,"turns":7},{"damage":0,"enemies":"Lots of Slimes","floor":14,"turns":2},{"damage":7,"enemies":"The Guardian","floor":16,"turns":11},{"damage":5,"enemies":"Chosen","floor":18,"turns":5},{"damage":0,"enemies":"2 Thieves","floor":20,"turns":5},{"damage":1,"enemies":"Centurion and Healer","floor":22,"turns":10},{"damage":1,"enemies":"conspire:MimicChest","floor":24,"turns":12},{"damage":33,"enemies":"Shelled Parasite and Fungi","floor":27,"turns":5},{"damage":11,"enemies":"conspire:Head Lice","floor":28,"turns":10},{"damage":0,"enemies":"Cultist and Chosen","floor":29,"turns":6},{"damage":19,"enemies":"Slavers","floor":30,"turns":5},{"damage":3,"enemies":"Snecko","floor":31,"turns":6},{"damage":16,"enemies":"Collector","floor":33,"turns":9},{"damage":26,"enemies":"3 Darklings","floor":35,"turns":7},{"damage":53,"enemies":"2 Orb Walkers","floor":36,"turns":3}],"seed_played":"-347982982889367407","potions_obtained":[{"floor":4,"key":"Guardian:BlockOnCardUsePotion"},{"floor":5,"key":"BlessingOfTheForge"},{"floor":6,"key":"PowerPotion"},{"floor":11,"key":"LiquidMemories"},{"floor":12,"key":"SneckoOil"},{"floor":14,"key":"EntropicBrew"},{"floor":16,"key":"Swift Potion"},{"floor":18,"key":"Block Potion"},{"floor":20,"key":"champ:CounterPotion"},{"floor":22,"key":"ColorlessPotion"},{"floor":24,"key":"Strength Potion"},{"floor":27,"key":"Block Potion"},{"floor":29,"key":"Weak Potion"},{"floor":30,"key":"CultistPotion"},{"floor":31,"key":"ColorlessPotion"},{"floor":33,"key":"Ancient Potion"},{"floor":35,"key":"Strength Potion"}],"is_trial":false,"path_per_floor":["M","?","?","M","M","E","R","M","T","?","M","E","$","M","R","B",null,"M","?","M","$","M","R","?","R","T","M","E","M","E","M","R","B",null,"M","?"],"character_chosen":"THE_JESTER","items_purchased":["FossilizedHelix","jesterMod:TrickyDodge","aspiration:Lifesprig"],"campfire_rested":1,"item_purchase_floors":[13,13,21],"current_hp_per_floor":[65,47,47,46,40,36,57,50,50,50,55,33,33,38,38,31,70,70,70,70,70,69,69,72,72,72,40,32,37,31,28,28,12,79,53,0,0],"gold":419,"neow_bonus":"NOSTALGIA","is_daily":false,"chose_seed":false,"campfire_upgraded":3,"win_rate":0.0,"timestamp":1607881267,"path_taken":["M","?","?","M","M","E","R","?","T","?","M","E","$","M","R","BOSS","M","?","?","$","M","R","?","R","T","M","E","M","E","M","R","BOSS","M","?"],"items_purchased_type":["Relic","Card","Relic"],"build_version":"2020-11-30","purchased_purges":0,"victory":false,"max_hp_per_floor":[70,70,70,70,70,70,70,70,70,70,70,70,70,70,70,70,70,70,70,70,70,70,70,73,73,73,73,76,76,79,79,79,79,79,79,79,79],"card_choices":[{"not_picked":["jesterMod:DanceOfChaos","jesterMod:Twirl"],"picked":"jesterMod:OblivionStrike","floor":1},{"not_picked":["infinitespire:DeathsTouch","infinitespire:Menacing"],"picked":"infinitespire:Fortify","floor":2},{"not_picked":["jesterMod:Discretion","jesterMod:Rebuff"],"picked":"jesterMod:Prankster","floor":4},{"not_picked":["jesterMod:Patience","jesterMod:ButterKnife"],"picked":"jesterMod:Exasperation","floor":5},{"not_picked":["jesterMod:Illness","jesterMod:Twirl"],"picked":"jesterMod:Mending","floor":6},{"not_picked":["jesterMod:Talion","jesterMod:SelfMockery"],"picked":"jesterMod:HitAndRun","floor":8},{"not_picked":["jesterMod:Unleash","jesterMod:QuickStrike"],"picked":"jesterMod:Prankster","floor":11},{"not_picked":["jesterMod:Discretion","jesterMod:Frenzy"],"picked":"jesterMod:Schizophrenia","floor":12},{"not_picked":["jesterMod:SwiftDodge","jesterMod:JugglerBlade"],"picked":"jesterMod:Arrythmia","floor":14},{"not_picked":["jesterMod:Squander","jesterMod:Trance"],"picked":"jesterMod:HedgehogForm","floor":16},{"not_picked":["jesterMod:Hide","jesterMod:Inspiration"],"picked":"jesterMod:TrickyDodge","floor":18},{"not_picked":["jesterMod:Loot","jesterMod:SelfMockery"],"picked":"jesterMod:TrickyDodge","floor":20},{"not_picked":["jesterMod:ButterKnife","jesterMod:Precipitation"],"picked":"jesterMod:Inspiration+1","floor":22},{"not_picked":["jesterMod:Tinker+1","jesterMod:Leeches"],"picked":"jesterMod:DesperateStrike+1","floor":24},{"not_picked":["jesterMod:BouncingKnife","jesterMod:JackInTheBox"],"picked":"jesterMod:Unleash+1","floor":27},{"not_picked":["jesterMod:JackInTheBox","jesterMod:Illness"],"picked":"jesterMod:Mending+1","floor":28},{"not_picked":["jesterMod:Rebuff","jesterMod:SmokeScreen"],"picked":"jesterMod:Prankster","floor":29},{"not_picked":["jesterMod:Precipitation","jesterMod:Talion"],"picked":"jesterMod:Swiftness","floor":30},{"not_picked":["jesterMod:JackInTheBox","jesterMod:ButterKnife","jesterMod:OblivionStrike"],"picked":"SKIP","floor":31},{"not_picked":["jesterMod:JackInTheBox","jesterMod:ButterKnife","jesterMod:OblivionStrike"],"picked":"SKIP","floor":31},{"not_picked":["jesterMod:Frustration","jesterMod:Placebo"],"picked":"jesterMod:Momentum","floor":33},{"not_picked":["jesterMod:Rebuff+1","jesterMod:DanceOfChaos+1"],"picked":"jesterMod:Frenzy+1","floor":35}],"player_experience":486215,"relics_obtained":[{"floor":6,"key":"Toy Ornithopter"},{"floor":9,"key":"White Beast Statue"},{"floor":12,"key":"PreservedInsect"},{"floor":24,"key":"Vajra"},{"floor":28,"key":"CeramicFish"},{"floor":30,"key":"Potion Belt"}],"event_choices":[{"cards_removed":["jesterMod:Defend"],"damage_healed":0,"gold_gain":0,"player_choice":"Card Removal","damage_taken":0,"max_hp_gain":0,"max_hp_loss":0,"event_name":"Wheel of Change","floor":3,"gold_loss":0},{"damage_healed":0,"gold_gain":175,"player_choice":"AGREE","damage_taken":0,"max_hp_gain":0,"max_hp_loss":0,"event_name":"Liars Game","floor":10,"gold_loss":0,"cards_obtained":["Doubt"]},{"damage_healed":0,"gold_gain":0,"player_choice":"3 cards matched","damage_taken":0,"max_hp_gain":0,"max_hp_loss":0,"event_name":"Match and Keep!","floor":19,"gold_loss":0,"cards_obtained":["expansioncontent:SuperHexaguard","Doubt","jesterMod:Pillage"]},{"damage_healed":0,"gold_gain":0,"player_choice":"Fight","damage_taken":0,"max_hp_gain":0,"max_hp_loss":0,"event_name":"Mysterious Sphere","floor":36,"gold_loss":0}],"is_beta":false,"boss_relics":[{"not_picked":["aspiration:SilentSkillbook","jesterMod:HarlequinCap"],"picked":"jesterMod:HauntedLute"},{"not_picked":["jesterMod:MachoBrace","aspiration:RitualDagger"],"picked":"conspire:SpecialSausage"}],"items_purged_floors":[],"is_endless":false,"potions_floor_spawned":[4,5,6,11,12,14,16,18,20,22,24,27,28,29,30,31,33,35],"killed_by":"2 Orb Walkers","ascension_level":0}}