{"host":"BK","time":1607823395,"event":{"mods":["BaseMod","Highlight Path","Minty Spire (QoL Compilation)","StSLib"],"gold_per_floor":[110,110,122,122,132,132,167,184,210,210,282,308,308,331,331,331,331],"floor_reached":16,"playtime":387,"items_purged":[],"score":220,"play_id":"ec9ff3db-714a-41fa-b642-100866d2b379","local_time":"20201212183635","is_ascension_mode":true,"campfire_choices":[{"floor":6.0,"key":"REST"},{"floor":10.0,"key":"REST"},{"floor":15,"key":"REST"}],"circlet_count":0,"master_deck":["AscendersBane","Strike_B","Strike_B","Strike_B","Strike_B","Defend_B","Defend_B+1","Defend_B","Defend_B","Zap","Dualcast","Sunder+1","BootSequence","Doom and Gloom","Glacier","Biased Cognition","Steam"],"relics":["Cracked Core","NeowsBlessing","MealTicket","Orichalcum","DataDisk","Symbiotic Virus","Golden Idol"],"acts_visited":["Exordium"],"potions_floor_usage":[12,16,16],"damage_taken":[{"damage":0.0,"enemies":"Jaw Worm","floor":1.0,"turns":1.0},{"damage":0.0,"enemies":"2 Louse","floor":3.0,"turns":1.0},{"damage":0.0,"enemies":"Small Slimes","floor":5.0,"turns":1.0},{"damage":41.0,"enemies":"Lagavulin","floor":7.0,"turns":6.0},{"damage":2.0,"enemies":"Looter","floor":8.0,"turns":3.0},{"damage":25,"enemies":"Gremlin Nob","floor":12,"turns":4},{"damage":0,"enemies":"2 Fungi Beasts","floor":14,"turns":2},{"damage":28,"enemies":"Hexaghost","floor":16,"turns":9}],"seed_played":"5889325779576139447","potions_obtained":[{"floor":7.0,"key":"SteroidPotion"},{"floor":8.0,"key":"Strength Potion"},{"floor":14,"key":"Fire Potion"}],"is_trial":false,"path_per_floor":["M","?","M","?","M","R","E","M","T","R","?","E","?","M","R","B"],"character_chosen":"DEFECT","items_purchased":[],"campfire_rested":3,"item_purchase_floors":[],"current_hp_per_floor":[64,53,53,32,32,53,12,10,10,31,31,6,6,6,25,0,0],"gold":331,"neow_bonus":"THREE_ENEMY_KILL","is_daily":false,"chose_seed":false,"campfire_upgraded":0,"win_rate":0.0,"timestamp":1607823395,"path_taken":["M","?","M","?","?","R","E","M","T","R","?","E","?","M","R","BOSS"],"items_purchased_type":[],"build_version":"2020-12-07","purchased_purges":0,"victory":false,"max_hp_per_floor":[71,71,71,71,71,71,71,71,71,71,71,71,64,64,64,64,64],"card_choices":[{"not_picked":["Compile Driver","Barrage"],"picked":"Sunder","floor":1.0},{"not_picked":["Compile Driver","Go for the Eyes"],"picked":"BootSequence","floor":3.0},{"not_picked":["Cold Snap","Multi-Cast"],"picked":"Doom and Gloom","floor":5.0},{"not_picked":["Beam Cell","Go for the Eyes"],"picked":"Glacier","floor":7.0},{"not_picked":["Hologram","Gash","Auto Shields"],"picked":"SKIP","floor":8.0},{"not_picked":["Rebound","Stack"],"picked":"Biased Cognition","floor":12},{"not_picked":["Compile Driver","Hologram"],"picked":"Steam","floor":14}],"player_experience":2356089,"relics_obtained":[{"floor":7.0,"key":"Orichalcum"},{"floor":9.0,"key":"DataDisk"},{"floor":12,"key":"Symbiotic Virus"}],"event_choices":[{"damage_healed":0.0,"max_hp_gain":0.0,"max_hp_loss":0.0,"gold_gain":0.0,"event_name":"Scrap Ooze","player_choice":"Success","floor":2.0,"gold_loss":0.0,"damage_taken":11.0,"relics_obtained":["MealTicket"]},{"damage_healed":0.0,"max_hp_gain":0.0,"max_hp_loss":0.0,"gold_gain":0.0,"event_name":"Shining Light","player_choice":"Entered Light","floor":4.0,"gold_loss":0.0,"damage_taken":21.0,"cards_upgraded":["Defend_B","Sunder"]},{"damage_healed":0.0,"max_hp_gain":0.0,"max_hp_loss":0.0,"gold_gain":72.0,"event_name":"Golden Wing","player_choice":"Gained Gold","floor":11.0,"gold_loss":0.0,"damage_taken":0.0},{"damage_healed":0,"gold_gain":0,"player_choice":"Lose Max HP","damage_taken":0,"relics_obtained":["Golden Idol"],"max_hp_gain":0,"max_hp_loss":7,"event_name":"Golden Idol","floor":13,"gold_loss":0}],"is_beta":true,"boss_relics":[],"items_purged_floors":[],"is_endless":false,"potions_floor_spawned":[7,8,14],"killed_by":"Hexaghost","ascension_level":20}}