{"host":"vmgez208jp8v3hrj","time":1607866641,"event":{"mods":["BaseMod","Downfall","Lobotomy","LobotomyExtend","Minty Spire (QoL Compilation)","Quick Restart","Replay The Spire","StSLib"],"gold_per_floor":[99,110,110,110,110,121,121,121,121,121,121,24,36,46,46,56,72,172,172,97,111,130,143,83,96,96,21,21,21,6,22,22,7,23,126,126,126,111,111,60,60,72,72,72,91,91,111,111,36,36,54,54,54],"floor_reached":52,"playtime":4473,"items_purged":["hexamod:Strike"],"score":492,"play_id":"30e1ce67-a4bc-4b67-b81d-22685f4fbc00","local_time":"20201213153721","is_ascension_mode":false,"campfire_choices":[{"data":"hexamod:Sear","floor":1.0,"key":"SMITH"},{"data":"hexamod:SkipABeat","floor":3.0,"key":"SMITH"},{"data":"hexamod:ThermalTransfer","floor":8.0,"key":"SMITH"},{"floor":11.0,"key":"RECALL"},{"data":"Specialist","floor":20.0,"key":"SMITH"},{"floor":27.0,"key":"REST"},{"data":"hexamod:SearingWound","floor":29.0,"key":"SMITH"},{"floor":37.0,"key":"DIG"},{"data":"hexamod:HexaLevel","floor":39.0,"key":"SMITH"},{"data":"hexamod:VolcanoVisage","floor":41.0,"key":"SMITH"},{"data":"hexamod:Again","floor":44.0,"key":"SMITH"},{"data":"hexamod:Again","floor":46.0,"key":"SMITH"}],"circlet_count":0,"master_deck":["hexamod:Strike","hexamod:Strike","hexamod:Defend","hexamod:Defend","hexamod:Defend","hexamod:Defend","hexamod:Sear+1","hexamod:Float+1","hexamod:SkipABeat+1","hexamod:ThermalTransfer+1","hexamod:SearingWound+1","Specialist+1","hexamod:StepThrough","hexamod:Again+1","hexamod:FastForward","hexamod:SoulSteal","hexamod:TurnItUp","hexamod:FastForward","hexamod:Rewind+1","hexamod:RadiantFlame","hexamod:ChargedBarrage+1","hexamod:Rewind+1","hexamod:SoulSteal+1","hexamod:StepThrough+1","hexamod:Sear","hexamod:Again+1","hexamod:HexaLevel+1","hexamod:VolcanoVisage+1","hexamod:EmpoweringStance","hexamod:InspiringFlames+1","hexamod:HeatMetal","hexamod:Firestarter","hexamod:Firestarter","hexamod:SpectralAdrenaline+1","hexamod:InspiringFlames"],"relics":["hexamod:SpiritBrand","LetterFromLob","Meat on the Bone","Sozu","downfall:HeartBlessingRed","downfall:HeartBlessingBlue","Busted Crown","Vajra","Matryoshka","ReplayTheSpireMod:TigerMarble","Ice Cream"],"acts_visited":["Exordium","TheCity","TheBeyond"],"potions_floor_usage":[52],"damage_taken":[{"damage":9.0,"enemies":"Small Slimes","floor":2.0,"turns":5.0},{"damage":0.0,"enemies":"2 Louse","floor":6.0,"turns":3.0},{"damage":0.0,"enemies":"downfall:FleeingMerchant","floor":12.0,"turns":4.0},{"damage":0.0,"enemies":"Cultist","floor":13.0,"turns":3.0},{"damage":0.0,"enemies":"Large Slime","floor":14.0,"turns":3.0},{"damage":15.0,"enemies":"Gremlin Gang","floor":16.0,"turns":5.0},{"damage":5.0,"enemies":"Exordium Wildlife","floor":17.0,"turns":4.0},{"damage":20.0,"enemies":"downfall:Watcher","floor":18.0,"turns":10.0},{"damage":27.0,"enemies":"3 Byrds","floor":21.0,"turns":5.0},{"damage":0.0,"enemies":"Chosen","floor":22.0,"turns":3.0},{"damage":28.0,"enemies":"3 Cultists","floor":23.0,"turns":6.0},{"damage":17.0,"enemies":"Snake Plant","floor":25.0,"turns":4.0},{"damage":5.0,"enemies":"downfall:FleeingMerchant","floor":30.0,"turns":4.0},{"damage":6.0,"enemies":"Centurion and Healer","floor":31.0,"turns":3.0},{"damage":6.0,"enemies":"downfall:FleeingMerchant","floor":33.0,"turns":4.0},{"damage":30.0,"enemies":"Snecko","floor":34.0,"turns":6.0},{"damage":26.0,"enemies":"downfall:Defect","floor":35.0,"turns":9.0},{"damage":10.0,"enemies":"downfall:FleeingMerchant","floor":38.0,"turns":4.0},{"damage":9.0,"enemies":"downfall:FleeingMerchant","floor":40.0,"turns":3.0},{"damage":28.0,"enemies":"3 Darklings","floor":42.0,"turns":6.0},{"damage":1.0,"enemies":"Orb Walker","floor":45.0,"turns":4.0},{"damage":37.0,"enemies":"Maw","floor":47.0,"turns":7.0},{"damage":15.0,"enemies":"Transient","floor":51.0,"turns":5.0},{"damage":27,"enemies":"downfall:Silent","floor":52,"turns":5}],"seed_played":"5908335388881474611","potions_obtained":[{"floor":2.0,"key":"Regen Potion"},{"floor":14.0,"key":"Fire Potion"},{"floor":17.0,"key":"GamblersBrew"}],"is_trial":false,"path_per_floor":["R","M","R","?","?","M","T","R","PTL","PTL","R","$","M","M","?","M","M","B",null,"R","M","M","M","?","M","T","R","?","R","$","M","?","$","M","B",null,"R","$","R","$","R","M","T","R","M","R","M","?","$","?","M","B"],"character_chosen":"THE_SPIRIT","items_purchased":["Specialist","hexamod:InspiringFlames+1","Matryoshka","hexamod:HeatMetal","hexamod:Firestarter"],"campfire_rested":1,"item_purchase_floors":[12,40,40,40,40],"current_hp_per_floor":[77,68,68,68,68,68,68,68,68,68,68,68,68,68,76,61,56,48,77,77,50,50,34,34,29,29,65,65,65,60,54,54,48,30,31,87,87,77,77,68,68,52,52,52,51,51,26,26,26,26,23,0,0],"gold":54,"neow_bonus":"TEN_PERCENT_HP_BONUS","is_daily":false,"chose_seed":false,"campfire_upgraded":9,"win_rate":0.0,"timestamp":1607866641,"path_taken":["R","M","R","?","?","?","T","R","PTL","PTL","R","$","M","M","?","M","M","BOSS","R","M","M","M","?","M","T","R","?","R","$","?","?","?","M","BOSS","R","$","R","$","R","M","T","R","M","R","M","?","$","?","M","BOSS"],"items_purchased_type":["Card","Card","Relic","Card","Card"],"build_version":"2020-11-30","purchased_purges":1,"victory":false,"max_hp_per_floor":[77,77,77,77,77,77,77,77,77,77,77,77,77,77,77,77,77,77,77,77,77,77,77,77,77,77,87,87,87,87,87,87,87,87,87,87,87,87,87,87,87,87,87,87,87,87,87,87,87,87,87,87,87],"card_choices":[{"not_picked":["hexamod:Hexaguard","hexamod:NightmareGuise"],"picked":"hexamod:SkipABeat","floor":2.0},{"not_picked":["hexamod:FourthSeal","hexamod:GhostShield"],"picked":"hexamod:ThermalTransfer","floor":6.0},{"not_picked":["hexamod:BurningTouch","hexamod:CatchUp"],"picked":"hexamod:SearingWound","floor":12.0},{"not_picked":["hexamod:GhostOfSpireFuture","hexamod:PhantomFireball"],"picked":"hexamod:StepThrough","floor":13.0},{"not_picked":["hexamod:SpectersWail","hexamod:InspiringFlames"],"picked":"hexamod:Again","floor":14.0},{"not_picked":["hexamod:Incineration","hexamod:SwordOfDarkness"],"picked":"hexamod:FastForward","floor":16.0},{"not_picked":["hexamod:PhantomCloak","hexamod:SkipABeat"],"picked":"hexamod:SoulSteal","floor":17.0},{"not_picked":["hexamod:FifthSeal","hexamod:EmpoweringStance"],"picked":"hexamod:TurnItUp","floor":18.0},{"not_picked":["hexamod:SecondSeal","hexamod:NightmareGuise"],"picked":"hexamod:FastForward","floor":21.0},{"not_picked":["hexamod:AdvancingGuard","hexamod:EmpoweredFlame+1"],"picked":"hexamod:Rewind+1","floor":22.0},{"not_picked":["hexamod:NecessarySacrifice","hexamod:PhantomFireball+1"],"picked":"hexamod:RadiantFlame","floor":23.0},{"not_picked":["hexamod:SwordOfDarkness+1","hexamod:Hexaguard"],"picked":"hexamod:ChargedBarrage+1","floor":25.0},{"not_picked":["hexamod:RecurringNightmare+1","hexamod:SpectersWail"],"picked":"hexamod:SoulSteal+1","floor":30.0},{"not_picked":["hexamod:Again+1","hexamod:SwordOfDarkness"],"picked":"hexamod:StepThrough+1","floor":31.0},{"not_picked":["hexamod:ThermalTransfer+1","hexamod:PhantomFireball","hexamod:InspiringFlames"],"picked":"SKIP","floor":33.0},{"not_picked":["hexamod:Hexaguard","hexamod:GhostLash"],"picked":"hexamod:HexaLevel","floor":34.0},{"not_picked":["hexamod:CrushingStance","hexamod:ParanormalForm"],"picked":"hexamod:VolcanoVisage","floor":35.0},{"not_picked":[],"picked":"hexamod:EmpoweringStance","floor":38.0},{"not_picked":["hexamod:PhantomCloak+1"],"picked":"SKIP","floor":40.0},{"not_picked":[],"picked":"hexamod:Firestarter","floor":42.0},{"not_picked":[],"picked":"hexamod:SpectralAdrenaline+1","floor":45.0},{"not_picked":[],"picked":"hexamod:InspiringFlames","floor":47.0},{"not_picked":["hexamod:GhostOfSpirePresent"],"picked":"SKIP","floor":51.0}],"player_experience":87649,"relics_obtained":[{"floor":6.0,"key":"LetterFromLob"},{"floor":7.0,"key":"Meat on the Bone"},{"floor":37.0,"key":"Vajra"},{"floor":43.0,"key":"ReplayTheSpireMod:TigerMarble"},{"floor":43.0,"key":"Ice Cream"}],"event_choices":[{"cards_removed":["hexamod:Strike"],"damage_healed":0.0,"max_hp_gain":0.0,"max_hp_loss":0.0,"gold_gain":0.0,"event_name":"Purifier","player_choice":"Purged","floor":5.0,"gold_loss":0.0,"damage_taken":0.0},{"damage_healed":0.0,"max_hp_gain":0.0,"max_hp_loss":0.0,"gold_gain":0.0,"event_name":"Duplicator","player_choice":"Copied","floor":28.0,"gold_loss":0.0,"damage_taken":0.0,"cards_obtained":["hexamod:Rewind"]}],"is_beta":false,"boss_relics":[{"not_picked":["Calling Bell","Replay:Ancient Bell"],"picked":"Sozu"},{"not_picked":["Fusion Hammer","Replay:Bronze Core"],"picked":"Busted Crown"}],"items_purged_floors":[49],"is_endless":false,"potions_floor_spawned":[2,14,17,22,23,34,35,42,51],"killed_by":"downfall:Silent","ascension_level":0}}