{"host":"ks12kfi5c4d9hdxy","time":1607883301,"event":{"mods":["BaseMod","Conspire","GifTheSpireLib","HololiveMod","Koishi","LagranYue(拉格朗・月)","Marisa（F雨　魔理沙）","Minty Spire (QoL Compilation)","Reimu（博丽灵梦）","Remilia（蕾米莉亚）","Replay The Spire","RumiaBox-露米娅的神秘盒子","StSLib","SuperFastMode","The Administrix","The Servant 0.9.4","Youmu（魂魄妖梦）","Yuyuko","【功能Mod】混沌之环修复补丁","【功能Mod】聪明的最终Boss","篝火指南"],"gold_per_floor":[114,39,59,69,69,69,103,103,129,155,172,172,204,50,50,124,124,139,158,78,78,91,91,91],"floor_reached":23,"playtime":772,"items_purged":[],"score":410,"play_id":"80e90dc8-4bde-4b64-8ebe-0d8ea7f06ce7","local_time":"20201214021501","is_ascension_mode":true,"campfire_choices":[{"data":"MasterSpark","floor":6.0,"key":"SMITH"},{"floor":8.0,"key":"REST"},{"floor":12.0,"key":"REST"},{"data":"UpSweep","floor":15.0,"key":"SMITH"}],"circlet_count":0,"master_deck":["AscendersBane","Strike_MRS","Strike_MRS","Strike_MRS","Strike_MRS","Defend_MRS","Defend_MRS","Defend_MRS","MasterSpark+1","UpSweep+1","DoubleSpark","ShootTheMoon","GasGiant","EarthLightRay","GrandCross+1","JA+1","ManaConvection","ZunPunch:ReiMu","EarthLightRay+1"],"relics":["BewitchedHakkero","LagranYue:RandomDrawCardRelic","NeowsBlessing","SSSystem","Molten Egg 2","Potion Belt","Pet Ghost","Ancient Tea Set","RuthlessExorcism:ReiMu"],"acts_visited":["Exordium","TheCity"],"potions_floor_usage":[16,16,23],"damage_taken":[{"damage":0.0,"enemies":"Small Slimes","floor":1.0,"turns":1.0},{"damage":0.0,"enemies":"Cultist","floor":3.0,"turns":1.0},{"damage":0.0,"enemies":"2 Louse","floor":4.0,"turns":1.0},{"damage":40.0,"enemies":"3 Sentries","floor":7.0,"turns":9.0},{"damage":25.0,"enemies":"Lagavulin","floor":10.0,"turns":7.0},{"damage":0.0,"enemies":"2 Fungi Beasts","floor":11.0,"turns":2.0},{"damage":0.0,"enemies":"Gremlin Nob","floor":13.0,"turns":3.0},{"damage":27,"enemies":"The Guardian","floor":16,"turns":10},{"damage":20,"enemies":"Shell Parasite","floor":18,"turns":3},{"damage":17,"enemies":"2 Thieves","floor":19,"turns":4},{"damage":34,"enemies":"Snecko","floor":22,"turns":4},{"damage":20,"enemies":"conspire:SneckoGhost","floor":23,"turns":1}],"seed_played":"5501217975196542044","potions_obtained":[{"floor":10.0,"key":"Dexterity Potion"},{"floor":11.0,"key":"LifebloodPotion"},{"floor":13.0,"key":"Milkshake"},{"floor":19,"key":"Venom Potion"},{"floor":22,"key":"GrandPatriotsElixir:ReiMu"}],"is_trial":false,"path_per_floor":["M","?","M","M","?","R","E","R","T","E","M","R","E","$","R","B",null,"M","M","?","?","M","E"],"character_chosen":"MARISA","items_purchased":["RuthlessExorcism:ReiMu"],"campfire_rested":2,"item_purchase_floors":[14],"current_hp_per_floor":[63,63,63,63,58,58,18,39,39,18,18,39,39,39,39,16,57,41,28,28,42,12,0,0],"gold":91,"neow_bonus":"THREE_ENEMY_KILL","is_daily":false,"chose_seed":false,"campfire_upgraded":2,"win_rate":0.0,"timestamp":1607883301,"path_taken":["M","?","M","?","?","R","E","R","T","E","M","R","E","$","R","BOSS","M","M","?","?","M","E"],"items_purchased_type":["Relic"],"build_version":"2020-11-30","purchased_purges":0,"victory":false,"max_hp_per_floor":[70,70,70,70,70,70,70,70,70,70,70,70,70,70,70,70,70,70,70,70,70,70,70,70],"card_choices":[{"not_picked":["GravityBeat","Occultation"],"picked":"DoubleSpark","floor":1.0},{"not_picked":["EventHorizon","ShootTheMoon","StarBarrage"],"picked":"SKIP","floor":3.0},{"not_picked":["EventHorizon","StarBarrage"],"picked":"ShootTheMoon","floor":3.0},{"not_picked":["ChargeUpSpray","GravityBeat"],"picked":"GasGiant","floor":4.0},{"not_picked":["MilkyWay","NonDirectionalLaser+1"],"picked":"EarthLightRay","floor":7.0},{"not_picked":["StarlightTyphoon","MilkyWay"],"picked":"GrandCross+1","floor":10.0},{"not_picked":["6A+1","GravityBeat+1","PowerUp"],"picked":"SKIP","floor":11.0},{"not_picked":["SporeBomb","BinaryStars","GravityBeat+1"],"picked":"SKIP","floor":13.0},{"not_picked":["MaximisePower","CollectingQuirk+1"],"picked":"JA+1","floor":16},{"not_picked":["WitchLeyline+1","NonDirectionalLaser+1"],"picked":"ManaConvection","floor":18},{"not_picked":["MagicChant","GravityBeat+1","UnstableBomb+1"],"picked":"SKIP","floor":19},{"not_picked":["ManaConvection","WitchOfGreed"],"picked":"EarthLightRay+1","floor":22}],"player_experience":447644,"relics_obtained":[{"floor":7.0,"key":"Molten Egg 2"},{"floor":9.0,"key":"Potion Belt"},{"floor":10.0,"key":"Pet Ghost"},{"floor":13.0,"key":"Ancient Tea Set"}],"event_choices":[{"cards_removed":["Defend_MRS"],"damage_healed":0.0,"max_hp_gain":0.0,"max_hp_loss":0.0,"gold_gain":0.0,"event_name":"The Cleric","player_choice":"Card Removal","floor":2.0,"gold_loss":75.0,"damage_taken":0.0},{"damage_healed":0.0,"max_hp_gain":0.0,"max_hp_loss":0.0,"gold_gain":0.0,"event_name":"Scrap Ooze","player_choice":"Success","floor":5.0,"gold_loss":0.0,"damage_taken":5.0,"relics_obtained":["SSSystem"]},{"damage_healed":0,"gold_gain":0,"player_choice":"交出神酒","damage_taken":0,"max_hp_gain":0,"max_hp_loss":0,"event_name":"ZunEvent","floor":20,"relics_lost":["ZunR:ReiMu"],"gold_loss":0,"cards_obtained":["ZunPunch:ReiMu"]},{"damage_healed":14,"gold_gain":0,"player_choice":"Heal","damage_taken":0,"max_hp_gain":0,"max_hp_loss":0,"event_name":"The Library","floor":21,"gold_loss":0}],"is_beta":false,"boss_relics":[{"not_picked":["Pandora\u0027s Box","LagranYue:ContractPerformanceRelic"],"picked":"BewitchedHakkero"}],"items_purged_floors":[],"is_endless":false,"potions_floor_spawned":[10,11,13,19,22],"killed_by":"conspire:SneckoGhost","ascension_level":15}}