{"host":"qw1m3zcvi888b4j7","time":1607900286,"event":{"mods":["AchievementEnabler","BaseMod","Block Reminder","Colored Map","Colored Powertips","Consume Value Calculator","DeckTracker","Highlight Path","Minty Spire (QoL Compilation)","Quick Restart","Rare Cards Sparkle","Relic Sorter","Relic Stats"],"gold_per_floor":[115,115,129,129,41,41,41,41,117,117,137,152,152,169,169,269,269,283,233,253,15,15,15,15],"floor_reached":23,"playtime":987,"items_purged":["Injury","Regret"],"score":213,"play_id":"f8b76487-9b09-4605-b6ff-a6bad58671e6","local_time":"20201213235806","is_ascension_mode":true,"campfire_choices":[{"floor":6,"key":"RECALL"},{"floor":8,"key":"REST"},{"data":"Echo Form","floor":10,"key":"SMITH"},{"floor":13,"key":"REST"},{"data":"Auto Shields","floor":15,"key":"SMITH"}],"circlet_count":0,"master_deck":["Defend_B","Defend_B","Defend_B","Defend_B","Zap+1","Dualcast","Echo Form+1","Gash","Capacitor","Loop","Auto Shields+1","Coolheaded","Sweeping Beam","All For One","Genetic Algorithm","Beam Cell+1","Bite","Bite","Bite","Bite","Bite"],"relics":["Cracked Core","Smiling Mask","Omamori","Cursed Key","White Beast Statue"],"acts_visited":["Exordium","TheCity"],"potions_floor_usage":[16,16,18],"damage_taken":[{"damage":9,"enemies":"2 Louse","floor":1,"turns":4},{"damage":0,"enemies":"Small Slimes","floor":3,"turns":3},{"damage":6,"enemies":"Jaw Worm","floor":11,"turns":3},{"damage":17,"enemies":"Large Slime","floor":12,"turns":5},{"damage":4,"enemies":"Exordium Wildlife","floor":14,"turns":7},{"damage":40,"enemies":"The Guardian","floor":16,"turns":12},{"damage":34,"enemies":"2 Thieves","floor":18,"turns":4},{"damage":37,"enemies":"3 Byrds","floor":20,"turns":5},{"damage":11,"enemies":"Book of Stabbing","floor":23,"turns":2}],"seed_played":"-3575324685099463091","potions_obtained":[{"floor":11,"key":"PowerPotion"},{"floor":14,"key":"Dexterity Potion"},{"floor":16,"key":"Fire Potion"},{"floor":18,"key":"SpeedPotion"}],"is_trial":false,"path_per_floor":["M","?","M","?","$","R","?","R","T","R","M","M","R","M","R","B",null,"M","$","M","$","?","E"],"character_chosen":"DEFECT","items_purchased":["Loop","White Beast Statue"],"campfire_rested":2,"item_purchase_floors":[5,21],"current_hp_per_floor":[66,51,51,51,51,51,26,48,48,48,42,25,47,43,43,3,75,41,41,4,4,4,0,0],"gold":15,"neow_bonus":"THREE_RARE_CARDS","is_daily":false,"chose_seed":false,"campfire_upgraded":2,"win_rate":0.0,"timestamp":1607900286,"path_taken":["M","?","M","?","$","R","?","R","T","R","M","M","R","M","R","BOSS","M","$","M","$","?","E"],"items_purchased_type":["Card","Relic"],"build_version":"2020-11-30","purchased_purges":2,"victory":false,"max_hp_per_floor":[75,75,75,75,75,75,75,75,75,75,75,75,75,75,75,75,75,75,75,75,75,52,52,52],"relic_stats":{"counters":[9,45],"Smiling Mask":75,"Cursed Key":0,"obtain_stats":[{"Omamori":7,"Cracked Core":0,"Smiling Mask":4,"Cursed Key":17,"White Beast Statue":21},{"Omamori":2,"Cracked Core":0,"Smiling Mask":2,"Cursed Key":6,"White Beast Statue":8},{"Omamori":7,"Cracked Core":0,"Smiling Mask":7,"Cursed Key":34,"White Beast Statue":43}]},"card_choices":[{"not_picked":["Biased Cognition","Thunder Strike"],"picked":"Echo Form","floor":0},{"not_picked":["Doom and Gloom","Streamline"],"picked":"Gash","floor":1},{"not_picked":["Gash","Coolheaded"],"picked":"Capacitor","floor":3},{"not_picked":["Heatsinks","Reinforced Body"],"picked":"Auto Shields","floor":11},{"not_picked":["Steam","Streamline"],"picked":"Coolheaded","floor":12},{"not_picked":["Leap","Reinforced Body"],"picked":"Sweeping Beam","floor":14},{"not_picked":["Amplify","Meteor Strike"],"picked":"All For One","floor":16},{"not_picked":["Coolheaded","Sweeping Beam"],"picked":"Genetic Algorithm","floor":18},{"not_picked":["Compile Driver","Stack"],"picked":"Beam Cell+1","floor":20}],"player_experience":51208,"relics_obtained":[],"event_choices":[{"damage_healed":0,"gold_gain":0,"player_choice":"Entered Light","damage_taken":15,"max_hp_gain":0,"max_hp_loss":0,"event_name":"Shining Light","floor":2,"gold_loss":0,"cards_upgraded":["Strike_B","Zap"]},{"damage_healed":0,"gold_gain":0,"player_choice":"Box","damage_taken":0,"relics_obtained":["Smiling Mask"],"max_hp_gain":0,"max_hp_loss":0,"event_name":"Big Fish","floor":4,"gold_loss":0,"cards_obtained":["Regret"]},{"damage_healed":0,"gold_gain":0,"player_choice":"Success","damage_taken":25,"relics_obtained":["Omamori"],"max_hp_gain":0,"max_hp_loss":0,"event_name":"Scrap Ooze","floor":7,"gold_loss":0},{"damage_healed":0,"gold_gain":0,"player_choice":"Became a vampire","damage_taken":0,"max_hp_gain":0,"max_hp_loss":23,"event_name":"Vampires","floor":22,"gold_loss":0,"cards_obtained":["Bite","Bite","Bite","Bite","Bite"]}],"is_beta":false,"boss_relics":[{"not_picked":["FrozenCore","Snecko Eye"],"picked":"Cursed Key"}],"items_purged_floors":[5,19],"is_endless":false,"potions_floor_spawned":[11,14,16,18],"killed_by":"Book of Stabbing","ascension_level":1}}