{"host":"qw1m3zcvi888b4j7","time":1607883277,"event":{"mods":["AchievementEnabler","BaseMod","Block Reminder","Colored Map","Colored Powertips","Consume Value Calculator","DeckTracker","Highlight Path","Minty Spire (QoL Compilation)","Quick Restart","Rare Cards Sparkle","Relic Sorter","Relic Stats"],"gold_per_floor":[114,114,129,129,144,144,174,174,199,229,7,22,37,52,52,152,152,167,182,182,17,32,32,62,77,127,2,2,32,32,47,47,147,147,162,212,212,212,172,172,172],"floor_reached":40,"playtime":2528,"items_purged":["Pain"],"score":509,"play_id":"2fd388b1-b721-4365-8ad5-8bd6f025bde9","local_time":"20201213191437","daily_mods":["Specialized","Colorless Cards","Binary"],"is_ascension_mode":false,"campfire_choices":[{"data":"Pray","floor":6,"key":"SMITH"},{"data":"Eruption","floor":8,"key":"SMITH"},{"floor":15,"key":"REST"},{"data":"LessonLearned","floor":23,"key":"SMITH"},{"floor":28,"key":"REST"},{"floor":32,"key":"REST"}],"circlet_count":0,"master_deck":["Defend_P","Defend_P","Defend_P","Defend_P","Eruption+1","Vigilance+1","ThirdEye","ThirdEye","ThirdEye","ThirdEye","EmptyFist","FollowUp","Pray+1","Indignation","Flash of Steel","Nirvana","EmptyFist","PathToVictory","PathToVictory","Panache","Consecrate+1","MentalFortress","LessonLearned+1","Crescendo","FlyingSleeves","ClearTheMind","MentalFortress+1","SashWhip","Bite","Bite","Bite","Bite+1","Bite","JustLucky","BowlingBash","Mayhem","JustLucky","Wallop","Sadistic Nature","Panacea","Purity"],"relics":["HolyWater","WarpedTongs","Strawberry","Akabeko","Pantograph","Membership Card","TeardropLocket","InkBottle","Dream Catcher","Bottled Tornado","Darkstone Periapt","Philosopher\u0027s Stone","Dead Branch"],"acts_visited":["Exordium","TheCity","TheBeyond"],"potions_floor_usage":[7,16,16,16,24,24,31,33,40],"damage_taken":[{"damage":1,"enemies":"Small Slimes","floor":1,"turns":4},{"damage":2,"enemies":"Cultist","floor":3,"turns":5},{"damage":0,"enemies":"2 Louse","floor":5,"turns":2},{"damage":18,"enemies":"Lagavulin","floor":7,"turns":6},{"damage":14,"enemies":"3 Sentries","floor":10,"turns":5},{"damage":12,"enemies":"Exordium Thugs","floor":12,"turns":6},{"damage":15,"enemies":"Lots of Slimes","floor":13,"turns":4},{"damage":0,"enemies":"Looter","floor":14,"turns":2},{"damage":13,"enemies":"Slime Boss","floor":16,"turns":5},{"damage":3,"enemies":"Chosen","floor":18,"turns":3},{"damage":0,"enemies":"Shell Parasite","floor":19,"turns":4},{"damage":16,"enemies":"Shelled Parasite and Fungi","floor":22,"turns":5},{"damage":5,"enemies":"Gremlin Leader","floor":24,"turns":6},{"damage":4,"enemies":"Chosen and Byrds","floor":25,"turns":5},{"damage":17,"enemies":"Book of Stabbing","floor":29,"turns":5},{"damage":0,"enemies":"Centurion and Healer","floor":31,"turns":3},{"damage":104,"enemies":"Automaton","floor":33,"turns":9},{"damage":7,"enemies":"Orb Walker","floor":35,"turns":3},{"damage":0,"enemies":"Mind Bloom Boss Battle","floor":36,"turns":3},{"damage":64,"enemies":"Reptomancer","floor":40,"turns":2}],"seed_played":"4834798368356638827","potions_obtained":[{"floor":1,"key":"Weak Potion"},{"floor":5,"key":"SteroidPotion"},{"floor":12,"key":"Dexterity Potion"},{"floor":14,"key":"Block Potion"},{"floor":16,"key":"ColorlessPotion"},{"floor":19,"key":"Block Potion"},{"floor":20,"key":"FairyPotion"},{"floor":25,"key":"ColorlessPotion"},{"floor":31,"key":"Ancient Potion"},{"floor":39,"key":"PowerPotion"},{"floor":39,"key":"BlessingOfTheForge"},{"floor":39,"key":"DuplicationPotion"}],"is_trial":false,"path_per_floor":["M","?","M","?","M","R","E","R","T","E","$","M","M","M","R","B",null,"M","M","?","$","M","R","E","M","T","$","R","E","?","M","R","B",null,"M","?","?","?","?","E"],"character_chosen":"WATCHER","items_purchased":["Membership Card","Nirvana","TeardropLocket","LessonLearned","Bottled Tornado"],"campfire_rested":3,"item_purchase_floors":[11,11,21,21,27],"current_hp_per_floor":[71,72,70,70,70,70,59,59,59,45,45,33,18,18,41,53,79,76,76,76,76,60,60,55,51,51,51,74,57,55,55,55,2,55,50,55,52,42,42,0,0],"gold":172,"neow_bonus":"","is_daily":true,"chose_seed":false,"campfire_upgraded":3,"win_rate":0.0,"timestamp":1607883277,"path_taken":["M","?","?","?","M","R","E","R","T","E","?","?","M","M","R","BOSS","M","M","?","?","?","R","E","M","T","$","R","E","?","M","R","BOSS","M","?","?","?","?","E"],"items_purchased_type":["Relic","Card","Relic","Card","Relic"],"build_version":"2020-11-30","purchased_purges":1,"victory":false,"max_hp_per_floor":[72,72,72,72,72,72,79,79,79,79,79,79,79,79,79,79,79,79,79,79,79,79,79,79,79,79,79,79,79,55,55,55,55,55,55,55,52,52,52,52,52],"relic_stats":{"Darkstone Periapt":0,"Dream Catcher":2,"counters":[20,87],"Pantograph":30,"Dead Branch":[0],"obtain_stats":[{"Darkstone Periapt":29,"Dead Branch":36,"TeardropLocket":21,"Bottled Tornado":27,"Akabeko":9,"WarpedTongs":4,"Dream Catcher":26,"Strawberry":7,"Pantograph":10,"HolyWater":17,"Philosopher\u0027s Stone":34,"Membership Card":11,"PureWater":0,"InkBottle":24},{"Darkstone Periapt":15,"Dead Branch":19,"TeardropLocket":11,"Bottled Tornado":14,"Akabeko":4,"WarpedTongs":2,"Dream Catcher":14,"Strawberry":4,"Pantograph":5,"HolyWater":9,"Philosopher\u0027s Stone":17,"Membership Card":5,"PureWater":0,"InkBottle":13},{"Darkstone Periapt":67,"Dead Branch":85,"TeardropLocket":46,"Bottled Tornado":62,"Akabeko":17,"WarpedTongs":9,"Dream Catcher":62,"Strawberry":17,"Pantograph":22,"HolyWater":39,"Philosopher\u0027s Stone":79,"Membership Card":22,"PureWater":0,"InkBottle":57}],"InkBottle":[14],"WarpedTongs":[78]},"card_choices":[{"not_picked":["Halt"],"picked":"EmptyFist","floor":1},{"not_picked":["CrushJoints"],"picked":"FollowUp","floor":3},{"not_picked":["Evaluate"],"picked":"Pray","floor":5},{"not_picked":["FlyingSleeves"],"picked":"Indignation","floor":7},{"not_picked":["Finesse"],"picked":"Flash of Steel","floor":10},{"not_picked":["PanicButton"],"picked":"EmptyFist","floor":12},{"not_picked":["Good Instincts"],"picked":"PathToVictory","floor":13},{"not_picked":["Crescendo"],"picked":"PathToVictory","floor":14},{"not_picked":["Scrawl"],"picked":"Panache","floor":16},{"not_picked":["Evaluate+1"],"picked":"Consecrate+1","floor":18},{"not_picked":["CrushJoints+1"],"picked":"MentalFortress","floor":19},{"not_picked":["SashWhip+1"],"picked":"Crescendo","floor":22},{"not_picked":["CutThroughFate"],"picked":"FlyingSleeves","floor":24},{"not_picked":["SignatureMove"],"picked":"ClearTheMind","floor":25},{"not_picked":["CutThroughFate"],"picked":"MentalFortress+1","floor":28},{"not_picked":["Secret Weapon"],"picked":"SashWhip","floor":29},{"not_picked":["CrushJoints"],"picked":"JustLucky","floor":31},{"not_picked":["Evaluate"],"picked":"BowlingBash","floor":32},{"not_picked":["Master of Strategy"],"picked":"Mayhem","floor":33},{"not_picked":["SignatureMove+1"],"picked":"JustLucky","floor":35},{"not_picked":["BowlingBash+1"],"picked":"Wallop","floor":36},{"not_picked":["Discovery"],"picked":"Sadistic Nature","floor":38},{"not_picked":["Trip"],"picked":"Panacea","floor":38},{"not_picked":["Sadistic Nature"],"picked":"Purity","floor":38}],"player_experience":42119,"relics_obtained":[{"floor":7,"key":"Strawberry"},{"floor":9,"key":"Akabeko"},{"floor":10,"key":"Pantograph"},{"floor":24,"key":"InkBottle"},{"floor":26,"key":"Dream Catcher"},{"floor":29,"key":"Darkstone Periapt"},{"floor":36,"key":"Dead Branch"}],"event_choices":[{"cards_removed":["ThirdEye"],"damage_healed":5,"gold_gain":0,"player_choice":"Offered Common","damage_taken":0,"max_hp_gain":0,"max_hp_loss":0,"event_name":"Bonfire Elementals","floor":2,"gold_loss":0},{"cards_removed":["ThirdEye"],"damage_healed":5,"gold_gain":0,"player_choice":"Offered Special","damage_taken":0,"max_hp_gain":0,"max_hp_loss":0,"event_name":"Bonfire Elementals","floor":2,"gold_loss":0},{"damage_healed":0,"gold_gain":0,"player_choice":"Rummage","damage_taken":0,"relics_obtained":["WarpedTongs"],"max_hp_gain":0,"max_hp_loss":0,"event_name":"Accursed Blacksmith","floor":4,"gold_loss":0,"cards_obtained":["Pain"]},{"damage_healed":0,"gold_gain":0,"player_choice":"Got Potions","damage_taken":0,"max_hp_gain":0,"max_hp_loss":0,"event_name":"Lab","floor":20,"gold_loss":0},{"damage_healed":0,"gold_gain":0,"player_choice":"Became a vampire","damage_taken":0,"max_hp_gain":0,"max_hp_loss":24,"event_name":"Vampires","floor":30,"gold_loss":0,"cards_obtained":["Bite","Bite","Bite","Bite","Bite"]},{"damage_healed":0,"gold_gain":0,"player_choice":"Fight","damage_taken":0,"max_hp_gain":0,"max_hp_loss":0,"event_name":"MindBloom","floor":36,"gold_loss":0},{"damage_healed":0,"gold_gain":0,"player_choice":"Max HP","damage_taken":0,"max_hp_gain":0,"max_hp_loss":3,"event_name":"Winding Halls","floor":37,"gold_loss":0},{"damage_healed":0,"gold_gain":0,"player_choice":"Memory 3","damage_taken":10,"max_hp_gain":0,"max_hp_loss":0,"event_name":"SensoryStone","floor":38,"gold_loss":0},{"damage_healed":0,"gold_gain":0,"player_choice":"Bought 3 Potions","damage_taken":0,"max_hp_gain":0,"max_hp_loss":0,"event_name":"The Woman in Blue","floor":39,"gold_loss":0}],"is_beta":false,"boss_relics":[{"not_picked":["Tiny House","Empty Cage"],"picked":"HolyWater"},{"not_picked":["Pandora\u0027s Box","Fusion Hammer"],"picked":"Philosopher\u0027s Stone"}],"items_purged_floors":[11],"is_endless":false,"potions_floor_spawned":[1,5,12,14,16,19,25,31],"killed_by":"Reptomancer","ascension_level":0}}