{"host":"f3zi5bw4of71qj4o","time":1607877039,"event":{"mods":["BaseMod","DeckTracker","Highlight Path","Minty Spire (QoL Compilation)","Relic Stats","StSLib","SuperFastMode"],"gold_per_floor":[118,129,16,32,107,107,133,133,207,132,132,163,163,48,48,48,48],"floor_reached":16,"playtime":523,"items_purged":["Strike_R"],"score":212,"play_id":"ae37554d-e677-41bd-af04-8d2e11a5b13c","local_time":"20201213173039","is_ascension_mode":true,"campfire_choices":[{"data":"Armaments","floor":6,"key":"SMITH"},{"data":"Bash","floor":11,"key":"SMITH"},{"data":"Armaments","floor":15,"key":"SMITH"}],"circlet_count":0,"master_deck":["AscendersBane","Strike_R","Strike_R","Strike_R","Strike_R","Defend_R","Defend_R","Defend_R","Defend_R","Bash+1","Feed","Thunderclap","Cleave","Armaments+1","Inflame","Inflame","Fiend Fire","Impervious","Armaments+1","Metallicize"],"relics":["Burning Blood","Anchor","Golden Idol","Boot"],"acts_visited":["Exordium"],"potions_floor_usage":[7,7,12],"damage_taken":[{"damage":12,"enemies":"Jaw Worm","floor":1,"turns":3},{"damage":22,"enemies":"Small Slimes","floor":2,"turns":4},{"damage":2,"enemies":"Cultist","floor":4,"turns":4},{"damage":8,"enemies":"Gremlin Nob","floor":7,"turns":3},{"damage":30,"enemies":"Lagavulin","floor":12,"turns":5},{"damage":17,"enemies":"The Guardian","floor":16,"turns":7}],"seed_played":"-5989430116940101223","potions_obtained":[{"floor":2,"key":"Dexterity Potion"},{"floor":4,"key":"ColorlessPotion"},{"floor":7,"key":"ColorlessPotion"}],"is_trial":false,"path_per_floor":["M","M","$","M","?","R","E","?","T","?","R","E","?","$","R","B"],"character_chosen":"IRONCLAD","items_purchased":["Armaments","SteroidPotion","Metallicize"],"campfire_rested":0,"item_purchase_floors":[3,3,14],"current_hp_per_floor":[62,49,49,53,42,42,40,40,40,40,40,16,16,16,16,0,0],"gold":48,"neow_bonus":"ONE_RANDOM_RARE_CARD","is_daily":false,"chose_seed":false,"campfire_upgraded":3,"win_rate":0.0,"timestamp":1607877039,"path_taken":["M","M","$","M","?","R","E","?","T","?","R","E","?","$","R","BOSS"],"items_purchased_type":["Card","Potion","Card"],"build_version":"2020-11-30","purchased_purges":1,"victory":false,"max_hp_per_floor":[75,78,78,78,78,78,78,78,78,78,78,78,78,78,78,78,78],"relic_stats":{"counters":[6,26],"Golden Idol":6,"Boot":[0],"obtain_stats":[{"Anchor":7,"Golden Idol":8,"Boot":12,"Burning Blood":0},{"Anchor":4,"Golden Idol":4,"Boot":5,"Burning Blood":0},{"Anchor":14,"Golden Idol":14,"Boot":19,"Burning Blood":0}],"Burning Blood":30},"card_choices":[{"not_picked":["Shockwave","Clash"],"picked":"Thunderclap","floor":1},{"not_picked":["Perfected Strike","Heavy Blade"],"picked":"Cleave","floor":2},{"not_picked":["Anger","Clash"],"picked":"Inflame","floor":4},{"not_picked":["Havoc","Anger"],"picked":"Inflame","floor":7},{"not_picked":["Heavy Blade","Feel No Pain"],"picked":"Fiend Fire","floor":12}],"player_experience":2527963,"relics_obtained":[{"floor":7,"key":"Anchor"},{"floor":12,"key":"Boot"}],"event_choices":[{"damage_healed":0,"gold_gain":75,"player_choice":"Gather Gold","damage_taken":11,"max_hp_gain":0,"max_hp_loss":0,"event_name":"World of Goop","floor":5,"gold_loss":0},{"damage_healed":0,"gold_gain":0,"player_choice":"Take Wound","damage_taken":0,"relics_obtained":["Golden Idol"],"max_hp_gain":0,"max_hp_loss":0,"event_name":"Golden Idol","floor":8,"gold_loss":0,"cards_obtained":["Injury"]},{"cards_removed":["Injury"],"damage_healed":0,"gold_gain":0,"player_choice":"Card Removal","damage_taken":0,"max_hp_gain":0,"max_hp_loss":0,"event_name":"The Cleric","floor":10,"gold_loss":75},{"damage_healed":0,"gold_gain":0,"player_choice":"2 cards matched","damage_taken":0,"max_hp_gain":0,"max_hp_loss":0,"event_name":"Match and Keep!","floor":13,"gold_loss":0,"cards_obtained":["Impervious","Armaments"]}],"is_beta":false,"boss_relics":[],"items_purged_floors":[14],"is_endless":false,"potions_floor_spawned":[2,4,7],"killed_by":"The Guardian","ascension_level":20}}