{"host":"x1qj4d8ympd5jdqh","time":1607855863,"event":{"mods":["AchievementEnabler","AlwaysNeverKeys","BaseMod","Colored Map","Custom Start","DeckTracker","Highlight Path","Minty Spire (QoL Compilation)","StSLib","SuperFastMode"],"gold_per_floor":[119,119,119,134,158,158,202,215,238,238,252,252,124,148,148,148,148],"floor_reached":16,"playtime":376,"items_purged":["Strike_G"],"score":204,"play_id":"5ee40bad-7c06-4721-a93a-c3b0ac0bbc0b","local_time":"20201213193743","is_ascension_mode":true,"campfire_choices":[{"data":"Dagger Spray","floor":6,"key":"SMITH"},{"data":"Neutralize","floor":10,"key":"SMITH"},{"data":"Glass Knife","floor":12,"key":"SMITH"},{"data":"Masterful Stab","floor":15,"key":"SMITH"}],"circlet_count":0,"master_deck":["AscendersBane","Strike_G","Strike_G","Strike_G","Strike_G","Defend_G","Defend_G","Defend_G","Defend_G","Defend_G","Survivor","Neutralize+1","Dagger Spray+1","Backstab","Masterful Stab+1","Backflip","Glass Knife+1","Acrobatics"],"relics":["Ring of the Snake","NeowsBlessing","Golden Idol","Vajra","Blood Vial"],"acts_visited":["Exordium"],"potions_floor_usage":[16],"damage_taken":[{"damage":0,"enemies":"Small Slimes","floor":1,"turns":1},{"damage":0,"enemies":"2 Louse","floor":4,"turns":1},{"damage":0,"enemies":"Cultist","floor":5,"turns":1},{"damage":19,"enemies":"3 Sentries","floor":7,"turns":8},{"damage":0,"enemies":"Exordium Wildlife","floor":8,"turns":2},{"damage":0,"enemies":"Exordium Thugs","floor":11,"turns":4},{"damage":1,"enemies":"Gremlin Gang","floor":14,"turns":3},{"damage":5,"enemies":"Hexaghost","floor":16,"turns":9}],"seed_played":"6301253264845558339","potions_obtained":[{"floor":3,"key":"GhostInAJar"},{"floor":3,"key":"Ancient Potion"}],"is_trial":false,"path_per_floor":["M","?","?","M","M","R","E","M","T","R","M","R","$","M","R","B"],"character_chosen":"THE_SILENT","items_purchased":["Acrobatics"],"campfire_rested":0,"item_purchase_floors":[13],"current_hp_per_floor":[59,36,36,36,36,36,17,17,17,17,19,19,19,20,20,17,17],"gold":148,"neow_bonus":"THREE_ENEMY_KILL","is_daily":false,"chose_seed":false,"campfire_upgraded":4,"win_rate":0.0,"timestamp":1607855863,"path_taken":["M","?","?","?","M","R","E","M","T","R","M","R","$","M","R","BOSS"],"items_purchased_type":["Card"],"build_version":"2020-11-30","purchased_purges":1,"victory":false,"max_hp_per_floor":[66,66,66,66,66,66,66,66,66,66,66,66,66,66,66,66,66],"card_choices":[{"not_picked":["Slice","Underhanded Strike"],"picked":"Dagger Spray","floor":1},{"not_picked":["Terror","Concentrate"],"picked":"Backstab","floor":4},{"not_picked":["Caltrops","Dodge and Roll"],"picked":"Masterful Stab","floor":5},{"not_picked":["Endless Agony","Slice","Dodge and Roll"],"picked":"SKIP","floor":7},{"not_picked":["Quick Slash","Deflect"],"picked":"Backflip","floor":8},{"not_picked":["Skewer","Outmaneuver"],"picked":"Glass Knife","floor":11},{"not_picked":["Deflect","Prepared","Underhanded Strike"],"picked":"SKIP","floor":14}],"player_experience":1212993,"relics_obtained":[{"floor":7,"key":"Vajra"},{"floor":9,"key":"Blood Vial"}],"event_choices":[{"damage_healed":0,"gold_gain":0,"player_choice":"Take Damage","damage_taken":23,"relics_obtained":["Golden Idol"],"max_hp_gain":0,"max_hp_loss":0,"event_name":"Golden Idol","floor":2,"gold_loss":0},{"damage_healed":0,"gold_gain":0,"player_choice":"Got Potions","damage_taken":0,"max_hp_gain":0,"max_hp_loss":0,"event_name":"Lab","floor":3,"gold_loss":0}],"is_beta":false,"boss_relics":[],"items_purged_floors":[13],"is_endless":false,"potions_floor_spawned":[5,7,8],"killed_by":"Hexaghost","ascension_level":20}}