{"host":"x6tlfgqpy55vgxdn","time":1607861891,"event":{"mods":["AchievementEnabler","BaseMod","DeckTracker","Minty Spire (QoL Compilation)","Permanent Neow","StSLib","SuperFastMode"],"gold_per_floor":[111,129,144,164,174,174,208,223,246,246,265,276,305,63,63,168,168,179,104,122,22,22,22,57,57,57,75,91,122,122,155,155,252,252,262,137,137,147,147,174,174,204,231,231,247,97,97,97,97,97],"floor_reached":51,"playtime":2287,"items_purged":["Strike_P","Defend_P","Defend_P+1","Strike_P+1"],"score":1220,"play_id":"39b451c7-d294-4d7b-864f-b8cfc1ee8c61","local_time":"20201213211811","is_ascension_mode":true,"campfire_choices":[{"data":"Eruption","floor":6.0,"key":"SMITH"},{"floor":10.0,"key":"REST"},{"data":"Tantrum","floor":15.0,"key":"SMITH"},{"data":"Omniscience","floor":23.0,"key":"SMITH"},{"data":"Meditate","floor":25.0,"key":"SMITH"},{"data":"Vigilance","floor":32.0,"key":"SMITH"},{"data":"Madness","floor":41.0,"key":"SMITH"},{"floor":49.0,"key":"REST"}],"circlet_count":0,"master_deck":["Eruption+1","Vigilance+1","FlurryOfBlows+1","CarveReality+1","DeceiveReality+1","LessonLearned+1","Tantrum+1","Halt+1","Omniscience+1","Meditate+1","Adaptation+1","Perseverance+1","Sanctity+1","Adaptation+1","FollowUp+1","ThirdEye+1","Pray+1","Madness+1","Madness+1"],"relics":["PureWater","CloakClasp","FossilizedHelix","Juzu Bracelet","Dead Branch","Mummified Hand","Busted Crown","Bronze Scales","Yang","Whetstone","Gremlin Horn","Astrolabe","Molten Egg 2","Darkstone Periapt","PreservedInsect"],"acts_visited":["Exordium","TheCity","TheBeyond"],"potions_floor_usage":[50],"damage_taken":[{"damage":0.0,"enemies":"Cultist","floor":1.0,"turns":2.0},{"damage":4.0,"enemies":"Small Slimes","floor":2.0,"turns":2.0},{"damage":0.0,"enemies":"2 Louse","floor":3.0,"turns":1.0},{"damage":0.0,"enemies":"Blue Slaver","floor":4.0,"turns":1.0},{"damage":3.0,"enemies":"Looter","floor":5.0,"turns":4.0},{"damage":19.0,"enemies":"3 Sentries","floor":7.0,"turns":3.0},{"damage":0.0,"enemies":"Gremlin Gang","floor":8.0,"turns":2.0},{"damage":0.0,"enemies":"Lots of Slimes","floor":11.0,"turns":3.0},{"damage":0.0,"enemies":"Red Slaver","floor":12.0,"turns":2.0},{"damage":0.0,"enemies":"Gremlin Nob","floor":13.0,"turns":3.0},{"damage":30.0,"enemies":"The Guardian","floor":16.0,"turns":11.0},{"damage":0.0,"enemies":"Spheric Guardian","floor":18.0,"turns":1.0},{"damage":0.0,"enemies":"Shell Parasite","floor":20.0,"turns":3.0},{"damage":0.0,"enemies":"Book of Stabbing","floor":24.0,"turns":6.0},{"damage":0.0,"enemies":"Shelled Parasite and Fungi","floor":27.0,"turns":2.0},{"damage":0.0,"enemies":"Snecko","floor":28.0,"turns":4.0},{"damage":0.0,"enemies":"Gremlin Leader","floor":29.0,"turns":4.0},{"damage":0.0,"enemies":"Slavers","floor":31.0,"turns":3.0},{"damage":0.0,"enemies":"Collector","floor":33.0,"turns":8.0},{"damage":0.0,"enemies":"3 Darklings","floor":35.0,"turns":3.0},{"damage":0.0,"enemies":"Orb Walker","floor":38.0,"turns":2.0},{"damage":0.0,"enemies":"Giant Head","floor":40.0,"turns":5.0},{"damage":9.0,"enemies":"Reptomancer","floor":42.0,"turns":4.0},{"damage":0.0,"enemies":"3 Darklings","floor":45.0,"turns":3.0},{"damage":16,"enemies":"Time Eater","floor":50,"turns":5}],"seed_played":"-7227795454546791432","potions_obtained":[{"floor":3.0,"key":"BottledMiracle"},{"floor":7.0,"key":"Strength Potion"},{"floor":8.0,"key":"DuplicationPotion"},{"floor":12.0,"key":"PowerPotion"},{"floor":18.0,"key":"SkillPotion"},{"floor":31.0,"key":"DistilledChaos"},{"floor":40.0,"key":"LiquidMemories"},{"floor":47.0,"key":"Fruit Juice"},{"floor":47.0,"key":"LiquidMemories"}],"is_trial":false,"path_per_floor":["M","M","M","M","M","R","E","M","T","R","M","M","E","$","R","B",null,"M","$","M","$","?","R","E","R","T","M","M","E","?","E","R","B",null,"M","$","?","M","?","E","R","E","T","?","M","$","?","?","R","B",null],"character_chosen":"WATCHER","items_purchased":["Mummified Hand"],"campfire_rested":2,"item_purchase_floors":[14],"current_hp_per_floor":[47,43,43,43,40,40,21,21,21,42,42,42,42,42,42,12,57,57,57,57,57,57,57,57,57,57,57,57,57,57,57,57,57,68,68,68,68,68,59,59,59,50,50,50,50,50,55,55,77,61],"gold":97,"neow_bonus":"ONE_RARE_RELIC","is_daily":false,"chose_seed":false,"campfire_upgraded":6,"win_rate":0.0,"timestamp":1607861891,"path_taken":["M","?","M","M","M","R","E","M","T","R","M","M","E","$","R","BOSS","M","$","M","?","?","R","E","R","T","M","M","E","?","E","R","BOSS","M","$","?","M","?","E","R","E","T","?","M","$","?","?","R","BOSS"],"items_purchased_type":["Relic"],"build_version":"2020-11-30","purchased_purges":4,"victory":true,"max_hp_per_floor":[72,72,72,72,72,72,72,72,72,72,72,72,72,72,72,72,72,72,72,72,72,72,72,72,72,72,72,72,72,72,72,72,72,72,72,72,72,72,72,72,72,72,72,72,72,72,77,77,77,77],"card_choices":[{"not_picked":["BowlingBash","Protect"],"picked":"FlurryOfBlows","floor":1.0},{"not_picked":["SashWhip","Prostrate"],"picked":"Conclude","floor":2.0},{"not_picked":["Vengeance","Crescendo"],"picked":"CarveReality","floor":3.0},{"not_picked":["Collect","EmptyFist","EmptyMind"],"picked":"SKIP","floor":4.0},{"not_picked":["Conclude","FollowUp"],"picked":"DeceiveReality","floor":5.0},{"not_picked":["Consecrate","Wallop"],"picked":"LessonLearned","floor":7.0},{"not_picked":["BowlingBash","BattleHymn"],"picked":"Tantrum","floor":8.0},{"not_picked":["WheelKick","Halt","CarveReality"],"picked":"SKIP","floor":11.0},{"not_picked":["Conclude","Sanctity","CutThroughFate"],"picked":"SKIP","floor":12.0},{"not_picked":["Evaluate","Blasphemy","EmptyMind"],"picked":"SKIP","floor":13.0},{"not_picked":[],"picked":"Halt","floor":18.0},{"not_picked":["Study"],"picked":"SKIP","floor":20.0},{"not_picked":["Conclude+1"],"picked":"SKIP","floor":24.0},{"not_picked":["BattleHymn+1"],"picked":"SKIP","floor":27.0},{"not_picked":[],"picked":"Adaptation","floor":28.0},{"not_picked":["Evaluate"],"picked":"SKIP","floor":29.0},{"not_picked":[],"picked":"Adaptation+1","floor":31.0},{"not_picked":["Evaluate"],"picked":"SKIP","floor":35.0},{"not_picked":["Evaluate"],"picked":"SKIP","floor":38.0},{"not_picked":["CarveReality+1"],"picked":"SKIP","floor":40.0},{"not_picked":["EmptyFist+1"],"picked":"SKIP","floor":42.0},{"not_picked":["EmptyFist+1"],"picked":"SKIP","floor":42.0},{"not_picked":["WreathOfFlame+1"],"picked":"SKIP","floor":45.0}],"player_experience":138566,"relics_obtained":[{"floor":7.0,"key":"FossilizedHelix"},{"floor":9.0,"key":"Juzu Bracelet"},{"floor":13.0,"key":"Dead Branch"},{"floor":24.0,"key":"Bronze Scales"},{"floor":26.0,"key":"Yang"},{"floor":29.0,"key":"Whetstone"},{"floor":31.0,"key":"Gremlin Horn"},{"floor":40.0,"key":"Molten Egg 2"},{"floor":42.0,"key":"Darkstone Periapt"},{"floor":43.0,"key":"PreservedInsect"}],"event_choices":[{"damage_healed":0.0,"max_hp_gain":0.0,"max_hp_loss":0.0,"gold_gain":0.0,"event_name":"Match and Keep!","player_choice":"2 cards matched","floor":22.0,"gold_loss":0.0,"damage_taken":0.0,"cards_obtained":["Omniscience","Meditate"]},{"damage_healed":0.0,"max_hp_gain":0.0,"max_hp_loss":0.0,"gold_gain":0.0,"cards_transformed":["Defend_P","Defend_P"],"event_name":"Drug Dealer","player_choice":"Became Test Subject","floor":30.0,"gold_loss":0.0,"damage_taken":0.0,"cards_obtained":["Perseverance","Sanctity"]},{"damage_healed":0.0,"max_hp_gain":0.0,"max_hp_loss":0.0,"gold_gain":0.0,"event_name":"Tomb of Lord Red Mask","player_choice":"Ignored","floor":37.0,"gold_loss":0.0,"damage_taken":0.0},{"damage_healed":0.0,"max_hp_gain":0.0,"max_hp_loss":0.0,"gold_gain":0.0,"event_name":"Winding Halls","player_choice":"Embrace Madness","floor":39.0,"gold_loss":0.0,"damage_taken":9.0,"cards_obtained":["Madness","Madness"]},{"damage_healed":0.0,"max_hp_gain":0.0,"max_hp_loss":0.0,"gold_gain":0.0,"event_name":"SensoryStone","player_choice":"Memory 1","floor":44.0,"gold_loss":0.0,"damage_taken":0.0},{"damage_healed":0.0,"max_hp_gain":0.0,"max_hp_loss":0.0,"gold_gain":0.0,"event_name":"Lab","player_choice":"Got Potions","floor":47.0,"gold_loss":0.0,"damage_taken":0.0},{"damage_healed":0.0,"max_hp_gain":0.0,"max_hp_loss":0.0,"gold_gain":0.0,"event_name":"Upgrade Shrine","player_choice":"Ignored","floor":48.0,"gold_loss":0.0,"damage_taken":0.0}],"is_beta":false,"boss_relics":[{"not_picked":["Empty Cage","Cursed Key"],"picked":"Busted Crown"},{"not_picked":["HolyWater","Pandora\u0027s Box"],"picked":"Astrolabe"}],"items_purged_floors":[19,21,36,46],"is_endless":false,"potions_floor_spawned":[3,7,8,12,18,24,31,33,38,40],"ascension_level":6}}