{"host":"thn8o1tmql8xszd5","time":1607876358,"event":{"mods":["AchievementEnabler","BaseMod","Block Reminder","Colored Map","DeckTracker","Highlight Path","Minty Spire (QoL Compilation)","Permanent Neow","Quick Restart","Relic Stats","Robot Space Explorer","StSLib"],"gold_per_floor":[118,133,133,133,147,147,173,173,173,198,75,88,143,93,93,196,196,209,124,124,34,48,48,76,94,94,94,121,71,81,81,81,177,177,194,210,210,223,223,250,250,250,302,312,312,343,343,343,343,343],"floor_reached":51,"playtime":1958,"items_purged":["RobotSpaceExplorer:Strike","RobotSpaceExplorer:Strike","RobotSpaceExplorer:Strike"],"score":901,"play_id":"695a3417-2828-468f-a368-196f47efd568","local_time":"20201213111918","is_ascension_mode":true,"campfire_choices":[{"data":"RobotSpaceExplorer:StarLightning","floor":6.0,"key":"SMITH"},{"data":"RobotSpaceExplorer:Pulsar","floor":8,"key":"SMITH"},{"data":"RobotSpaceExplorer:Pulsar","floor":15,"key":"SMITH"},{"data":"RobotSpaceExplorer:Pulsar","floor":23,"key":"SMITH"},{"data":"RobotSpaceExplorer:StarLightning","floor":27,"key":"SMITH"},{"data":"RobotSpaceExplorer:TrailblazerForm","floor":32,"key":"SMITH"},{"floor":41,"key":"REST"},{"floor":45,"key":"REST"},{"floor":49,"key":"REST"}],"circlet_count":0,"master_deck":["RobotSpaceExplorer:Defend","RobotSpaceExplorer:Defend","RobotSpaceExplorer:Defend","RobotSpaceExplorer:Scan","RobotSpaceExplorer:Asteroid+1","RobotSpaceExplorer:StarLightning+1","RobotSpaceExplorer:Pulsar+1","RobotSpaceExplorer:Pulsar+1","RobotSpaceExplorer:Jetpack+1","RobotSpaceExplorer:Pulsar+1","RobotSpaceExplorer:ScrapMissile","RobotSpaceExplorer:ScrapMissile","RobotSpaceExplorer:TrailblazerForm+1","RobotSpaceExplorer:GearShield+1","RobotSpaceExplorer:StarLightning+1","RobotSpaceExplorer:ShockMissile","RobotSpaceExplorer:StarDust+1","RobotSpaceExplorer:StarLightning+1","RobotSpaceExplorer:ShockMissile"],"relics":["RobotSpaceExplorer:TurboCore","TungstenRod","Gremlin Horn","Bag of Marbles","Smiling Mask","Torii","MutagenicStrength","InkBottle","Bottled Lightning","Juzu Bracelet","Fusion Hammer","Meat on the Bone","Ancient Tea Set","Letter Opener"],"acts_visited":["Exordium","TheCity","TheBeyond"],"potions_floor_usage":[13,24,25,35,50,50,50,50],"damage_taken":[{"damage":0.0,"enemies":"Small Slimes","floor":1.0,"turns":3.0},{"damage":1.0,"enemies":"2 Louse","floor":2.0,"turns":2.0},{"damage":7.0,"enemies":"Jaw Worm","floor":5.0,"turns":2.0},{"damage":11.0,"enemies":"Lagavulin","floor":7.0,"turns":7.0},{"damage":5,"enemies":"Gremlin Nob","floor":10,"turns":3},{"damage":0,"enemies":"Exordium Wildlife","floor":12,"turns":2},{"damage":0,"enemies":"3 Sentries","floor":13,"turns":4},{"damage":8,"enemies":"The Guardian","floor":16,"turns":10},{"damage":0,"enemies":"2 Thieves","floor":18,"turns":2},{"damage":0,"enemies":"Chosen","floor":22,"turns":2},{"damage":0,"enemies":"Book of Stabbing","floor":24,"turns":7},{"damage":8,"enemies":"Centurion and Healer","floor":25,"turns":7},{"damage":11,"enemies":"Gremlin Leader","floor":28,"turns":7},{"damage":0,"enemies":"Chosen and Byrds","floor":30,"turns":6},{"damage":23,"enemies":"Champ","floor":33,"turns":14},{"damage":19,"enemies":"3 Darklings","floor":35,"turns":6},{"damage":0,"enemies":"3 Shapes","floor":36,"turns":2},{"damage":0,"enemies":"3 Darklings","floor":38,"turns":8},{"damage":0,"enemies":"Giant Head","floor":40,"turns":8},{"damage":9,"enemies":"Spire Growth","floor":44,"turns":4},{"damage":0,"enemies":"Nemesis","floor":46,"turns":5},{"damage":15,"enemies":"Time Eater","floor":50,"turns":8}],"seed_played":"8362871950941491740","potions_obtained":[{"floor":2.0,"key":"Block Potion"},{"floor":5.0,"key":"Fruit Juice"},{"floor":12,"key":"Explosive Potion"},{"floor":13,"key":"Ancient Potion"},{"floor":24,"key":"Fruit Juice"},{"floor":25,"key":"EntropicBrew"},{"floor":35,"key":"Block Potion"},{"floor":40,"key":"SpeedPotion"},{"floor":46,"key":"AttackPotion"}],"is_trial":false,"path_per_floor":["M","M","?","?","M","R","E","R","T","E","$","M","?","$","R","B",null,"M","?","?","?","M","R","E","M","T","R","E","$","M","?","R","B",null,"M","M","?","M","?","E","R","?","T","M","R","E","?","?","R","B",null],"character_chosen":"RobotSpaceExplorer","items_purchased":["RobotSpaceExplorer:Pulsar"],"campfire_rested":3,"item_purchase_floors":[11],"current_hp_per_floor":[75,74,74,79,72,72,61,61,61,56,56,56,56,56,56,48,80,80,80,80,80,80,80,80,77,77,77,66,66,66,66,66,43,85,71,71,71,71,71,71,90,85,85,76,85,85,85,85,85,70],"gold":343,"neow_bonus":"ONE_RANDOM_RARE_CARD","is_daily":false,"chose_seed":false,"campfire_upgraded":6,"win_rate":0.0,"timestamp":1607876358,"path_taken":["M","M","?","?","M","R","E","R","T","E","$","M","?","?","R","BOSS","M","?","?","?","?","R","E","M","T","R","E","$","M","?","R","BOSS","M","M","?","M","?","E","R","?","T","M","R","E","?","?","R","BOSS"],"items_purchased_type":["Card"],"build_version":"2020-11-30","purchased_purges":3,"victory":true,"max_hp_per_floor":[75,75,75,80,80,80,80,80,80,80,80,80,80,80,80,80,80,80,80,80,80,80,80,80,85,85,85,85,85,85,85,85,85,85,90,90,90,90,90,90,90,85,85,85,85,85,85,85,85,85],"relic_stats":{"Gremlin Horn":[22,22],"Torii":10,"counters":[22,119],"Juzu Bracelet":2,"Letter Opener":[5],"Smiling Mask":125,"obtain_stats":[{"Gremlin Horn":9,"Torii":19,"RobotSpaceExplorer:RoboCore":0,"Juzu Bracelet":28,"Letter Opener":46,"Smiling Mask":13,"Ancient Tea Set":43,"RobotSpaceExplorer:TurboCore":17,"MutagenicStrength":20,"Fusion Hammer":34,"Bag of Marbles":10,"Bottled Lightning":26,"TungstenRod":7,"InkBottle":24,"Meat on the Bone":40},{"Gremlin Horn":4,"Torii":9,"RobotSpaceExplorer:RoboCore":0,"Juzu Bracelet":13,"Letter Opener":21,"Smiling Mask":7,"Ancient Tea Set":19,"RobotSpaceExplorer:TurboCore":8,"MutagenicStrength":9,"Fusion Hammer":15,"Bag of Marbles":5,"Bottled Lightning":12,"TungstenRod":4,"InkBottle":11,"Meat on the Bone":19},{"Gremlin Horn":14,"Torii":35,"RobotSpaceExplorer:RoboCore":0,"Juzu Bracelet":58,"Letter Opener":111,"Smiling Mask":23,"Ancient Tea Set":102,"RobotSpaceExplorer:TurboCore":33,"MutagenicStrength":35,"Fusion Hammer":78,"Bag of Marbles":17,"Bottled Lightning":51,"TungstenRod":14,"InkBottle":44,"Meat on the Bone":102}],"TungstenRod":20,"InkBottle":[28],"Meat on the Bone":0},"card_choices":[{"not_picked":["RobotSpaceExplorer:Blitz","RobotSpaceExplorer:StunGrenade"],"picked":"RobotSpaceExplorer:StarLightning","floor":1.0},{"not_picked":["RobotSpaceExplorer:GlueShot","RobotSpaceExplorer:StunGrenade"],"picked":"RobotSpaceExplorer:Pulsar","floor":2.0},{"not_picked":["RobotSpaceExplorer:ImprovisedAttack","RobotSpaceExplorer:Smokescreen"],"picked":"RobotSpaceExplorer:Pulsar","floor":5.0},{"not_picked":["RobotSpaceExplorer:MetalStrike","RobotSpaceExplorer:SurgingShield","RobotSpaceExplorer:PowerCollector"],"picked":"SKIP","floor":7},{"not_picked":["RobotSpaceExplorer:JunkDive","RobotSpaceExplorer:SurgingShield"],"picked":"RobotSpaceExplorer:Jetpack","floor":10},{"not_picked":["RobotSpaceExplorer:ShockKick","RobotSpaceExplorer:DoubleBlock"],"picked":"RobotSpaceExplorer:ScrapMissile","floor":12},{"not_picked":["RobotSpaceExplorer:Ammunition","RobotSpaceExplorer:StarDust"],"picked":"RobotSpaceExplorer:ScrapMissile","floor":13},{"not_picked":["RobotSpaceExplorer:Arsenal","RobotSpaceExplorer:ShockMissile"],"picked":"RobotSpaceExplorer:TrailblazerForm","floor":16},{"not_picked":["RobotSpaceExplorer:ImprovisedAttack","RobotSpaceExplorer:FrostMissile","RobotSpaceExplorer:Counterblock"],"picked":"SKIP","floor":18},{"not_picked":["RobotSpaceExplorer:SlimeMissile+1","RobotSpaceExplorer:Counterblock"],"picked":"RobotSpaceExplorer:GearShield+1","floor":22},{"not_picked":["RobotSpaceExplorer:Discharger","RobotSpaceExplorer:ScrapShield+1","RobotSpaceExplorer:MiniDrones"],"picked":"SKIP","floor":24},{"not_picked":["RobotSpaceExplorer:Reload","RobotSpaceExplorer:Electropulse"],"picked":"RobotSpaceExplorer:StarLightning","floor":25},{"not_picked":["RobotSpaceExplorer:Counterblock","RobotSpaceExplorer:LuckyStrike","RobotSpaceExplorer:Ammunition"],"picked":"SKIP","floor":28},{"not_picked":["RobotSpaceExplorer:IronShell+1","RobotSpaceExplorer:GlueShot","RobotSpaceExplorer:Jetpack"],"picked":"SKIP","floor":30},{"not_picked":["RobotSpaceExplorer:TrailblazerForm","RobotSpaceExplorer:Explosion"],"picked":"RobotSpaceExplorer:ShockMissile","floor":33},{"not_picked":["RobotSpaceExplorer:Smokescreen","RobotSpaceExplorer:SurgingStrike+1","RobotSpaceExplorer:FreezeRay"],"picked":"SKIP","floor":35},{"not_picked":["RobotSpaceExplorer:ScrapShield","RobotSpaceExplorer:Calculate"],"picked":"RobotSpaceExplorer:StarDust+1","floor":36},{"not_picked":["RobotSpaceExplorer:FrostMissile","RobotSpaceExplorer:LuckyStrike+1","RobotSpaceExplorer:Ammunition"],"picked":"SKIP","floor":38},{"not_picked":["RobotSpaceExplorer:JunkDive","RobotSpaceExplorer:Smokescreen","RobotSpaceExplorer:FrostMissile+1"],"picked":"SKIP","floor":40},{"not_picked":["RobotSpaceExplorer:GlueShot","RobotSpaceExplorer:Discharger","RobotSpaceExplorer:DualCore"],"picked":"SKIP","floor":44},{"not_picked":["RobotSpaceExplorer:ScrapMissile+1","RobotSpaceExplorer:FrostMissile+1"],"picked":"RobotSpaceExplorer:ShockMissile","floor":46}],"player_experience":473913,"relics_obtained":[{"floor":7,"key":"TungstenRod"},{"floor":9,"key":"Gremlin Horn"},{"floor":10,"key":"Bag of Marbles"},{"floor":13,"key":"Smiling Mask"},{"floor":24,"key":"InkBottle"},{"floor":26,"key":"Bottled Lightning"},{"floor":28,"key":"Juzu Bracelet"},{"floor":40,"key":"Meat on the Bone"},{"floor":43,"key":"Ancient Tea Set"},{"floor":46,"key":"Letter Opener"}],"event_choices":[{"damage_healed":0.0,"max_hp_gain":0.0,"max_hp_loss":0.0,"gold_gain":0.0,"event_name":"Liars Game","player_choice":"Ignored","floor":3.0,"gold_loss":0.0,"damage_taken":0.0},{"damage_healed":0.0,"max_hp_gain":5.0,"max_hp_loss":0.0,"gold_gain":0.0,"event_name":"Big Fish","player_choice":"Donut","floor":4.0,"gold_loss":0.0,"damage_taken":0.0},{"damage_healed":0,"gold_gain":0,"player_choice":"Searched \u00271\u0027 times","damage_taken":0,"max_hp_gain":0,"max_hp_loss":0,"event_name":"Dead Adventurer","floor":13,"gold_loss":0},{"damage_healed":0,"gold_gain":0,"player_choice":"Obtained Relic","damage_taken":0,"relics_obtained":["Torii"],"max_hp_gain":0,"max_hp_loss":0,"event_name":"Addict","floor":19,"gold_loss":85},{"damage_healed":0,"gold_gain":0,"player_choice":"Inject Mutagens","damage_taken":0,"relics_obtained":["MutagenicStrength"],"max_hp_gain":0,"max_hp_loss":0,"event_name":"Drug Dealer","floor":20,"gold_loss":0},{"cards_removed":["RobotSpaceExplorer:Strike"],"damage_healed":0,"gold_gain":0,"player_choice":"Upgrade and Remove","damage_taken":0,"max_hp_gain":0,"max_hp_loss":0,"event_name":"Designer","floor":21,"gold_loss":90,"cards_upgraded":["RobotSpaceExplorer:Jetpack"]},{"damage_healed":0,"gold_gain":0,"player_choice":"Upgraded","damage_taken":0,"max_hp_gain":0,"max_hp_loss":0,"event_name":"Upgrade Shrine","floor":31,"gold_loss":0,"cards_upgraded":["RobotSpaceExplorer:Asteroid"]},{"cards_removed":["RobotSpaceExplorer:MiniLasers"],"damage_healed":0,"gold_gain":0,"player_choice":"Removed Attack","damage_taken":0,"max_hp_gain":0,"max_hp_loss":0,"event_name":"Falling","floor":37,"gold_loss":0},{"damage_healed":0,"gold_gain":0,"player_choice":"Copied","damage_taken":0,"max_hp_gain":0,"max_hp_loss":0,"event_name":"Duplicator","floor":39,"gold_loss":0,"cards_obtained":["RobotSpaceExplorer:StarLightning"]},{"damage_healed":0,"gold_gain":0,"player_choice":"Max HP","damage_taken":0,"max_hp_gain":0,"max_hp_loss":5,"event_name":"Winding Halls","floor":42,"gold_loss":0},{"damage_healed":0,"gold_gain":0,"player_choice":"Memory 1","damage_taken":0,"max_hp_gain":0,"max_hp_loss":0,"event_name":"SensoryStone","floor":47,"gold_loss":0},{"cards_removed":["RobotSpaceExplorer:Defend"],"damage_healed":0,"gold_gain":0,"player_choice":"Purged","damage_taken":0,"max_hp_gain":0,"max_hp_loss":0,"event_name":"Purifier","floor":48,"gold_loss":0}],"is_beta":false,"boss_relics":[{"not_picked":["SlaversCollar","Velvet Choker"],"picked":"RobotSpaceExplorer:TurboCore"},{"not_picked":["Black Star","Calling Bell"],"picked":"Fusion Hammer"}],"items_purged_floors":[11,14,29],"is_endless":false,"potions_floor_spawned":[2,5,12,13,24,25,35,40,46],"ascension_level":2}}