{"host":"ss2ocoam53r2lno0","time":1607900167,"event":{"mods":["Act Like it!","BaseMod","ChefMod","Colored Powertips","Displayed Cursed Tome","Downfall","Googly Eyes","Hallownest","Highlight Path","Minty Spire (QoL Compilation)","Rare Cards Sparkle","Robot Space Explorer","Shade Mod","Shop Mod","Spicy Shops","StSLib"],"gold_per_floor":[99,134,134,165,165,196,196,496,512,546,546,546,564,664,681,681,681],"floor_reached":16,"playtime":932,"items_purged":[],"score":185,"play_id":"fe485e76-7cd4-4610-b6f5-af5fd1b2e9e0","local_time":"20201213235607","is_ascension_mode":true,"campfire_choices":[{"data":"champ:Execute","floor":1,"key":"SMITH"},{"data":"champ:DefensiveShout","floor":3,"key":"SMITH"}],"circlet_count":0,"master_deck":["champ:Strike","champ:Strike","champ:Strike","champ:Strike","champ:Defend","champ:Defend","champ:Defend","champ:Defend","champ:Execute+1","champ:Taunt","champ:DefensiveShout+1","champ:FocusedDefense","champ:TornadoPunch","champ:ShieldWall","Slimebound:Icky","Slimebound:Icky","champ:DefensiveStyle","champ:CalledShot"],"relics":["champ:ChampionCrown","downfall:HeartsMalice","Incense Burner","Bottled Lightning","Letter Opener","FossilizedHelix","Orichalcum","Gremlin Horn","Toy Ornithopter"],"acts_visited":["Exordium"],"potions_floor_usage":[16,16],"damage_taken":[{"damage":0,"enemies":"Lagavulin","floor":2,"turns":1},{"damage":0,"enemies":"Gremlin Nob","floor":4,"turns":1},{"damage":0,"enemies":"Jaw Worm","floor":5,"turns":1},{"damage":39,"enemies":"Lagavulin","floor":6,"turns":8},{"damage":0,"enemies":"2 Louse","floor":9,"turns":3},{"damage":19,"enemies":"Gremlin Nob","floor":10,"turns":5},{"damage":7,"enemies":"Cultist","floor":13,"turns":4},{"damage":24,"enemies":"downfall:LadyInBlue","floor":14,"turns":9},{"damage":9,"enemies":"Blue Slaver","floor":15,"turns":4},{"damage":37,"enemies":"downfall:Ironclad","floor":16,"turns":9}],"seed_played":"7174919176286643895","potions_obtained":[{"floor":4,"key":"FearPotion"},{"floor":6,"key":"Explosive Potion"},{"floor":13,"key":"SmokeBomb"},{"floor":14,"key":"Weak Potion"},{"floor":14,"key":"Dexterity Potion"}],"is_trial":false,"path_per_floor":["R","E","R","E","M","E","T","?","M","E","T","?","M","?","M","B"],"character_chosen":"THE_CHAMP","items_purchased":[],"campfire_rested":0,"item_purchase_floors":[],"current_hp_per_floor":[90,90,90,90,90,59,59,59,59,45,45,45,38,24,15,0,0],"gold":681,"neow_bonus":"THREE_ENEMY_KILL","is_daily":false,"chose_seed":false,"campfire_upgraded":2,"win_rate":0.0,"timestamp":1607900167,"path_taken":["R","E","R","E","M","E","T","?","M","E","?","?","M","?","M","BOSS"],"items_purchased_type":[],"build_version":"2020-11-30","purchased_purges":0,"victory":false,"max_hp_per_floor":[90,90,90,90,90,90,90,90,90,90,90,90,90,90,90,90,90],"card_choices":[{"not_picked":["champ:BerserkersShout","champ:GutPunch"],"picked":"champ:DefensiveShout","floor":2},{"not_picked":["champ:CrookedStrike","champ:Lariat"],"picked":"champ:FocusedDefense","floor":4},{"not_picked":["champ:HeartStrike","champ:FanOfKnives"],"picked":"champ:TornadoPunch","floor":5},{"not_picked":["champ:Circumvent","champ:BerserkerStyle"],"picked":"champ:ShieldWall","floor":6},{"not_picked":["champ:CrookedStrike","champ:FocusedBerserking","champ:BladeFlurry"],"picked":"SKIP","floor":9},{"not_picked":["champ:BringItOn","champ:GladiatorsShout"],"picked":"champ:DefensiveStyle","floor":10},{"not_picked":["champ:Riposte","champ:ViciousMockery"],"picked":"champ:CalledShot","floor":13},{"not_picked":["champ:GladiatorStyle","champ:BladeFlurry","champ:AdrenalArmor"],"picked":"SKIP","floor":15}],"player_experience":552345,"relics_obtained":[{"floor":2,"key":"Incense Burner"},{"floor":4,"key":"Bottled Lightning"},{"floor":6,"key":"Letter Opener"},{"floor":7,"key":"FossilizedHelix"},{"floor":10,"key":"Orichalcum"},{"floor":11,"key":"Gremlin Horn"},{"floor":14,"key":"Toy Ornithopter"}],"event_choices":[],"is_beta":false,"boss_relics":[],"items_purged_floors":[],"is_endless":false,"potions_floor_spawned":[4,6,13],"killed_by":"downfall:Ironclad","ascension_level":1}}