{"host":"7gewg82ormp6yt4e","time":1607851223,"event":{"mods":["BaseMod","Block Reminder","Colored Map","Colored Powertips","DeckTracker","Highlight Path","Minty Spire (QoL Compilation)","Relic Stats","StSLib"],"gold_per_floor":[114,264,264,276,291,291,325,341,365,15,49,49,49,59,59,136,136,155,182,382,396,92,92,122,133,185,201,116,116,116],"floor_reached":29,"playtime":1265,"items_purged":["Strike_G"],"score":506,"play_id":"caf6021a-fe42-441f-bc58-16a93538d87a","local_time":"20201213182023","is_ascension_mode":true,"campfire_choices":[{"data":"Eviscerate","floor":6.0,"key":"SMITH"},{"data":"Predator","floor":12.0,"key":"SMITH"},{"data":"Noxious Fumes","floor":15,"key":"SMITH"},{"data":"Leg Sweep","floor":23,"key":"SMITH"}],"circlet_count":0,"master_deck":["AscendersBane","Strike_G","Strike_G","Strike_G","Strike_G","Defend_G","Defend_G","Defend_G+1","Defend_G","Defend_G","Survivor","Neutralize+1","Sucker Punch","Eviscerate+1","Quick Slash+1","Predator+1","Deadly Poison+1","Noxious Fumes+1","Quick Slash+1","Leg Sweep+1","Die Die Die+1","Deadly Poison","Poisoned Stab+1","Dagger Throw+1","Die Die Die+1","Dash+1","Backflip","Clumsy","Backstab+1"],"relics":["Ring of the Snake","MealTicket","Whetstone","War Paint","Molten Egg 2","Strawberry","Cursed Key","Red Mask","Anchor","Prayer Wheel"],"acts_visited":["Exordium","TheCity"],"potions_floor_usage":[18,19,19,24],"damage_taken":[{"damage":3.0,"enemies":"Small Slimes","floor":1.0,"turns":5.0},{"damage":0.0,"enemies":"2 Louse","floor":4.0,"turns":2.0},{"damage":0.0,"enemies":"Cultist","floor":5.0,"turns":4.0},{"damage":17.0,"enemies":"3 Sentries","floor":7.0,"turns":8.0},{"damage":8.0,"enemies":"Exordium Wildlife","floor":8.0,"turns":3.0},{"damage":2.0,"enemies":"Gremlin Nob","floor":11.0,"turns":3.0},{"damage":6,"enemies":"Large Slime","floor":14,"turns":6},{"damage":18,"enemies":"The Guardian","floor":16,"turns":11},{"damage":5,"enemies":"2 Thieves","floor":18,"turns":4},{"damage":7,"enemies":"Masked Bandits","floor":19,"turns":4},{"damage":16,"enemies":"Shell Parasite","floor":21,"turns":5},{"damage":4,"enemies":"Slavers","floor":24,"turns":3},{"damage":7,"enemies":"Centurion and Healer","floor":25,"turns":5},{"damage":21,"enemies":"Snake Plant","floor":27,"turns":4},{"damage":24,"enemies":"Gremlin Leader","floor":29,"turns":4}],"seed_played":"-8784153929972551114","potions_obtained":[{"floor":4.0,"key":"EssenceOfSteel"},{"floor":5.0,"key":"LiquidMemories"},{"floor":8.0,"key":"DuplicationPotion"},{"floor":14,"key":"GhostInAJar"},{"floor":18,"key":"SkillPotion"},{"floor":21,"key":"AttackPotion"}],"is_trial":false,"path_per_floor":["M","?","?","M","M","R","E","M","T","$","E","R","$","M","R","B",null,"M","?","?","M","$","R","E","M","T","M","?","E"],"character_chosen":"THE_SILENT","items_purchased":["Molten Egg 2","Noxious Fumes","Die Die Die+1","Weak Potion"],"campfire_rested":0,"item_purchase_floors":[10,10,22,22],"current_hp_per_floor":[56,56,56,56,56,56,39,31,31,46,51,51,66,60,60,42,65,60,53,53,37,52,52,48,41,41,20,20,0,0],"gold":116,"neow_bonus":"RANDOM_COMMON_RELIC","is_daily":false,"chose_seed":false,"campfire_upgraded":4,"win_rate":0.0,"timestamp":1607851223,"path_taken":["M","?","?","?","M","R","E","M","T","$","E","R","$","M","R","BOSS","M","?","?","?","?","R","E","M","T","M","?","E"],"items_purchased_type":["Relic","Card","Card","Potion"],"build_version":"2020-11-30","purchased_purges":1,"victory":false,"max_hp_per_floor":[66,66,66,66,66,66,66,66,66,66,73,73,73,73,73,73,73,73,73,73,73,73,73,73,73,73,73,73,73,73],"relic_stats":{"counters":[15,71],"MealTicket":45,"Prayer Wheel":0,"Whetstone":["Quick Slash","Neutralize"],"War Paint":["Defend_G","Deadly Poison"],"Cursed Key":1,"obtain_stats":[{"Anchor":26,"Strawberry":11,"MealTicket":0,"Molten Egg 2":10,"Prayer Wheel":28,"Red Mask":19,"Whetstone":7,"War Paint":9,"Cursed Key":17,"Ring of the Snake":0},{"Anchor":13,"Strawberry":6,"MealTicket":0,"Molten Egg 2":5,"Prayer Wheel":14,"Red Mask":10,"Whetstone":4,"War Paint":5,"Cursed Key":8,"Ring of the Snake":0},{"Anchor":63,"Strawberry":25,"MealTicket":0,"Molten Egg 2":22,"Prayer Wheel":67,"Red Mask":50,"Whetstone":19,"War Paint":22,"Cursed Key":42,"Ring of the Snake":0}],"Ring of the Snake":[30]},"card_choices":[{"not_picked":["Dodge and Roll","Deflect"],"picked":"Sucker Punch","floor":1.0},{"not_picked":["Sucker Punch","Blade Dance"],"picked":"Eviscerate","floor":4.0},{"not_picked":["Reflex","Escape Plan"],"picked":"Quick Slash","floor":5.0},{"not_picked":["Night Terror","Prepared"],"picked":"Predator","floor":7.0},{"not_picked":["Blade Dance","Poisoned Stab"],"picked":"Deadly Poison","floor":8.0},{"not_picked":["Backflip","Blade Dance"],"picked":"Quick Slash+1","floor":11.0},{"not_picked":["Quick Slash+1","Blade Dance"],"picked":"Leg Sweep","floor":14},{"not_picked":["Tools of the Trade","Unload+1"],"picked":"Die Die Die+1","floor":16},{"not_picked":["Cloak And Dagger+1","Blade Dance"],"picked":"Deadly Poison","floor":18},{"not_picked":["Slice+1","Quick Slash+1"],"picked":"Poisoned Stab+1","floor":19},{"not_picked":["Underhanded Strike+1","Quick Slash+1"],"picked":"Dagger Throw+1","floor":21},{"not_picked":["Poisoned Stab+1","Dodge and Roll"],"picked":"Dash+1","floor":24},{"not_picked":["Acrobatics","Cloak And Dagger"],"picked":"Backflip","floor":25},{"not_picked":["A Thousand Cuts","Riddle With Holes+1"],"picked":"Backstab+1","floor":27}],"player_experience":2341270,"relics_obtained":[{"floor":7.0,"key":"Whetstone"},{"floor":9.0,"key":"War Paint"},{"floor":11.0,"key":"Strawberry"},{"floor":19,"key":"Red Mask"},{"floor":26,"key":"Anchor"}],"event_choices":[{"damage_healed":0.0,"max_hp_gain":0.0,"max_hp_loss":0.0,"gold_gain":150.0,"event_name":"Liars Game","player_choice":"AGREE","floor":2.0,"gold_loss":0.0,"damage_taken":0.0,"cards_obtained":["Doubt"]},{"cards_removed":["Doubt"],"damage_healed":0.0,"max_hp_gain":0.0,"max_hp_loss":0.0,"gold_gain":0.0,"event_name":"Fountain of Cleansing","player_choice":"Removed Curses","floor":3.0,"gold_loss":0.0,"damage_taken":0.0},{"damage_healed":0,"gold_gain":0,"player_choice":"Fought Bandits","damage_taken":0,"max_hp_gain":0,"max_hp_loss":0,"event_name":"Masked Bandits","floor":19,"gold_loss":0},{"damage_healed":0,"gold_gain":200,"player_choice":"Gold","damage_taken":0,"max_hp_gain":0,"max_hp_loss":0,"event_name":"Wheel of Change","floor":20,"gold_loss":0},{"damage_healed":0,"gold_gain":0,"player_choice":"Obtained Relic","damage_taken":0,"relics_obtained":["Prayer Wheel"],"max_hp_gain":0,"max_hp_loss":0,"event_name":"Addict","floor":28,"gold_loss":85}],"is_beta":false,"boss_relics":[{"not_picked":["WristBlade","Empty Cage"],"picked":"Cursed Key"}],"items_purged_floors":[22],"is_endless":false,"potions_floor_spawned":[4,5,8,14,18,21],"killed_by":"Gremlin Leader","ascension_level":20}}