{"host":"mytek2nu1hrzdnew","time":1607819409,"event":{"mods":["Aspiration","BaseMod","Conspire","GifTheSpireLib","Gold Saver","Hubris","Infinite Spire","Minty Spire (QoL Compilation)","Replay The Spire","StSLib","Stuff the Spire","The Animator"],"gold_per_floor":[731,743,786,592,606,606,634,240,291,291,331,331,331,372,372,471,471,486,486,486,486,486,486,502,251,277,293,317,328,328,328],"floor_reached":30,"playtime":2625,"items_purged":["animator:Strike","animator:Defend","animator:Strike"],"score":296,"play_id":"acbcc01f-e9ef-4fb1-8390-8fe8ba77922d","local_time":"20201212193009","is_ascension_mode":false,"campfire_choices":[{"floor":10,"key":"REST"},{"data":"animator:DolaRiku","floor":13,"key":"SMITH"},{"data":"animator:QuestionMark","floor":15,"key":"SMITH"}],"circlet_count":0,"master_deck":["animator:Defend_FullmetalAlchemist","animator:Strike","animator:Defend","animator:Defend","animator:ElricEdward","animator:ElricAlphonse","animator:QuestionMark+1","animator:Laby","animator:DolaRiku+1","animator:Arpeggio","animator:Arpeggio","animator:DolaSchwi","animator:RoyMustang","animator:Millim","animator:Albedo","animator:MaesHughes","StuffTheSpire:Harmony","animator:Pride+1","animator:Laby"],"relics":["animator:LivingPicture","animator:TheMissingPiece","BargainBundle","hubris:PeanutButter","Centennial Puzzle","hubris:DeckOfHolding","Art of War","conspire:RunicOctahedron","aspiration:RitualStick","aspiration:Stabinomicon","hubris:AstralHammer","conspire:SpecialSausage","Bronze Scales"],"acts_visited":["Exordium","TheCity"],"potions_floor_usage":[11,14,26,27,29],"damage_taken":[{"damage":11,"enemies":"2 Louse","floor":1,"turns":2},{"damage":0,"enemies":"Small Slimes","floor":2,"turns":5},{"damage":5,"enemies":"Jaw Worm","floor":5,"turns":5},{"damage":23,"enemies":"3 Sentries","floor":7,"turns":9},{"damage":0,"enemies":"Gremlin Nob","floor":11,"turns":5},{"damage":0,"enemies":"3 Sentries","floor":14,"turns":6},{"damage":20,"enemies":"Hexaghost","floor":16,"turns":9},{"damage":15,"enemies":"Chosen","floor":18,"turns":7},{"damage":0,"enemies":"3 Byrds","floor":24,"turns":7},{"damage":6,"enemies":"Centurion and Healer","floor":26,"turns":5},{"damage":10,"enemies":"Cultist and Chosen","floor":27,"turns":5},{"damage":5,"enemies":"Snecko","floor":29,"turns":5},{"damage":16,"enemies":"Nightmare","floor":30,"turns":6}],"seed_played":"3581126969306607046","potions_obtained":[{"floor":1,"key":"ColorlessPotion"},{"floor":7,"key":"Elixir"},{"floor":24,"key":"Explosive Potion"},{"floor":26,"key":"Fire Potion"}],"is_trial":false,"path_per_floor":["M","M","?","$","M","?","E","$","T","R","E","?","R","E","R","B",null,"M","?","?","AVR","PTL","PTL","M","?","M","M","T","M","NM"],"character_chosen":"THE_ANIMATOR","items_purchased":["BargainBundle","animator:DolaRiku","animator:Arpeggio","EssenceOfSteel","hubris:PeanutButter","PowerPotion"],"campfire_rested":1,"item_purchase_floors":[4,4,4,4,8,8],"current_hp_per_floor":[55,55,55,55,50,50,27,27,27,46,46,51,51,51,51,31,71,56,42,26,26,26,26,27,27,22,15,15,13,0,0],"gold":328,"neow_bonus":"RANDOM_COLORLESS","is_daily":false,"chose_seed":false,"campfire_upgraded":2,"win_rate":0.0,"timestamp":1607819409,"path_taken":["M","M","?","$","M","?","E","$","T","R","E","?","R","E","R","BOSS","M","?","?","AVR","PTL","PTL","?","?","M","M","T","M","NM"],"items_purchased_type":["Relic","Card","Card","Potion","Relic","Potion"],"build_version":"2020-11-30","purchased_purges":3,"victory":false,"max_hp_per_floor":[66,66,66,66,66,66,66,66,66,66,66,71,71,71,71,71,71,71,71,71,71,71,71,72,72,72,72,72,72,72,72],"card_choices":[{"not_picked":["animator:Kagari","animator:IchigoKurosaki"],"picked":"animator:QuestionMark","floor":0},{"not_picked":["animator:Demiurge","animator:Sloth"],"picked":"animator:Laby","floor":1},{"not_picked":["animator:Chung","animator:Add","animator:Wiz"],"picked":"SKIP","floor":2},{"not_picked":["animator:Evileye","animator:GazelDwargon","animator:Aisha"],"picked":"SKIP","floor":5},{"not_picked":["animator:Jibril","animator:ChlammyZell"],"picked":"animator:DolaSchwi","floor":7},{"not_picked":["animator:Shion","animator:Sebas"],"picked":"animator:RoyMustang","floor":11},{"not_picked":["animator:RoryMercury","animator:Chung"],"picked":"animator:Millim","floor":14},{"not_picked":["animator:Elesis","animator:Wiz"],"picked":"animator:Albedo","floor":16},{"not_picked":["animator:DolaCouronne","animator:Ciel+1","animator:Add"],"picked":"SKIP","floor":18},{"not_picked":["animator:ElricEdward","animator:Scar"],"picked":"animator:MaesHughes","floor":24},{"not_picked":["animator:YaoHaDucy","animator:Vesta"],"picked":"animator:Pride+1","floor":26},{"not_picked":["animator:Wiz","animator:DolaStephanie","animator:Vanir"],"picked":"SKIP","floor":27},{"not_picked":["animator:Lu","animator:Add+1"],"picked":"animator:Laby","floor":29}],"player_experience":1094432,"relics_obtained":[{"floor":9,"key":"Centennial Puzzle"},{"floor":11,"key":"hubris:DeckOfHolding"},{"floor":14,"key":"Art of War"},{"floor":20,"key":"aspiration:Stabinomicon"},{"floor":28,"key":"Bronze Scales"}],"event_choices":[{"damage_healed":0,"gold_gain":0,"player_choice":"Donut","damage_taken":0,"max_hp_gain":5,"max_hp_loss":0,"event_name":"Big Fish","floor":12,"gold_loss":0},{"damage_healed":0,"gold_gain":0,"player_choice":"Obtained Book","damage_taken":16,"max_hp_gain":0,"max_hp_loss":0,"event_name":"Cursed Tome","floor":20,"gold_loss":0}],"is_beta":false,"boss_relics":[{"not_picked":["Cursed Key","Astrolabe"],"picked":"conspire:RunicOctahedron"}],"items_purged_floors":[4,8,21],"is_endless":false,"potions_floor_spawned":[1,7,24,26],"killed_by":"Nightmare","ascension_level":0}}