{"host":"7tvb1em0d2fx72q7","time":1607880512,"event":{"mods":["BaseMod","Challenge The Spire","Minty Spire (QoL Compilation)","StSLib","everything is the same but u backflip on backflip"],"gold_per_floor":[116,116,133,150,169,169,196,13,13,13,45,63,63,96,96,171,171,185,185,204,119,119,119,133,149,202,42,42,58,58,58],"floor_reached":30,"playtime":2822,"items_purged":["Strike_B"],"score":500,"play_id":"d9950310-d3f5-4ed5-98c2-b1a7c2b9365d","local_time":"20201213122832","is_ascension_mode":true,"campfire_choices":[{"data":"Consume","floor":6.0,"key":"SMITH"},{"data":"Static Discharge","floor":13.0,"key":"SMITH"},{"floor":15.0,"key":"REST"},{"floor":23.0,"key":"REST"}],"circlet_count":0,"master_deck":["AscendersBane","Strike_B","Defend_B","Defend_B","Defend_B","Defend_B","Zap","Dualcast","Streamline","Consume+1","Electrodynamics","Ball Lightning","Cold Snap","Fusion","Static Discharge+1","Defragment","Meteor Strike","Redo","Echo Form","Steam Power","Coolheaded","Echo Form","Hologram","Heatsinks","Capacitor","Loop","Self Repair","Hologram"],"relics":["Philosopher\u0027s Stone","Akabeko","Pantograph","Membership Card","PreservedInsect","StoneCalendar","Mummified Hand","Nuclear Battery","The Courier"],"acts_visited":["Exordium","TheCity"],"potions_floor_usage":[29,30],"damage_taken":[{"damage":2.0,"enemies":"2 Louse","floor":1.0,"turns":2.0},{"damage":0.0,"enemies":"Cultist","floor":3.0,"turns":2.0},{"damage":3.0,"enemies":"Jaw Worm","floor":4.0,"turns":2.0},{"damage":7.0,"enemies":"3 Louse","floor":5.0,"turns":3.0},{"damage":9.0,"enemies":"Gremlin Nob","floor":7.0,"turns":3.0},{"damage":1.0,"enemies":"Lagavulin","floor":11.0,"turns":4.0},{"damage":12.0,"enemies":"Exordium Thugs","floor":12.0,"turns":3.0},{"damage":4.0,"enemies":"3 Sentries","floor":14.0,"turns":3.0},{"damage":8.0,"enemies":"The Guardian","floor":16.0,"turns":7.0},{"damage":33.0,"enemies":"2 Thieves","floor":18.0,"turns":4.0},{"damage":10.0,"enemies":"3 Byrds","floor":20.0,"turns":1.0},{"damage":9.0,"enemies":"Snecko","floor":24.0,"turns":3.0},{"damage":29.0,"enemies":"Cultist and Chosen","floor":25.0,"turns":5.0},{"damage":0,"enemies":"Shelled Parasite and Fungi","floor":29,"turns":2},{"damage":19,"enemies":"Snecko","floor":30,"turns":2}],"seed_played":"1082754314604560042","potions_obtained":[{"floor":3.0,"key":"Swift Potion"},{"floor":4.0,"key":"Fire Potion"},{"floor":11.0,"key":"LiquidMemories"},{"floor":12.0,"key":"PowerPotion"},{"floor":20.0,"key":"Dexterity Potion"},{"floor":29,"key":"GamblersBrew"}],"is_trial":false,"path_per_floor":["M","?","M","M","M","R","E","$","T","$","E","M","R","E","R","B",null,"M","?","M","?","?","R","M","M","T","$","?","M","M"],"character_chosen":"DEFECT","items_purchased":["Membership Card","Cold Snap","Heatsinks","Capacitor","Loop","Self Repair"],"campfire_rested":2,"item_purchase_floors":[8,8,27,27,27,27],"current_hp_per_floor":[62,62,62,59,52,52,43,43,43,43,42,30,30,26,47,63,69,36,36,26,26,26,47,38,9,9,9,9,9,0,0],"gold":58,"neow_bonus":"BOSS_RELIC","is_daily":false,"chose_seed":false,"campfire_upgraded":2,"win_rate":0.0,"timestamp":1607880512,"path_taken":["M","?","M","M","M","R","E","$","T","?","E","M","R","E","R","BOSS","M","?","M","?","?","R","?","M","T","?","?","?","M"],"items_purchased_type":["Relic","Card","Card","Card","Card","Card"],"build_version":"2020-11-30","purchased_purges":1,"victory":false,"max_hp_per_floor":[71,71,71,71,71,71,71,71,71,71,71,71,71,71,71,71,71,71,71,71,71,71,71,71,71,71,71,71,71,71,71],"card_choices":[{"not_picked":["Barrage","Blizzard"],"picked":"Steam","floor":1.0},{"not_picked":["Turbo","Beam Cell"],"picked":"Streamline","floor":3.0},{"not_picked":["Hologram","Stack"],"picked":"Consume","floor":4.0},{"not_picked":["Heatsinks","Force Field"],"picked":"Electrodynamics","floor":5.0},{"not_picked":["Hologram","Gash"],"picked":"Ball Lightning","floor":7.0},{"not_picked":["Darkness","Conserve Battery"],"picked":"Fusion","floor":11.0},{"not_picked":["White Noise","Hologram"],"picked":"Static Discharge","floor":12.0},{"not_picked":["Rip and Tear","Steam Power"],"picked":"Defragment","floor":14.0},{"not_picked":["Reboot","Amplify"],"picked":"Meteor Strike","floor":16.0},{"not_picked":["Recycle","Conserve Battery"],"picked":"Redo","floor":18.0},{"not_picked":["Sunder","Sweeping Beam"],"picked":"Coolheaded","floor":20.0},{"not_picked":["Coolheaded","Streamline","Turbo+1"],"picked":"SKIP","floor":24.0},{"not_picked":["Lockon","Ball Lightning"],"picked":"Hologram","floor":25.0},{"not_picked":["Compile Driver","Gash"],"picked":"Hologram","floor":29}],"player_experience":1835451,"relics_obtained":[{"floor":7.0,"key":"Pantograph"},{"floor":9.0,"key":"PreservedInsect"},{"floor":11.0,"key":"StoneCalendar"},{"floor":14.0,"key":"Mummified Hand"}],"event_choices":[{"cards_removed":["Steam"],"damage_healed":0.0,"max_hp_gain":0.0,"max_hp_loss":0.0,"gold_gain":0.0,"event_name":"WeMeetAgain","player_choice":"Gave Card","floor":2.0,"gold_loss":0.0,"damage_taken":0.0,"relics_obtained":["Akabeko"]},{"damage_healed":0.0,"max_hp_gain":0.0,"max_hp_loss":0.0,"gold_gain":0.0,"cards_transformed":["Strike_B","Strike_B"],"event_name":"Drug Dealer","player_choice":"Became Test Subject","floor":19.0,"gold_loss":0.0,"damage_taken":0.0,"cards_obtained":["Echo Form","Steam Power"]},{"damage_healed":0.0,"max_hp_gain":0.0,"max_hp_loss":0.0,"gold_gain":0.0,"event_name":"Addict","player_choice":"Obtained Relic","floor":21.0,"gold_loss":85.0,"damage_taken":0.0,"relics_obtained":["The Courier"]},{"damage_healed":0.0,"max_hp_gain":0.0,"max_hp_loss":0.0,"gold_gain":0.0,"event_name":"Duplicator","player_choice":"Copied","floor":22.0,"gold_loss":0.0,"damage_taken":0.0,"cards_obtained":["Echo Form"]},{"damage_healed":0,"gold_gain":0,"player_choice":"Leave","damage_taken":0,"max_hp_gain":0,"max_hp_loss":0,"event_name":"FaceTrader","floor":28,"gold_loss":0}],"is_beta":false,"boss_relics":[{"not_picked":["Pandora\u0027s Box","Black Star"],"picked":"Nuclear Battery"}],"items_purged_floors":[27],"is_endless":false,"potions_floor_spawned":[3,4,11,12,20,29],"killed_by":"Snecko","ascension_level":20}}