{"host":"hjw1ay65n7jm40lc","time":1607867097,"event":{"mods":["AchievementEnabler","BaseMod","Colored Map","Colored Powertips","Googly Eyes","Highlight Path","Minty Spire (QoL Compilation)","Quick Restart","Relic Stats"],"gold_per_floor":[113,44,60,70,89,121,121,156,156,189,208,208,33,33,33,105,105,125,125,145,156,171,205,205,232,259,259,278,308,319,13,13,88,88,98,109,0,25,25,50,50,100,149,184,198,214,242,259,259,259,259,259,132,162,162,162],"floor_reached":55,"playtime":3352,"items_purged":["Strike_R"],"score":1324,"play_id":"43de92f3-2dc8-4e25-b30c-10de9f04b11a","local_time":"20201213084457","is_ascension_mode":true,"campfire_choices":[{"floor":7.0,"key":"REST"},{"data":"Immolate","floor":15.0,"key":"SMITH"},{"floor":24.0,"key":"REST"},{"data":"Metallicize","floor":27.0,"key":"SMITH"},{"data":"Juggernaut","floor":32.0,"key":"SMITH"},{"data":"Offering","floor":41.0,"key":"SMITH"},{"floor":49.0,"key":"RECALL"},{"data":"True Grit","floor":52.0,"key":"SMITH"}],"circlet_count":0,"master_deck":["AscendersBane","Strike_R","Strike_R","Strike_R+1","Strike_R+1","Defend_R","Defend_R","Defend_R","Defend_R","Bash","Cleave","Clothesline","True Grit+1","Twin Strike","Carnage","Anger","Immolate+1","Shrug It Off","Metallicize+1","Juggernaut+1","Inflame","Offering+1","Iron Wave"],"relics":["Burning Blood","Blood Vial","Orichalcum","White Beast Statue","Pantograph","Matryoshka","SacredBark","MealTicket","Prayer Wheel","Pen Nib","PreservedInsect","Shuriken","Potion Belt","Busted Crown","Red Mask","Lizard Tail","Bottled Lightning","FossilizedHelix","Ornamental Fan","Whetstone","Lantern","Centennial Puzzle"],"acts_visited":["Exordium","TheCity","TheBeyond","TheEnding"],"potions_floor_usage":[54,55,55,55,55],"damage_taken":[{"damage":1.0,"enemies":"Cultist","floor":1.0,"turns":3.0},{"damage":10.0,"enemies":"Jaw Worm","floor":3.0,"turns":4.0},{"damage":7.0,"enemies":"Small Slimes","floor":4.0,"turns":3.0},{"damage":25.0,"enemies":"Gremlin Gang","floor":5.0,"turns":6.0},{"damage":60.0,"enemies":"Gremlin Nob","floor":6.0,"turns":6.0},{"damage":36.0,"enemies":"Lagavulin","floor":8.0,"turns":7.0},{"damage":29.0,"enemies":"3 Sentries","floor":10.0,"turns":9.0},{"damage":11.0,"enemies":"Exordium Thugs","floor":11.0,"turns":4.0},{"damage":18.0,"enemies":"Slime Boss","floor":16.0,"turns":6.0},{"damage":20.0,"enemies":"2 Thieves","floor":18.0,"turns":4.0},{"damage":14.0,"enemies":"Shell Parasite","floor":20.0,"turns":4.0},{"damage":12.0,"enemies":"Cultist and Chosen","floor":21.0,"turns":5.0},{"damage":0.0,"enemies":"Centurion and Healer","floor":22.0,"turns":5.0},{"damage":42.0,"enemies":"Gremlin Leader","floor":23.0,"turns":6.0},{"damage":25.0,"enemies":"Slavers","floor":25.0,"turns":4.0},{"damage":12.0,"enemies":"3 Cultists","floor":28.0,"turns":4.0},{"damage":21.0,"enemies":"Book of Stabbing","floor":29.0,"turns":4.0},{"damage":4.0,"enemies":"Shelled Parasite and Fungi","floor":30.0,"turns":2.0},{"damage":77.0,"enemies":"Champ","floor":33.0,"turns":11.0},{"damage":12.0,"enemies":"Orb Walker","floor":35.0,"turns":3.0},{"damage":8.0,"enemies":"3 Shapes","floor":36.0,"turns":6.0},{"damage":4.0,"enemies":"Mind Bloom Boss Battle","floor":38.0,"turns":5.0},{"damage":68.0,"enemies":"Reptomancer","floor":40.0,"turns":5.0},{"damage":18.0,"enemies":"2 Orb Walkers","floor":42.0,"turns":4.0},{"damage":42.0,"enemies":"Nemesis","floor":44.0,"turns":5.0},{"damage":18.0,"enemies":"Jaw Worm Horde","floor":45.0,"turns":3.0},{"damage":60.0,"enemies":"Writhing Mass","floor":46.0,"turns":5.0},{"damage":24.0,"enemies":"Reptomancer","floor":47.0,"turns":4.0},{"damage":0.0,"enemies":"3 Darklings","floor":48.0,"turns":1.0},{"damage":121.0,"enemies":"Donu and Deca","floor":50.0,"turns":9.0},{"damage":91,"enemies":"Shield and Spear","floor":54,"turns":7},{"damage":97,"enemies":"The Heart","floor":55,"turns":6}],"seed_played":"4945586645878793725","potions_obtained":[{"floor":4.0,"key":"ElixirPotion"},{"floor":6.0,"key":"BloodPotion"},{"floor":8.0,"key":"BloodPotion"},{"floor":10.0,"key":"BlessingOfTheForge"},{"floor":11.0,"key":"CultistPotion"},{"floor":16.0,"key":"FearPotion"},{"floor":18.0,"key":"Block Potion"},{"floor":20.0,"key":"Explosive Potion"},{"floor":21.0,"key":"Weak Potion"},{"floor":22.0,"key":"Ancient Potion"},{"floor":23.0,"key":"Block Potion"},{"floor":25.0,"key":"EssenceOfSteel"},{"floor":28.0,"key":"Fruit Juice"},{"floor":29.0,"key":"AttackPotion"},{"floor":30.0,"key":"Fruit Juice"},{"floor":33.0,"key":"FairyPotion"},{"floor":35.0,"key":"SpeedPotion"},{"floor":36.0,"key":"Fire Potion"},{"floor":38.0,"key":"FairyPotion"},{"floor":40.0,"key":"Ancient Potion"},{"floor":42.0,"key":"SteroidPotion"},{"floor":44.0,"key":"BloodPotion"},{"floor":45.0,"key":"Weak Potion"},{"floor":46.0,"key":"LiquidBronze"},{"floor":47.0,"key":"ColorlessPotion"},{"floor":48.0,"key":"Ancient Potion"},{"floor":54,"key":"PowerPotion"}],"is_trial":false,"path_per_floor":["M","$","M","M","M","E","R","E","T","E","M","?","$","?","R","B",null,"M","$","M","M","M","E","R","E","T","R","M","E","M","$","R","B",null,"M","M","?","?","?","E","R","?","T","E","M","M","E","M","R","B",null,"R","$","E","B"],"character_chosen":"IRONCLAD","items_purchased":["Disarm","Immolate","Shrug It Off","AttackPotion","Potion Belt","Inflame","BloodPotion","EssenceOfSteel","SpeedPotion"],"campfire_rested":2,"item_purchase_floors":[2,13,13,13,31,31,31,31,53],"current_hp_per_floor":[79,79,76,77,60,8,32,20,20,15,12,5,5,80,80,68,77,65,65,59,55,63,29,53,36,36,36,42,29,33,58,58,14,79,75,75,75,100,95,71,71,61,61,27,55,63,47,55,55,35,80,80,95,10,0,0],"gold":162,"neow_bonus":"RANDOM_COMMON_RELIC","is_daily":false,"chose_seed":false,"campfire_upgraded":5,"win_rate":0.0,"timestamp":1607867097,"path_taken":["M","$","?","M","M","E","R","E","T","E","M","?","$","?","R","BOSS","M","?","M","M","M","E","R","E","T","R","?","E","M","$","R","BOSS","M","M","?","?","?","E","R","?","T","E","M","M","E","M","R","BOSS","R","$","E","BOSS"],"items_purchased_type":["Card","Card","Card","Potion","Relic","Card","Potion","Potion","Potion"],"build_version":"2020-11-30","purchased_purges":1,"victory":false,"max_hp_per_floor":[80,80,80,80,80,80,80,80,80,80,80,80,80,80,80,80,80,80,80,80,80,80,80,80,80,80,80,90,90,90,100,100,100,100,100,100,100,100,95,95,95,95,95,95,95,95,95,95,95,95,95,95,95,95,95,95],"relic_stats":{"counters":[32,160],"Pen Nib":[16],"PreservedInsect":290,"Whetstone":["Strike_R","Strike_R"],"Orichalcum":[420],"Burning Blood":184,"Blood Vial":55,"Lizard Tail":47,"Centennial Puzzle":[1],"Busted Crown":32,"Shuriken":[28],"Ornamental Fan":[76],"Pantograph":100,"MealTicket":30,"Prayer Wheel":7,"obtain_stats":[{"Potion Belt":31,"Lantern":47,"SacredBark":17,"Pen Nib":26,"PreservedInsect":26,"Whetstone":44,"Orichalcum":6,"Burning Blood":0,"White Beast Statue":8,"Blood Vial":0,"Lizard Tail":38,"Centennial Puzzle":54,"Matryoshka":10,"Busted Crown":34,"Shuriken":29,"Ornamental Fan":43,"Pantograph":9,"MealTicket":23,"Prayer Wheel":25,"Red Mask":37,"Bottled Lightning":40,"FossilizedHelix":42},{"Potion Belt":18,"Lantern":28,"SacredBark":9,"Pen Nib":15,"PreservedInsect":15,"Whetstone":25,"Orichalcum":5,"Burning Blood":0,"White Beast Statue":6,"Blood Vial":0,"Lizard Tail":22,"Centennial Puzzle":31,"Matryoshka":7,"Busted Crown":19,"Shuriken":17,"Ornamental Fan":24,"Pantograph":6,"MealTicket":14,"Prayer Wheel":15,"Red Mask":21,"Bottled Lightning":23,"FossilizedHelix":24},{"Potion Belt":86,"Lantern":137,"SacredBark":48,"Pen Nib":76,"PreservedInsect":76,"Whetstone":125,"Orichalcum":22,"Burning Blood":0,"White Beast Statue":29,"Blood Vial":0,"Lizard Tail":111,"Centennial Puzzle":154,"Matryoshka":38,"Busted Crown":97,"Shuriken":84,"Ornamental Fan":120,"Pantograph":29,"MealTicket":72,"Prayer Wheel":76,"Red Mask":106,"Bottled Lightning":116,"FossilizedHelix":120}]},"card_choices":[{"not_picked":["Heavy Blade","Burning Pact"],"picked":"Cleave","floor":1.0},{"not_picked":["Dark Embrace","Metallicize"],"picked":"Clothesline","floor":3.0},{"not_picked":["Clothesline","Perfected Strike"],"picked":"True Grit","floor":4.0},{"not_picked":["Blood for Blood","Perfected Strike","Havoc"],"picked":"SKIP","floor":5.0},{"not_picked":["Juggernaut","Combust"],"picked":"Twin Strike","floor":6.0},{"not_picked":["Clothesline","Sword Boomerang"],"picked":"Carnage","floor":8.0},{"not_picked":["Bloodletting","Heavy Blade","Perfected Strike"],"picked":"SKIP","floor":10.0},{"not_picked":["Clothesline","Headbutt"],"picked":"Anger","floor":11.0},{"not_picked":["Heavy Blade","Twin Strike","Pommel Strike"],"picked":"SKIP","floor":18.0},{"not_picked":["Heavy Blade","Havoc","Pommel Strike"],"picked":"SKIP","floor":20.0},{"not_picked":["Anger","Limit Break"],"picked":"Metallicize","floor":21.0},{"not_picked":["Iron Wave+1","Pommel Strike","Fire Breathing+1"],"picked":"SKIP","floor":22.0},{"not_picked":["Wild Strike+1","Evolve","Entrench"],"picked":"SKIP","floor":23.0},{"not_picked":["Dark Embrace+1","True Grit","Twin Strike"],"picked":"SKIP","floor":25.0},{"not_picked":["Wild Strike","Carnage","Headbutt"],"picked":"SKIP","floor":28.0},{"not_picked":["Carnage","Cleave","Twin Strike"],"picked":"SKIP","floor":28.0},{"not_picked":["Cleave","Clothesline","Iron Wave"],"picked":"SKIP","floor":29.0},{"not_picked":["Carnage","Twin Strike"],"picked":"Juggernaut","floor":30.0},{"not_picked":["Entrench","Reckless Charge","Headbutt+1"],"picked":"SKIP","floor":30.0},{"not_picked":["Feed","Bludgeon"],"picked":"Offering","floor":33.0},{"not_picked":["Second Wind"],"picked":"SKIP","floor":35.0},{"not_picked":["Seeing Red+1"],"picked":"SKIP","floor":35.0},{"not_picked":[],"picked":"Iron Wave","floor":36.0},{"not_picked":["Sword Boomerang"],"picked":"SKIP","floor":36.0},{"not_picked":["Blood for Blood"],"picked":"SKIP","floor":40.0},{"not_picked":["Sever Soul"],"picked":"SKIP","floor":44.0},{"not_picked":["True Grit"],"picked":"SKIP","floor":45.0},{"not_picked":["Sword Boomerang"],"picked":"SKIP","floor":45.0},{"not_picked":["Dark Embrace"],"picked":"SKIP","floor":46.0},{"not_picked":["Sword Boomerang"],"picked":"SKIP","floor":46.0},{"not_picked":["Searing Blow+1"],"picked":"SKIP","floor":47.0},{"not_picked":["Flex"],"picked":"SKIP","floor":48.0},{"not_picked":["Havoc+1"],"picked":"SKIP","floor":48.0},{"not_picked":["Clash"],"picked":"SKIP","floor":54}],"player_experience":186013,"relics_obtained":[{"floor":6.0,"key":"Orichalcum"},{"floor":8.0,"key":"White Beast Statue"},{"floor":9.0,"key":"Pantograph"},{"floor":10.0,"key":"Matryoshka"},{"floor":23.0,"key":"MealTicket"},{"floor":25.0,"key":"Prayer Wheel"},{"floor":26.0,"key":"Pen Nib"},{"floor":26.0,"key":"PreservedInsect"},{"floor":29.0,"key":"Shuriken"},{"floor":38.0,"key":"Lizard Tail"},{"floor":40.0,"key":"Bottled Lightning"},{"floor":42.0,"key":"FossilizedHelix"},{"floor":43.0,"key":"Ornamental Fan"},{"floor":44.0,"key":"Whetstone"},{"floor":47.0,"key":"Lantern"},{"floor":54,"key":"Centennial Puzzle"}],"event_choices":[{"damage_healed":0.0,"max_hp_gain":0.0,"max_hp_loss":0.0,"gold_gain":0.0,"event_name":"Scrap Ooze","player_choice":"Fled","floor":12.0,"gold_loss":0.0,"damage_taken":7.0},{"cards_removed":["Disarm"],"damage_healed":75.0,"max_hp_gain":0.0,"max_hp_loss":0.0,"gold_gain":0.0,"event_name":"Bonfire Elementals","player_choice":"Offered Uncommon","floor":14.0,"gold_loss":0.0,"damage_taken":0.0},{"damage_healed":0.0,"max_hp_gain":0.0,"max_hp_loss":0.0,"gold_gain":0.0,"event_name":"Tomb of Lord Red Mask","player_choice":"Paid","floor":37.0,"gold_loss":109.0,"damage_taken":0.0,"relics_obtained":["Red Mask"]},{"damage_healed":0.0,"max_hp_gain":0.0,"max_hp_loss":0.0,"gold_gain":0.0,"event_name":"MindBloom","player_choice":"Fight","floor":38.0,"gold_loss":0.0,"damage_taken":0.0},{"damage_healed":0.0,"max_hp_gain":0.0,"max_hp_loss":5.0,"gold_gain":0.0,"event_name":"Winding Halls","player_choice":"Max HP","floor":39.0,"gold_loss":0.0,"damage_taken":0.0},{"damage_healed":0.0,"max_hp_gain":0.0,"max_hp_loss":0.0,"gold_gain":0.0,"event_name":"Mysterious Sphere","player_choice":"Fight","floor":42.0,"gold_loss":0.0,"damage_taken":0.0}],"is_beta":false,"boss_relics":[{"not_picked":["Velvet Choker","Fusion Hammer"],"picked":"SacredBark"},{"not_picked":["Black Star","Black Blood"],"picked":"Busted Crown"}],"items_purged_floors":[53],"is_endless":false,"potions_floor_spawned":[4,6,8,10,11,16,18,20,21,22,23,25,28,29,30,33,35,36,38,40,42,44,45,46,47,48,54],"killed_by":"The Heart","ascension_level":13}}