{"host":"dl5mjdlimopbuch5","time":1607874026,"event":{"mods":["AchievementEnabler","BaseMod","Colored Powertips","Googly Eyes","Minty Spire (QoL Compilation)","Quick Restart"],"gold_per_floor":[114,114,129,129,129,159,174,174,199,229,329,79,94,109,109,209,209,224,80,95,110,110,110,110,125,175,190,190,190,190,190],"floor_reached":30,"playtime":1172,"items_purged":[],"score":265,"play_id":"46854d9d-2b6e-4561-90a0-e5034a243a1f","local_time":"20201213154026","daily_mods":["Specialized","Colorless Cards","Binary"],"is_ascension_mode":false,"campfire_choices":[{"data":"Eruption","floor":8,"key":"SMITH"},{"floor":15,"key":"REST"},{"floor":24,"key":"REST"},{"floor":28,"key":"REST"}],"circlet_count":0,"master_deck":["Strike_P","Strike_P","Strike_P","Strike_P","Defend_P","Defend_P","Defend_P","Defend_P","Eruption+1","Vigilance","ThirdEye","ThirdEye","ThirdEye","ThirdEye","EmptyFist","Pain","PathToVictory","PathToVictory","Devotion","Consecrate+1","DevaForm"],"relics":["HolyWater","WarpedTongs","Strawberry","Akabeko","Pantograph","TeardropLocket","MutagenicStrength","Dream Catcher"],"acts_visited":["Exordium","TheCity"],"potions_floor_usage":[16,16],"damage_taken":[{"damage":1,"enemies":"Small Slimes","floor":1,"turns":5},{"damage":6,"enemies":"Cultist","floor":3,"turns":3},{"damage":18,"enemies":"Lagavulin","floor":6,"turns":8},{"damage":0,"enemies":"2 Louse","floor":7,"turns":2},{"damage":41,"enemies":"3 Sentries","floor":10,"turns":11},{"damage":4,"enemies":"Exordium Thugs","floor":13,"turns":4},{"damage":4,"enemies":"Lots of Slimes","floor":14,"turns":5},{"damage":19,"enemies":"Slime Boss","floor":16,"turns":10},{"damage":1,"enemies":"Chosen","floor":18,"turns":4},{"damage":12,"enemies":"Shell Parasite","floor":20,"turns":5},{"damage":25,"enemies":"Shelled Parasite and Fungi","floor":21,"turns":6},{"damage":33,"enemies":"Chosen and Byrds","floor":25,"turns":7},{"damage":8,"enemies":"Centurion and Healer","floor":27,"turns":7},{"damage":41,"enemies":"3 Cultists","floor":30,"turns":7}],"seed_played":"4834798368356638827","potions_obtained":[{"floor":1,"key":"Weak Potion"},{"floor":10,"key":"Dexterity Potion"},{"floor":13,"key":"Block Potion"},{"floor":20,"key":"CultistPotion"},{"floor":25,"key":"ColorlessPotion"}],"is_trial":false,"path_per_floor":["M","?","M","?","$","E","M","R","T","E","?","$","M","M","R","B",null,"M","$","M","M","?","?","R","M","T","M","R","?","M"],"character_chosen":"WATCHER","items_purchased":["TeardropLocket","DevaForm"],"campfire_rested":3,"item_purchase_floors":[12,19],"current_hp_per_floor":[71,72,66,66,66,55,55,55,55,14,14,14,10,6,29,35,79,78,78,66,41,41,41,64,31,31,23,46,46,5,5],"gold":190,"neow_bonus":"","is_daily":true,"chose_seed":false,"campfire_upgraded":1,"win_rate":0.0,"timestamp":1607874026,"path_taken":["M","?","?","?","?","E","?","R","T","E","?","?","M","M","R","BOSS","M","$","M","M","?","?","R","M","T","M","R","?","M"],"items_purchased_type":["Relic","Card"],"build_version":"2020-11-30","purchased_purges":0,"victory":false,"max_hp_per_floor":[72,72,72,72,72,79,79,79,79,79,79,79,79,79,79,79,79,79,79,79,79,79,79,79,79,79,79,79,79,79,79],"card_choices":[{"not_picked":["Halt"],"picked":"EmptyFist","floor":1},{"not_picked":["CrushJoints","FollowUp"],"picked":"SKIP","floor":3},{"not_picked":["Finesse","Flash of Steel"],"picked":"SKIP","floor":6},{"not_picked":["SashWhip"],"picked":"PathToVictory","floor":7},{"not_picked":["Indignation","FlyingSleeves"],"picked":"SKIP","floor":10},{"not_picked":["SandsOfTime"],"picked":"PathToVictory","floor":13},{"not_picked":["CrushJoints","Good Instincts"],"picked":"SKIP","floor":14},{"not_picked":["Master of Strategy"],"picked":"Devotion","floor":16},{"not_picked":["Evaluate+1"],"picked":"Consecrate+1","floor":18},{"not_picked":["ClearTheMind","Blind"],"picked":"SKIP","floor":20},{"not_picked":["Crescendo","SashWhip+1"],"picked":"SKIP","floor":21},{"not_picked":["CutThroughFate","FlyingSleeves"],"picked":"SKIP","floor":25},{"not_picked":["ClearTheMind","SignatureMove"],"picked":"SKIP","floor":27}],"player_experience":205783,"relics_obtained":[{"floor":6,"key":"Strawberry"},{"floor":9,"key":"Akabeko"},{"floor":10,"key":"Pantograph"},{"floor":26,"key":"Dream Catcher"}],"event_choices":[{"cards_removed":["ThirdEye"],"damage_healed":5,"gold_gain":0,"player_choice":"Offered Common","damage_taken":0,"max_hp_gain":0,"max_hp_loss":0,"event_name":"Bonfire Elementals","floor":2,"gold_loss":0},{"cards_removed":["ThirdEye"],"damage_healed":5,"gold_gain":0,"player_choice":"Offered Special","damage_taken":0,"max_hp_gain":0,"max_hp_loss":0,"event_name":"Bonfire Elementals","floor":2,"gold_loss":0},{"damage_healed":0,"gold_gain":0,"player_choice":"Rummage","damage_taken":0,"relics_obtained":["WarpedTongs"],"max_hp_gain":0,"max_hp_loss":0,"event_name":"Accursed Blacksmith","floor":4,"gold_loss":0,"cards_obtained":["Pain"]},{"damage_healed":0,"gold_gain":100,"player_choice":"Gold","damage_taken":0,"max_hp_gain":0,"max_hp_loss":0,"event_name":"Wheel of Change","floor":11,"gold_loss":0},{"damage_healed":0,"gold_gain":0,"player_choice":"Ignored","damage_taken":0,"max_hp_gain":0,"max_hp_loss":0,"event_name":"Vampires","floor":22,"gold_loss":0},{"damage_healed":0,"gold_gain":0,"player_choice":"Inject Mutagens","damage_taken":0,"relics_obtained":["MutagenicStrength"],"max_hp_gain":0,"max_hp_loss":0,"event_name":"Drug Dealer","floor":23,"gold_loss":0},{"damage_healed":0,"gold_gain":0,"player_choice":"Ignored","damage_taken":0,"max_hp_gain":0,"max_hp_loss":0,"event_name":"Ghosts","floor":29,"gold_loss":0}],"is_beta":false,"boss_relics":[{"not_picked":["Tiny House","Empty Cage"],"picked":"HolyWater"}],"items_purged_floors":[],"is_endless":false,"potions_floor_spawned":[1,10,13,20,25,27],"killed_by":"3 Cultists","ascension_level":0}}