{"host":"spdo1rkrnctwf3z7","time":1607844180,"event":{"mods":["AchievementEnabler","BaseMod","Colored Map","Minty Spire (QoL Compilation)","SuperFastMode"],"gold_per_floor":[112,122,122,84,104,104,104,179,247,247,257,276,276,286,286,381,381,401,413,413,423,423,423,26,40,40,40,59,59,59,79,79,178,178,189,207,218,72,91,91,106,123,191,191,205,205,58,68,68,68],"floor_reached":51,"playtime":3356,"items_purged":[],"score":745,"play_id":"510a534e-52e7-42cb-8020-c5f395da3237","local_time":"20201213162300","is_ascension_mode":false,"campfire_choices":[{"data":"Hello World","floor":6,"key":"SMITH"},{"data":"Defragment","floor":13,"key":"SMITH"},{"data":"Zap","floor":15,"key":"SMITH"},{"data":"RitualDagger","floor":23,"key":"SMITH"},{"data":"Dualcast","floor":27,"key":"SMITH"},{"data":"Melter","floor":29,"key":"SMITH"},{"data":"Electrodynamics","floor":32,"key":"SMITH"},{"data":"Creative AI","floor":40,"key":"SMITH"},{"data":"Conserve Battery","floor":44,"key":"SMITH"},{"data":"Reboot","floor":46,"key":"SMITH"},{"data":"Reinforced Body","floor":49,"key":"SMITH"}],"circlet_count":0,"master_deck":["Strike_B+1","Strike_B+1","Strike_B+1","Strike_B+1","Defend_B+1","Defend_B+1","Defend_B+1","Defend_B+1","Zap+1","Dualcast+1","Ball Lightning","Undo","Hello World+1","Coolheaded","Core Surge","Defragment+1","Reinforced Body+1","Electrodynamics+1","BootSequence","RitualDagger+1","Gash","Melter+1","Creative AI+1","CurseOfTheBell","Stack+1","Conserve Battery+1","Self Repair","Go for the Eyes+1","Reboot+1"],"relics":["Cracked Core","Bird Faced Urn","FossilizedHelix","Matryoshka","Velvet Choker","Kunai","Lantern","HornCleat","Bottled Flame","Calling Bell","Centennial Puzzle","Pear","WingedGreaves","Bronze Scales","Meat on the Bone","Gremlin Horn","Strawberry"],"acts_visited":["Exordium","TheCity","TheBeyond"],"potions_floor_usage":[16,16,33,33,33,39,50,50,50],"damage_taken":[{"damage":1,"enemies":"Cultist","floor":1,"turns":3},{"damage":3,"enemies":"Jaw Worm","floor":2,"turns":3},{"damage":5,"enemies":"Small Slimes","floor":5,"turns":3},{"damage":9,"enemies":"3 Louse","floor":11,"turns":3},{"damage":0,"enemies":"Large Slime","floor":12,"turns":4},{"damage":5,"enemies":"2 Fungi Beasts","floor":14,"turns":3},{"damage":39,"enemies":"Hexaghost","floor":16,"turns":10},{"damage":10,"enemies":"Spheric Guardian","floor":18,"turns":4},{"damage":0,"enemies":"Chosen","floor":19,"turns":3},{"damage":2,"enemies":"Centurion and Healer","floor":21,"turns":5},{"damage":0,"enemies":"Chosen and Byrds","floor":25,"turns":6},{"damage":0,"enemies":"Sentry and Sphere","floor":28,"turns":4},{"damage":1,"enemies":"Snake Plant","floor":31,"turns":5},{"damage":29,"enemies":"Champ","floor":33,"turns":9},{"damage":0,"enemies":"Orb Walker","floor":35,"turns":3},{"damage":42,"enemies":"3 Darklings","floor":36,"turns":5},{"damage":0,"enemies":"4 Shapes","floor":37,"turns":5},{"damage":23,"enemies":"Jaw Worm Horde","floor":39,"turns":6},{"damage":0,"enemies":"Spire Growth","floor":41,"turns":8},{"damage":19,"enemies":"4 Shapes","floor":42,"turns":4},{"damage":16,"enemies":"Transient","floor":45,"turns":5},{"damage":0,"enemies":"Sphere and 2 Shapes","floor":48,"turns":2},{"damage":102,"enemies":"Awakened One","floor":50,"turns":18}],"seed_played":"-7151044937047542774","potions_obtained":[{"floor":1,"key":"Strength Potion"},{"floor":5,"key":"AttackPotion"},{"floor":11,"key":"BlessingOfTheForge"},{"floor":21,"key":"DuplicationPotion"},{"floor":31,"key":"Strength Potion"},{"floor":33,"key":"FocusPotion"},{"floor":35,"key":"Swift Potion"},{"floor":39,"key":"Energy Potion"},{"floor":48,"key":"FearPotion"}],"is_trial":false,"path_per_floor":["M","M","?","$","M","R","T","?","T","?","M","M","R","M","R","B",null,"M","M","?","M","?","R","$","M","T","R","M","R","?","M","R","B",null,"M","M","M","$","M","R","M","M","T","R","M","R","$","M","R","B",null],"character_chosen":"DEFECT","items_purchased":["Hello World","Kunai","Lantern","Bronze Scales","Strawberry"],"campfire_rested":0,"item_purchase_floors":[4,24,24,38,47],"current_hp_per_floor":[53,50,50,50,45,45,45,34,34,59,52,54,54,53,53,18,75,65,71,71,73,67,67,67,71,71,71,75,75,75,75,75,48,85,85,47,55,55,46,46,63,57,57,57,60,60,67,73,73,26],"gold":68,"neow_bonus":"ONE_RARE_RELIC","is_daily":false,"chose_seed":false,"campfire_upgraded":11,"win_rate":0.0,"timestamp":1607844180,"path_taken":["M","M","?","$","M","R","?","?","T","?","M","M","R","M","R","BOSS","M","M","?","M","?","R","$","M","T","R","M","R","?","M","R","BOSS","M","M","M","$","M","R","M","?","T","R","M","R","$","M","R","BOSS"],"items_purchased_type":["Card","Relic","Relic","Relic","Relic"],"build_version":"2020-11-30","purchased_purges":0,"victory":true,"max_hp_per_floor":[75,75,75,75,75,75,75,75,75,75,75,75,75,75,75,75,75,75,75,75,75,75,75,75,75,75,75,75,75,75,75,75,75,85,85,85,85,85,85,85,85,85,85,85,85,85,92,92,92,92],"card_choices":[{"not_picked":["Skim","Go for the Eyes"],"picked":"Ball Lightning","floor":1},{"not_picked":["FTL","Turbo"],"picked":"Undo","floor":2},{"not_picked":["Hologram","Sweeping Beam"],"picked":"Coolheaded","floor":5},{"not_picked":["Conserve Battery","Barrage"],"picked":"Core Surge","floor":11},{"not_picked":["Sweeping Beam","Hologram"],"picked":"Defragment","floor":12},{"not_picked":["Lockon","Tempest"],"picked":"Reinforced Body","floor":14},{"not_picked":["Multi-Cast","All For One"],"picked":"Electrodynamics","floor":16},{"not_picked":["Streamline","Conserve Battery"],"picked":"Beam Cell","floor":18},{"not_picked":["Compile Driver","Cold Snap+1"],"picked":"BootSequence","floor":19},{"not_picked":["Compile Driver","Sweeping Beam","Tempest"],"picked":"SKIP","floor":21},{"not_picked":["Skim","Blizzard"],"picked":"Gash","floor":25},{"not_picked":["Thunder Strike","Defragment"],"picked":"Melter","floor":28},{"not_picked":["FTL","Cold Snap","Recycle+1"],"picked":"SKIP","floor":31},{"not_picked":["Buffer","Electrodynamics"],"picked":"Creative AI","floor":33},{"not_picked":["Recycle+1","Turbo+1","Coolheaded+1"],"picked":"SKIP","floor":35},{"not_picked":["Rebound","Conserve Battery+1"],"picked":"Stack+1","floor":36},{"not_picked":["Leap","Compile Driver"],"picked":"Conserve Battery","floor":37},{"not_picked":["Conserve Battery+1","Ball Lightning+1"],"picked":"Self Repair","floor":39},{"not_picked":["Barrage","Gash"],"picked":"Go for the Eyes+1","floor":41},{"not_picked":["Undo","Sweeping Beam","Blizzard"],"picked":"SKIP","floor":42},{"not_picked":["Blizzard","Conserve Battery"],"picked":"Reboot","floor":45},{"not_picked":["Steam Power+1","Undo","Chill"],"picked":"SKIP","floor":48}],"player_experience":119032,"relics_obtained":[{"floor":7,"key":"FossilizedHelix"},{"floor":9,"key":"Matryoshka"},{"floor":26,"key":"HornCleat"},{"floor":26,"key":"Bottled Flame"},{"floor":34,"key":"Centennial Puzzle"},{"floor":34,"key":"Pear"},{"floor":34,"key":"WingedGreaves"},{"floor":43,"key":"Meat on the Bone"},{"floor":43,"key":"Gremlin Horn"}],"event_choices":[{"damage_healed":0,"gold_gain":0,"player_choice":"Ignored","damage_taken":0,"max_hp_gain":0,"max_hp_loss":0,"event_name":"Golden Wing","floor":3,"gold_loss":0},{"damage_healed":0,"gold_gain":75,"player_choice":"Gather Gold","damage_taken":11,"max_hp_gain":0,"max_hp_loss":0,"event_name":"World of Goop","floor":8,"gold_loss":0},{"damage_healed":25,"gold_gain":0,"player_choice":"Banana","damage_taken":0,"max_hp_gain":0,"max_hp_loss":0,"event_name":"Big Fish","floor":10,"gold_loss":0},{"damage_healed":0,"gold_gain":0,"player_choice":"Simplicity","damage_taken":0,"max_hp_gain":0,"max_hp_loss":0,"event_name":"Back to Basics","floor":20,"gold_loss":0,"cards_upgraded":["Strike_B","Strike_B","Strike_B","Strike_B","Defend_B","Defend_B","Defend_B","Defend_B"]},{"damage_healed":0,"gold_gain":0,"player_choice":"Joined the Cult","damage_taken":6,"max_hp_gain":0,"max_hp_loss":0,"event_name":"Nest","floor":22,"gold_loss":0,"cards_obtained":["RitualDagger"]},{"cards_removed":["Beam Cell"],"damage_healed":0,"gold_gain":0,"player_choice":"Purged","damage_taken":0,"max_hp_gain":0,"max_hp_loss":0,"event_name":"Purifier","floor":30,"gold_loss":0}],"is_beta":false,"boss_relics":[{"not_picked":["Runic Pyramid","Philosopher\u0027s Stone"],"picked":"Velvet Choker"},{"not_picked":["Black Star","Sozu"],"picked":"Calling Bell"}],"items_purged_floors":[],"is_endless":false,"potions_floor_spawned":[1,5,11,14,21,31,33,35,39,48],"ascension_level":0}}