{"host":"zk71suw73lg2r165","time":1607835271,"event":{"mods":["BaseMod","Colored Map","Minty Spire (QoL Compilation)","Permanent Neow","Relic Stats","StSLib"],"gold_per_floor":[114,124,124,199,46,72,72,88,88,103,26,36,36,36],"floor_reached":13,"playtime":344,"items_purged":["Strike_B"],"score":170,"play_id":"51e374ec-6035-4b82-8029-f2be08ffd2ce","local_time":"20201212235431","is_ascension_mode":true,"campfire_choices":[{"data":"Genetic Algorithm","floor":7.0,"key":"SMITH"}],"circlet_count":0,"master_deck":["AscendersBane","Strike_B","Strike_B","Strike_B","Defend_B","Defend_B","Defend_B","Defend_B","Zap","Dualcast","Gash","Ball Lightning","Gash","Genetic Algorithm","Genetic Algorithm+1","Sweeping Beam","Hologram","FTL","Gash"],"relics":["Cracked Core","Lantern","Darkstone Periapt"],"acts_visited":["Exordium"],"potions_floor_usage":[13],"damage_taken":[{"damage":14.0,"enemies":"Small Slimes","floor":1.0,"turns":3.0},{"damage":4.0,"enemies":"2 Louse","floor":2.0,"turns":2.0},{"damage":30.0,"enemies":"Lagavulin","floor":6.0,"turns":6.0},{"damage":5.0,"enemies":"Jaw Worm","floor":8.0,"turns":3.0},{"damage":1.0,"enemies":"Exordium Thugs","floor":10.0,"turns":4.0},{"damage":0.0,"enemies":"Gremlin Gang","floor":12.0,"turns":3.0},{"damage":7,"enemies":"3 Sentries","floor":13,"turns":4}],"seed_played":"5131955592304557849","potions_obtained":[{"floor":6.0,"key":"SpeedPotion"},{"floor":8.0,"key":"SpeedPotion"}],"is_trial":false,"path_per_floor":["M","M","?","?","$","E","R","M","T","M","$","M","E"],"character_chosen":"DEFECT","items_purchased":["Genetic Algorithm","FTL"],"campfire_rested":0,"item_purchase_floors":[5,11],"current_hp_per_floor":[50,46,69,58,58,28,28,23,23,22,22,22,15,15],"gold":36,"neow_bonus":"THREE_CARDS","is_daily":false,"chose_seed":false,"campfire_upgraded":1,"win_rate":0.0,"timestamp":1607835271,"path_taken":["M","M","?","?","$","E","R","M","T","M","$","M","E"],"items_purchased_type":["Card","Card"],"build_version":"2020-11-30","purchased_purges":1,"victory":false,"max_hp_per_floor":[71,71,71,71,71,71,71,71,71,71,71,71,71,71],"relic_stats":{"Darkstone Periapt":0,"counters":[7,25],"obtain_stats":[{"Darkstone Periapt":9,"Lantern":6,"Cracked Core":0},{"Darkstone Periapt":4,"Lantern":3,"Cracked Core":0},{"Darkstone Periapt":14,"Lantern":11,"Cracked Core":0}]},"card_choices":[{"not_picked":["Self Repair","Rebound"],"picked":"Gash","floor":0.0},{"not_picked":["Sweeping Beam","Barrage"],"picked":"Ball Lightning","floor":1.0},{"not_picked":["Barrage","Beam Cell"],"picked":"Gash","floor":2.0},{"not_picked":["Barrage","Rip and Tear"],"picked":"Genetic Algorithm","floor":6.0},{"not_picked":["Conserve Battery","Consume"],"picked":"Sweeping Beam","floor":8.0},{"not_picked":["Beam Cell","Undo"],"picked":"Hologram","floor":10.0},{"not_picked":["Rebound","Compile Driver"],"picked":"Gash","floor":12.0}],"player_experience":1310522,"relics_obtained":[{"floor":6.0,"key":"Lantern"},{"floor":9.0,"key":"Darkstone Periapt"}],"event_choices":[{"damage_healed":23.0,"max_hp_gain":0.0,"max_hp_loss":0.0,"gold_gain":0.0,"event_name":"Big Fish","player_choice":"Banana","floor":3.0,"gold_loss":0.0,"damage_taken":0.0},{"damage_healed":0.0,"max_hp_gain":0.0,"max_hp_loss":0.0,"gold_gain":75.0,"event_name":"World of Goop","player_choice":"Gather Gold","floor":4.0,"gold_loss":0.0,"damage_taken":11.0}],"is_beta":false,"boss_relics":[],"items_purged_floors":[5],"is_endless":false,"potions_floor_spawned":[6,8],"killed_by":"3 Sentries","ascension_level":20}}