{"host":"yk98keyoflza93y0","time":1607889779,"event":{"mods":["AchievementEnabler","BaseMod","BetterRewards","Card Forge","Colored Map","DeckTracker","Minty Spire (QoL Compilation)","Shop Mod","StSLib","SuperFastMode","The Poker Player"],"gold_per_floor":[115,125,144,144,160,189,215,229,252,252,282,282,157,157,157,267,267,285,304,324,324,337,337,366,366,366,366,387,926,950,624,624,720,720,735,760,771,771,790,790,822,822,822,822,854,854,43,63,63,63,63,63,1,27,27],"floor_reached":56,"playtime":1874,"items_purged":["PokerPlayerMod:Diamond1","PokerPlayerMod:Diamond2","PokerPlayerMod:Club1","PokerPlayerMod:Diamond4","PokerPlayerMod:Diamond5","PokerPlayerMod:Diamond6","PokerPlayerMod:Spade3"],"score":2099,"play_id":"7ecb6ff1-08d8-42f5-a5d0-8aebe4e75c11","local_time":"20201214050259","is_ascension_mode":true,"metric_token":734,"campfire_choices":[{"data":"PokerPlayerMod:TrumpStrike","floor":10,"key":"SMITH"},{"data":"PokerPlayerMod:Mulligan","floor":12,"key":"SMITH"},{"data":"PokerPlayerMod:Duplicate","floor":15,"key":"SMITH"},{"data":"PokerPlayerMod:CardPrinter","floor":23,"key":"SMITH"},{"data":"PokerPlayerMod:CardPrinter+1","floor":25,"key":"SMITH"},{"data":"PokerPlayerMod:CardPrinter+2","floor":27,"key":"SMITH"},{"data":"PokerPlayerMod:CardPrinter+3","floor":32,"key":"SMITH"},{"data":"PokerPlayerMod:CardPrinter+4","floor":40,"key":"SMITH"},{"data":"PokerPlayerMod:CardPrinter+5","floor":44,"key":"SMITH"},{"floor":49,"key":"RECALL"},{"data":"PokerPlayerMod:CardPrinter+6","floor":52,"key":"SMITH"}],"circlet_count":0,"master_deck":["PokerPlayerMod:Spade4","PokerPlayerMod:TrumpStrike+1","PokerPlayerMod:Mulligan+1","PokerPlayerMod:Club8","PokerPlayerMod:Diamond10+","PokerPlayerMod:Duplicate+1","PokerPlayerMod:CardPrinter+7","PokerPlayerMod:Spade5","PokerPlayerMod:Diamond7","PokerPlayerMod:Diamond10+","PokerPlayerMod:CardBurn","PokerPlayerMod:ClubDance+1","PokerPlayerMod:CardBurn+1","PokerPlayerMod:Spade10+"],"relics":["PokerPlayerMod:DeckCase","Hammer of Thor","Seething Fire","Anvil of the Gods","TheAbacus","PokerPlayerMod:StuffedPocket","Incense Burner","Orrery","Meat on the Bone","PokerPlayerMod:PenAndEraser","Shovel","CeramicFish","Bronze Scales","Matryoshka","Boot","PokerPlayerMod:CoolBox","Empty Cage","Pen Nib","Toy Ornithopter","PokerPlayerMod:JackpotMachine","Strange Spoon","Coffee Dripper","Question Card","PokerPlayerMod:FairLicense","Letter Opener","ClockworkSouvenir","Mango","Anchor","Bottled Tornado","Lee\u0027s Waffle","Mummified Hand","Bottled Lightning"],"acts_visited":["Exordium","TheCity","TheBeyond","TheEnding"],"potions_floor_usage":[37,50,50,50,50,55,55],"damage_taken":[{"damage":12,"enemies":"Small Slimes","floor":1,"turns":2},{"damage":0,"enemies":"Cultist","floor":2,"turns":1},{"damage":12,"enemies":"Jaw Worm","floor":3,"turns":2},{"damage":0,"enemies":"Exordium Thugs","floor":5,"turns":2},{"damage":19,"enemies":"3 Sentries","floor":6,"turns":3},{"damage":0,"enemies":"Looter","floor":7,"turns":2},{"damage":0,"enemies":"Blue Slaver","floor":8,"turns":1},{"damage":17,"enemies":"Lagavulin","floor":11,"turns":5},{"damage":0,"enemies":"Slime Boss","floor":16,"turns":3},{"damage":0,"enemies":"Chosen","floor":18,"turns":2},{"damage":0,"enemies":"Shell Parasite","floor":19,"turns":3},{"damage":0,"enemies":"Centurion and Healer","floor":20,"turns":3},{"damage":0,"enemies":"Snake Plant","floor":22,"turns":1},{"damage":0,"enemies":"Slavers","floor":24,"turns":3},{"damage":0,"enemies":"Shelled Parasite and Fungi","floor":28,"turns":2},{"damage":0,"enemies":"3 Cultists","floor":30,"turns":2},{"damage":0,"enemies":"Champ","floor":33,"turns":7},{"damage":0,"enemies":"Orb Walker","floor":35,"turns":1},{"damage":0,"enemies":"3 Darklings","floor":36,"turns":2},{"damage":0,"enemies":"Writhing Mass","floor":37,"turns":2},{"damage":0,"enemies":"Spire Growth","floor":39,"turns":2},{"damage":4,"enemies":"Reptomancer","floor":41,"turns":4},{"damage":0,"enemies":"Giant Head","floor":45,"turns":4},{"damage":0,"enemies":"4 Shapes","floor":48,"turns":1},{"damage":33,"enemies":"Donu and Deca","floor":50,"turns":4},{"damage":0,"enemies":"Shield and Spear","floor":54,"turns":2},{"damage":28,"enemies":"The Heart","floor":55,"turns":6}],"seed_played":"4232542704588821352","potions_obtained":[{"floor":3,"key":"DuplicationPotion"},{"floor":5,"key":"FearPotion"},{"floor":11,"key":"Strength Potion"},{"floor":19,"key":"Fire Potion"},{"floor":33,"key":"PowerPotion"},{"floor":35,"key":"LiquidMemories"},{"floor":39,"key":"EntropicBrew"}],"is_trial":false,"path_per_floor":["M","M","M","?","M","E","M","M","T","R","E","R","$","T","R","B",null,"M","M","M","?","M","R","E","R","T","R","M","$","M","$","R","B",null,"M","M","M","?","M","R","E","?","T","R","E","?","$","M","R","B",null,"R","$","E","B",null],"character_chosen":"THE_POKER_PLAYER","items_purchased":["TheAbacus","PokerPlayerMod:Club8","PokerPlayerMod:Diamond7","Orrery","Meat on the Bone","PokerPlayerMod:PenAndEraser","PokerPlayerMod:JackpotMachine","Strange Spoon","ClockworkSouvenir","Mango","Anchor","PokerPlayerMod:Spade10+","Bottled Tornado","Lee\u0027s Waffle","Mummified Hand","SkillPotion"],"campfire_rested":0,"item_purchase_floors":[0,0,0,0,0,0,29,31,47,47,47,53,53,53,53,53],"current_hp_per_floor":[42,47,35,35,37,33,33,33,33,33,31,31,31,31,31,31,47,47,47,47,52,52,52,52,52,52,52,52,52,52,52,52,52,52,52,52,52,52,52,52,48,48,48,48,48,48,62,62,62,49,62,62,73,73,45],"gold":27,"neow_bonus":"","is_daily":false,"chose_seed":false,"campfire_upgraded":10,"win_rate":0.0,"timestamp":1607889779,"path_taken":["M","M","M","?","M","E","M","?","T","R","E","R","$","?","R","BOSS","M","M","M","?","M","R","E","R","T","R","M","$","M","?","R","BOSS","M","M","M","?","M","R","E","?","T","R","E","?","$","M","R","BOSS","R","$","E","BOSS"],"items_purchased_type":["Relic","Card","Card","Relic","Relic","Relic","Relic","Relic","Relic","Relic","Relic","Undefined","Relic","Relic","Relic","Potion"],"build_version":"2020-11-30","purchased_purges":7,"victory":true,"max_hp_per_floor":[52,52,52,52,52,52,52,52,52,52,52,52,52,52,52,52,52,52,52,52,52,52,52,52,52,52,52,52,52,52,52,52,52,52,52,52,52,52,52,52,52,52,52,52,52,52,66,66,66,66,66,66,73,73,73],"card_choices":[{"not_picked":["PokerPlayerMod:SecondChance","PokerPlayerMod:MagicTrick"],"picked":"PokerPlayerMod:Duplicate","floor":0},{"not_picked":["PokerPlayerMod:DiamondStrike","PokerPlayerMod:Diamond4"],"picked":"PokerPlayerMod:CardPrinter","floor":1},{"not_picked":["PokerPlayerMod:Club3","PokerPlayerMod:Sharpen","PokerPlayerMod:Club6"],"picked":"SKIP","floor":2},{"not_picked":["PokerPlayerMod:Overdeal","PokerPlayerMod:Diamond3"],"picked":"PokerPlayerMod:Spade5","floor":3},{"not_picked":["PokerPlayerMod:CardBurn","PokerPlayerMod:Fold","PokerPlayerMod:Diamond1"],"picked":"SKIP","floor":5},{"not_picked":["PokerPlayerMod:Manipulation","PokerPlayerMod:ClubDance","PokerPlayerMod:FillThePot"],"picked":"SKIP","floor":6},{"not_picked":["PokerPlayerMod:DartThrow","PokerPlayerMod:Spade1"],"picked":"PokerPlayerMod:Diamond7","floor":7},{"not_picked":["PokerPlayerMod:Club3","PokerPlayerMod:Fold","PokerPlayerMod:DartThrow"],"picked":"SKIP","floor":8},{"not_picked":["PokerPlayerMod:HotShotCut","PokerPlayerMod:SpadeStrike","PokerPlayerMod:Fold"],"picked":"SKIP","floor":11},{"not_picked":["PokerPlayerMod:Spade8","PokerPlayerMod:RoyalStrike"],"picked":"PokerPlayerMod:Diamond10+","floor":16},{"not_picked":["PokerPlayerMod:JackOfSpades+1","PokerPlayerMod:Raise","PokerPlayerMod:ClubsClub"],"picked":"SKIP","floor":18},{"not_picked":["PokerPlayerMod:Diamond4","PokerPlayerMod:Heart2","PokerPlayerMod:Trickery+1"],"picked":"SKIP","floor":19},{"not_picked":["PokerPlayerMod:ClubDance","PokerPlayerMod:Sharpen","PokerPlayerMod:Club2"],"picked":"SKIP","floor":20},{"not_picked":["PokerPlayerMod:Spade1","PokerPlayerMod:Fold+1","PokerPlayerMod:ClubShade"],"picked":"SKIP","floor":22},{"not_picked":["PokerPlayerMod:Diamond5","PokerPlayerMod:FlyingCard","PokerPlayerMod:Heart6"],"picked":"SKIP","floor":24},{"not_picked":["PokerPlayerMod:Heart4","PokerPlayerMod:Club4"],"picked":"PokerPlayerMod:CardBurn","floor":28},{"not_picked":["PokerPlayerMod:HotShotCut","PokerPlayerMod:FlyingCard"],"picked":"PokerPlayerMod:ClubDance+1","floor":30},{"not_picked":["PokerPlayerMod:Spade6","PokerPlayerMod:Diamond2","PokerPlayerMod:FlyingCard+1"],"picked":"SKIP","floor":35},{"not_picked":["PokerPlayerMod:Spade1","PokerPlayerMod:CloakAndDiamond+1"],"picked":"PokerPlayerMod:CardBurn+1","floor":36},{"not_picked":["PokerPlayerMod:Spade3","PokerPlayerMod:Trickery","PokerPlayerMod:Spade4"],"picked":"SKIP","floor":37},{"not_picked":["PokerPlayerMod:Diamond3","PokerPlayerMod:Diamond5","PokerPlayerMod:CloakAndDiamond+1"],"picked":"SKIP","floor":39},{"not_picked":["PokerPlayerMod:Manipulation","PokerPlayerMod:Configure","PokerPlayerMod:Diamond8"],"picked":"SKIP","floor":41},{"not_picked":["PokerPlayerMod:Diamond4","PokerPlayerMod:Diamond1","PokerPlayerMod:Diamond2","PokerPlayerMod:Club1"],"picked":"SKIP","floor":45},{"not_picked":["PokerPlayerMod:ClubStrike","PokerPlayerMod:Diamond4","PokerPlayerMod:ClubsClub","PokerPlayerMod:Heart2"],"picked":"SKIP","floor":48},{"not_picked":["PokerPlayerMod:Spade2","PokerPlayerMod:Club1","PokerPlayerMod:Configure+1","PokerPlayerMod:Spade5"],"picked":"SKIP","floor":54}],"player_experience":1473816,"relics_obtained":[{"floor":6,"key":"CeramicFish"},{"floor":9,"key":"Bronze Scales"},{"floor":11,"key":"Matryoshka"},{"floor":14,"key":"Boot"},{"floor":14,"key":"PokerPlayerMod:CoolBox"},{"floor":24,"key":"Pen Nib"},{"floor":26,"key":"Toy Ornithopter"},{"floor":41,"key":"Question Card"},{"floor":43,"key":"PokerPlayerMod:FairLicense"},{"floor":45,"key":"Letter Opener"},{"floor":54,"key":"Bottled Lightning"}],"event_choices":[{"cards_removed":["PokerPlayerMod:Spade1"],"damage_healed":0,"gold_gain":0,"player_choice":"Purged","damage_taken":0,"max_hp_gain":0,"max_hp_loss":0,"event_name":"Purifier","floor":4,"gold_loss":0},{"cards_removed":["PokerPlayerMod:Spade2"],"damage_healed":5,"gold_gain":0,"player_choice":"Offered Special","damage_taken":0,"max_hp_gain":0,"max_hp_loss":0,"event_name":"Bonfire Elementals","floor":21,"gold_loss":0},{"damage_healed":0,"gold_gain":0,"player_choice":"Ignored","damage_taken":0,"max_hp_gain":0,"max_hp_loss":0,"event_name":"Tomb of Lord Red Mask","floor":38,"gold_loss":0},{"damage_healed":0,"gold_gain":0,"player_choice":"Memory 1","damage_taken":0,"max_hp_gain":0,"max_hp_loss":0,"event_name":"SensoryStone","floor":42,"gold_loss":0},{"cards_removed":["PokerPlayerMod:BadJoker"],"damage_healed":0,"gold_gain":0,"player_choice":"Removed Skill","damage_taken":0,"max_hp_gain":0,"max_hp_loss":0,"event_name":"Falling","floor":46,"gold_loss":0}],"is_beta":false,"boss_relics":[{"not_picked":["Busted Crown","PokerPlayerMod:AceCard"],"picked":"Empty Cage"},{"not_picked":["Sozu","Runic Dome"],"picked":"Coffee Dripper"}],"items_purged_floors":[0,0,13,29,31,47,53],"is_endless":false,"potions_floor_spawned":[3,5,11,16,19,20,24,28,33,35,39,45],"ascension_level":5}}