{"host":"imzpmvgmiwu2pn30","time":1607899698,"event":{"mods":["BaseMod","Better Third Choice","Colored Powertips","Minty Spire (QoL Compilation)","Relic Stats","StSLib"],"gold_per_floor":[113,113,113,133,133,133,203,203,203,217,217,217,217,242,242,342,342,354,366,366,421,421,421,436,436,436,455,465,479,490,26,26,125,125,173,183,31,51,70,70,110,110,110,110,110,110,124,144,144,144],"floor_reached":51,"playtime":5317,"items_purged":[],"score":649,"play_id":"21e6e0d8-4f58-41fc-a26d-b7bae798145b","local_time":"20201213204817","is_ascension_mode":false,"campfire_choices":[{"data":"WindmillStrike","floor":6.0,"key":"SMITH"},{"data":"Enlightenment","floor":8.0,"key":"SMITH"},{"data":"Vigilance","floor":13.0,"key":"SMITH"},{"data":"Eruption","floor":15.0,"key":"SMITH"},{"data":"Brilliance","floor":23.0,"key":"SMITH"},{"floor":25.0,"key":"REST"},{"floor":32,"key":"REST"},{"data":"Devotion","floor":40,"key":"SMITH"},{"data":"ReachHeaven","floor":42,"key":"SMITH"},{"data":"BowlingBash","floor":46,"key":"SMITH"},{"floor":49,"key":"REST"}],"circlet_count":0,"master_deck":["Strike_P","Strike_P","Strike_P","Defend_P","Defend_P","Defend_P","Defend_P","Eruption+1","Vigilance+1","Enlightenment+1","WindmillStrike+1","Crescendo+1","ThirdEye+1","Worship+1","Brilliance+1","ThirdEye+1","ClearTheMind+1","ReachHeaven+1","DeceiveReality+1","BowlingBash+1","Vault+1","DeceiveReality+1","Wish+1","SashWhip+1","WindmillStrike","BattleHymn","Prostrate+1","Devotion+1","ClearTheMind+1","Protect+1","EmptyBody+1","DeceiveReality+1","FearNoEvil+1","Alpha+1","ThirdEye+1"],"relics":["HolyWater","Toxic Egg 2","Yang","Vajra","Mercury Hourglass","Prayer Wheel","Sozu","Membership Card","Meat on the Bone"],"acts_visited":["Exordium","TheCity","TheBeyond"],"potions_floor_usage":[33],"damage_taken":[{"damage":7.0,"enemies":"Cultist","floor":1.0,"turns":3.0},{"damage":0.0,"enemies":"2 Louse","floor":4.0,"turns":2.0},{"damage":10.0,"enemies":"Small Slimes","floor":10.0,"turns":2.0},{"damage":9.0,"enemies":"3 Sentries","floor":14.0,"turns":6.0},{"damage":29.0,"enemies":"Hexaghost","floor":16.0,"turns":9.0},{"damage":0.0,"enemies":"Chosen","floor":18.0,"turns":4.0},{"damage":2.0,"enemies":"Shell Parasite","floor":19.0,"turns":5.0},{"damage":9.0,"enemies":"Snake Plant","floor":24.0,"turns":3.0},{"damage":34.0,"enemies":"Chosen and Byrds","floor":27.0,"turns":7.0},{"damage":15.0,"enemies":"3 Cultists","floor":28.0,"turns":5.0},{"damage":9.0,"enemies":"Shelled Parasite and Fungi","floor":29.0,"turns":4.0},{"damage":8,"enemies":"Snake Plant","floor":30,"turns":4},{"damage":12,"enemies":"Champ","floor":33,"turns":12},{"damage":9,"enemies":"3 Shapes","floor":35,"turns":6},{"damage":6,"enemies":"Orb Walker","floor":36,"turns":4},{"damage":5,"enemies":"Spire Growth","floor":38,"turns":4},{"damage":0,"enemies":"Transient","floor":39,"turns":6},{"damage":0,"enemies":"Maw","floor":41,"turns":8},{"damage":9,"enemies":"3 Darklings","floor":47,"turns":7},{"damage":3,"enemies":"Sphere and 2 Shapes","floor":48,"turns":5},{"damage":60,"enemies":"Awakened One","floor":50,"turns":12}],"seed_played":"3666214052799146664","potions_obtained":[{"floor":1.0,"key":"Ambrosia"},{"floor":10.0,"key":"EssenceOfSteel"},{"floor":14.0,"key":"Fire Potion"},{"floor":16.0,"key":"SpeedPotion"},{"floor":18.0,"key":"Fruit Juice"},{"floor":28.0,"key":"PowerPotion"},{"floor":30,"key":"StancePotion"}],"is_trial":false,"path_per_floor":["M","?","$","M","$","R","?","R","T","M","?","?","R","E","R","B",null,"M","M","?","T","?","R","M","R","T","M","M","M","M","$","R","B",null,"M","M","$","M","M","R","M","R","T","?","?","R","M","M","R","B",null],"character_chosen":"WATCHER","items_purchased":["Prayer Wheel","DeceiveReality+1","BottledMiracle","PowerPotion","Membership Card"],"campfire_rested":3,"item_purchase_floors":[31,31,31,31,37],"current_hp_per_floor":[65,65,65,65,65,65,65,65,65,55,55,55,55,46,46,17,72,77,75,61,61,61,61,52,76,76,42,27,18,10,10,34,22,82,73,67,67,62,62,62,62,62,62,62,62,62,53,50,74,26],"gold":144,"neow_bonus":"RANDOM_COLORLESS","is_daily":false,"chose_seed":false,"campfire_upgraded":8,"win_rate":0.0,"timestamp":1607899697,"path_taken":["M","?","$","?","$","R","?","R","T","M","?","?","R","E","R","BOSS","M","M","?","?","?","R","?","R","T","M","M","?","M","$","R","BOSS","M","M","$","M","M","R","M","R","T","?","?","R","M","?","R","BOSS"],"items_purchased_type":["Relic","Card","Potion","Potion","Relic"],"build_version":"2020-11-30","purchased_purges":0,"victory":true,"max_hp_per_floor":[72,72,72,72,72,72,72,72,72,72,72,72,72,72,72,72,72,77,77,82,82,82,82,82,82,82,82,82,82,82,82,82,82,82,82,82,82,82,82,82,82,82,82,82,82,82,82,82,82,82],"relic_stats":{"Sozu":4,"counters":[21,117],"Yang":[160],"Prayer Wheel":7,"obtain_stats":[{"Sozu":34,"HolyWater":17,"Vajra":21,"Yang":14,"Prayer Wheel":31,"Membership Card":37,"PureWater":0,"Toxic Egg 2":9,"Mercury Hourglass":26,"Meat on the Bone":43},{"Sozu":13,"HolyWater":5,"Vajra":7,"Yang":4,"Prayer Wheel":12,"Membership Card":15,"PureWater":0,"Toxic Egg 2":2,"Mercury Hourglass":8,"Meat on the Bone":18},{"Sozu":65,"HolyWater":22,"Vajra":31,"Yang":13,"Prayer Wheel":53,"Membership Card":75,"PureWater":0,"Toxic Egg 2":5,"Mercury Hourglass":34,"Meat on the Bone":93}],"Mercury Hourglass":[340],"Meat on the Bone":12},"card_choices":[{"not_picked":["Forethought","Madness"],"picked":"Enlightenment","floor":0.0},{"not_picked":["FlurryOfBlows","Halt"],"picked":"WindmillStrike","floor":1.0},{"not_picked":["CutThroughFate","FlurryOfBlows"],"picked":"Crescendo","floor":4.0},{"not_picked":["JustLucky","EmptyFist"],"picked":"ThirdEye+1","floor":10.0},{"not_picked":["EmptyMind+1","Halt+1"],"picked":"Worship+1","floor":14.0},{"not_picked":["SpiritShield+1","ConjureBlade+1"],"picked":"Brilliance","floor":16.0},{"not_picked":["SashWhip","PathToVictory+1","BowlingBash"],"picked":"SKIP","floor":18.0},{"not_picked":["InnerPeace+1","Evaluate+1"],"picked":"ThirdEye+1","floor":19.0},{"not_picked":["EmptyBody+1","TalkToTheHand+1"],"picked":"ClearTheMind+1","floor":24.0},{"not_picked":["FollowUp","CutThroughFate"],"picked":"ReachHeaven","floor":27.0},{"not_picked":["Weave","ThirdEye+1"],"picked":"DeceiveReality+1","floor":28.0},{"not_picked":["WaveOfTheHand+1","BowlingBash","PathToVictory+1"],"picked":"SKIP","floor":29.0},{"not_picked":["WaveOfTheHand+1","PathToVictory+1"],"picked":"BowlingBash","floor":29.0},{"not_picked":["CutThroughFate","FlurryOfBlows"],"picked":"Vault+1","floor":30},{"not_picked":["Brilliance","ConjureBlade+1"],"picked":"Wish+1","floor":33},{"not_picked":["Collect+1","Wireheading+1"],"picked":"SashWhip+1","floor":35},{"not_picked":["Crescendo+1","FlurryOfBlows"],"picked":"WindmillStrike","floor":35},{"not_picked":["Halt+1","Fasting2"],"picked":"BattleHymn","floor":36},{"not_picked":["Conclude","Perseverance+1"],"picked":"Prostrate+1","floor":36},{"not_picked":["Halt+1","FlurryOfBlows"],"picked":"Devotion","floor":38},{"not_picked":["Nirvana","FlurryOfBlows"],"picked":"ClearTheMind+1","floor":38},{"not_picked":["BattleHymn+1","Wallop+1"],"picked":"Protect+1","floor":39},{"not_picked":["Crescendo+1","CutThroughFate+1","SashWhip"],"picked":"SKIP","floor":39},{"not_picked":["Wireheading+1","Tantrum"],"picked":"EmptyBody+1","floor":41},{"not_picked":["BattleHymn","Tantrum+1","FlurryOfBlows"],"picked":"SKIP","floor":41},{"not_picked":["FlurryOfBlows","Meditate+1"],"picked":"FearNoEvil+1","floor":47},{"not_picked":["WheelKick","ThirdEye+1"],"picked":"Alpha+1","floor":47},{"not_picked":["FlyingSleeves","Evaluate+1"],"picked":"ThirdEye+1","floor":48},{"not_picked":["PathToVictory+1","ClearTheMind+1","DevaForm"],"picked":"SKIP","floor":48}],"player_experience":396440,"relics_obtained":[{"floor":9.0,"key":"Toxic Egg 2"},{"floor":14.0,"key":"Yang"},{"floor":21.0,"key":"Vajra"},{"floor":26.0,"key":"Mercury Hourglass"},{"floor":43,"key":"Meat on the Bone"}],"event_choices":[{"damage_healed":0.0,"max_hp_gain":0.0,"max_hp_loss":0.0,"gold_gain":0.0,"event_name":"Transmorgrifier","player_choice":"Ignored","floor":2.0,"gold_loss":0.0,"damage_taken":0.0},{"damage_healed":0.0,"max_hp_gain":0.0,"max_hp_loss":0.0,"gold_gain":70.0,"event_name":"Golden Wing","player_choice":"Gained Gold","floor":7.0,"gold_loss":0.0,"damage_taken":0.0},{"damage_healed":0.0,"max_hp_gain":0.0,"max_hp_loss":0.0,"gold_gain":0.0,"event_name":"Living Wall","player_choice":"Grow","floor":11.0,"gold_loss":0.0,"damage_taken":0.0,"cards_upgraded":["Crescendo"]},{"damage_healed":0.0,"max_hp_gain":0.0,"max_hp_loss":0.0,"gold_gain":0.0,"event_name":"NoteForYourself","player_choice":"Ignored","floor":12.0,"gold_loss":0.0,"damage_taken":0.0},{"damage_healed":0.0,"max_hp_gain":5.0,"max_hp_loss":0.0,"gold_gain":0.0,"event_name":"Forgotten Altar","player_choice":"Shed Blood","floor":20.0,"gold_loss":0.0,"damage_taken":19.0},{"damage_healed":0.0,"max_hp_gain":0.0,"max_hp_loss":0.0,"gold_gain":0.0,"event_name":"Vampires","player_choice":"Ignored","floor":22.0,"gold_loss":0.0,"damage_taken":0.0},{"cards_removed":["Strike_P"],"damage_healed":0,"gold_gain":0,"player_choice":"Removed Attack","damage_taken":0,"max_hp_gain":0,"max_hp_loss":0,"event_name":"Falling","floor":44,"gold_loss":0},{"damage_healed":0,"gold_gain":0,"player_choice":"1 cards matched","damage_taken":0,"max_hp_gain":0,"max_hp_loss":0,"event_name":"Match and Keep!","floor":45,"gold_loss":0,"cards_obtained":["DeceiveReality"]}],"is_beta":false,"boss_relics":[{"not_picked":["SlaversCollar","Cursed Key"],"picked":"HolyWater"},{"not_picked":["Runic Dome","Pandora\u0027s Box"],"picked":"Sozu"}],"items_purged_floors":[],"is_endless":false,"potions_floor_spawned":[1,10,14,16,18,28,30,35,36,41,48],"ascension_level":0}}