{"host":"zm8394tgbuhioebz","time":1607879666,"event":{"mods":["AchievementEnabler","Aspiration","BaseMod","Beaked The Cultist","CatGirl Mod","Colored Map","Colored Powertips","DeckTracker","Dio Mod","Downfall","Duelist Mod","Googly Eyes","Hermit","Highlight Path","Hubris","Infinite Spire","Marisa????????","Minty Spire (QoL Compilation)","Quick Restart","Random Character Button","Rare Cards Sparkle","Relic Sorter","Remilia??????","Replay The Spire","Shop Mod","StSLib","SuperFastMode","Synergy Search","The Cursed","The Disciple","The Jungle","The Necromancer","The Runesmith","The Senshi","The Servant 0.9.4","Waifu the Spire","slay the spire mod where everything is the same but ironclad has a cowboy hat"],"gold_per_floor":[118,118,167,4,4,37,37,54,54,65,65,80,80,94,94,191,191,201,201,55,70,83,110,110,128,128,128,128,68,79,79,79,79,79],"floor_reached":33,"playtime":1224,"items_purged":["hubris:Greed"],"score":340,"play_id":"67d6bc19-3826-4daa-a6ae-56d0b70faa1b","local_time":"20201213121426","is_ascension_mode":false,"campfire_choices":[{"data":"LightFlow","floor":7.0,"key":"SMITH"},{"data":"SilverBlades","floor":11,"key":"SMITH"},{"data":"SurpressingFire","floor":15,"key":"SMITH"},{"floor":24,"key":"REST"},{"floor":28,"key":"REST"},{"floor":32,"key":"REST"}],"circlet_count":0,"master_deck":["Defend_S","Defend_S","Defend_S","Defend_S","KidneyShot","Exchange","Madness","Madness","LightFlow+1","Moonlight","InstantArmor","SilverBlades+1","SurpressingFire+1","Starlight","Moonlight","Snipe","hubris:Rewind","SilverBlades","Writhe","Contraction","Sunlight","Moonlight","Rewind+1","ReplayTheSpireMod:Restless Dread","Overencumbered","infinitespire:Starlight","Moonlight","Moonlight","Slimebound:Tackle+1","Slimebound:Tackle+1","Slimebound:Tackle+1"],"relics":["Uniform","ScarletDevilRocket","PreservedInsect","Juzu Bracelet","infinitespire:EmpoweringShard","beaked:SacredDeck","Replay:Ringing Soul","Orrery","Bag of Marbles","infinitespire:Eraser"],"acts_visited":["TheCity"],"potions_floor_usage":[23,25,25,33],"damage_taken":[{"damage":0.0,"enemies":"Jaw Worm","floor":1.0,"turns":3.0},{"damage":0.0,"enemies":"Gremlin Nob","floor":6.0,"turns":2.0},{"damage":1.0,"enemies":"Small Slimes","floor":8.0,"turns":2.0},{"damage":0,"enemies":"2 Louse","floor":10,"turns":1},{"damage":0,"enemies":"Looter","floor":12,"turns":1},{"damage":0,"enemies":"2 Fungi Beasts","floor":14,"turns":2},{"damage":39,"enemies":"Hexaghost","floor":16,"turns":6},{"damage":26,"enemies":"Shell Parasite","floor":18,"turns":4},{"damage":4,"enemies":"Chosen","floor":21,"turns":2},{"damage":36,"enemies":"Centurion and Healer","floor":22,"turns":6},{"damage":4,"enemies":"Replay:Snechameleon","floor":23,"turns":2},{"damage":21,"enemies":"Sentry and Sphere","floor":25,"turns":6},{"damage":4,"enemies":"Chosen and Byrds","floor":30,"turns":4},{"damage":69,"enemies":"hubris:MusketHawk","floor":33,"turns":6}],"seed_played":"767498677943883819","potions_obtained":[{"floor":3.0,"key":"sneckomod:MuddlingPotion"},{"floor":6.0,"key":"Weak Potion"},{"floor":8.0,"key":"ColorlessPotion"},{"floor":30,"key":"BlessingOfTheForge"}],"is_trial":false,"path_per_floor":["M","?","?","$","?","E","R","M","T","M","R","M","?","M","R","B",null,"M","?","$","M","M","E","R","M","T","?","R","$","M","?","R","B"],"character_chosen":"THE_SERVANT","items_purchased":["SurpressingFire","Starlight","Orrery","Moonlight"],"campfire_rested":3,"item_purchase_floors":[4,4,20,29],"current_hp_per_floor":[65,65,49,49,49,49,49,48,48,48,48,48,48,48,48,9,65,39,42,45,41,5,1,22,4,4,7,30,33,29,32,56,0,0],"gold":79,"neow_bonus":"THREE_RARE_CARDS","is_daily":false,"chose_seed":false,"campfire_upgraded":3,"win_rate":0.0,"timestamp":1607879666,"path_taken":["M","?","?","$","?","E","R","M","T","M","R","M","?","M","R","BOSS","M","?","$","M","M","E","R","M","T","?","R","$","M","?","R","BOSS"],"items_purchased_type":["Card","Card","Relic","Card"],"build_version":"2020-11-30","purchased_purges":1,"victory":false,"max_hp_per_floor":[65,65,65,65,65,65,65,65,65,65,65,65,65,65,65,65,65,65,68,71,71,71,71,71,74,74,77,77,80,80,83,83,83,83],"card_choices":[{"not_picked":["PendulumOfEternity","Embodiment"],"picked":"LightFlow","floor":0.0},{"not_picked":["Spin","Barrier"],"picked":"Moonlight","floor":1.0},{"not_picked":["Defy","Alleviate"],"picked":"InstantArmor","floor":3.0},{"not_picked":["Replace","Luminosity"],"picked":"SilverBlades","floor":3.0},{"not_picked":["TimeWarp","BottledTime","FlawlessForm"],"picked":"SKIP","floor":6.0},{"not_picked":["ReturningBlade","Alleviate","Unruled"],"picked":"SKIP","floor":8.0},{"not_picked":["Solidify","Hightail"],"picked":"Moonlight","floor":10},{"not_picked":["BottledTime","Barrier"],"picked":"Snipe","floor":12},{"not_picked":["SpecialFormula","Rearm","Spin"],"picked":"SKIP","floor":14},{"not_picked":["Starlight","Ricochet"],"picked":"SilverBlades","floor":18},{"not_picked":["StarChef","Luminosity"],"picked":"Contraction","floor":20},{"not_picked":["Spin","Hightail"],"picked":"Sunlight","floor":20},{"not_picked":["Defy","Spin"],"picked":"Moonlight","floor":20},{"not_picked":["Read+1","BottledTime","Ricochet"],"picked":"SKIP","floor":21},{"not_picked":["ReturningBlade","Spin+1","Potential"],"picked":"SKIP","floor":22},{"not_picked":["Rearm+1","Sunlight","Spin+1"],"picked":"SKIP","floor":23},{"not_picked":["TimeTheft","BottledTime"],"picked":"Rewind+1","floor":25},{"not_picked":["infinitespire:Collect","hubris:InfiniteBlow"],"picked":"infinitespire:Starlight","floor":27},{"not_picked":["Defy","Collapse","FastForward"],"picked":"SKIP","floor":30}],"player_experience":31828,"relics_obtained":[{"floor":3.0,"key":"ScarletDevilRocket"},{"floor":5.0,"key":"PreservedInsect"},{"floor":6.0,"key":"Juzu Bracelet"},{"floor":9,"key":"infinitespire:EmpoweringShard"},{"floor":23,"key":"Bag of Marbles"},{"floor":26,"key":"infinitespire:Eraser"}],"event_choices":[{"cards_removed":["Strike_S"],"damage_healed":0,"gold_gain":0,"player_choice":"Forget","damage_taken":0,"max_hp_gain":0,"max_hp_loss":0,"event_name":"Living Wall","floor":13,"gold_loss":0},{"damage_healed":0,"gold_gain":0,"player_choice":"Opened","damage_taken":0,"relics_obtained":["Replay:Ringing Soul"],"max_hp_gain":0,"max_hp_loss":0,"event_name":"The Mausoleum","floor":19,"gold_loss":0,"cards_obtained":["Writhe"]}],"is_beta":false,"boss_relics":[{"not_picked":["hubris:HollowSoul","Coffee Dripper"],"picked":"beaked:SacredDeck"}],"items_purged_floors":[4],"is_endless":false,"potions_floor_spawned":[6,8,10,12,18,21,30],"killed_by":"hubris:MusketHawk","ascension_level":0}}