{"host":"p9t7qd83igtcp2bh","time":1607880917,"event":{"mods":["2.2 Compatiblity","AchievementEnabler","BaseMod","Colored Map","Colored Powertips","Custom Start","DeckTracker","Keyboard Shortcuts","Minty Spire (QoL Compilation)","Permanent Neow","Spicy Shops","StSLib","SuperFastMode","everything is the same but u backflip on backflip"],"gold_per_floor":[116,130,130,150,165,165,200,200,223,223,223,223,223,292,292,394,394,405,405,423,435,2,2,33,43,43,43,43,43,78,110,110,211,211,229,229,28,28,41,41,74,124,148,174,174,191,91,91,91,91,91,91,91,116,116,116],"floor_reached":55,"playtime":1414,"items_purged":["Brutality","Parasite"],"score":946,"play_id":"5a31bf74-6c1d-4167-8383-2b8fb0a35a0c","local_time":"20201214023517","is_ascension_mode":true,"campfire_choices":[{"data":"Disarm","floor":6.0,"key":"SMITH"},{"data":"Body Slam","floor":8.0,"key":"SMITH"},{"data":"Battle Trance","floor":10.0,"key":"SMITH"},{"data":"Pommel Strike","floor":13.0,"key":"SMITH"},{"floor":15.0,"key":"REST"},{"data":"Shrug It Off","floor":23.0,"key":"SMITH"},{"data":"Entrench","floor":27.0,"key":"SMITH"},{"data":"Offering","floor":32.0,"key":"SMITH"},{"floor":40.0,"key":"RECALL"},{"data":"Shockwave","floor":45.0,"key":"SMITH"},{"data":"Sentinel","floor":49.0,"key":"SMITH"},{"data":"Madness","floor":52,"key":"SMITH"}],"circlet_count":0,"master_deck":["Bash+1","Pommel Strike+1","Pommel Strike+1","Battle Trance+1","Disarm+1","Body Slam+1","Reaper","Corruption+1","Uppercut","Impervious","Infernal Blade","Entrench+1","Entrench+1","Spot Weakness","Sentinel+1","Shrug It Off+1","Power Through","Offering+1","Offering","Shockwave+1","Madness","Madness+1","Impervious","Shrug It Off","Seeing Red+1"],"relics":["Burning Blood","Champion Belt","Vajra","Art of War","Pandora\u0027s Box","Calipers","Boot","Kunai","WingedGreaves","Toy Ornithopter","Molten Egg 2","Runic Dome","DollysMirror","Letter Opener","Thread and Needle","PreservedInsect","Shuriken"],"acts_visited":["Exordium","TheCity","TheBeyond","TheEnding"],"potions_floor_usage":[55,55,55],"damage_taken":[{"damage":10.0,"enemies":"Small Slimes","floor":1.0,"turns":5.0},{"damage":4.0,"enemies":"Cultist","floor":2.0,"turns":4.0},{"damage":0.0,"enemies":"2 Louse","floor":4.0,"turns":3.0},{"damage":10.0,"enemies":"2 Fungi Beasts","floor":5.0,"turns":3.0},{"damage":19.0,"enemies":"Lagavulin","floor":7.0,"turns":8.0},{"damage":42.0,"enemies":"Slime Boss","floor":16.0,"turns":12.0},{"damage":13.0,"enemies":"3 Byrds","floor":18.0,"turns":4.0},{"damage":12.0,"enemies":"Spheric Guardian","floor":20.0,"turns":4.0},{"damage":30.0,"enemies":"Cultist and Chosen","floor":21.0,"turns":5.0},{"damage":0.0,"enemies":"Gremlin Leader","floor":24.0,"turns":3.0},{"damage":0.0,"enemies":"Chosen and Byrds","floor":25.0,"turns":3.0},{"damage":3.0,"enemies":"Book of Stabbing","floor":30.0,"turns":6.0},{"damage":14.0,"enemies":"Gremlin Leader","floor":31.0,"turns":4.0},{"damage":60.0,"enemies":"Automaton","floor":33.0,"turns":12.0},{"damage":6.0,"enemies":"Orb Walker","floor":35.0,"turns":5.0},{"damage":6.0,"enemies":"3 Darklings","floor":39.0,"turns":4.0},{"damage":12.0,"enemies":"Reptomancer","floor":41.0,"turns":3.0},{"damage":6.0,"enemies":"Mind Bloom Boss Battle","floor":42.0,"turns":4.0},{"damage":12.0,"enemies":"Nemesis","floor":44.0,"turns":7.0},{"damage":12.0,"enemies":"Writhing Mass","floor":46.0,"turns":3.0},{"damage":6,"enemies":"Time Eater","floor":50,"turns":7},{"damage":17,"enemies":"Shield and Spear","floor":54,"turns":6},{"damage":123,"enemies":"The Heart","floor":55,"turns":9}],"seed_played":"374147841614961387","potions_obtained":[{"floor":1.0,"key":"SteroidPotion"},{"floor":4.0,"key":"AttackPotion"},{"floor":16.0,"key":"LiquidBronze"},{"floor":24.0,"key":"Weak Potion"},{"floor":33.0,"key":"BloodPotion"}],"is_trial":false,"path_per_floor":["M","M","?","M","M","R","E","R","T","R","?","?","R","?","R","B",null,"M","?","M","M","$","R","E","M","T","R","$","?","E","E","R","B",null,"M","?","$","?","M","R","E","?","T","E","R","M","$","?","R","B",null,"R","$","E","B"],"character_chosen":"IRONCLAD","items_purchased":["Calipers","Shrug It Off","DollysMirror","Shrug It Off"],"campfire_rested":1,"item_purchase_floors":[22,22,37,37],"current_hp_per_floor":[52,54,54,60,56,56,43,43,43,43,27,32,32,32,57,21,85,85,85,79,71,71,71,77,83,83,83,83,83,85,77,77,33,85,85,74,74,74,85,85,85,85,85,85,85,79,79,79,79,82,82,82,82,82,0,0],"gold":116,"neow_bonus":"ONE_RARE_RELIC","is_daily":false,"chose_seed":false,"campfire_upgraded":10,"win_rate":0.0,"timestamp":1607880917,"path_taken":["M","M","?","M","?","R","E","R","T","R","?","?","R","?","R","BOSS","M","?","?","?","?","R","E","M","T","R","$","?","E","E","R","BOSS","M","?","?","?","M","R","E","?","T","E","R","M","$","?","R","BOSS","R","$","E","BOSS"],"items_purchased_type":["Relic","Card","Relic","Card"],"build_version":"2020-11-30","purchased_purges":2,"victory":false,"max_hp_per_floor":[80,80,80,80,80,80,80,80,80,80,80,85,85,85,85,85,85,85,85,85,85,85,85,85,85,85,85,85,85,85,85,85,85,85,85,85,85,85,85,85,85,85,85,85,85,85,82,82,82,82,82,82,82,82,82,82],"card_choices":[{"not_picked":["Ghostly Armor","Havoc"],"picked":"Pommel Strike","floor":1.0},{"not_picked":["Headbutt","Burning Pact"],"picked":"Pommel Strike","floor":2.0},{"not_picked":["True Grit","Pommel Strike"],"picked":"Battle Trance","floor":4.0},{"not_picked":["Rage","Anger"],"picked":"Disarm","floor":5.0},{"not_picked":["Shockwave","Thunderclap"],"picked":"Body Slam","floor":7.0},{"not_picked":["Brutality","Juggernaut"],"picked":"Reaper","floor":16.0},{"not_picked":["Havoc","Iron Wave+1"],"picked":"Sentinel","floor":18.0},{"not_picked":["Pommel Strike","Whirlwind","True Grit+1"],"picked":"SKIP","floor":20.0},{"not_picked":["Pommel Strike","True Grit","Perfected Strike"],"picked":"SKIP","floor":21.0},{"not_picked":["Shrug It Off","Clothesline"],"picked":"Power Through","floor":24.0},{"not_picked":["Whirlwind","Armaments","Pummel"],"picked":"SKIP","floor":25.0},{"not_picked":["Clash","Pommel Strike"],"picked":"Offering","floor":30.0},{"not_picked":["Inflame","Sentinel"],"picked":"Offering","floor":31.0},{"not_picked":["Sentinel","Wild Strike+1"],"picked":"Shockwave","floor":35.0},{"not_picked":["Dropkick+1","Iron Wave+1","True Grit+1"],"picked":"SKIP","floor":39.0},{"not_picked":["Dropkick+1","Battle Trance+1","Rampage+1"],"picked":"SKIP","floor":41.0},{"not_picked":["True Grit","Perfected Strike+1"],"picked":"Seeing Red+1","floor":44.0},{"not_picked":["Headbutt+1","Sword Boomerang+1","Blood for Blood+1"],"picked":"SKIP","floor":46.0},{"not_picked":["Clothesline+1","Clash+1","Heavy Blade+1"],"picked":"SKIP","floor":54}],"player_experience":542675,"relics_obtained":[{"floor":7.0,"key":"Vajra"},{"floor":9.0,"key":"Art of War"},{"floor":24.0,"key":"Boot"},{"floor":26.0,"key":"Kunai"},{"floor":30.0,"key":"Toy Ornithopter"},{"floor":31.0,"key":"Molten Egg 2"},{"floor":41.0,"key":"Letter Opener"},{"floor":42.0,"key":"Thread and Needle"},{"floor":44.0,"key":"PreservedInsect"},{"floor":54,"key":"Shuriken"}],"event_choices":[{"damage_healed":0.0,"max_hp_gain":0.0,"max_hp_loss":0.0,"gold_gain":0.0,"event_name":"Upgrade Shrine","player_choice":"Upgraded","floor":3.0,"gold_loss":0.0,"damage_taken":0.0,"cards_upgraded":["Pommel Strike"]},{"damage_healed":0.0,"max_hp_gain":0.0,"max_hp_loss":0.0,"gold_gain":0.0,"event_name":"Shining Light","player_choice":"Entered Light","floor":11.0,"gold_loss":0.0,"damage_taken":16.0,"cards_upgraded":["Bash","Strike_R"]},{"damage_healed":0.0,"max_hp_gain":5.0,"max_hp_loss":0.0,"gold_gain":0.0,"event_name":"Big Fish","player_choice":"Donut","floor":12.0,"gold_loss":0.0,"damage_taken":0.0},{"damage_healed":0.0,"max_hp_gain":0.0,"max_hp_loss":0.0,"gold_gain":69.0,"event_name":"Golden Wing","player_choice":"Gained Gold","floor":14.0,"gold_loss":0.0,"damage_taken":0.0},{"damage_healed":0.0,"max_hp_gain":0.0,"max_hp_loss":0.0,"gold_gain":0.0,"event_name":"Upgrade Shrine","player_choice":"Upgraded","floor":19.0,"gold_loss":0.0,"damage_taken":0.0,"cards_upgraded":["Corruption"]},{"damage_healed":0.0,"max_hp_gain":0.0,"max_hp_loss":0.0,"gold_gain":0.0,"event_name":"The Mausoleum","player_choice":"Opened","floor":29.0,"gold_loss":0.0,"damage_taken":0.0,"relics_obtained":["WingedGreaves"]},{"damage_healed":0.0,"max_hp_gain":0.0,"max_hp_loss":0.0,"gold_gain":0.0,"event_name":"Winding Halls","player_choice":"Embrace Madness","floor":36.0,"gold_loss":0.0,"damage_taken":11.0,"cards_obtained":["Madness","Madness"]},{"cards_removed":["Iron Wave"],"damage_healed":0.0,"max_hp_gain":0.0,"max_hp_loss":0.0,"gold_gain":0.0,"event_name":"Falling","player_choice":"Removed Attack","floor":38.0,"gold_loss":0.0,"damage_taken":0.0},{"damage_healed":0.0,"max_hp_gain":0.0,"max_hp_loss":0.0,"gold_gain":0.0,"event_name":"MindBloom","player_choice":"Fight","floor":42.0,"gold_loss":0.0,"damage_taken":0.0},{"damage_healed":0.0,"max_hp_gain":0.0,"max_hp_loss":0.0,"gold_gain":0.0,"event_name":"Accursed Blacksmith","player_choice":"Forge","floor":48.0,"gold_loss":0.0,"damage_taken":0.0,"cards_upgraded":["Entrench"]}],"is_beta":false,"boss_relics":[{"not_picked":["Busted Crown","Philosopher\u0027s Stone"],"picked":"Pandora\u0027s Box"},{"not_picked":["Cursed Key","Runic Cube"],"picked":"Runic Dome"}],"items_purged_floors":[22,47],"is_endless":false,"potions_floor_spawned":[1,4,16,24,30,33,35,42],"killed_by":"The Heart","ascension_level":1}}