{"host":"9tzam4717zt8ei1o","time":1607867168,"event":{"mods":["BaseMod","Colored Map","Keyboard Shortcuts","Minty Spire (QoL Compilation)","Quick Restart","StSLib","SuperFastMode"],"gold_per_floor":[119,133,24,24,38,38,72,90,90,104,104,119,119,135,135,237,237,250,263,282,29,42,77,77,77,77,92,92,122,141,66,66,66,66],"floor_reached":33,"playtime":748,"items_purged":["Strike_G","Strike_G"],"score":490,"play_id":"cc3789ca-521b-4aac-b584-4abda27c4b1e","local_time":"20201213224608","is_ascension_mode":true,"campfire_choices":[{"data":"Eviscerate","floor":6,"key":"SMITH"},{"data":"Dagger Spray","floor":11,"key":"SMITH"},{"data":"Neutralize","floor":15,"key":"SMITH"},{"data":"A Thousand Cuts","floor":24,"key":"SMITH"},{"data":"Backflip","floor":32,"key":"SMITH"}],"circlet_count":0,"master_deck":["AscendersBane","Strike_G","Strike_G","Defend_G","Defend_G","Defend_G","Defend_G","Defend_G","Survivor","Neutralize+1","Tactician+1","Flying Knee","Eviscerate+1","Dagger Spray+1","Dagger Throw","Backflip+1","Die Die Die","Escape Plan","Blur","Acrobatics","Dodge and Roll+1","A Thousand Cuts+1","Endless Agony+1","Infinite Blades+1","Backflip+1","Escape Plan"],"relics":["Ring of the Snake","NeowsBlessing","Boot","Meat on the Bone","Runic Dome","The Specimen","Potion Belt","Art of War","Smiling Mask"],"acts_visited":["Exordium","TheCity"],"potions_floor_usage":[7,16,20,23,29,30],"damage_taken":[{"damage":0,"enemies":"Jaw Worm","floor":1,"turns":1},{"damage":0,"enemies":"Cultist","floor":2,"turns":1},{"damage":0,"enemies":"Small Slimes","floor":5,"turns":1},{"damage":30,"enemies":"Lagavulin","floor":7,"turns":5},{"damage":6,"enemies":"Red Slaver","floor":8,"turns":2},{"damage":8,"enemies":"2 Fungi Beasts","floor":10,"turns":3},{"damage":0,"enemies":"3 Louse","floor":12,"turns":3},{"damage":9,"enemies":"Exordium Wildlife","floor":14,"turns":2},{"damage":28,"enemies":"Slime Boss","floor":16,"turns":7},{"damage":8,"enemies":"Spheric Guardian","floor":18,"turns":3},{"damage":16,"enemies":"Shell Parasite","floor":19,"turns":5},{"damage":16,"enemies":"Chosen and Byrds","floor":20,"turns":4},{"damage":11,"enemies":"Shelled Parasite and Fungi","floor":22,"turns":6},{"damage":0,"enemies":"Slavers","floor":23,"turns":6},{"damage":7,"enemies":"Centurion and Healer","floor":27,"turns":5},{"damage":28,"enemies":"Book of Stabbing","floor":29,"turns":5},{"damage":0,"enemies":"Snake Plant","floor":30,"turns":4},{"damage":71,"enemies":"Automaton","floor":33,"turns":6}],"seed_played":"-4721170962470609962","potions_obtained":[{"floor":2,"key":"LiquidMemories"},{"floor":8,"key":"SteroidPotion"},{"floor":12,"key":"SteroidPotion"},{"floor":13,"key":"Ancient Potion"},{"floor":16,"key":"SpeedPotion"},{"floor":22,"key":"PowerPotion"},{"floor":23,"key":"LiquidBronze"},{"floor":29,"key":"LiquidMemories"}],"is_trial":false,"path_per_floor":["M","M","$","?","M","R","E","M","T","M","R","M","?","M","R","B",null,"M","M","M","$","M","E","R","?","T","M","$","E","M","?","R","B"],"character_chosen":"THE_SILENT","items_purchased":["Eviscerate","A Thousand Cuts"],"campfire_rested":0,"item_purchase_floors":[3,21],"current_hp_per_floor":[63,63,63,63,63,63,33,27,27,31,31,43,43,46,46,30,60,52,36,32,32,33,45,45,45,45,38,38,22,34,34,34,0,0],"gold":66,"neow_bonus":"THREE_ENEMY_KILL","is_daily":false,"chose_seed":false,"campfire_upgraded":5,"win_rate":0.0,"timestamp":1607867168,"path_taken":["M","M","$","?","M","R","E","?","T","M","R","M","?","M","R","BOSS","M","?","M","$","M","E","R","?","T","?","$","E","M","?","R","BOSS"],"items_purchased_type":["Card","Card"],"build_version":"2020-11-30","purchased_purges":2,"victory":false,"max_hp_per_floor":[70,70,70,70,70,70,70,70,70,70,70,70,70,70,70,70,70,70,70,70,70,70,70,70,70,70,70,70,70,70,70,70,70,70],"card_choices":[{"not_picked":["Prepared","Quick Slash"],"picked":"Tactician","floor":1},{"not_picked":["PiercingWail","Outmaneuver"],"picked":"Flying Knee","floor":2},{"not_picked":["Outmaneuver","Leg Sweep","Blade Dance"],"picked":"SKIP","floor":5},{"not_picked":["Caltrops","Dodge and Roll"],"picked":"Dagger Spray","floor":7},{"not_picked":["Deadly Poison","Quick Slash"],"picked":"Dagger Throw","floor":8},{"not_picked":["Sucker Punch","Reflex"],"picked":"Backflip","floor":10},{"not_picked":["Bouncing Flask","Poisoned Stab"],"picked":"Die Die Die","floor":12},{"not_picked":["Backstab","All Out Attack"],"picked":"Escape Plan","floor":14},{"not_picked":["Outmaneuver","Masterful Stab"],"picked":"Blur","floor":18},{"not_picked":["Cloak And Dagger+1","PiercingWail"],"picked":"Acrobatics","floor":19},{"not_picked":["Accuracy","Quick Slash"],"picked":"Dodge and Roll+1","floor":20},{"not_picked":["Bane","Outmaneuver+1"],"picked":"Endless Agony+1","floor":22},{"not_picked":["Cloak And Dagger","Acrobatics","Concentrate"],"picked":"SKIP","floor":23},{"not_picked":["Quick Slash","Acrobatics"],"picked":"Infinite Blades+1","floor":27},{"not_picked":["Crippling Poison","Noxious Fumes"],"picked":"Backflip+1","floor":29},{"not_picked":["Reflex+1","Distraction"],"picked":"Escape Plan","floor":30}],"player_experience":68584,"relics_obtained":[{"floor":7,"key":"Boot"},{"floor":9,"key":"Meat on the Bone"},{"floor":23,"key":"The Specimen"},{"floor":26,"key":"Art of War"},{"floor":29,"key":"Smiling Mask"}],"event_choices":[{"damage_healed":0,"gold_gain":0,"player_choice":"Upgraded","damage_taken":0,"max_hp_gain":0,"max_hp_loss":0,"event_name":"Upgrade Shrine","floor":4,"gold_loss":0,"cards_upgraded":["Tactician"]},{"damage_healed":0,"gold_gain":0,"player_choice":"Got Potions","damage_taken":0,"max_hp_gain":0,"max_hp_loss":0,"event_name":"Lab","floor":13,"gold_loss":0},{"damage_healed":0,"gold_gain":0,"player_choice":"Gave Potion","damage_taken":0,"relics_obtained":["Potion Belt"],"max_hp_gain":0,"max_hp_loss":0,"event_name":"WeMeetAgain","floor":25,"gold_loss":0},{"cards_removed":["Strike_G"],"damage_healed":0,"gold_gain":0,"player_choice":"Gave Gold","damage_taken":0,"max_hp_gain":0,"max_hp_loss":0,"event_name":"Beggar","floor":31,"gold_loss":75}],"is_beta":false,"boss_relics":[{"not_picked":["SlaversCollar","Velvet Choker"],"picked":"Runic Dome"}],"items_purged_floors":[3,21],"is_endless":false,"potions_floor_spawned":[2,8,12,14,16,22,23,29],"killed_by":"Automaton","ascension_level":11}}