{"host":"uzj3qtz06dzkgpll","time":1607830618,"event":{"mods":["BaseMod","Better Altar","Better Match","Better Note","Better Sensory Stone","Better Skull","Better Third Choice","Colored Map","Custom Start","Hubris","Minty Spire (QoL Compilation)","Permanent Neow","Replay The Spire","Shop Mod","Spicy Shops","StSLib"],"gold_per_floor":[119,173,192,192,202,228,102,127,127,157,3,32,32,44,44,139,139,153,165,179,199,210,210,410,443,443,462,462,475,475,491,491,491,491],"floor_reached":33,"playtime":2323,"items_purged":["Defend_R"],"score":389,"play_id":"43abcaae-e19d-455c-bc27-88301fece8c4","local_time":"20201212193658","is_ascension_mode":true,"campfire_choices":[{"data":"1","floor":15,"key":"LIFT"},{"data":"2","floor":23,"key":"LIFT"},{"floor":32,"key":"REST"}],"circlet_count":0,"master_deck":["Strike_R","Strike_R+1","Strike_R+1","Defend_R","Defend_R","Bash","Spot Weakness","True Grit","Twin Strike","Intimidate","ReplayTheSpireMod:Muscle Training","Secret Technique","Replay:Bootleg Shield Generator","Replay:Sssssssssshield","Replay:Undeath\u0027s Touch+1","Shrug It Off","Iron Wave+1","Twin Strike","Flex+1","hubris:NaturalOne"],"relics":["Burning Blood","Whetstone","Gambling Chip","ReplayTheSpireMod:ShopPack","hubris:ToyBattleship","hubris:GlazedTorus","Pear","Sling","Girya","hubris:ScarierMask","Bag of Preparation","hubris:ChampionShield","hubris:Icosahedron"],"acts_visited":["Exordium","TheCity"],"potions_floor_usage":[6,6,10,12,16,20,20,25,33,33],"damage_taken":[{"damage":7,"enemies":"Jaw Worm","floor":1,"turns":5},{"damage":0,"enemies":"2 Louse","floor":3,"turns":2},{"damage":6,"enemies":"Cultist","floor":5,"turns":3},{"damage":6,"enemies":"Gremlin Nob","floor":6,"turns":3},{"damage":13,"enemies":"Lagavulin","floor":8,"turns":8},{"damage":15,"enemies":"3 Sentries","floor":10,"turns":6},{"damage":4,"enemies":"Lagavulin","floor":12,"turns":5},{"damage":8,"enemies":"Lots of Slimes","floor":14,"turns":4},{"damage":29,"enemies":"The Guardian","floor":16,"turns":10},{"damage":32,"enemies":"Shell Parasite","floor":18,"turns":5},{"damage":2,"enemies":"3 Byrds","floor":19,"turns":5},{"damage":9,"enemies":"Snecko","floor":20,"turns":3},{"damage":2,"enemies":"Centurion and Healer","floor":21,"turns":3},{"damage":16,"enemies":"Shelled Parasite and Fungi","floor":22,"turns":4},{"damage":22,"enemies":"Replay:Snechameleon","floor":25,"turns":5},{"damage":6,"enemies":"Snecko","floor":27,"turns":4},{"damage":28,"enemies":"Snake Plant","floor":29,"turns":3},{"damage":1,"enemies":"3 Cultists","floor":31,"turns":2},{"damage":45,"enemies":"Collector","floor":33,"turns":3}],"seed_played":"5667287954808590158","potions_obtained":[{"floor":2,"key":"Reflective Coating"},{"floor":3,"key":"CultistPotion"},{"floor":8,"key":"Dexterity Potion"},{"floor":10,"key":"Weak Potion"},{"floor":12,"key":"LiquidBronze"},{"floor":16,"key":"EssenceOfSteel"},{"floor":18,"key":"Energy Potion"},{"floor":19,"key":"Regen Potion"},{"floor":25,"key":"Languid Potion"},{"floor":31,"key":"Block Potion"}],"is_trial":false,"path_per_floor":["M","?","M","?","M","E","$","E","T","E","$","E","$","M","R","B",null,"M","M","M","M","M","R","?","E","T","M","?","M","?","M","R","B"],"character_chosen":"IRONCLAD","items_purchased":["ReplayTheSpireMod:ShopPack","Sling"],"campfire_rested":1,"item_purchase_floors":[7,11],"current_hp_per_floor":[50,50,56,49,49,49,49,42,42,43,43,45,40,38,38,15,71,45,49,55,59,49,49,49,33,33,33,33,11,11,16,43,0,0],"gold":491,"neow_bonus":"TRANSFORM_TWO_CARDS","is_daily":false,"chose_seed":false,"campfire_upgraded":0,"win_rate":0.0,"timestamp":1607830618,"path_taken":["M","?","M","?","M","E","$","E","T","E","$","E","?","M","R","BOSS","M","M","?","M","M","R","?","E","T","?","?","M","?","M","R","BOSS"],"items_purchased_type":["Relic","Relic"],"build_version":"2020-11-30","purchased_purges":1,"victory":false,"max_hp_per_floor":[80,80,80,80,80,80,80,80,80,90,90,90,90,90,90,90,90,90,90,90,90,90,90,90,90,90,90,90,90,90,90,90,90,90],"card_choices":[{"not_picked":["Body Slam","ReplayReversal"],"picked":"Twin Strike","floor":1},{"not_picked":["Wild Strike","Twin Strike"],"picked":"Intimidate","floor":2},{"not_picked":["Dropkick","Sword Boomerang","Uppercut"],"picked":"SKIP","floor":3},{"not_picked":["Life Link","Inflame"],"picked":"ReplayTheSpireMod:Muscle Training","floor":5},{"not_picked":["Dual Wield","Searing Blow","Blood for Blood"],"picked":"SKIP","floor":6},{"not_picked":["ReplayUltimateDefense","Panache"],"picked":"Secret Technique","floor":7},{"not_picked":["ReplayTheSpireMod:Brewmster","Dark Shackles"],"picked":"Replay:Bootleg Shield Generator","floor":7},{"not_picked":["Specialist","Madness"],"picked":"Replay:Sssssssssshield","floor":7},{"not_picked":["Thunderclap","Warcry","Sever Soul"],"picked":"SKIP","floor":8},{"not_picked":["Havoc","Metallicize","Shockwave"],"picked":"SKIP","floor":10},{"not_picked":["Iron Wave","Feel No Pain"],"picked":"Replay:Undeath\u0027s Touch","floor":12},{"not_picked":["Demonic Infusion","hubris:ReadiedAction"],"picked":"Shrug It Off","floor":14},{"not_picked":["Carnage+1","Flex"],"picked":"Iron Wave+1","floor":18},{"not_picked":["hubris:ReadiedAction","Replay:Undeath\u0027s Touch"],"picked":"Twin Strike","floor":19},{"not_picked":["Exhume","Entrench+1"],"picked":"Flex+1","floor":20},{"not_picked":["Cleave","ReplayTheSpireMod:LeadingStrike","Havoc"],"picked":"SKIP","floor":21},{"not_picked":["Hemokinesis","Body Slam","Metallicize"],"picked":"SKIP","floor":22},{"not_picked":["Flame Barrier","True Grit","Blood for Blood"],"picked":"SKIP","floor":25},{"not_picked":["Hemokinesis","Body Slam","Barricade"],"picked":"SKIP","floor":27},{"not_picked":["Twin Strike","Clothesline+1","Flex"],"picked":"SKIP","floor":29},{"not_picked":["Warcry+1","Run Through","Blood for Blood+1"],"picked":"SKIP","floor":31}],"player_experience":305107,"relics_obtained":[{"floor":2,"key":"Whetstone"},{"floor":6,"key":"Gambling Chip"},{"floor":8,"key":"hubris:ToyBattleship"},{"floor":9,"key":"hubris:GlazedTorus"},{"floor":10,"key":"Pear"},{"floor":12,"key":"Girya"},{"floor":25,"key":"Bag of Preparation"},{"floor":26,"key":"hubris:ChampionShield"}],"event_choices":[{"cards_removed":["Strike_R"],"damage_healed":0,"gold_gain":0,"player_choice":"Card Removal","damage_taken":7,"max_hp_gain":0,"max_hp_loss":0,"event_name":"Golden Wing","floor":4,"gold_loss":0},{"damage_healed":0,"gold_gain":200,"player_choice":"Gold","damage_taken":0,"max_hp_gain":0,"max_hp_loss":0,"event_name":"Wheel of Change","floor":24,"gold_loss":0}],"is_beta":false,"boss_relics":[{"not_picked":["Ring of Chaos","Cursed Key"],"picked":"hubris:ScarierMask"}],"items_purged_floors":[13],"is_endless":false,"potions_floor_spawned":[3,8,10,12,16,18,19,25,31],"killed_by":"Collector","ascension_level":6}}