{"host":"i2ku91d5mi282ys8","time":1607873937,"event":{"mods":["AchievementEnabler","Act Like it!","Aspiration","BaseMod","Better Match","Better Note","Better Skull","Better Third Choice","Block Reminder","CatGirl Mod","Colored Map","Colored Powertips","DeckTracker","Defuse TimeMaze Blight","GifTheSpireLib","Googly Eyes","Highlight Path","Minty Spire (QoL Compilation)","Permanent Neow","Quick Restart","RNG Fix","Random Character Button","Rare Cards Sparkle","Relic Sorter","StSLib","The IronCluck","Uncapped","Unceasing Turn Reminder","Waifu the Spire","everything is the same but u backflip on backflip"],"gold_per_floor":[115,22,22,36,36,62,62,87,111,141,208,208,208,242,242,344,344,360,510,560,560],"floor_reached":20,"playtime":1037,"items_purged":[],"score":313,"play_id":"f0feadbe-2d23-4994-a45b-3ff553d519f1","local_time":"20201213103857","daily_mods":["Vintage","Flight","DeadlyEvents","Elite Swarm"],"is_ascension_mode":true,"campfire_choices":[{"data":"Storm","floor":7.0,"key":"SMITH"},{"floor":12.0,"key":"REST"},{"data":"Creative AI","floor":13.0,"key":"SMITH"},{"floor":15.0,"key":"REST"}],"circlet_count":0,"master_deck":["Strike_B","Strike_B","Strike_B+1","Strike_B+1","Defend_B","Defend_B","Defend_B","Defend_B","Zap","Dualcast","Storm+1","Ball Lightning","Machine Learning","Creative AI+1","Reboot","Amplify","Creative AI"],"relics":["Cracked Core","Regal Pillow","Symbiotic Virus","Gremlin Horn","SsserpentHead","Dead Branch","Girya","Tiny Chest","DataDisk","Whetstone","CaptainsWheel","aspiration:IroncladSkillbook","Omamori"],"acts_visited":["Exordium","TheCity"],"potions_floor_usage":[20],"damage_taken":[{"damage":3.0,"enemies":"Jaw Worm","floor":1.0,"turns":3.0},{"damage":0.0,"enemies":"Small Slimes","floor":4.0,"turns":3.0},{"damage":11.0,"enemies":"Gremlin Nob","floor":6.0,"turns":4.0},{"damage":21.0,"enemies":"Lagavulin","floor":8.0,"turns":5.0},{"damage":26.0,"enemies":"3 Sentries","floor":10.0,"turns":6.0},{"damage":6.0,"enemies":"Cultist","floor":11.0,"turns":3.0},{"damage":21.0,"enemies":"Lagavulin","floor":14.0,"turns":5.0},{"damage":36.0,"enemies":"Hexaghost","floor":16.0,"turns":5.0},{"damage":5.0,"enemies":"Chosen","floor":18.0,"turns":4.0},{"damage":76,"enemies":"Slavers","floor":20,"turns":4}],"seed_played":"-4530116703412157791","potions_obtained":[{"floor":1.0,"key":"Block Potion"},{"floor":4.0,"key":"LiquidBronze"},{"floor":10.0,"key":"EntropicBrew"},{"floor":18.0,"key":"Weak Potion"}],"is_trial":true,"path_per_floor":["M","$","?","M","?","E","R","E","T","E","M","R","R","E","R","B",null,"M","?","E"],"character_chosen":"DEFECT","items_purchased":["Storm","Ball Lightning"],"campfire_rested":2,"item_purchase_floors":[2,2],"current_hp_per_floor":[72,72,72,72,72,61,61,40,40,14,8,45,45,24,61,25,75,74,74,0,0],"gold":560,"neow_bonus":"","is_daily":false,"chose_seed":false,"campfire_upgraded":2,"win_rate":0.0,"timestamp":1607873937,"path_taken":["M","?","?","M","?","E","R","E","T","E","?","R","R","E","R","BOSS","M","?","?"],"items_purchased_type":["Card","Card"],"build_version":"2020-11-30","purchased_purges":0,"victory":false,"max_hp_per_floor":[75,75,75,75,75,75,75,75,75,75,75,75,75,75,75,75,75,75,75,75,75],"card_choices":[{"not_picked":["Meteor Strike","Fission"],"picked":"Machine Learning","floor":6.0},{"not_picked":["Thunder Strike","Buffer"],"picked":"Creative AI","floor":8.0},{"not_picked":["Rainbow","Multi-Cast"],"picked":"Reboot","floor":10.0},{"not_picked":["All For One","Biased Cognition"],"picked":"Amplify","floor":14.0},{"not_picked":["Seek","Multi-Cast"],"picked":"Creative AI","floor":16.0}],"player_experience":311223,"relics_obtained":[{"floor":1.0,"key":"Regal Pillow"},{"floor":3.0,"key":"Symbiotic Virus"},{"floor":4.0,"key":"Gremlin Horn"},{"floor":6.0,"key":"Dead Branch"},{"floor":8.0,"key":"Girya"},{"floor":9.0,"key":"Tiny Chest"},{"floor":10.0,"key":"DataDisk"},{"floor":11.0,"key":"Whetstone"},{"floor":14.0,"key":"CaptainsWheel"},{"floor":18.0,"key":"Omamori"}],"event_choices":[{"damage_healed":0.0,"max_hp_gain":0.0,"max_hp_loss":0.0,"gold_gain":0.0,"event_name":"Wheel of Change","player_choice":"Relic","floor":3.0,"gold_loss":0.0,"damage_taken":0.0},{"damage_healed":0.0,"max_hp_gain":0.0,"max_hp_loss":0.0,"gold_gain":0.0,"event_name":"FaceTrader","player_choice":"Trade","floor":5.0,"gold_loss":0.0,"damage_taken":0.0,"relics_obtained":["SsserpentHead"]},{"damage_healed":0.0,"max_hp_gain":0.0,"max_hp_loss":0.0,"gold_gain":100.0,"event_name":"Golden Shrine","player_choice":"Pray","floor":19.0,"gold_loss":0.0,"damage_taken":0.0}],"is_beta":false,"boss_relics":[{"not_picked":["Empty Cage","aspiration:FutureDiary"],"picked":"aspiration:IroncladSkillbook"}],"items_purged_floors":[],"is_endless":true,"potions_floor_spawned":[1,4,10,18],"killed_by":"Slavers","ascension_level":1}}