{"host":"7gewg82ormp6yt4e","time":1607861691,"event":{"mods":["BaseMod","Block Reminder","Colored Map","Colored Powertips","DeckTracker","Highlight Path","Minty Spire (QoL Compilation)","Relic Stats","StSLib"],"gold_per_floor":[166,166,184,195,209,209,223,254,254,254,254,254,273,291,291,364,364,381,395,395,10,29,56,56,91,91,91,31,31,49,60,60,137,137,152,23,43,55,66,97,112,140,140,154,181,181,181],"floor_reached":46,"playtime":3917,"items_purged":["Strike_G"],"score":1152,"play_id":"9ee816d8-9cb2-44b4-ae6b-7503bb5d4674","local_time":"20201213211451","is_ascension_mode":true,"campfire_choices":[{"data":"Flechettes","floor":6,"key":"SMITH"},{"data":"Footwork","floor":10,"key":"SMITH"},{"data":"Footwork","floor":12,"key":"SMITH"},{"data":"Noxious Fumes","floor":15,"key":"SMITH"},{"data":"Glass Knife","floor":24,"key":"SMITH"},{"floor":27,"key":"REST"},{"data":"Footwork","floor":29,"key":"SMITH"},{"floor":32,"key":"REST"}],"circlet_count":0,"master_deck":["AscendersBane","Strike_G","Strike_G","Defend_G","Defend_G","Defend_G","Defend_G+1","Defend_G","Survivor","Neutralize","Flechettes+1","Footwork+1","Deflect","Calculated Gamble","Dagger Throw","Dagger Spray","Footwork+1","Noxious Fumes+1","Glass Knife+1","Flying Knee","Blade Dance","Cloak And Dagger","PiercingWail","Leg Sweep","Deadly Poison","Terror","Footwork+1","Blur","Deadly Poison","Wraith Form v2","Catalyst","Blade Dance","Backflip","Bouncing Flask","Catalyst","Skewer+1","Crippling Poison+1"],"relics":["Tiny House","Blue Candle","Kunai","Runic Pyramid","Singing Bowl","Mummified Hand","Pear","Ninja Scroll","The Courier","Sozu","Strawberry","PreservedInsect","Omamori"],"acts_visited":["Exordium","TheCity","TheBeyond"],"potions_floor_usage":[7,8,16,19,23,23,25,39],"damage_taken":[{"damage":1,"enemies":"2 Louse","floor":1,"turns":4},{"damage":6,"enemies":"Cultist","floor":3,"turns":7},{"damage":0,"enemies":"Small Slimes","floor":4,"turns":4},{"damage":1,"enemies":"3 Louse","floor":5,"turns":5},{"damage":3,"enemies":"Gremlin Gang","floor":7,"turns":6},{"damage":16,"enemies":"3 Sentries","floor":8,"turns":3},{"damage":0,"enemies":"Red Slaver","floor":13,"turns":6},{"damage":14,"enemies":"Exordium Thugs","floor":14,"turns":6},{"damage":12,"enemies":"The Guardian","floor":16,"turns":14},{"damage":5,"enemies":"Shell Parasite","floor":18,"turns":7},{"damage":3,"enemies":"3 Byrds","floor":19,"turns":7},{"damage":0,"enemies":"Centurion and Healer","floor":22,"turns":6},{"damage":11,"enemies":"Slavers","floor":23,"turns":8},{"damage":8,"enemies":"Gremlin Leader","floor":25,"turns":8},{"damage":17,"enemies":"Shelled Parasite and Fungi","floor":30,"turns":8},{"damage":0,"enemies":"Snake Plant","floor":31,"turns":6},{"damage":11,"enemies":"Collector","floor":33,"turns":13},{"damage":17,"enemies":"Orb Walker","floor":35,"turns":4},{"damage":4,"enemies":"3 Shapes","floor":37,"turns":6},{"damage":12,"enemies":"Spire Growth","floor":38,"turns":7},{"damage":4,"enemies":"4 Shapes","floor":39,"turns":10},{"damage":1,"enemies":"Giant Head","floor":40,"turns":8},{"damage":4,"enemies":"Maw","floor":41,"turns":8},{"damage":21,"enemies":"Nemesis","floor":42,"turns":9},{"damage":2,"enemies":"3 Darklings","floor":44,"turns":5},{"damage":29,"enemies":"Giant Head","floor":46,"turns":7}],"seed_played":"2352805747940991430","potions_obtained":[{"floor":0,"key":"AttackPotion"},{"floor":4,"key":"ColorlessPotion"},{"floor":8,"key":"Dexterity Potion"},{"floor":14,"key":"FearPotion"},{"floor":18,"key":"Energy Potion"},{"floor":22,"key":"Dexterity Potion"},{"floor":23,"key":"SkillPotion"},{"floor":31,"key":"GamblersBrew"},{"floor":33,"key":"SteroidPotion"}],"is_trial":false,"path_per_floor":["M","?","M","M","M","R","M","E","T","R","?","R","M","M","R","B",null,"M","M","?","$","M","E","R","E","T","R","$","R","M","M","R","B",null,"M","$","M","M","M","E","M","E","T","M","T","E"],"character_chosen":"THE_SILENT","items_purchased":["Mummified Hand","Cloak And Dagger","PiercingWail","Footwork","Catalyst"],"campfire_rested":2,"item_purchase_floors":[21,21,21,28,36],"current_hp_per_floor":[63,63,57,57,56,56,53,37,37,37,30,30,30,16,16,4,54,49,46,46,46,46,45,45,37,37,61,61,61,44,44,68,57,75,60,60,56,44,40,48,44,23,23,21,21,0,0],"gold":181,"neow_bonus":"BOSS_RELIC","is_daily":false,"chose_seed":false,"campfire_upgraded":6,"win_rate":0.0,"timestamp":1607861691,"path_taken":["M","?","?","M","M","R","M","E","T","R","?","R","M","M","R","BOSS","M","M","?","$","M","E","R","E","T","R","$","R","M","M","R","BOSS","M","$","M","M","?","E","M","E","T","M","?","E"],"items_purchased_type":["Relic","Card","Card","Card","Card"],"build_version":"2020-11-30","purchased_purges":1,"victory":false,"max_hp_per_floor":[71,71,71,71,71,71,71,71,71,71,71,71,71,71,71,71,71,71,71,71,71,71,81,81,81,81,81,81,81,81,81,81,81,81,83,83,83,83,83,92,92,92,92,92,92,92,92],"relic_stats":{"Sozu":3,"Singing Bowl":4,"counters":[26,182],"Mummified Hand":[62],"Blue Candle":[0],"PreservedInsect":130,"Kunai":[69],"obtain_stats":[{"Tiny House":0,"Pear":23,"Singing Bowl":20,"Blue Candle":8,"The Courier":26,"PreservedInsect":42,"Omamori":45,"Sozu":34,"Mummified Hand":21,"Ninja Scroll":25,"Strawberry":40,"Kunai":9,"Ring of the Snake":0,"Runic Pyramid":17},{"Tiny House":0,"Pear":13,"Singing Bowl":11,"Blue Candle":6,"The Courier":14,"PreservedInsect":24,"Omamori":25,"Sozu":17,"Mummified Hand":11,"Ninja Scroll":14,"Strawberry":22,"Kunai":6,"Ring of the Snake":0,"Runic Pyramid":9},{"Tiny House":0,"Pear":83,"Singing Bowl":69,"Blue Candle":29,"The Courier":91,"PreservedInsect":170,"Omamori":175,"Sozu":118,"Mummified Hand":69,"Ninja Scroll":91,"Strawberry":153,"Kunai":29,"Ring of the Snake":0,"Runic Pyramid":55}]},"card_choices":[{"not_picked":["Acrobatics","Caltrops"],"picked":"Flechettes","floor":0},{"not_picked":["Endless Agony","Riddle With Holes"],"picked":"Footwork","floor":1},{"not_picked":["Choke","Quick Slash"],"picked":"Deflect","floor":3},{"not_picked":["PiercingWail","Tactician"],"picked":"Calculated Gamble","floor":4},{"not_picked":["Backstab","Deflect"],"picked":"Dagger Throw","floor":5},{"not_picked":["Setup","Well Laid Plans"],"picked":"Dagger Spray","floor":7},{"not_picked":["Well Laid Plans","Doppelganger"],"picked":"Footwork","floor":8},{"not_picked":["Outmaneuver","Masterful Stab"],"picked":"Heel Hook","floor":13},{"not_picked":["Outmaneuver","Sucker Punch"],"picked":"Noxious Fumes","floor":14},{"not_picked":["A Thousand Cuts","Wraith Form v2"],"picked":"Glass Knife","floor":16},{"not_picked":["Sucker Punch","Slice"],"picked":"Flying Knee","floor":18},{"not_picked":["Dagger Throw","Leg Sweep"],"picked":"Blade Dance","floor":19},{"not_picked":["PiercingWail","Dodge and Roll"],"picked":"Leg Sweep","floor":22},{"not_picked":["Backflip","Phantasmal Killer"],"picked":"Deadly Poison","floor":23},{"not_picked":["Flying Knee+1","Slice"],"picked":"Terror","floor":25},{"not_picked":["Expertise","Underhanded Strike"],"picked":"Blur","floor":30},{"not_picked":["Dash","PiercingWail"],"picked":"Deadly Poison","floor":31},{"not_picked":["Glass Knife","Night Terror"],"picked":"Wraith Form v2","floor":33},{"not_picked":["Dagger Throw","Acrobatics","Bane"],"picked":"Singing Bowl","floor":35},{"not_picked":["Outmaneuver","Crippling Poison"],"picked":"Blade Dance","floor":37},{"not_picked":["Dagger Throw","Backstab"],"picked":"Backflip","floor":38},{"not_picked":["Noxious Fumes","Choke"],"picked":"Bouncing Flask","floor":39},{"not_picked":["Prepared","Grand Finale","Slice"],"picked":"Singing Bowl","floor":40},{"not_picked":["Prepared","Noxious Fumes"],"picked":"Catalyst","floor":41},{"not_picked":["Blade Dance","Deadly Poison"],"picked":"Skewer+1","floor":42},{"not_picked":["Slice+1","Deflect"],"picked":"Crippling Poison+1","floor":44}],"player_experience":2344470,"relics_obtained":[{"floor":8,"key":"Blue Candle"},{"floor":9,"key":"Kunai"},{"floor":23,"key":"Pear"},{"floor":25,"key":"Ninja Scroll"},{"floor":26,"key":"The Courier"},{"floor":40,"key":"Strawberry"},{"floor":42,"key":"PreservedInsect"},{"floor":45,"key":"Omamori"}],"event_choices":[{"cards_removed":["Strike_G"],"damage_healed":0,"gold_gain":0,"player_choice":"Purged","damage_taken":0,"max_hp_gain":0,"max_hp_loss":0,"event_name":"Purifier","floor":2,"gold_loss":0},{"cards_removed":["Strike_G"],"damage_healed":0,"gold_gain":0,"player_choice":"Card Removal","damage_taken":7,"max_hp_gain":0,"max_hp_loss":0,"event_name":"Golden Wing","floor":11,"gold_loss":0},{"cards_removed":["Heel Hook"],"damage_healed":0,"gold_gain":0,"player_choice":"Gave Card","damage_taken":0,"relics_obtained":["Singing Bowl"],"max_hp_gain":0,"max_hp_loss":0,"event_name":"WeMeetAgain","floor":20,"gold_loss":0}],"is_beta":false,"boss_relics":[{"not_picked":["WristBlade","Fusion Hammer"],"picked":"Runic Pyramid"},{"not_picked":["Cursed Key","Black Star"],"picked":"Sozu"}],"items_purged_floors":[36],"is_endless":false,"potions_floor_spawned":[4,8,14,18,22,23,31,33,39,41,44],"killed_by":"Giant Head","ascension_level":20}}