{"host":"pqz3xdxicu6yby95","time":1607818706,"event":{"mods":["Aspiration","BaseMod","Beaked The Cultist","Better Altar","Better Match","Better Note","Better Sensory Stone","Better Skull","Better Third Choice","Better Vampires","BetterRewards","Colored Map","Conspire","Displayed Cursed Tome","Hermit","Highlight Path","Hubris","Marked Mod","Minty Spire (QoL Compilation)","Potionbrewer","Relic Stats","Replay The Spire","Shade Mod","StSLib","The Bug Knight","The Jungle","Unceasing Turn Reminder"],"gold_per_floor":[116,134,150,162,162,162,162,175,200,200,200,214,17,30,30,127,127,140,140,157,157,157,157,7,7,7,24,24,36,36,54,54,154,154,167,217,66,80,80,80,94,94,140,170,189,35,35,49,49,49],"floor_reached":51,"playtime":4637,"items_purged":[],"score":664,"play_id":"474d814a-1e8b-4ba2-9433-caea7470eeff","local_time":"20201212191826","is_ascension_mode":false,"campfire_choices":[{"floor":6,"key":"REST"},{"floor":11,"key":"DIG"},{"floor":15,"key":"REST"},{"floor":23,"key":"REST"},{"floor":25,"key":"DIG"},{"floor":32,"key":"DIG"},{"floor":40,"key":"REST"},{"floor":42,"key":"REST"},{"floor":47,"key":"REST"},{"floor":49,"key":"REST"}],"circlet_count":0,"master_deck":["Defend_G","Defend_G","Defend_G","Defend_G","Defend_G","Survivor","Neutralize","Sadistic Nature","Terror+1","Footwork","hubris:Counter+1","Distraction","Poisoned Stab","Distraction","Blade Dance","Prepared","After Image","Deadly Poison","Deadly Poison","ReplayTheSpireMod:Necrosis","Footwork","Slice","Bite","Bite","Bite","Bite","Bite","Replay:Bag of Tricks","Caltrops","Riddle With Holes+1","Catalyst+1","conspire:PoisonWeapons+1","Replay:Bag of Tricks"],"relics":["Ring of the Snake","ReplayTheSpireMod:CursedCoin","Shovel","FossilizedHelix","aspiration:ChemicalBlood","Strawberry","Whetstone","Juzu Bracelet","Ring of Chaos","Nloth\u0027s Gift","Pantograph","conspire:Dentures","Omamori","aspiration:BeakedSkillbook","hubris:GlazedTorus","TwistedFunnel","Lizard Tail","Snake Skull"],"acts_visited":["Exordium","TheCity","TheBeyond"],"potions_floor_usage":[14,29,31,33,33,33,33,35,38,41,48,48,50,50,50,50,50],"damage_taken":[{"damage":0,"enemies":"2 Louse","floor":1,"turns":4},{"damage":0,"enemies":"Jaw Worm","floor":2,"turns":5},{"damage":0,"enemies":"Small Slimes","floor":3,"turns":3},{"damage":5,"enemies":"Blue Slaver","floor":4,"turns":4},{"damage":5,"enemies":"Lots of Slimes","floor":8,"turns":5},{"damage":0,"enemies":"2 Fungi Beasts","floor":12,"turns":4},{"damage":0,"enemies":"Large Slime","floor":14,"turns":3},{"damage":0,"enemies":"The Guardian","floor":16,"turns":9},{"damage":20,"enemies":"Spheric Guardian","floor":18,"turns":6},{"damage":18,"enemies":"Snecko","floor":20,"turns":7},{"damage":0,"enemies":"conspire:HollyBat","floor":27,"turns":10},{"damage":5,"enemies":"Snake Plant","floor":29,"turns":2},{"damage":21,"enemies":"Snecko","floor":31,"turns":6},{"damage":45,"enemies":"conspire:MysteriousRune","floor":33,"turns":10},{"damage":2,"enemies":"3 Shapes","floor":35,"turns":8},{"damage":35,"enemies":"Mind Bloom Boss Battle","floor":36,"turns":7},{"damage":20,"enemies":"3 Darklings","floor":38,"turns":5},{"damage":26,"enemies":"Writhing Mass","floor":41,"turns":7},{"damage":31,"enemies":"conspire:MimicChest","floor":44,"turns":6},{"damage":22,"enemies":"Jaw Worm Horde","floor":45,"turns":4},{"damage":37,"enemies":"Sphere and 2 Shapes","floor":48,"turns":7},{"damage":88,"enemies":"Time Eater","floor":50,"turns":12}],"seed_played":"-2434619914177443163","potions_obtained":[{"floor":1,"key":"SteroidPotion"},{"floor":2,"key":"potionbrewer:InfectionPotion"},{"floor":12,"key":"potionbrewer:BoundlessPotion"},{"floor":16,"key":"PowerPotion"},{"floor":18,"key":"potionbrewer:AcidPotion"},{"floor":20,"key":"Energy Potion"},{"floor":20,"key":"Fire Potion"},{"floor":31,"key":"Regen Potion"},{"floor":35,"key":"DuplicationPotion"},{"floor":36,"key":"FairyPotion"},{"floor":48,"key":"DistilledChaos"}],"is_trial":false,"path_per_floor":["M","M","M","M","?","R","?","M","T","T","R","M","$","M","R","B",null,"M","?","M","?","?","R","$","R","T","M","?","M","?","M","R","B",null,"M","?","$","M","?","R","M","R","T","?","M","$","R","M","R","B",null],"character_chosen":"THE_SILENT","items_purchased":["Sadistic Nature","ReplayTheSpireMod:CursedCoin","Shovel","Terror+1","Footwork","hubris:Counter","Deadly Poison","Juzu Bracelet","Blood Vial","TwistedFunnel","Snake Skull"],"campfire_rested":7,"item_purchase_floors":[0,0,0,0,0,0,13,13,24,37,46],"current_hp_per_floor":[38,38,38,33,33,54,54,49,56,56,56,56,56,56,77,77,77,57,57,39,39,39,62,62,62,62,64,64,59,59,44,44,24,77,77,44,44,28,28,51,29,52,52,29,13,13,36,1,24,29],"gold":49,"neow_bonus":"","is_daily":false,"chose_seed":false,"campfire_upgraded":0,"win_rate":0.0,"timestamp":1607818706,"path_taken":["M","M","M","M","?","R","?","M","T","?","R","M","$","M","R","BOSS","M","?","M","?","?","R","$","R","T","M","?","M","?","M","R","BOSS","M","?","$","M","?","R","M","R","T","?","M","?","R","M","R","BOSS"],"items_purchased_type":["Card","Relic","Relic","Card","Card","Card","Card","Relic","Relic","Relic","Relic"],"build_version":"2020-11-30","purchased_purges":0,"victory":true,"max_hp_per_floor":[70,70,70,70,70,70,70,70,77,77,77,77,77,77,77,77,77,77,77,77,77,77,77,77,77,77,77,77,77,77,77,77,77,77,77,77,77,77,77,77,77,77,77,77,77,77,77,77,77,77],"relic_stats":{"Lizard Tail":38,"Shovel":3,"counters":[85,426],"Pantograph":25,"Snake Skull":[26],"Juzu Bracelet":1,"Nloth\u0027s Gift":3,"Whetstone":["hubris:Counter","Strike_G"],"obtain_stats":[{"Ice Cream":37,"TwistedFunnel":37,"Replay:Accelerometer":10,"aspiration:PoetsPen_weak":34,"Whetstone":11,"Sling":4,"Blood Vial":25,"Lizard Tail":17,"hubris:HerbalPaste":0,"hubris:AstralHammer":0,"Strawberry":9,"Replay:Wax Seal":29,"conspire:Dentures":26,"potionbrewer:WarMedal":45,"ReplayTheSpireMod:CursedCoin":30,"Blue Candle":17,"Counterbalance":0,"Oddly Smooth Stone":31,"Ring of Chaos":17,"Replay:Ancient Bell":17,"Akabeko":9,"WarpedTongs":21,"Du-Vu Doll":0,"potionbrewer:Torch":7,"Replay:Baseball":3,"Bird Faced Urn":12,"Bronze Scales":31,"Simple Rune":17,"hubris:PeanutButter":2,"Nloth\u0027s Gift":21,"aspiration:BeakedSkillbook":34,"Pocketwatch":0,"Darkstone Periapt":0,"Torii":19,"Blue Doll":30,"Snake Skull":46,"Sizzling Blood":2,"Juzu Bracelet":12,"Incense Burner":41,"Cursed Key":0,"conspire:InfiniteJournal":0,"SsserpentHead":49,"Shovel":0,"WristBlade":34,"Mummified Hand":8,"Gambling Chip":43,"Pantograph":25,"Tiny Chest":3,"Ring of the Snake":21,"hubris:GlazedTorus":0,"aspiration:ChemicalBlood":7,"NeowsBlessing":0,"Golden Idol":13,"hubris:64BitClover":24,"Thread and Needle":9,"PreservedInsect":29,"hubris:MedicalManual":0,"The Courier":3,"Omamori":32,"aspiration:SecretTechniqueScroll":17,"Ring of Greed":3,"Frozen Egg 2":38,"hubris:Towel":2,"Orichalcum":0,"Replay:Arrowhead":43,"Mercury Hourglass":26,"Ring of Fury":3,"Snack Pack":22,"Membership Card":37,"potionbrewer:Keyblade":0,"FossilizedHelix":0},{"Ice Cream":36,"TwistedFunnel":79,"Replay:Accelerometer":68,"aspiration:PoetsPen_weak":13,"Whetstone":68,"Sling":61,"Blood Vial":57,"Lizard Tail":8,"hubris:HerbalPaste":62,"hubris:AstralHammer":62,"Strawberry":68,"Replay:Wax Seal":32,"conspire:Dentures":73,"potionbrewer:WarMedal":38,"ReplayTheSpireMod:CursedCoin":12,"Blue Candle":8,"Counterbalance":60,"Oddly Smooth Stone":12,"Ring of Chaos":71,"Replay:Ancient Bell":8,"Akabeko":4,"WarpedTongs":31,"Du-Vu Doll":0,"potionbrewer:Torch":4,"Replay:Baseball":2,"Bird Faced Urn":6,"Bronze Scales":12,"Simple Rune":8,"hubris:PeanutButter":60,"Nloth\u0027s Gift":55,"aspiration:BeakedSkillbook":77,"Pocketwatch":60,"Darkstone Periapt":0,"Torii":30,"Blue Doll":12,"Snake Skull":83,"Sizzling Blood":22,"Juzu Bracelet":27,"Incense Burner":37,"Cursed Key":0,"conspire:InfiniteJournal":41,"SsserpentHead":20,"Shovel":63,"WristBlade":34,"Mummified Hand":46,"Gambling Chip":37,"Pantograph":73,"Tiny Chest":61,"Ring of the Snake":55,"hubris:GlazedTorus":59,"aspiration:ChemicalBlood":67,"NeowsBlessing":60,"Golden Idol":6,"hubris:64BitClover":57,"Thread and Needle":24,"PreservedInsect":32,"hubris:MedicalManual":59,"The Courier":61,"Omamori":76,"aspiration:SecretTechniqueScroll":29,"Ring of Greed":61,"Frozen Egg 2":16,"hubris:Towel":61,"Orichalcum":62,"Replay:Arrowhead":18,"Mercury Hourglass":10,"Ring of Fury":61,"Snack Pack":9,"Membership Card":36,"potionbrewer:Keyblade":21,"FossilizedHelix":63},{"Ice Cream":184,"TwistedFunnel":385,"Replay:Accelerometer":313,"aspiration:PoetsPen_weak":65,"Whetstone":313,"Sling":290,"Blood Vial":277,"Lizard Tail":40,"hubris:HerbalPaste":291,"hubris:AstralHammer":291,"Strawberry":313,"Replay:Wax Seal":164,"conspire:Dentures":342,"potionbrewer:WarMedal":194,"ReplayTheSpireMod:CursedCoin":60,"Blue Candle":40,"Counterbalance":286,"Oddly Smooth Stone":60,"Ring of Chaos":329,"Replay:Ancient Bell":40,"Akabeko":17,"WarpedTongs":157,"Du-Vu Doll":0,"potionbrewer:Torch":17,"Replay:Baseball":7,"Bird Faced Urn":26,"Bronze Scales":60,"Simple Rune":40,"hubris:PeanutButter":286,"Nloth\u0027s Gift":267,"aspiration:BeakedSkillbook":370,"Pocketwatch":286,"Darkstone Periapt":0,"Torii":153,"Blue Doll":60,"Snake Skull":407,"Sizzling Blood":108,"Juzu Bracelet":134,"Incense Burner":189,"Cursed Key":0,"conspire:InfiniteJournal":212,"SsserpentHead":91,"Shovel":292,"WristBlade":177,"Mummified Hand":227,"Gambling Chip":189,"Pantograph":342,"Tiny Chest":290,"Ring of the Snake":267,"hubris:GlazedTorus":282,"aspiration:ChemicalBlood":308,"NeowsBlessing":286,"Golden Idol":26,"hubris:64BitClover":277,"Thread and Needle":117,"PreservedInsect":164,"hubris:MedicalManual":282,"The Courier":290,"Omamori":360,"aspiration:SecretTechniqueScroll":149,"Ring of Greed":290,"Frozen Egg 2":75,"hubris:Towel":290,"Orichalcum":291,"Replay:Arrowhead":84,"Mercury Hourglass":51,"Ring of Fury":290,"Snack Pack":46,"Membership Card":184,"potionbrewer:Keyblade":100,"FossilizedHelix":292}],"Ring of the Snake":[90]},"card_choices":[{"not_picked":["Catalyst","Deflect"],"picked":"Distraction","floor":1},{"not_picked":["Acrobatics","conspire:DoublingDagger"],"picked":"Poisoned Stab","floor":2},{"not_picked":["Outmaneuver","Blade Dance"],"picked":"Distraction","floor":3},{"not_picked":["Underhanded Strike","Hidden Blade"],"picked":"Blade Dance","floor":4},{"not_picked":["Escape Plan","hubris:TrickCloak"],"picked":"Prepared","floor":8},{"not_picked":["Bane","Finisher"],"picked":"After Image","floor":12},{"not_picked":["Quick Slash","Backflip"],"picked":"Deadly Poison","floor":14},{"not_picked":["Burst","Unload"],"picked":"ReplayTheSpireMod:Necrosis","floor":16},{"not_picked":["Eviscerate+1","PiercingWail"],"picked":"Footwork","floor":18},{"not_picked":["Heel Hook+1","Hidden Blade","Sneak Up"],"picked":"SKIP","floor":20},{"not_picked":["Quick Slash+1","Infinite Blades+1"],"picked":"Slice","floor":27},{"not_picked":["Accuracy","Dodge and Roll+1","Flying Knee"],"picked":"SKIP","floor":29},{"not_picked":["Prepared","Underhanded Strike+1","Setup"],"picked":"SKIP","floor":31},{"not_picked":["Doppelganger","Burst"],"picked":"Replay:Bag of Tricks","floor":33},{"not_picked":["Outmaneuver+1","Sucker Punch+1","Dagger Spray"],"picked":"Caltrops","floor":35},{"not_picked":["Blade Dance","Dodge and Roll+1","Blur+1"],"picked":"Riddle With Holes+1","floor":36},{"not_picked":["Burst","Underhanded Strike","Prepared"],"picked":"Catalyst+1","floor":38},{"not_picked":["Night Terror","Heel Hook+1","Prepared"],"picked":"conspire:PoisonWeapons+1","floor":41},{"not_picked":["Acrobatics+1","Flechettes","ReplayTheSpireMod:Exploit Weakness+1"],"picked":"Replay:Bag of Tricks","floor":45},{"not_picked":["Riddle With Holes+1","hubris:SlightOfHand","Acrobatics+1","Prepared"],"picked":"SKIP","floor":48}],"player_experience":489779,"relics_obtained":[{"floor":9,"key":"Strawberry"},{"floor":10,"key":"Replay:Accelerometer"},{"floor":11,"key":"Whetstone"},{"floor":25,"key":"Pantograph"},{"floor":26,"key":"conspire:Dentures"},{"floor":32,"key":"Omamori"},{"floor":36,"key":"hubris:GlazedTorus"},{"floor":44,"key":"Lizard Tail"}],"event_choices":[{"damage_healed":0,"gold_gain":0,"player_choice":"Ignored","damage_taken":0,"max_hp_gain":0,"max_hp_loss":0,"event_name":"Golden Wing","floor":5,"gold_loss":0},{"damage_healed":0,"gold_gain":0,"player_choice":"Searched \u00271\u0027 times","damage_taken":0,"relics_obtained":["aspiration:ChemicalBlood"],"max_hp_gain":0,"max_hp_loss":0,"event_name":"Dead Adventurer","floor":7,"gold_loss":0},{"damage_healed":0,"gold_gain":0,"player_choice":"Traded Relic","damage_taken":0,"relics_obtained":["Nloth\u0027s Gift"],"max_hp_gain":0,"max_hp_loss":0,"event_name":"N\u0027loth","floor":19,"relics_lost":["Replay:Accelerometer"],"gold_loss":0},{"cards_removed":["Writhe"],"damage_healed":0,"gold_gain":0,"player_choice":"Card Removal","damage_taken":0,"max_hp_gain":0,"max_hp_loss":0,"event_name":"Wheel of Change","floor":21,"gold_loss":0},{"damage_healed":0,"gold_gain":0,"player_choice":"Ignored","damage_taken":0,"max_hp_gain":0,"max_hp_loss":0,"event_name":"betterNote:BetterNote","floor":22,"gold_loss":0,"cards_obtained":["Rip and Tear"]},{"damage_healed":0,"gold_gain":0,"player_choice":"Became a vampire (Vial)","damage_taken":0,"max_hp_gain":0,"max_hp_loss":0,"event_name":"Vampires","floor":28,"relics_lost":["Blood Vial"],"gold_loss":0,"cards_obtained":["Bite","Bite","Bite","Bite","Bite"]},{"damage_healed":0,"gold_gain":0,"player_choice":"Leave","damage_taken":0,"max_hp_gain":0,"max_hp_loss":0,"event_name":"conspire:Investor","floor":30,"gold_loss":0},{"damage_healed":0,"gold_gain":0,"player_choice":"Fight","damage_taken":0,"max_hp_gain":0,"max_hp_loss":0,"event_name":"MindBloom","floor":36,"gold_loss":0},{"damage_healed":0,"gold_gain":0,"player_choice":"Ignored","damage_taken":0,"max_hp_gain":0,"max_hp_loss":0,"event_name":"Mysterious Sphere","floor":39,"gold_loss":0}],"is_beta":false,"boss_relics":[{"not_picked":["Fusion Hammer","conspire:SeveredTorchhead"],"picked":"Ring of Chaos"},{"not_picked":["Velvet Choker","hubris:TerracottaHorce"],"picked":"aspiration:BeakedSkillbook"}],"items_purged_floors":[],"is_endless":false,"potions_floor_spawned":[1,2,12,16,20,27,31,35,36,41],"ascension_level":0}}