{"host":"4oozkyb2rmpv0j2l","time":1607847425,"event":{"mods":["Act Like it!","Aspiration","BaseMod","Colored Map","Conspire","Gensokyo","Hallownest","Hubris","Lobotomy","LobotomyExtend","Marisa（F雨　魔理沙）","Minty Spire (QoL Compilation)","Quick Restart","Rare Cards Sparkle","Reimu（博丽灵梦）","Replay The Spire","Robot Space Explorer","Shop Mod","Spicy Shops","StSLib","TestMod","The Animator","The Bladedancer","The Bug Knight","The Cursed","The Hierophant","The Necromancer","The Servant 0.9.4","WarShipGirlsR/战舰少女R mod","Youmu（魂魄妖梦）","Yuri Mod","Yuyuko","【东方二次创作】八云紫mod","【遗物卡牌】REMEMod"],"gold_per_floor":[118,129,148,159,178,103,103,131,131,131,162,177,188,215,215,215,215,215,215],"floor_reached":18,"playtime":830,"items_purged":["Defend_MRS"],"score":199,"play_id":"ad1f6d12-9cfc-48af-bf2e-a483f42b2868","local_time":"20201213161705","is_ascension_mode":true,"campfire_choices":[{"data":"Gensokyo:MarisaTwilightSpark","floor":17,"key":"SMITH"}],"circlet_count":0,"master_deck":["Strike_MRS","Strike_MRS","Strike_MRS","Strike_MRS","Defend_MRS","Defend_MRS","Defend_MRS","MasterSpark","UpSweep","SoulSculpture","Distraction","Prepared","SuperPerseids","Gensokyo:MarisaTwilightSpark+1","Orbital"],"relics":["MiniHakkero","testmod-TestBox","REME_ComplimentaryCards","testmod-EqualTreatment","m_TsuchinokoRing","LetterFromLob","testmod-TestBox","hubris:ToyBattleship","testmod-DragonStarHat","hubris:TenFootPole","ReplayFunnel"],"acts_visited":["Gensokyo:Gensokyo"],"potions_floor_usage":[8,14,18],"damage_taken":[{"damage":8,"enemies":"Gensokyo:Gryphon","floor":1,"turns":3},{"damage":0,"enemies":"Gensokyo:3_Fairies","floor":2,"turns":2},{"damage":0,"enemies":"Gensokyo:Python","floor":3,"turns":2},{"damage":5,"enemies":"Gensokyo:Gryphon_and_Rabbit","floor":4,"turns":3},{"damage":2,"enemies":"Gensokyo:Kitsune","floor":5,"turns":2},{"damage":20,"enemies":"Gensokyo:Mamizou","floor":8,"turns":7},{"damage":0,"enemies":"Gensokyo:Cirno","floor":11,"turns":4},{"damage":9,"enemies":"Gensokyo:VengefulSpirit","floor":12,"turns":3},{"damage":4,"enemies":"Gensokyo:Python_and_Kodama","floor":13,"turns":2},{"damage":0,"enemies":"Gensokyo:Mamizou","floor":14,"turns":6},{"damage":34,"enemies":"Gensokyo:Reimu","floor":18,"turns":4}],"seed_played":"-6210834217539867541","potions_obtained":[{"floor":2,"key":"EssenceOfSteel"},{"floor":8,"key":"SkillPotion"},{"floor":13,"key":"SteroidPotion"},{"floor":14,"key":"Venom Potion"}],"is_trial":false,"path_per_floor":["M","M","M","M","M","$","?","E","T","?","E","M","M","E","PTL","PTL","R","B"],"character_chosen":"MARISA","items_purchased":[],"campfire_rested":0,"item_purchase_floors":[],"current_hp_per_floor":[67,67,67,62,60,60,60,40,40,40,40,31,27,27,27,27,27,0,0],"gold":215,"neow_bonus":"NOSTALGIA","is_daily":false,"chose_seed":false,"campfire_upgraded":1,"win_rate":0.0,"timestamp":1607847425,"path_taken":["M","?","M","M","M","$","?","E","T","?","E","?","M","E","PTL","PTL","R","BOSS"],"items_purchased_type":[],"build_version":"2020-11-30","purchased_purges":1,"victory":false,"max_hp_per_floor":[75,75,75,75,75,75,75,75,75,75,75,75,75,75,75,75,75,75,75],"card_choices":[{"not_picked":["SprinkleStarSeal","EventHorizon","Finisher"],"picked":"SKIP","floor":1},{"not_picked":["MeteoricShower","AsteroidBelt","LuminesStrike"],"picked":"SKIP","floor":2},{"not_picked":["Dagger Spray","LuminesStrike"],"picked":"Distraction","floor":3},{"not_picked":["MagicChant","ShootingEcho"],"picked":"Prepared","floor":4},{"not_picked":["PowerUp","ShootingEcho"],"picked":"SuperPerseids","floor":5},{"not_picked":["Occultation","ManaRampage","Dagger Spray"],"picked":"SKIP","floor":8},{"not_picked":["PropBag","AsteroidBelt","Outmaneuver"],"picked":"SKIP","floor":11},{"not_picked":["EarthLightRay","Prepared","MagicAbsorber"],"picked":"SKIP","floor":12},{"not_picked":["AsteroidBelt","OortCloud","Well Laid Plans"],"picked":"SKIP","floor":13},{"not_picked":["ShootTheMoon","6A"],"picked":"Orbital","floor":14}],"player_experience":437885,"relics_obtained":[{"floor":4,"key":"LetterFromLob"},{"floor":8,"key":"hubris:ToyBattleship"},{"floor":9,"key":"testmod-DragonStarHat"},{"floor":11,"key":"hubris:TenFootPole"},{"floor":14,"key":"ReplayFunnel"}],"event_choices":[{"damage_healed":0,"gold_gain":0,"player_choice":"Swap Relic","damage_taken":0,"relics_obtained":["testmod-TestBox"],"max_hp_gain":0,"max_hp_loss":0,"event_name":"给自己的盒子","floor":7,"relics_lost":["aspiration:Nostalgia"],"gold_loss":0}],"is_beta":false,"boss_relics":[],"items_purged_floors":[6],"is_endless":false,"potions_floor_spawned":[2,8,13,14],"killed_by":"Gensokyo:Reimu","ascension_level":2}}