{"host":"5trcja4hacd149zc","time":1607838547,"event":{"mods":["BaseMod","Colored Map","Minty Spire (QoL Compilation)","Relic Stats"],"gold_per_floor":[159,434,117,134,154,181,181,193,216,231,261,261,276,289,289,289,289],"floor_reached":16,"playtime":488,"items_purged":["Regret"],"score":228,"play_id":"a56fd8e2-ae9f-443b-b518-a1aba1e753cc","local_time":"20201212234907","is_ascension_mode":true,"campfire_choices":[{"data":"Terror","floor":7,"key":"SMITH"},{"floor":12,"key":"REST"},{"data":"Footwork","floor":15,"key":"SMITH"}],"circlet_count":0,"master_deck":["AscendersBane","Strike_G+1","Strike_G","Strike_G","Strike_G","Strike_G","Defend_G","Defend_G","Defend_G","Defend_G","Defend_G","Survivor","Neutralize+1","Footwork+1","Dagger Throw+1","Blur","Backflip","Flying Knee","Terror+1","Dagger Spray","Deadly Poison","Poisoned Stab","Malaise"],"relics":["Tiny House","Toolbox","Happy Flower","Whetstone","Tiny Chest"],"acts_visited":["Exordium"],"potions_floor_usage":[6,11,11,16],"damage_taken":[{"damage":0,"enemies":"2 Louse","floor":1,"turns":3},{"damage":0,"enemies":"Cultist","floor":4,"turns":4},{"damage":3,"enemies":"Small Slimes","floor":5,"turns":4},{"damage":10,"enemies":"Lagavulin","floor":6,"turns":8},{"damage":0,"enemies":"2 Fungi Beasts","floor":8,"turns":5},{"damage":33,"enemies":"Exordium Thugs","floor":10,"turns":6},{"damage":27,"enemies":"Gremlin Nob","floor":11,"turns":4},{"damage":10,"enemies":"Lots of Slimes","floor":13,"turns":4},{"damage":5,"enemies":"Blue Slaver","floor":14,"turns":3},{"damage":18,"enemies":"Slime Boss","floor":16,"turns":7}],"seed_played":"1864001011960358627","potions_obtained":[{"floor":0,"key":"Weak Potion"},{"floor":1,"key":"Weak Potion"},{"floor":6,"key":"Regen Potion"},{"floor":14,"key":"LiquidBronze"}],"is_trial":false,"path_per_floor":["M","?","$","M","M","E","R","M","T","M","E","R","M","M","R","B"],"character_chosen":"THE_SILENT","items_purchased":["Toolbox","Blur"],"campfire_rested":1,"item_purchase_floors":[3,3],"current_hp_per_floor":[64,64,64,64,61,51,51,51,51,18,3,24,14,9,9,0,0],"gold":289,"neow_bonus":"BOSS_RELIC","is_daily":false,"chose_seed":false,"campfire_upgraded":2,"win_rate":0.0,"timestamp":1607838547,"path_taken":["M","?","$","M","?","E","R","M","T","?","E","R","M","M","R","BOSS"],"items_purchased_type":["Relic","Card"],"build_version":"2020-11-30","purchased_purges":1,"victory":false,"max_hp_per_floor":[71,71,71,71,71,71,71,71,71,71,71,71,71,71,71,71,71],"relic_stats":{"Happy Flower":[9],"counters":[10,48],"Tiny Chest":0,"Whetstone":["Dagger Throw","Neutralize"],"obtain_stats":[{"Tiny House":0,"Happy Flower":6,"Toolbox":3,"Tiny Chest":11,"Whetstone":9,"Ring of the Snake":0},{"Tiny House":0,"Happy Flower":4,"Toolbox":1,"Tiny Chest":7,"Whetstone":5,"Ring of the Snake":0},{"Tiny House":0,"Happy Flower":19,"Toolbox":3,"Tiny Chest":34,"Whetstone":24,"Ring of the Snake":0}]},"card_choices":[{"not_picked":["Dodge and Roll","Catalyst"],"picked":"Footwork","floor":0},{"not_picked":["Heel Hook","Eviscerate"],"picked":"Dagger Throw","floor":1},{"not_picked":["Distraction","Underhanded Strike"],"picked":"Backflip","floor":4},{"not_picked":["Slice","Cloak And Dagger"],"picked":"Flying Knee","floor":5},{"not_picked":["Well Laid Plans","Dagger Throw"],"picked":"Terror","floor":6},{"not_picked":["Flying Knee","Outmaneuver","Acrobatics"],"picked":"SKIP","floor":8},{"not_picked":["Backflip","Flying Knee"],"picked":"Dagger Spray","floor":10},{"not_picked":["Blur","Distraction"],"picked":"Deadly Poison","floor":11},{"not_picked":["Acrobatics","Dodge and Roll"],"picked":"Poisoned Stab","floor":13},{"not_picked":["Prepared","Flying Knee"],"picked":"Malaise","floor":14}],"player_experience":745033,"relics_obtained":[{"floor":6,"key":"Happy Flower"},{"floor":9,"key":"Whetstone"},{"floor":11,"key":"Tiny Chest"}],"event_choices":[{"damage_healed":0,"gold_gain":275,"player_choice":"Desecrate","damage_taken":0,"max_hp_gain":0,"max_hp_loss":0,"event_name":"Golden Shrine","floor":2,"gold_loss":0,"cards_obtained":["Regret"]}],"is_beta":false,"boss_relics":[],"items_purged_floors":[3],"is_endless":false,"potions_floor_spawned":[1,6,10,14],"killed_by":"Slime Boss","ascension_level":20}}