{"host":"t8l92xzjkmihtain","time":1607871077,"event":{"mods":["AchievementEnabler","BaseMod","Colored Map","Minty Spire (QoL Compilation)","Rare Cards Sparkle","SuperFastMode","everything is the same but u backflip on backflip"],"gold_per_floor":[116,116,131,142,160,186,198,210,222,234,257,269,291,7,7,106,106,116,130,229,144,144,176,76,76,76],"floor_reached":25,"playtime":1092,"items_purged":["Defend_R","Defend_R"],"score":232,"play_id":"4abbb35f-9aac-40d0-9afc-929a4cdda66e","local_time":"20201213235117","is_ascension_mode":true,"campfire_choices":[{"floor":8,"key":"REST"},{"data":"Infernal Blade","floor":10,"key":"SMITH"},{"data":"Heavy Blade","floor":15,"key":"SMITH"}],"circlet_count":0,"master_deck":["Strike_R","Strike_R","Strike_R","Strike_R+1","Strike_R","Defend_R","Defend_R+1","Bash","Armaments+1","Perfected Strike+1","Infernal Blade+1","Ghostly Armor","Flex","Heavy Blade+1","Inflame","Transmutation","CurseOfTheBell","Auto Shields","Forethought"],"relics":["Burning Blood","NeowsBlessing","MawBank","White Beast Statue","PrismaticShard","Calling Bell","Strawberry","Mummified Hand","Champion Belt","TungstenRod","Boot","Omamori"],"acts_visited":["Exordium","TheCity"],"potions_floor_usage":[6,16,16,18,19,23,23,25],"damage_taken":[{"damage":0,"enemies":"2 Louse","floor":1,"turns":1},{"damage":0,"enemies":"Cultist","floor":3,"turns":1},{"damage":0,"enemies":"Jaw Worm","floor":4,"turns":1},{"damage":22,"enemies":"Large Slime","floor":5,"turns":6},{"damage":15,"enemies":"Gremlin Nob","floor":6,"turns":4},{"damage":2,"enemies":"Blue Slaver","floor":11,"turns":2},{"damage":20,"enemies":"Looter","floor":13,"turns":3},{"damage":47,"enemies":"The Guardian","floor":16,"turns":7},{"damage":15,"enemies":"Chosen","floor":18,"turns":5},{"damage":25,"enemies":"3 Byrds","floor":19,"turns":4},{"damage":73,"enemies":"Slavers","floor":23,"turns":7},{"damage":9,"enemies":"Centurion and Healer","floor":25,"turns":2}],"seed_played":"-6670377183907533560","potions_obtained":[{"floor":3,"key":"Fire Potion"},{"floor":4,"key":"LiquidMemories"},{"floor":11,"key":"Explosive Potion"},{"floor":13,"key":"BlessingOfTheForge"},{"floor":16,"key":"DuplicationPotion"},{"floor":18,"key":"BloodPotion"},{"floor":19,"key":"Ancient Potion"},{"floor":23,"key":"FearPotion"}],"is_trial":false,"path_per_floor":["M","?","M","M","M","E","?","R","T","R","M","?","M","$","R","B",null,"M","M","?","?","T","E","$","M"],"character_chosen":"IRONCLAD","items_purchased":["Inflame","PrismaticShard"],"campfire_rested":1,"item_purchase_floors":[14,14],"current_hp_per_floor":[80,80,80,80,64,55,39,63,63,63,67,67,53,53,53,12,87,78,59,59,59,59,9,9,0,0],"gold":76,"neow_bonus":"THREE_ENEMY_KILL","is_daily":false,"chose_seed":false,"campfire_upgraded":2,"win_rate":0.0,"timestamp":1607871077,"path_taken":["M","?","?","?","M","E","?","R","T","R","M","?","M","$","R","BOSS","M","M","?","?","?","E","$","M"],"items_purchased_type":["Card","Relic"],"build_version":"2020-11-30","purchased_purges":2,"victory":false,"max_hp_per_floor":[80,80,80,80,80,80,80,80,80,80,80,80,80,80,80,80,87,87,87,87,87,87,87,87,87,87],"card_choices":[{"not_picked":["Headbutt","Iron Wave"],"picked":"Armaments","floor":1},{"not_picked":["Carnage","Intimidate","Twin Strike"],"picked":"SKIP","floor":3},{"not_picked":["Iron Wave","Shockwave"],"picked":"Perfected Strike","floor":4},{"not_picked":["Limit Break","Clash"],"picked":"Infernal Blade","floor":5},{"not_picked":["Carnage","Headbutt"],"picked":"Ghostly Armor","floor":6},{"not_picked":["Thunderclap","Clothesline"],"picked":"Flex","floor":11},{"not_picked":["Twin Strike","Impervious"],"picked":"Heavy Blade","floor":13},{"not_picked":["Ragnarok","Reboot"],"picked":"Transmutation","floor":16},{"not_picked":["Coolheaded","PathToVictory"],"picked":"Auto Shields","floor":18},{"not_picked":["Armaments+1","Night Terror","Streamline"],"picked":"SKIP","floor":19},{"not_picked":["Collect+1","Pommel Strike"],"picked":"Forethought","floor":23}],"player_experience":15481,"relics_obtained":[{"floor":6,"key":"MawBank"},{"floor":9,"key":"White Beast Statue"},{"floor":17,"key":"Strawberry"},{"floor":17,"key":"Mummified Hand"},{"floor":17,"key":"Champion Belt"},{"floor":22,"key":"Boot"},{"floor":23,"key":"Omamori"}],"event_choices":[{"damage_healed":0,"gold_gain":0,"player_choice":"Upgraded","damage_taken":0,"max_hp_gain":0,"max_hp_loss":0,"event_name":"Upgrade Shrine","floor":2,"gold_loss":0,"cards_upgraded":["Armaments"]},{"damage_healed":0,"gold_gain":0,"player_choice":"Entered Light","damage_taken":16,"max_hp_gain":0,"max_hp_loss":0,"event_name":"Shining Light","floor":7,"gold_loss":0,"cards_upgraded":["Defend_R","Strike_R"]},{"damage_healed":0,"gold_gain":0,"player_choice":"Grow","damage_taken":0,"max_hp_gain":0,"max_hp_loss":0,"event_name":"Living Wall","floor":12,"gold_loss":0,"cards_upgraded":["Perfected Strike"]},{"damage_healed":0,"gold_gain":99,"player_choice":"Stole From Cult","damage_taken":0,"max_hp_gain":0,"max_hp_loss":0,"event_name":"Nest","floor":20,"gold_loss":0},{"damage_healed":0,"gold_gain":0,"player_choice":"Obtained Relic","damage_taken":0,"relics_obtained":["TungstenRod"],"max_hp_gain":0,"max_hp_loss":0,"event_name":"Addict","floor":21,"gold_loss":85}],"is_beta":false,"boss_relics":[{"not_picked":["Runic Dome","Mark of Pain"],"picked":"Calling Bell"}],"items_purged_floors":[14,24],"is_endless":false,"potions_floor_spawned":[3,4,11,13,16,18,19,23],"killed_by":"Centurion and Healer","ascension_level":1}}