{"host":"9upmmxurwkb1bpyr","time":1607887888,"event":{"mods":["2.2 Compatiblity","AchievementEnabler","BaseMod","Beaked The Cultist","CatGirl Mod","Colored Powertips","Custom Start","Downfall","Gremlin Mod","Hermit","Highlight Path","Infinite Spire","Jorbs\u0027s Wanderer Trilogy","Minty Spire (QoL Compilation)","Quick Restart","Replay The Spire","StSLib","Td1madao Mod","The Alterego","The Animator","The Bug Knight","The Cursed","The Hierophant","The Judge","The Runesmith","The Servant 0.9.4","TheSwordswoman","Yuri Mod"],"gold_per_floor":[109,122,122,135,151,151,151],"floor_reached":6,"playtime":430,"items_purged":[],"score":44,"play_id":"d25f550d-e457-4a80-9623-d0c71c9ef695","local_time":"20201213143128","is_ascension_mode":true,"campfire_choices":[],"circlet_count":0,"master_deck":["Gremlin:Strike","Gremlin:Strike","Gremlin:Strike","Gremlin:Strike","Gremlin:Defend","Gremlin:Defend","Gremlin:Defend","Gremlin:Defend","Gremlin:TagTeam+1","Gremlin:GremlinDance","Gremlin:PourSalt","Gremlin:DaggerDance","Gremlin:Patsy"],"relics":["Gremlin:GremlinKnob"],"acts_visited":["Exordium"],"potions_floor_usage":[6],"damage_taken":[{"damage":1,"enemies":"Cultist","floor":1,"turns":4},{"damage":8,"enemies":"Small Slimes","floor":2,"turns":2},{"damage":1,"enemies":"2 Louse","floor":4,"turns":2},{"damage":6,"enemies":"Blue Slaver","floor":5,"turns":4},{"damage":15,"enemies":"3 Sentries","floor":6,"turns":4}],"seed_played":"-5943623242712728126","potions_obtained":[{"floor":2,"key":"champ:CounterPotion"},{"floor":4,"key":"PowerPotion"}],"is_trial":false,"path_per_floor":["M","M","T","M","M","E"],"character_chosen":"GREMLIN","items_purchased":[],"campfire_rested":0,"item_purchase_floors":[],"current_hp_per_floor":[20,20,20,20,17,17,17],"gold":151,"neow_bonus":"UPGRADE_CARD","is_daily":false,"chose_seed":false,"campfire_upgraded":0,"win_rate":0.0,"timestamp":1607887888,"path_taken":["M","M","?","M","M","E"],"items_purchased_type":[],"build_version":"2020-11-30","purchased_purges":0,"victory":false,"max_hp_per_floor":[20,20,20,20,20,20,20],"card_choices":[{"not_picked":["Gremlin:Mockery","Gremlin:ToeStub"],"picked":"Gremlin:PourSalt","floor":1},{"not_picked":["Gremlin:Pretaliation","Gremlin:ShowOfHands"],"picked":"Gremlin:DaggerDance","floor":2},{"not_picked":["Gremlin:TwistTheKnife","Gremlin:EdibleArmor"],"picked":"Gremlin:Patsy","floor":4},{"not_picked":["Gremlin:TwistTheKnife","Gremlin:CatScratch","Gremlin:GremlinArms"],"picked":"SKIP","floor":5}],"player_experience":966456,"relics_obtained":[],"event_choices":[],"is_beta":false,"boss_relics":[],"items_purged_floors":[],"is_endless":false,"potions_floor_spawned":[2,4],"killed_by":"3 Sentries","ascension_level":3}}