{"host":"msmkw03x1o7nq45i","time":1607846569,"event":{"mods":["AchievementEnabler","BaseMod","Bestiary","Colored Powertips","GifTheSpireLib","Highlight Path","Minty Spire (QoL Compilation)","Random Character Button","StSLib","everything is the same but u backflip on backflip"],"gold_per_floor":[113,113,124,124,26,26,62,62,62,105,131,131,154,166,166,280,307,327,349,349,358,386,386,425,425,425,425,425,442,455,491,491,604,604,633,633,533,555,581,614,614,637,637,58,58,58,94,117,117,117],"floor_reached":51,"playtime":4127,"items_purged":["Pain","Strike_P"],"score":1195,"play_id":"4af5d976-cfc3-4774-a5aa-fa06223cdcdf","local_time":"20201213100249","is_ascension_mode":true,"campfire_choices":[{"data":"Eruption","floor":6,"key":"SMITH"},{"data":"CrushJoints","floor":8,"key":"SMITH"},{"data":"EmptyFist","floor":15,"key":"SMITH"},{"floor":23,"key":"REST"},{"data":"Consecrate","floor":25,"key":"SMITH"},{"data":"WheelKick","floor":28,"key":"SMITH"},{"floor":32,"key":"REST"},{"floor":41,"key":"REST"},{"floor":49,"key":"REST"}],"circlet_count":0,"master_deck":["AscendersBane","Strike_P","Defend_P","Defend_P","Defend_P","Eruption+1","Vigilance","CutThroughFate","Wallop+1","CrushJoints+1","Evaluate","Vengeance","EmptyFist+1","Omniscience","Omniscience+1","CrushJoints+1","CrushJoints+1","EmptyMind+1","FearNoEvil","Necronomicurse","WheelKick+1","Consecrate+1","Protect","ConjureBlade","TalkToTheHand+1","Wireheading","BowlingBash+1","Halt","FlurryOfBlows","Secret Weapon","Deep Breath","Study+1","Tantrum+1"],"relics":["PureWater","NeowsBlessing","WarpedTongs","Potion Belt","CeramicFish","TeardropLocket","Ginger","Happy Flower","Astrolabe","Necronomicon","Bronze Scales","Ice Cream","Omamori","Sozu","Nunchaku","Regal Pillow","Sundial","Toxic Egg 2"],"acts_visited":["Exordium","TheCity","TheBeyond"],"potions_floor_usage":[10,16,19,31,50],"damage_taken":[{"damage":0,"enemies":"Small Slimes","floor":1,"turns":1},{"damage":1,"enemies":"Cultist","floor":3,"turns":1},{"damage":3,"enemies":"3 Sentries","floor":7,"turns":2},{"damage":10,"enemies":"Lagavulin","floor":10,"turns":6},{"damage":2,"enemies":"Jaw Worm","floor":11,"turns":3},{"damage":7,"enemies":"Blue Slaver","floor":13,"turns":3},{"damage":15,"enemies":"Lots of Slimes","floor":14,"turns":2},{"damage":10,"enemies":"Slime Boss","floor":16,"turns":6},{"damage":22,"enemies":"2 Thieves","floor":18,"turns":2},{"damage":15,"enemies":"3 Byrds","floor":19,"turns":4},{"damage":1,"enemies":"3 Cultists","floor":22,"turns":2},{"damage":21,"enemies":"Book of Stabbing","floor":24,"turns":5},{"damage":16,"enemies":"Centurion and Healer","floor":29,"turns":3},{"damage":4,"enemies":"Snecko","floor":30,"turns":2},{"damage":24,"enemies":"Slavers","floor":31,"turns":4},{"damage":5,"enemies":"Champ","floor":33,"turns":7},{"damage":4,"enemies":"3 Shapes","floor":35,"turns":4},{"damage":0,"enemies":"3 Darklings","floor":38,"turns":2},{"damage":16,"enemies":"Jaw Worm Horde","floor":39,"turns":3},{"damage":22,"enemies":"Reptomancer","floor":40,"turns":3},{"damage":0,"enemies":"Maw","floor":42,"turns":4},{"damage":36,"enemies":"Nemesis","floor":47,"turns":7},{"damage":0,"enemies":"3 Darklings","floor":48,"turns":1},{"damage":33,"enemies":"Donu and Deca","floor":50,"turns":7}],"seed_played":"-7933166995317693454","potions_obtained":[{"floor":1,"key":"Fire Potion"},{"floor":7,"key":"PowerPotion"},{"floor":10,"key":"DistilledChaos"},{"floor":11,"key":"FairyPotion"},{"floor":29,"key":"Strength Potion"},{"floor":33,"key":"LiquidMemories"}],"is_trial":false,"path_per_floor":["M","?","M","?","?","R","E","R","T","E","M","?","M","M","R","B",null,"M","M","?","?","M","R","E","R","T","?","R","M","M","E","R","B",null,"M","?","$","M","M","E","R","M","T","$","?","$","E","M","R","B",null],"character_chosen":"WATCHER","items_purchased":["Wireheading","Secret Weapon","Deep Breath","Sundial"],"campfire_rested":4,"item_purchase_floors":[37,44,44,44],"current_hp_per_floor":[65,65,64,61,61,61,58,58,58,48,46,46,39,24,24,14,58,36,21,21,5,4,25,4,4,4,28,28,12,8,12,33,28,61,57,57,57,57,41,19,40,40,40,40,72,72,36,36,72,39],"gold":117,"neow_bonus":"THREE_ENEMY_KILL","is_daily":false,"chose_seed":false,"campfire_upgraded":5,"win_rate":0.0,"timestamp":1607846569,"path_taken":["M","?","?","?","?","R","E","R","T","E","?","?","M","?","R","BOSS","M","M","?","?","M","R","E","R","T","?","R","?","M","E","R","BOSS","M","?","$","M","M","E","R","M","T","$","?","?","E","?","R","BOSS"],"items_purchased_type":["Card","Card","Card","Relic"],"build_version":"2020-11-30","purchased_purges":2,"victory":true,"max_hp_per_floor":[72,72,72,72,72,72,72,72,72,72,72,72,72,72,72,72,72,72,72,72,72,72,72,72,72,72,72,72,72,72,72,72,72,72,72,72,72,72,72,72,72,72,72,72,72,72,72,72,72,72],"card_choices":[{"not_picked":["Fasting2","Evaluate"],"picked":"CutThroughFate","floor":1},{"not_picked":["SignatureMove","PathToVictory"],"picked":"Wallop","floor":3},{"not_picked":["Prostrate","SignatureMove"],"picked":"CrushJoints","floor":7},{"not_picked":["Perseverance","Crescendo"],"picked":"Evaluate","floor":10},{"not_picked":["CrushJoints","FlyingSleeves"],"picked":"Vengeance","floor":11},{"not_picked":["Nirvana","ThirdEye"],"picked":"EmptyFist","floor":13},{"not_picked":["Prostrate","PathToVictory","BattleHymn"],"picked":"SKIP","floor":14},{"not_picked":["Establishment","Wish"],"picked":"Omniscience","floor":16},{"not_picked":["Evaluate","SashWhip"],"picked":"EmptyMind+1","floor":18},{"not_picked":["Vengeance+1","Nirvana"],"picked":"FearNoEvil","floor":19},{"not_picked":["BattleHymn+1","MentalFortress"],"picked":"WheelKick","floor":22},{"not_picked":["Protect","Evaluate"],"picked":"Consecrate","floor":24},{"not_picked":["Evaluate","EmptyBody+1","Weave"],"picked":"SKIP","floor":29},{"not_picked":["FollowUp","Prostrate","JustLucky+1"],"picked":"SKIP","floor":30},{"not_picked":["Alpha","Crescendo"],"picked":"Protect","floor":31},{"not_picked":["Alpha","Devotion"],"picked":"ConjureBlade","floor":33},{"not_picked":["FlurryOfBlows","JustLucky+1"],"picked":"TalkToTheHand+1","floor":35},{"not_picked":["CarveReality+1","Collect"],"picked":"BowlingBash+1","floor":38},{"not_picked":["EmptyFist","JustLucky+1"],"picked":"Halt","floor":39},{"not_picked":["Crescendo","ThirdEye","PathToVictory+1"],"picked":"SKIP","floor":40},{"not_picked":["Prostrate+1","FollowUp"],"picked":"FlurryOfBlows","floor":42},{"not_picked":["EmptyFist+1","ClearTheMind+1"],"picked":"Study+1","floor":47},{"not_picked":["EmptyBody+1","FollowUp+1"],"picked":"Tantrum+1","floor":48}],"player_experience":279515,"relics_obtained":[{"floor":7,"key":"TeardropLocket"},{"floor":9,"key":"Ginger"},{"floor":10,"key":"Happy Flower"},{"floor":21,"key":"Necronomicon"},{"floor":24,"key":"Bronze Scales"},{"floor":26,"key":"Ice Cream"},{"floor":31,"key":"Omamori"},{"floor":40,"key":"Nunchaku"},{"floor":43,"key":"Regal Pillow"},{"floor":47,"key":"Toxic Egg 2"}],"event_choices":[{"damage_healed":0,"gold_gain":0,"player_choice":"Rummage","damage_taken":0,"relics_obtained":["WarpedTongs"],"max_hp_gain":0,"max_hp_loss":0,"event_name":"Accursed Blacksmith","floor":2,"gold_loss":0,"cards_obtained":["Pain"]},{"damage_healed":0,"gold_gain":0,"player_choice":"Success","damage_taken":3,"relics_obtained":["Potion Belt"],"max_hp_gain":0,"max_hp_loss":0,"event_name":"Scrap Ooze","floor":4,"gold_loss":0},{"damage_healed":0,"gold_gain":0,"player_choice":"Paid Gold","damage_taken":0,"relics_obtained":["CeramicFish"],"max_hp_gain":0,"max_hp_loss":0,"event_name":"WeMeetAgain","floor":5,"gold_loss":98},{"damage_healed":0,"gold_gain":0,"player_choice":"Upgraded","damage_taken":0,"max_hp_gain":0,"max_hp_loss":0,"event_name":"Upgrade Shrine","floor":12,"gold_loss":0,"cards_upgraded":["Wallop"]},{"damage_healed":0,"gold_gain":0,"player_choice":"Ignored","damage_taken":0,"max_hp_gain":0,"max_hp_loss":0,"event_name":"Vampires","floor":20,"gold_loss":0},{"damage_healed":0,"gold_gain":0,"player_choice":"Obtained Book","damage_taken":16,"max_hp_gain":0,"max_hp_loss":0,"event_name":"Cursed Tome","floor":21,"gold_loss":0},{"damage_healed":24,"gold_gain":0,"player_choice":"Heal","damage_taken":0,"max_hp_gain":0,"max_hp_loss":0,"event_name":"The Library","floor":27,"gold_loss":0},{"damage_healed":0,"gold_gain":0,"player_choice":"Ignored","damage_taken":0,"max_hp_gain":0,"max_hp_loss":0,"event_name":"Tomb of Lord Red Mask","floor":36,"gold_loss":0},{"damage_healed":32,"gold_gain":0,"player_choice":"Heal","damage_taken":0,"max_hp_gain":0,"max_hp_loss":0,"event_name":"MindBloom","floor":45,"gold_loss":0,"cards_obtained":["Doubt"]}],"is_beta":false,"boss_relics":[{"not_picked":["Black Star","Runic Dome"],"picked":"Astrolabe"},{"not_picked":["Coffee Dripper","Calling Bell"],"picked":"Sozu"}],"items_purged_floors":[37,44],"is_endless":false,"potions_floor_spawned":[1,7,10,11,29,33,35,38,40],"ascension_level":10}}