{"host":"imzpmvgmiwu2pn30","time":1607892883,"event":{"mods":["BaseMod","Better Third Choice","Colored Powertips","Minty Spire (QoL Compilation)","Relic Stats","StSLib"],"gold_per_floor":[110,110,127,140,152,152,177,187,187,187,141,141,64,64,64,163,163,182,201,416,61,88,88,88,88,88,88,121,131,5,16,16,119,169,181,17,17,35,35,35,35,55,78,78,89,100,115,2,2,2],"floor_reached":51,"playtime":4065,"items_purged":["Regret","Writhe"],"score":640,"play_id":"bfb12659-aea6-478b-a662-0fa96ad3c252","local_time":"20201213185443","is_ascension_mode":false,"campfire_choices":[{"data":"Vigilance","floor":6.0,"key":"SMITH"},{"floor":10.0,"key":"REST"},{"data":"ForeignInfluence","floor":12.0,"key":"SMITH"},{"data":"ReachHeaven","floor":15.0,"key":"SMITH"},{"data":"ClearTheMind","floor":23.0,"key":"SMITH"},{"data":"Eruption","floor":25.0,"key":"SMITH"},{"data":"EmptyFist","floor":27.0,"key":"SMITH"},{"floor":32.0,"key":"REST"},{"data":"Devotion","floor":40,"key":"SMITH"},{"data":"Prostrate","floor":44,"key":"SMITH"},{"floor":49,"key":"REST"}],"circlet_count":0,"master_deck":["Strike_P","Strike_P","Strike_P","Strike_P","Defend_P","Defend_P","Defend_P","Defend_P","Eruption+1","Vigilance+1","EmptyBody","Conclude","EmptyFist","ClearTheMind+1","ForeignInfluence+1","EmptyFist+1","ReachHeaven+1","Ragnarok","CurseOfTheBell","ThirdEye+1","Prostrate+1","Perseverance","Pray+1","ClearTheMind","Devotion+1","EmptyFist+1","ForeignInfluence+1","CrushJoints","SashWhip+1","Discovery","Prostrate+1","FollowUp+1","FlyingSleeves+1","LikeWater"],"relics":["PureWater","Smiling Mask","HornCleat","StoneCalendar","Pear","Calling Bell","Oddly Smooth Stone","InkBottle","Dead Branch","Old Coin","Lizard Tail","Bag of Marbles","Mercury Hourglass","Peace Pipe","Tiny House","Membership Card","Art of War"],"acts_visited":[],"potions_floor_usage":[38,38,50,50,50],"damage_taken":[{"damage":0.0,"enemies":"Small Slimes","floor":1.0,"turns":2.0},{"damage":12.0,"enemies":"Cultist","floor":3.0,"turns":3.0},{"damage":4.0,"enemies":"Jaw Worm","floor":4.0,"turns":5.0},{"damage":0.0,"enemies":"Exordium Thugs","floor":5.0,"turns":2.0},{"damage":12.0,"enemies":"Lagavulin","floor":7.0,"turns":5.0},{"damage":1.0,"enemies":"Exordium Wildlife","floor":8.0,"turns":3.0},{"damage":24.0,"enemies":"Hexaghost","floor":16.0,"turns":7.0},{"damage":20.0,"enemies":"2 Thieves","floor":18.0,"turns":3.0},{"damage":3.0,"enemies":"Shell Parasite","floor":19.0,"turns":4.0},{"damage":11.0,"enemies":"Slavers","floor":28.0,"turns":3.0},{"damage":11.0,"enemies":"Snake Plant","floor":29.0,"turns":2.0},{"damage":0.0,"enemies":"Cultist and Chosen","floor":31.0,"turns":2.0},{"damage":37.0,"enemies":"Automaton","floor":33.0,"turns":8.0},{"damage":16.0,"enemies":"3 Shapes","floor":35.0,"turns":2.0},{"damage":4,"enemies":"3 Darklings","floor":38,"turns":5},{"damage":21,"enemies":"Maw","floor":42,"turns":6},{"damage":0,"enemies":"Sphere and 2 Shapes","floor":45,"turns":4},{"damage":30,"enemies":"Jaw Worm Horde","floor":46,"turns":4},{"damage":16,"enemies":"4 Shapes","floor":47,"turns":2},{"damage":47,"enemies":"Donu and Deca","floor":50,"turns":10}],"seed_played":"-5793933066387252103","potions_obtained":[{"floor":3.0,"key":"Ancient Potion"},{"floor":5.0,"key":"FearPotion"},{"floor":7.0,"key":"Ambrosia"},{"floor":8.0,"key":"BottledMiracle"},{"floor":18.0,"key":"Block Potion"},{"floor":19.0,"key":"LiquidBronze"},{"floor":34.0,"key":"Fruit Juice"},{"floor":35.0,"key":"SkillPotion"},{"floor":46,"key":"Explosive Potion"},{"floor":47,"key":"SkillPotion"}],"is_trial":false,"path_per_floor":["M","?","M","M","M","R","E","M","T","R","$","R","$","?","R","B",null,"M","M","?","$","T","R","$","R","T","R","E","M","$","M","R","B",null,"M","$","?","M","?","R","?","M","T","R","M","M","M","$","R","B",null],"character_chosen":"WATCHER","items_purchased":["EmptyFist","ReachHeaven","Lizard Tail","PowerPotion","ClearTheMind","Strength Potion","Membership Card","CrushJoints","BottledMiracle","LikeWater"],"campfire_rested":3,"item_purchase_floors":[11,13,21,30,30,30,36,36,48,48],"current_hp_per_floor":[72,72,60,56,56,56,44,43,43,64,64,64,64,74,74,50,82,62,59,59,59,59,59,59,59,59,59,48,37,37,37,61,24,87,71,71,71,72,72,72,92,71,71,71,71,41,25,25,52,5],"gold":2,"neow_bonus":"RANDOM_COMMON_RELIC","is_daily":false,"chose_seed":false,"campfire_upgraded":8,"win_rate":0.0,"timestamp":1607892883,"path_taken":["M","?","M","M","M","R","E","?","T","R","$","R","?","?","R","BOSS","M","M","?","?","?","R","$","R","T","R","E","?","$","M","R","BOSS","M","$","?","M","?","R","?","M","T","R","?","M","M","$","R","BOSS"],"items_purchased_type":["Card","Card","Relic","Potion","Card","Potion","Relic","Card","Potion","Card"],"build_version":"2020-11-30","purchased_purges":2,"victory":true,"max_hp_per_floor":[72,72,72,72,72,72,72,72,72,72,72,72,72,82,82,82,82,82,82,82,82,82,82,82,82,82,82,82,82,82,82,82,82,87,87,87,87,92,92,92,92,92,92,92,92,92,92,92,92,92],"relic_stats":{"Peace Pipe":0,"Lizard Tail":0,"counters":[20,82],"Dead Branch":[74],"StoneCalendar":[146],"Art of War":[1],"Smiling Mask":25,"obtain_stats":[{"Pear":14,"Tiny House":34,"Dead Branch":17,"Oddly Smooth Stone":17,"StoneCalendar":9,"Smiling Mask":0,"Old Coin":20,"Mercury Hourglass":26,"Calling Bell":17,"Peace Pipe":28,"Lizard Tail":21,"HornCleat":7,"Bag of Marbles":22,"Art of War":43,"Membership Card":36,"PureWater":0,"InkBottle":17},{"Pear":6,"Tiny House":13,"Dead Branch":7,"Oddly Smooth Stone":7,"StoneCalendar":6,"Smiling Mask":0,"Old Coin":9,"Mercury Hourglass":9,"Calling Bell":7,"Peace Pipe":10,"Lizard Tail":9,"HornCleat":5,"Bag of Marbles":9,"Art of War":16,"Membership Card":14,"PureWater":0,"InkBottle":7},{"Pear":20,"Tiny House":49,"Dead Branch":27,"Oddly Smooth Stone":27,"StoneCalendar":20,"Smiling Mask":0,"Old Coin":34,"Mercury Hourglass":34,"Calling Bell":27,"Peace Pipe":37,"Lizard Tail":34,"HornCleat":17,"Bag of Marbles":34,"Art of War":62,"Membership Card":51,"PureWater":0,"InkBottle":27}],"InkBottle":[27],"Mercury Hourglass":[215]},"card_choices":[{"not_picked":["Halt","FlurryOfBlows"],"picked":"EmptyBody","floor":1.0},{"not_picked":["PathToVictory","FlyingSleeves","SpiritShield"],"picked":"SKIP","floor":3.0},{"not_picked":["Protect","WaveOfTheHand"],"picked":"Conclude","floor":4.0},{"not_picked":["CutThroughFate","PathToVictory"],"picked":"EmptyFist","floor":5.0},{"not_picked":["SignatureMove","Wireheading"],"picked":"ClearTheMind","floor":7.0},{"not_picked":["Evaluate","Crescendo"],"picked":"ForeignInfluence","floor":8.0},{"not_picked":["ConjureBlade","Blasphemy"],"picked":"Ragnarok","floor":16.0},{"not_picked":["PathToVictory","Halt"],"picked":"ThirdEye+1","floor":18.0},{"not_picked":["BowlingBash","Consecrate"],"picked":"Prostrate","floor":19.0},{"not_picked":["CarveReality","MentalFortress"],"picked":"Perseverance","floor":28.0},{"not_picked":["BowlingBash","FlurryOfBlows"],"picked":"Pray+1","floor":29.0},{"not_picked":["CrushJoints","Scrawl"],"picked":"Protect","floor":31.0},{"not_picked":["Judgement","Omniscience"],"picked":"Devotion","floor":33.0},{"not_picked":["Evaluate","FollowUp"],"picked":"EmptyFist+1","floor":34.0},{"not_picked":["CrushJoints","FlyingSleeves"],"picked":"ForeignInfluence+1","floor":35.0},{"not_picked":["CutThroughFate+1","Halt+1"],"picked":"SashWhip+1","floor":38},{"not_picked":["Secret Weapon","Chrysalis"],"picked":"Discovery","floor":39},{"not_picked":["Wireheading","WheelKick"],"picked":"Prostrate","floor":42},{"not_picked":["FlyingSleeves+1","EmptyBody","FollowUp"],"picked":"SKIP","floor":45},{"not_picked":["EmptyFist+1","ClearTheMind"],"picked":"FollowUp+1","floor":46},{"not_picked":["PathToVictory","WaveOfTheHand"],"picked":"FlyingSleeves+1","floor":47}],"player_experience":392375,"relics_obtained":[{"floor":7.0,"key":"HornCleat"},{"floor":9.0,"key":"StoneCalendar"},{"floor":17.0,"key":"Oddly Smooth Stone"},{"floor":17.0,"key":"InkBottle"},{"floor":17.0,"key":"Dead Branch"},{"floor":22.0,"key":"Bag of Marbles"},{"floor":26.0,"key":"Mercury Hourglass"},{"floor":28.0,"key":"Peace Pipe"},{"floor":43,"key":"Art of War"}],"event_choices":[{"damage_healed":0.0,"max_hp_gain":0.0,"max_hp_loss":0.0,"gold_gain":0.0,"event_name":"Purifier","player_choice":"Ignored","floor":2.0,"gold_loss":0.0,"damage_taken":0.0},{"damage_healed":0.0,"max_hp_gain":0.0,"max_hp_loss":0.0,"gold_gain":0.0,"event_name":"Big Fish","player_choice":"Box","floor":14.0,"gold_loss":0.0,"damage_taken":0.0,"relics_obtained":["Pear"],"cards_obtained":["Regret"]},{"damage_healed":0.0,"max_hp_gain":0.0,"max_hp_loss":0.0,"gold_gain":0.0,"event_name":"Addict","player_choice":"Obtained Relic","floor":20.0,"gold_loss":85.0,"damage_taken":0.0,"relics_obtained":["Old Coin"]},{"cards_removed":["Protect"],"damage_healed":0,"gold_gain":0,"player_choice":"Removed Skill","damage_taken":0,"max_hp_gain":0,"max_hp_loss":0,"event_name":"Falling","floor":37,"gold_loss":0},{"damage_healed":0,"gold_gain":0,"player_choice":"Memory 1","damage_taken":0,"max_hp_gain":0,"max_hp_loss":0,"event_name":"SensoryStone","floor":39,"gold_loss":0},{"damage_healed":23,"gold_gain":0,"player_choice":"Writhe","damage_taken":0,"max_hp_gain":0,"max_hp_loss":0,"event_name":"Winding Halls","floor":41,"gold_loss":0,"cards_obtained":["Writhe"]}],"is_beta":false,"boss_relics":[{"not_picked":["Busted Crown","Coffee Dripper"],"picked":"Calling Bell"},{"not_picked":["Astrolabe","Runic Pyramid"],"picked":"Tiny House"}],"items_purged_floors":[21,48],"is_endless":false,"potions_floor_spawned":[3,5,7,8,18,19,35,46,47],"ascension_level":0}}