{"host":"8fd4hymsqydhyymv","time":1607857494,"event":{"mods":["BaseMod","Become a monster ???","Bestiary","Better Altar","Better Match","Better Note","Better Sensory Stone","Better Skull","Better Third Choice","Block Reminder","Clockwork Mod","Colored Powertips","Custom Start","DeckTracker","Downfall","Infinite Spire","Lobotomy","Minty Spire (QoL Compilation)","Quick Restart","Rare Cards Sparkle","Shop Mod","StSLib","Swap Starting Deck Mod","Thieving Mod","Uncapped","Unceasing Turn Reminder","everything is the same but u backflip on backflip"],"gold_per_floor":[119,134,149,159,179,179,179,189,189,189,208,55,55,75,75,179,179,189,295,295,309,320,350,367,367,367,367,336,336,356,356,356,451,451,463,463,463,481,481,481,481,481],"floor_reached":41,"playtime":1401,"items_purged":[],"score":480,"play_id":"9a09b66f-0c5a-4f55-b205-e1c1b6892445","local_time":"20201213160454","is_ascension_mode":false,"campfire_choices":[{"data":"Venomology","floor":6,"key":"SMITH"},{"data":"Deadly Poison","floor":10,"key":"SMITH"},{"data":"Poisoned Stab","floor":13,"key":"SMITH"},{"floor":15,"key":"REST"},{"data":"Corpse Explosion","floor":25,"key":"SMITH"},{"data":"infinitespire:Collect","floor":27,"key":"SMITH"},{"data":"Catalyst","floor":29,"key":"SMITH"},{"data":"Poisoned Stab","floor":32,"key":"SMITH"},{"data":"Venomology","floor":40,"key":"SMITH"}],"circlet_count":0,"master_deck":["Poisoned Stab","Poisoned Stab+1","Poisoned Stab+1","Poisoned Stab+1","Deflect","Deflect","Deflect","Deflect","Deadly Poison+1","Venomology+1","Deflect","Corpse Explosion+1","CurseOfTheBell","Bane+1","infinitespire:Collect+1","Poisoned Stab+1","Catalyst+1","Venomology+1","Panache","Deadly Poison"],"relics":["Ring of the Snake","MerchantsRug","Juzu Bracelet","Meat on the Bone","Ice Cream","Ancient Tea Set","StoneCalendar","Pear","Cauldron","infinitespire:Lucky Rock","SlaversCollar"],"acts_visited":["Exordium","TheCity","TheBeyond"],"potions_floor_usage":[8,11,14,16,16,16,18,18,23,24,28,33,33,33,35,38,38,41],"damage_taken":[{"damage":0,"enemies":"Cultist","floor":1,"turns":2},{"damage":7,"enemies":"Jaw Worm","floor":2,"turns":3},{"damage":0,"enemies":"2 Louse","floor":3,"turns":2},{"damage":0,"enemies":"2 Fungi Beasts","floor":4,"turns":2},{"damage":4,"enemies":"Blue Slaver","floor":5,"turns":2},{"damage":1,"enemies":"3 Louse","floor":8,"turns":3},{"damage":0,"enemies":"2 Fungi Beasts","floor":11,"turns":2},{"damage":0,"enemies":"Large Slime","floor":14,"turns":4},{"damage":4,"enemies":"The Guardian","floor":16,"turns":6},{"damage":10,"enemies":"Shell Parasite","floor":18,"turns":4},{"damage":2,"enemies":"Spheric Guardian","floor":21,"turns":3},{"damage":32,"enemies":"Shelled Parasite and Fungi","floor":22,"turns":5},{"damage":0,"enemies":"Gremlin Leader","floor":23,"turns":5},{"damage":0,"enemies":"Snake Plant","floor":24,"turns":2},{"damage":0,"enemies":"Centurion and Healer","floor":30,"turns":2},{"damage":19,"enemies":"Automaton","floor":33,"turns":6},{"damage":0,"enemies":"3 Darklings","floor":35,"turns":2},{"damage":10,"enemies":"Orb Walker","floor":38,"turns":3},{"damage":35,"enemies":"Sphere and 2 Shapes","floor":41,"turns":4}],"seed_played":"-3255908523611653460","potions_obtained":[{"floor":4,"key":"SpeedPotion"},{"floor":16,"key":"DuplicationPotion"},{"floor":18,"key":"Explosive Potion"},{"floor":24,"key":"LiquidMemories"},{"floor":28,"key":"Explosive Potion"},{"floor":28,"key":"EntropicBrew"},{"floor":28,"key":"SneckoOil"},{"floor":30,"key":"SkillPotion"},{"floor":38,"key":"DuplicationPotion"}],"is_trial":false,"path_per_floor":["M","M","M","M","M","R","?","M","T","R","M","$","R","M","R","B",null,"M","?","AVR","M","M","E","M","R","T","R","$","R","M","?","R","B",null,"M","?","?","M","?","R","M"],"character_chosen":"THE_SILENT","items_purchased":["MerchantsRug","Cauldron","Catalyst","infinitespire:Lucky Rock"],"campfire_rested":1,"item_purchase_floors":[12,28,28,28],"current_hp_per_floor":[35,28,28,28,24,24,24,23,23,23,23,23,23,23,44,40,70,60,17,17,27,33,45,45,45,55,55,55,55,55,55,55,48,80,80,80,80,70,70,70,35,35],"gold":481,"neow_bonus":"","is_daily":false,"chose_seed":false,"campfire_upgraded":8,"win_rate":0.0,"timestamp":1607857494,"path_taken":["M","M","?","M","M","R","?","M","T","R","M","?","R","M","R","BOSS","M","?","AVR","M","M","E","M","R","T","R","$","R","M","?","R","BOSS","M","?","?","M","?","R","M"],"items_purchased_type":["Relic","Relic","Card","Relic"],"build_version":"2020-11-30","purchased_purges":0,"victory":false,"max_hp_per_floor":[70,70,70,70,70,70,70,70,70,70,70,70,70,70,70,70,70,70,70,70,70,70,70,70,70,80,80,80,80,80,80,80,80,80,80,80,80,80,80,80,80,80],"card_choices":[{"not_picked":["Backflip","Finisher"],"picked":"Deflect","floor":1},{"not_picked":["Heel Hook","Accuracy","Backflip"],"picked":"SKIP","floor":2},{"not_picked":["PiercingWail","Outmaneuver","Prepared"],"picked":"SKIP","floor":3},{"not_picked":["Quick Slash","Deflect","Finisher"],"picked":"SKIP","floor":4},{"not_picked":["Concentrate","Outmaneuver","Flying Knee"],"picked":"SKIP","floor":5},{"not_picked":["PiercingWail","Expertise","Slice"],"picked":"SKIP","floor":8},{"not_picked":["Sucker Punch","Deflect","Dagger Spray"],"picked":"SKIP","floor":11},{"not_picked":["Concentrate","Backflip","Eviscerate"],"picked":"SKIP","floor":14},{"not_picked":["Grand Finale","Phantasmal Killer"],"picked":"Corpse Explosion","floor":16},{"not_picked":["Acrobatics","Backflip"],"picked":"Bane","floor":18},{"not_picked":["Deflect","Concentrate","Wraith Form v2"],"picked":"SKIP","floor":21},{"not_picked":["Eviscerate+1","Backstab","Blade Dance+1"],"picked":"SKIP","floor":22},{"not_picked":["Underhanded Strike","Outmaneuver","Well Laid Plans"],"picked":"SKIP","floor":23},{"not_picked":["Leg Sweep","Outmaneuver"],"picked":"Poisoned Stab","floor":24},{"not_picked":["Sucker Punch","Slice","Leg Sweep+1"],"picked":"SKIP","floor":30},{"not_picked":["Grand Finale","Storm of Steel"],"picked":"Venomology","floor":33},{"not_picked":["Poisoned Stab","Skewer+1","Acrobatics+1"],"picked":"SKIP","floor":35},{"not_picked":["expansioncontent:SuperHexaguard","Mind Blast"],"picked":"Panache","floor":36},{"not_picked":["Outmaneuver","Cloak And Dagger"],"picked":"Deadly Poison","floor":38}],"player_experience":133829,"relics_obtained":[{"floor":9,"key":"infinitespire:Golems Mask"},{"floor":17,"key":"Juzu Bracelet"},{"floor":17,"key":"Meat on the Bone"},{"floor":17,"key":"Ice Cream"},{"floor":23,"key":"StoneCalendar"},{"floor":26,"key":"Pear"}],"event_choices":[{"damage_healed":0,"gold_gain":0,"player_choice":"Ignored","damage_taken":0,"max_hp_gain":0,"max_hp_loss":0,"event_name":"Transmorgrifier","floor":7,"gold_loss":0},{"damage_healed":0,"gold_gain":106,"player_choice":"UP UP GO RE ","damage_taken":50,"relics_obtained":["Ancient Tea Set"],"max_hp_gain":0,"max_hp_loss":0,"event_name":"betterSkull:BetterSkull","floor":19,"gold_loss":0,"cards_upgraded":["Bane","Poisoned Stab"]},{"damage_healed":0,"gold_gain":0,"player_choice":"Forge","damage_taken":0,"max_hp_gain":0,"max_hp_loss":0,"event_name":"Accursed Blacksmith","floor":31,"gold_loss":0,"cards_upgraded":["Poisoned Stab"]},{"damage_healed":0,"gold_gain":3,"player_choice":"1","damage_taken":0,"max_hp_gain":0,"max_hp_loss":0,"event_name":"betterStone:BetterStone","floor":36,"gold_loss":0},{"damage_healed":0,"gold_gain":0,"player_choice":"Ignored","damage_taken":0,"max_hp_gain":0,"max_hp_loss":0,"event_name":"Tomb of Lord Red Mask","floor":37,"gold_loss":0},{"damage_healed":0,"gold_gain":0,"player_choice":"Ignored","damage_taken":0,"max_hp_gain":0,"max_hp_loss":0,"event_name":"Mysterious Sphere","floor":39,"gold_loss":0}],"is_beta":false,"boss_relics":[{"not_picked":["Black Star","Runic Dome"],"picked":"Calling Bell"},{"not_picked":["Velvet Choker","Pandora\u0027s Box"],"picked":"SlaversCollar"}],"items_purged_floors":[],"is_endless":false,"potions_floor_spawned":[4,5,8,11,14,16,18,24,30,38],"killed_by":"Sphere and 2 Shapes","ascension_level":0}}