{"host":"kh6fvhxn285ncg0o","time":1607893479,"event":{"mods":["Act Like it!","BaseMod","Colored Map","Friendly Minions","Keyboard Shortcuts","Minty Spire (QoL Compilation)","Quick Restart","Relic Stats","StSLib","SuperFastMode"],"gold_per_floor":[362,362,127,144,163,163,182,182,229,256,256,2,20,20,20,92,92,103,103,103,113,163,189,189,221,244,258,268,288,25,41,41,115,115,130,5,22,41,60,60,94,111,134,160,177,224,238,256,256,256,256,256,256,22,52,52],"floor_reached":57,"playtime":3110,"items_purged":["Strike_R","Strike_R","Hemokinesis","Bash+1"],"score":3116,"play_id":"928c3129-c48b-4e2c-949a-87c2edf40c81","local_time":"20201214060439","is_ascension_mode":true,"campfire_choices":[{"data":"Combust","floor":6.0,"key":"SMITH"},{"data":"Bash","floor":11.0,"key":"SMITH"},{"data":"Deep Breath","floor":15.0,"key":"SMITH"},{"data":"Armaments","floor":24.0,"key":"SMITH"},{"floor":32.0,"key":"DIG"},{"data":"Burning Pact","floor":40.0,"key":"SMITH"},{"floor":49.0,"key":"RECALL"},{"data":"Feel No Pain","floor":53.0,"key":"SMITH"}],"circlet_count":0,"master_deck":["AscendersBane","Defend_R","Defend_R","Defend_R","Defend_R","Pommel Strike","Combust+1","Rage","Disarm","Power Through","Fiend Fire","Armaments+1","Deep Breath+1","Entrench+1","Battle Trance","Second Wind","Burning Pact+1","Feel No Pain+1","Offering","Immolate","Evolve+1","Body Slam","Dual Wield+1","Shrug It Off+1"],"relics":["Burning Blood","Bag of Preparation","Nunchaku","Strawberry","Orrery","Runic Dome","Shovel","Charon\u0027s Ashes","Pen Nib","Self Forming Clay","Black Star","Anchor","Regal Pillow","Darkstone Periapt","Toxic Egg 2","Dream Catcher","Akabeko","Happy Flower"],"acts_visited":["Exordium","TheCity","TheBeyond","TheEnding"],"potions_floor_usage":[55,56,56],"damage_taken":[{"damage":3.0,"enemies":"2 Louse","floor":1.0,"turns":4.0},{"damage":6.0,"enemies":"Cultist","floor":4.0,"turns":3.0},{"damage":10.0,"enemies":"Small Slimes","floor":5.0,"turns":3.0},{"damage":21.0,"enemies":"Exordium Thugs","floor":7.0,"turns":4.0},{"damage":21.0,"enemies":"3 Sentries","floor":10.0,"turns":6.0},{"damage":0.0,"enemies":"Looter","floor":13.0,"turns":2.0},{"damage":27.0,"enemies":"The Guardian","floor":16.0,"turns":14.0},{"damage":3.0,"enemies":"Chosen","floor":18.0,"turns":5.0},{"damage":8.0,"enemies":"Spheric Guardian","floor":21.0,"turns":4.0},{"damage":10.0,"enemies":"Book of Stabbing","floor":23.0,"turns":5.0},{"damage":40.0,"enemies":"Slavers","floor":25.0,"turns":8.0},{"damage":12.0,"enemies":"Shelled Parasite and Fungi","floor":27.0,"turns":4.0},{"damage":18.0,"enemies":"Snecko","floor":28.0,"turns":3.0},{"damage":4.0,"enemies":"Centurion and Healer","floor":29.0,"turns":3.0},{"damage":9.0,"enemies":"Snake Plant","floor":31.0,"turns":4.0},{"damage":18.0,"enemies":"Automaton","floor":33.0,"turns":8.0},{"damage":6.0,"enemies":"3 Darklings","floor":35.0,"turns":1.0},{"damage":6.0,"enemies":"3 Shapes","floor":37.0,"turns":1.0},{"damage":6.0,"enemies":"Writhing Mass","floor":38.0,"turns":3.0},{"damage":6.0,"enemies":"Spire Growth","floor":39.0,"turns":4.0},{"damage":6.0,"enemies":"Nemesis","floor":41.0,"turns":5.0},{"damage":7.0,"enemies":"Sphere and 2 Shapes","floor":42.0,"turns":4.0},{"damage":6.0,"enemies":"Reptomancer","floor":44.0,"turns":4.0},{"damage":6.0,"enemies":"Maw","floor":45.0,"turns":5.0},{"damage":24.0,"enemies":"Spire Growth","floor":47.0,"turns":4.0},{"damage":21.0,"enemies":"Transient","floor":48.0,"turns":6.0},{"damage":6.0,"enemies":"Awakened One","floor":50.0,"turns":11.0},{"damage":6.0,"enemies":"Donu and Deca","floor":51.0,"turns":5.0},{"damage":22,"enemies":"Shield and Spear","floor":55,"turns":4},{"damage":51,"enemies":"The Heart","floor":56,"turns":11}],"seed_played":"199224817892099836","potions_obtained":[{"floor":7.0,"key":"BloodPotion"},{"floor":10.0,"key":"SteroidPotion"},{"floor":13.0,"key":"ColorlessPotion"},{"floor":14.0,"key":"Regen Potion"},{"floor":16.0,"key":"SpeedPotion"},{"floor":25.0,"key":"SpeedPotion"},{"floor":29.0,"key":"Regen Potion"},{"floor":31.0,"key":"Strength Potion"},{"floor":38.0,"key":"Block Potion"},{"floor":39.0,"key":"GamblersBrew"},{"floor":41.0,"key":"FearPotion"},{"floor":45.0,"key":"ElixirPotion"},{"floor":55,"key":"FearPotion"}],"is_trial":false,"path_per_floor":["M","?","$","M","M","R","M","?","T","E","R","$","M","?","R","B",null,"M","?","?","M","?","E","R","E","T","M","M","M","$","M","R","B",null,"M","$","M","M","M","R","E","M","T","E","M","T","M","M","R","B","B",null,"R","$","E","B",null],"character_chosen":"IRONCLAD","items_purchased":["Bag of Preparation","Orrery","Deep Breath","Burning Pact","Feel No Pain","DuplicationPotion"],"campfire_rested":0,"item_purchase_floors":[3,12,12,30,30,54],"current_hp_per_floor":[53,53,53,53,49,49,34,34,34,26,26,26,48,48,48,42,72,75,75,75,73,73,69,69,35,35,29,17,19,19,25,25,13,65,65,65,65,65,65,65,65,64,64,64,64,64,46,31,31,31,31,69,69,69,53,8],"gold":52,"neow_bonus":"TWO_FIFTY_GOLD","is_daily":false,"chose_seed":false,"campfire_upgraded":6,"win_rate":0.0,"timestamp":1607893479,"path_taken":["M","?","?","?","?","R","M","?","T","E","R","$","M","?","R","BOSS","M","?","?","?","?","E","R","E","T","M","M","M","$","M","R","BOSS","M","$","M","M","?","R","E","M","T","E","M","?","M","M","R","BOSS","BOSS","R","$","E","BOSS"],"items_purchased_type":["Relic","Relic","Card","Card","Card","Potion"],"build_version":"2020-11-30","purchased_purges":4,"victory":true,"max_hp_per_floor":[75,75,75,75,75,75,75,75,75,82,82,82,82,82,82,82,82,82,82,82,82,82,82,82,82,82,82,82,82,82,82,82,82,82,82,82,82,82,82,82,82,82,82,82,82,82,82,82,82,82,82,82,82,82,82,82],"relic_stats":{"Darkstone Periapt":0,"Regal Pillow":0,"Happy Flower":[3],"counters":[30,148],"Self Forming Clay":[81],"Charon\u0027s Ashes":[1394],"Pen Nib":[15],"Bag of Preparation":[58],"Burning Blood":180,"Nunchaku":[21],"Dream Catcher":0,"Shovel":1,"Black Star":3,"obtain_stats":[{"Darkstone Periapt":44,"Regal Pillow":41,"Happy Flower":55,"Self Forming Clay":32,"Charon\u0027s Ashes":25,"Pen Nib":26,"Bag of Preparation":3,"Burning Blood":0,"Akabeko":55,"Runic Dome":17,"Nunchaku":9,"Anchor":41,"Dream Catcher":46,"Shovel":23,"Strawberry":10,"Orrery":12,"Black Star":34,"Toxic Egg 2":44},{"Darkstone Periapt":23,"Regal Pillow":21,"Happy Flower":29,"Self Forming Clay":15,"Charon\u0027s Ashes":11,"Pen Nib":11,"Bag of Preparation":1,"Burning Blood":0,"Akabeko":29,"Runic Dome":7,"Nunchaku":4,"Anchor":21,"Dream Catcher":24,"Shovel":10,"Strawberry":5,"Orrery":5,"Black Star":16,"Toxic Egg 2":23},{"Darkstone Periapt":102,"Regal Pillow":94,"Happy Flower":137,"Self Forming Clay":72,"Charon\u0027s Ashes":58,"Pen Nib":58,"Bag of Preparation":4,"Burning Blood":0,"Akabeko":137,"Runic Dome":36,"Nunchaku":14,"Anchor":94,"Dream Catcher":107,"Shovel":50,"Strawberry":20,"Orrery":20,"Black Star":80,"Toxic Egg 2":102}]},"card_choices":[{"not_picked":["Iron Wave","Entrench"],"picked":"Pommel Strike","floor":1.0},{"not_picked":["Second Wind","Flex"],"picked":"Combust","floor":4.0},{"not_picked":["Spot Weakness","Reckless Charge"],"picked":"Rage","floor":5.0},{"not_picked":["True Grit","Spot Weakness"],"picked":"Disarm","floor":7.0},{"not_picked":["Disarm","Iron Wave"],"picked":"Power Through","floor":10.0},{"not_picked":["Havoc","Twin Strike"],"picked":"Fiend Fire","floor":12.0},{"not_picked":["Anger","Brutality"],"picked":"Armaments","floor":12.0},{"not_picked":["Cleave","Thunderclap","Inflame"],"picked":"SKIP","floor":13.0},{"not_picked":["Bloodletting+1","Intimidate+1"],"picked":"Entrench+1","floor":18.0},{"not_picked":["Havoc","Flex"],"picked":"Battle Trance","floor":21.0},{"not_picked":["Armaments","Spot Weakness"],"picked":"Second Wind","floor":23.0},{"not_picked":["Intimidate","Berserk","Flex+1"],"picked":"SKIP","floor":25.0},{"not_picked":["Bloodletting","Ghostly Armor","Clothesline"],"picked":"SKIP","floor":27.0},{"not_picked":["Bloodletting","Ghostly Armor","Clothesline"],"picked":"SKIP","floor":27.0},{"not_picked":["Wild Strike","Headbutt","Shrug It Off"],"picked":"SKIP","floor":28.0},{"not_picked":["Wild Strike","Thunderclap","Anger"],"picked":"SKIP","floor":29.0},{"not_picked":["Cleave","Searing Blow"],"picked":"Offering","floor":31.0},{"not_picked":["Demon Form","Corruption"],"picked":"Immolate","floor":33.0},{"not_picked":["Bloodletting","Shrug It Off"],"picked":"Evolve+1","floor":35.0},{"not_picked":["Cleave","Corruption"],"picked":"Body Slam","floor":37.0},{"not_picked":["Warcry","Infernal Blade+1","Flame Barrier"],"picked":"SKIP","floor":38.0},{"not_picked":["Twin Strike","Ghostly Armor+1","Bloodletting"],"picked":"SKIP","floor":39.0},{"not_picked":["Twin Strike","Havoc+1","Shockwave"],"picked":"SKIP","floor":41.0},{"not_picked":["Sever Soul","Power Through","Evolve+1"],"picked":"SKIP","floor":42.0},{"not_picked":["Havoc+1","Juggernaut","Metallicize+1"],"picked":"SKIP","floor":44.0},{"not_picked":["Feel No Pain","Disarm+1","Whirlwind"],"picked":"SKIP","floor":45.0},{"not_picked":["Feel No Pain","Disarm+1","Whirlwind"],"picked":"SKIP","floor":45.0},{"not_picked":["Searing Blow","Sword Boomerang"],"picked":"Dual Wield+1","floor":47.0},{"not_picked":["Feel No Pain","Cleave","Flex+1"],"picked":"SKIP","floor":48.0},{"not_picked":["Armaments+1","Shrug It Off+1","True Grit+1"],"picked":"SKIP","floor":55},{"not_picked":["Armaments+1","True Grit+1"],"picked":"Shrug It Off+1","floor":55}],"player_experience":3150632,"relics_obtained":[{"floor":9.0,"key":"Nunchaku"},{"floor":10.0,"key":"Strawberry"},{"floor":23.0,"key":"Shovel"},{"floor":25.0,"key":"Charon\u0027s Ashes"},{"floor":26.0,"key":"Pen Nib"},{"floor":32.0,"key":"Self Forming Clay"},{"floor":41.0,"key":"Anchor"},{"floor":41.0,"key":"Regal Pillow"},{"floor":44.0,"key":"Darkstone Periapt"},{"floor":44.0,"key":"Toxic Egg 2"},{"floor":46.0,"key":"Dream Catcher"},{"floor":55,"key":"Akabeko"},{"floor":55,"key":"Happy Flower"}],"event_choices":[{"cards_removed":["Strike_R"],"damage_healed":0.0,"max_hp_gain":0.0,"max_hp_loss":0.0,"gold_gain":0.0,"event_name":"Bonfire Elementals","player_choice":"Offered Basic","floor":2.0,"gold_loss":0.0,"damage_taken":0.0},{"damage_healed":0.0,"max_hp_gain":0.0,"max_hp_loss":0.0,"gold_gain":0.0,"event_name":"Liars Game","player_choice":"Ignored","floor":8.0,"gold_loss":0.0,"damage_taken":0.0},{"damage_healed":0.0,"max_hp_gain":0.0,"max_hp_loss":0.0,"gold_gain":0.0,"event_name":"Lab","player_choice":"Got Potions","floor":14.0,"gold_loss":0.0,"damage_taken":0.0},{"damage_healed":0.0,"max_hp_gain":0.0,"max_hp_loss":0.0,"gold_gain":0.0,"cards_transformed":["Strike_R","Strike_R"],"event_name":"Drug Dealer","player_choice":"Became Test Subject","floor":19.0,"gold_loss":0.0,"damage_taken":0.0,"cards_obtained":["Perfected Strike","Hemokinesis"]},{"cards_removed":["Perfected Strike"],"damage_healed":0.0,"max_hp_gain":0.0,"max_hp_loss":0.0,"gold_gain":0.0,"event_name":"Back to Basics","player_choice":"Elegance","floor":20.0,"gold_loss":0.0,"damage_taken":0.0},{"damage_healed":0.0,"max_hp_gain":0.0,"max_hp_loss":0.0,"gold_gain":50.0,"event_name":"Golden Shrine","player_choice":"Pray","floor":22.0,"gold_loss":0.0,"damage_taken":0.0}],"is_beta":false,"boss_relics":[{"not_picked":["Busted Crown","Snecko Eye"],"picked":"Runic Dome"},{"not_picked":["Calling Bell","Tiny House"],"picked":"Black Star"}],"items_purged_floors":[3,30,36,54],"is_endless":false,"potions_floor_spawned":[7,10,13,16,18,25,29,31,38,39,41,45,48,55],"ascension_level":20}}