{"host":"0kwl2uefibxd2nsv","time":1607876349,"event":{"mods":["Act Like it!","Aspiration","BaseMod","Better Note","Better Third Choice","BetterRewards","DeckTracker","GifTheSpireLib","Googly Eyes","Hubris","Minty Spire (QoL Compilation)","Replay The Spire","Shop Mod","StSLib","Stuff the Spire"],"gold_per_floor":[114,128,128,128,139,164,164,174,174,174,174,207,207,253,253,358,358,371,281,50,61,61,61,61],"floor_reached":23,"playtime":704,"items_purged":[],"score":483,"play_id":"b9d826bb-a181-4688-ab2d-813b08d3fa47","local_time":"20201213171909","is_ascension_mode":true,"campfire_choices":[{"data":"Catalyst","floor":7.0,"key":"SMITH"},{"floor":11.0,"key":"REST"},{"data":"Noxious Fumes","floor":15.0,"key":"SMITH"}],"circlet_count":0,"master_deck":["AscendersBane","Strike_G","Strike_G","Strike_G","Strike_G","Strike_G","Defend_G","Defend_G","Defend_G","Defend_G+1","Defend_G","Survivor","Neutralize","Noxious Fumes+1","Bouncing Flask","Catalyst+1","Blur","Footwork","Poisoned Stab","Neutralize","Deadly Poison","Blade Dance","Crippling Poison","StuffTheSpire:Innocence","Die Die Die","Glass Knife","PiercingWail","Footwork","Malaise"],"relics":["ClockworkSouvenir","Orrery","Sizzling Blood","Matryoshka","Regal Pillow","The Specimen","Basket Of Snakes","hubris:Towel","Nunchaku","hubris:TenFootPole","hubris:Backtick","Pocketwatch","Oddly Smooth Stone"],"acts_visited":["Exordium","TheCity"],"potions_floor_usage":[],"damage_taken":[{"damage":0.0,"enemies":"Cultist","floor":1.0,"turns":3.0},{"damage":0.0,"enemies":"Small Slimes","floor":2.0,"turns":2.0},{"damage":3.0,"enemies":"2 Louse","floor":5.0,"turns":3.0},{"damage":21.0,"enemies":"Lagavulin","floor":6.0,"turns":7.0},{"damage":8.0,"enemies":"Large Slime","floor":8.0,"turns":5.0},{"damage":9.0,"enemies":"3 Sentries","floor":12.0,"turns":5.0},{"damage":22.0,"enemies":"Hexaghost","floor":16.0,"turns":7.0},{"damage":0.0,"enemies":"3 Byrds","floor":18.0,"turns":4.0},{"damage":1.0,"enemies":"Spheric Guardian","floor":21.0,"turns":3.0},{"damage":0,"enemies":"Gremlin Leader","floor":23,"turns":1}],"seed_played":"-380076506466180316","potions_obtained":[{"floor":6.0,"key":"DistilledChaos"},{"floor":8.0,"key":"CunningPotion"},{"floor":18.0,"key":"LiquidBronze"},{"floor":21.0,"key":"SkillPotion"}],"is_trial":false,"path_per_floor":["M","M","?","?","M","E","R","M","T","?","R","E","?","T","R","B",null,"M","?","$","M","?","E"],"character_chosen":"THE_SILENT","items_purchased":["Noxious Fumes","Bouncing Flask","ClockworkSouvenir","Catalyst","Orrery","DistilledChaos","Oddly Smooth Stone","Footwork"],"campfire_rested":1,"item_purchase_floors":[0,0,0,0,0,0,20,20],"current_hp_per_floor":[40,40,44,44,45,28,28,24,24,17,54,49,49,49,49,31,63,67,67,67,70,70,70,70],"gold":61,"neow_bonus":"","is_daily":false,"chose_seed":false,"campfire_upgraded":2,"win_rate":0.0,"timestamp":1607876349,"path_taken":["M","?","?","?","?","E","R","M","T","?","R","E","?","?","R","BOSS","M","?","$","M","?","E"],"items_purchased_type":["Card","Card","Relic","Card","Relic","Potion","Relic","Card"],"build_version":"2020-11-30","purchased_purges":0,"victory":false,"max_hp_per_floor":[70,70,74,74,74,74,74,74,74,74,74,74,74,74,74,74,74,74,74,74,74,74,74,74],"card_choices":[{"not_picked":["StuffTheSpire:Python","Malaise"],"picked":"Blur","floor":0.0},{"not_picked":["Sucker Punch","Quick Slash"],"picked":"Footwork","floor":0.0},{"not_picked":["Dagger Spray","Expertise"],"picked":"Backstab","floor":0.0},{"not_picked":["Choke","Prepared","Bane"],"picked":"SKIP","floor":1.0},{"not_picked":["Dagger Throw","Acrobatics"],"picked":"Poisoned Stab","floor":2.0},{"not_picked":["Night Terror","StuffTheSpire:Repulse"],"picked":"Deadly Poison","floor":5.0},{"not_picked":["Dagger Spray","Prepared"],"picked":"Blade Dance","floor":6.0},{"not_picked":["Caltrops","Prepared"],"picked":"Crippling Poison","floor":8.0},{"not_picked":["Acrobatics","Accuracy"],"picked":"Die Die Die","floor":12.0},{"not_picked":["Wraith Form v2","ReplayTheSpireMod:Necrosis"],"picked":"Glass Knife","floor":16.0},{"not_picked":["Reflex+1","Choke"],"picked":"PiercingWail","floor":18.0},{"not_picked":["StuffTheSpire:Python+1","Bane"],"picked":"Malaise","floor":21.0}],"player_experience":1996396,"relics_obtained":[{"floor":6.0,"key":"Matryoshka"},{"floor":9.0,"key":"Regal Pillow"},{"floor":9.0,"key":"The Specimen"},{"floor":12.0,"key":"Basket Of Snakes"},{"floor":14.0,"key":"Nunchaku"},{"floor":14.0,"key":"hubris:TenFootPole"}],"event_choices":[{"damage_healed":0.0,"max_hp_gain":0.0,"max_hp_loss":0.0,"gold_gain":0.0,"event_name":"Match and Keep!","player_choice":"1 cards matched","floor":4.0,"gold_loss":0.0,"damage_taken":0.0,"cards_obtained":["Neutralize"]},{"cards_removed":["Backstab"],"damage_healed":0.0,"max_hp_gain":0.0,"max_hp_loss":0.0,"gold_gain":0.0,"event_name":"Designer","player_choice":"Upgrade and Remove","floor":19.0,"gold_loss":90.0,"damage_taken":0.0,"cards_upgraded":["Defend_G"]},{"cards_removed":["StuffTheSpire:Innocence"],"damage_healed":0.0,"max_hp_gain":0.0,"max_hp_loss":0.0,"gold_gain":0.0,"event_name":"betterNote:BetterNote","player_choice":"Give","floor":22.0,"gold_loss":0.0,"damage_taken":0.0,"cards_obtained":["None"]}],"is_beta":false,"boss_relics":[{"not_picked":["hubris:CrackedHourglass","SacredBark"],"picked":"hubris:Backtick"}],"items_purged_floors":[],"is_endless":false,"potions_floor_spawned":[6,8,18,21],"killed_by":"Gremlin Leader","ascension_level":10}}