{"host":"eyd8pf3bw1xm0qjv","time":1607874255,"event":{"mods":["AchievementEnabler","Aspiration","Bard","BaseMod","Beaked The Cultist","BetterRewards","CCEM","Challenge The Spire","Clawfect","Colored Map","Conspire","Downfall","Duelist Mod","Ekko","GifTheSpireLib","Glutton Mod","Googly Eyes","Halation","Hermit","Highlight Path","Hubris","Jedi Mod","Jorbs\u0027s Wanderer Trilogy","Mad Scientist","Marisa????????","Mimic Mod","Minty Spire (QoL Compilation)","Permanent Neow","Potionbrewer","Relic Sorter","Replay The Spire","StSLib","Stuff the Spire","The Administrix","The Animator","The Blackbeard","The Bug Knight","The Construct","The Cursed","The Dragon Tamer","The Florist","The Gatherer","The Hierophant","The IronCluck","The Jungle","The Mystic","The Necromancer","The Problem Sleuth","The Runesmith","The Servant 0.9.4","The Spell Scribe","vexMod"],"gold_per_floor":[113,113,113,113,126,151,151,161,161,285,285,19,19,32,32,135,135,153,153,153,167,167,267,286,176,201,201,216,229,229,51,51,51,51],"floor_reached":33,"playtime":2924,"items_purged":["TheCursedMod:Strike_TheCursed"],"score":347,"play_id":"7f0cbc9c-a7e1-44b2-94e4-0298112d482d","local_time":"20201213104415","is_ascension_mode":false,"campfire_choices":[{"data":"TheCursedMod:CursedWand","floor":7,"key":"SMITH"},{"floor":13,"key":"REST"},{"data":"Apotheosis","floor":15,"key":"SMITH"},{"floor":27,"key":"REST"},{"data":"TheCursedMod:VoidForm","floor":30,"key":"SMITH"},{"floor":32,"key":"REST"}],"circlet_count":0,"master_deck":["TheCursedMod:Defend_TheCursed","TheCursedMod:Defend_TheCursed","TheCursedMod:Defend_TheCursed","TheCursedMod:Defend_TheCursed","TheCursedMod:CursedWand+1","TheCursedMod:CleanUpWorkshop","TheCursedMod:Dregs","TheCursedMod:CursedBoomerang","Regret","TheCursedMod:WearCloak","TheCursedMod:StingEye","TheCursedMod:HellfireBreathing","TheCursedMod:SurpriseAttack","Apotheosis+1","TheCursedMod:VoidForm+1","TheCursedMod:AntiAging","TheCursedMod:CursedStaff","TheCursedMod:SpitefulStrike","TheCursedMod:WearCloak","TheCursedMod:SoulReap","TheCursedMod:StunningStrike","TheCursedMod:HellfireBreathing+1","TheCursedMod:FleshFromBone","TheCursedMod:CursedBlade","TheCursedMod:Hemoplague","TheCursedMod:SoulReap","TheCursedMod:SoulReap","TheCursedMod:SurpriseAttack"],"relics":["TheCursedMod:BlackMagic101","NeowsBlessing","StuffTheSpire:Gunfinga","hubris:Towel","StuffTheSpire:TintedRock","hubris:SphereOfDissonance","CCEMRelics:TechnogenicHelmet","Centennial Puzzle","jedi:paperlyon","theJungle:SpiritDisease","Ornamental Fan","Bottled Flame","Spirit Poop"],"acts_visited":["Exordium","theJungle:Jungle"],"potions_floor_usage":[10,22,22,22,33,33],"damage_taken":[{"damage":0,"enemies":"Jaw Worm","floor":1,"turns":1},{"damage":0,"enemies":"Small Slimes","floor":5,"turns":1},{"damage":0,"enemies":"Replay:BlueRogue","floor":6,"turns":1},{"damage":0,"enemies":"conspire:RoseBush","floor":8,"turns":3},{"damage":32,"enemies":"3 Sentries","floor":10,"turns":9},{"damage":3,"enemies":"conspire:2 RoseBushes","floor":14,"turns":3},{"damage":13,"enemies":"Fading Forest","floor":16,"turns":9},{"damage":0,"enemies":"Shell Parasite","floor":18,"turns":3},{"damage":8,"enemies":"theJungle:Flameango_and_Byrd","floor":21,"turns":5},{"damage":7,"enemies":"JungleHuntersEvent","floor":22,"turns":5},{"damage":51,"enemies":"theJungle:2_Phrogs","floor":23,"turns":6},{"damage":2,"enemies":"theJungle:2_Snecko_Cultists","floor":24,"turns":3},{"damage":19,"enemies":"theJungle:Lyon","floor":28,"turns":4},{"damage":15,"enemies":"theJungle:2_Flameangoes","floor":29,"turns":5},{"damage":63,"enemies":"theJungle:TotemBoss","floor":33,"turns":4}],"seed_played":"1236909603375960729","potions_obtained":[{"floor":1,"key":"potionbrewer:InfectionPotion"},{"floor":10,"key":"DistilledChaos"},{"floor":14,"key":"jedi:StrikingPotion"},{"floor":16,"key":"Explosive Potion"},{"floor":23,"key":"Swift Potion"},{"floor":24,"key":"Explosive Potion"}],"is_trial":false,"path_per_floor":["M","?","?","?","M","E","R","M","T","E","?","$","R","M","R","B",null,"M","?","?","M","?","E","M","$","T","R","M","M","R","$","R","B"],"character_chosen":"THE_CURSED","items_purchased":["Apotheosis","TheCursedMod:HellfireBreathing+1","TheCursedMod:FleshFromBone","TheCursedMod:Hemoplague","TheCursedMod:SoulReap","TheCursedMod:SurpriseAttack"],"campfire_rested":3,"item_purchase_floors":[12,25,25,31,31,31],"current_hp_per_floor":[75,75,75,75,75,75,75,75,75,43,31,31,53,50,50,47,75,78,78,78,72,67,16,30,30,30,54,42,34,34,34,58,0,0],"gold":51,"neow_bonus":"THREE_ENEMY_KILL","is_daily":false,"chose_seed":false,"campfire_upgraded":3,"win_rate":0.0,"timestamp":1607874255,"path_taken":["M","?","?","?","?","E","R","M","T","E","?","?","R","?","R","BOSS","M","?","?","M","?","E","M","?","T","R","?","M","R","$","R","BOSS"],"items_purchased_type":["Card","Card","Card","Card","Card","Card"],"build_version":"2020-11-30","purchased_purges":1,"victory":false,"max_hp_per_floor":[75,75,75,75,75,75,75,75,75,75,75,75,75,75,75,75,75,78,78,78,80,82,82,82,82,82,82,82,82,82,82,82,82,82],"card_choices":[{"not_picked":["TheCursedMod:CursedAmulet","TheCursedMod:SpitefulStrike"],"picked":"TheCursedMod:CursedBoomerang","floor":1},{"not_picked":["TheCursedMod:AbyssShockwave","TheCursedMod:CursedAmulet"],"picked":"TheCursedMod:WearCloak","floor":5},{"not_picked":["TheCursedMod:SpitefulStrike","TheCursedMod:CircleOfCorruption"],"picked":"TheCursedMod:StingEye","floor":6},{"not_picked":["TheCursedMod:WearCloak","TheCursedMod:CursedShiv"],"picked":"TheCursedMod:HellfireBreathing","floor":8},{"not_picked":["TheCursedMod:VitalStrike","TheCursedMod:Torture"],"picked":"TheCursedMod:SurpriseAttack","floor":10},{"not_picked":["TheCursedMod:ReleasedKnowledge","TheCursedMod:CircleOfFlame"],"picked":"TheCursedMod:VoidForm","floor":14},{"not_picked":["TheCursedMod:ParallelWorld","TheCursedMod:Neurasthenia"],"picked":"TheCursedMod:AntiAging","floor":16},{"not_picked":["TheCursedMod:AshesToAshes","TheCursedMod:HellsGateOpen"],"picked":"TheCursedMod:CursedStaff","floor":18},{"not_picked":["TheCursedMod:CursedShiv","TheCursedMod:CursedArmor+1"],"picked":"TheCursedMod:SpitefulStrike","floor":21},{"not_picked":["TheCursedMod:VitalStrike","TheCursedMod:HellsGateOpen"],"picked":"TheCursedMod:WearCloak","floor":22},{"not_picked":["TheCursedMod:SurpriseAttack","TheCursedMod:SpreadPlague"],"picked":"TheCursedMod:SoulReap","floor":23},{"not_picked":["TheCursedMod:SpitefulStrike","TheCursedMod:TroublousMinions"],"picked":"TheCursedMod:StunningStrike","floor":24},{"not_picked":["TheCursedMod:TacticalStrike","TheCursedMod:CollectTribute"],"picked":"TheCursedMod:CursedBlade","floor":28},{"not_picked":["TheCursedMod:Wield","TheCursedMod:HellfireBreathing","TheCursedMod:CircleOfCorruption"],"picked":"SKIP","floor":29}],"player_experience":139963,"relics_obtained":[{"floor":6,"key":"StuffTheSpire:TintedRock"},{"floor":9,"key":"hubris:SphereOfDissonance"},{"floor":10,"key":"CCEMRelics:TechnogenicHelmet"},{"floor":22,"key":"Ornamental Fan"},{"floor":23,"key":"Bottled Flame"},{"floor":26,"key":"Spirit Poop"}],"event_choices":[{"damage_healed":0,"gold_gain":0,"player_choice":"Box","damage_taken":0,"relics_obtained":["StuffTheSpire:Gunfinga"],"max_hp_gain":0,"max_hp_loss":0,"event_name":"Big Fish","floor":3,"gold_loss":0,"cards_obtained":["Regret"]},{"damage_healed":0,"gold_gain":0,"player_choice":"Success","damage_taken":12,"relics_obtained":["Centennial Puzzle"],"max_hp_gain":0,"max_hp_loss":0,"event_name":"Scrap Ooze","floor":11,"gold_loss":0}],"is_beta":false,"boss_relics":[{"not_picked":["hubris:TerracottaHorce","beaked:SacredDeck"],"picked":"jedi:paperlyon"}],"items_purged_floors":[12],"is_endless":false,"potions_floor_spawned":[1,10,14,16,23,24],"killed_by":"theJungle:TotemBoss","ascension_level":0}}