{"host":"684z1xpuwaoqmmh1","time":1607864710,"event":{"mods":["BaseMod","Downfall","Hermit","Jorbs\u0027s Wanderer Trilogy","Marisa????????","Minty Spire (QoL Compilation)","StSLib","The Bug Knight","The Hierophant","The Mystic","The Runesmith"],"gold_per_floor":[99,133,147,159,84,109,109,109,109],"floor_reached":8,"playtime":319,"items_purged":[],"score":118,"play_id":"52faaf37-5667-47f9-9e56-e8317c44b963","local_time":"20201213150510","is_ascension_mode":true,"campfire_choices":[{"floor":1,"key":"RECALL"},{"floor":5,"key":"REST"}],"circlet_count":0,"master_deck":["AscendersBane","hexamod:Strike","hexamod:Strike","hexamod:Strike","hexamod:Strike","hexamod:Defend","hexamod:Defend","hexamod:Defend","hexamod:Defend","hexamod:Sear","hexamod:Float","Discovery","hexamod:EmpoweredFlame","hexamod:StepThrough","hexamod:ShieldOfDarkness"],"relics":["hexamod:SpiritBrand","Shovel","downfall:HeartBlessingRed","Question Card"],"acts_visited":["Exordium"],"potions_floor_usage":[8],"damage_taken":[{"damage":53,"enemies":"Gremlin Nob","floor":2,"turns":5},{"damage":2,"enemies":"Small Slimes","floor":3,"turns":3},{"damage":0,"enemies":"Jaw Worm","floor":4,"turns":4},{"damage":16,"enemies":"Lagavulin","floor":6,"turns":7},{"damage":12,"enemies":"Gremlin Nob","floor":8,"turns":3}],"seed_played":"-6689039368483837391","potions_obtained":[{"floor":4,"key":"Block Potion"}],"is_trial":false,"path_per_floor":["R","E","M","M","R","E","T","E"],"character_chosen":"THE_SPIRIT","items_purchased":[],"campfire_rested":1,"item_purchase_floors":[],"current_hp_per_floor":[57,4,2,2,20,4,4,0,0],"gold":109,"neow_bonus":"RANDOM_COLORLESS","is_daily":false,"chose_seed":false,"campfire_upgraded":0,"win_rate":0.0,"timestamp":1607864710,"path_taken":["R","E","M","M","R","E","T","E"],"items_purchased_type":[],"build_version":"2020-11-30","purchased_purges":0,"victory":false,"max_hp_per_floor":[63,63,63,63,63,63,63,63,63],"card_choices":[{"not_picked":["Forethought","Madness"],"picked":"Discovery","floor":0},{"not_picked":["hexamod:BurningTouch","hexamod:Rewind"],"picked":"hexamod:EmpoweredFlame","floor":2},{"not_picked":["hexamod:Again","hexamod:RadiantFlame"],"picked":"hexamod:StepThrough","floor":3},{"not_picked":["hexamod:SkipABeat","hexamod:FlamesFromBeyond"],"picked":"hexamod:ShieldOfDarkness","floor":4},{"not_picked":["hexamod:SoulSteal","hexamod:ChargedBarrage","hexamod:SkipABeat"],"picked":"SKIP","floor":6}],"player_experience":2315710,"relics_obtained":[{"floor":2,"key":"Shovel"},{"floor":6,"key":"Question Card"}],"event_choices":[],"is_beta":false,"boss_relics":[],"items_purged_floors":[],"is_endless":false,"potions_floor_spawned":[4],"killed_by":"Gremlin Nob","ascension_level":17}}