{"host":"nsxzlb359hv0da5z","time":1607853235,"event":{"mods":["BaseMod","Bestiary","Colored Map","Minty Spire (QoL Compilation)","Permanent Neow","Relic Stats","Slay the Relics Exporter","ojb\u0027s Info Mod"],"gold_per_floor":[119,133,133,133,148,148,180,200,200,213,213,213,213,243,243,316,316,331,59,72,272,288,288,321,339,386,396,396,409,436,10,10,85,85,99,113,127,402,190,190,219,130,130,130,141,157,157,172,172,172,172,172,172,13,45,45],"floor_reached":57,"playtime":10044,"items_purged":["Pray","Regret"],"score":2843,"play_id":"9c74cd63-28d6-4a12-b40d-892a1680c343","local_time":"20201213015355","is_ascension_mode":true,"campfire_choices":[{"data":"BowlingBash","floor":6.0,"key":"SMITH"},{"floor":12.0,"key":"REST"},{"data":"Meditate","floor":15.0,"key":"SMITH"},{"floor":23.0,"key":"REST"},{"floor":28.0,"key":"REST"},{"floor":32.0,"key":"REST"},{"data":"Scrawl","floor":40.0,"key":"SMITH"},{"floor":44.0,"key":"RECALL"},{"floor":49,"key":"REST"},{"data":"Tantrum","floor":53,"key":"SMITH"}],"circlet_count":0,"master_deck":["AscendersBane","Defend_P","Defend_P","Defend_P","Eruption","Vigilance","BattleHymn","Meditate+1","CarveReality","Halt","Protect","BowlingBash+1","FlurryOfBlows","LikeWater","Vengeance","FollowUp","Scrawl+1","CutThroughFate+1","EmptyBody","WheelKick","Establishment","TalkToTheHand+1","Tantrum+1","SpiritShield","ThirdEye","FlurryOfBlows","ThirdEye+1","TalkToTheHand"],"relics":["PureWater","Bottled Tornado","The Courier","Yang","Sundial","VioletLotus","Frozen Eye","Incense Burner","Bag of Preparation","Pear","Shuriken","Happy Flower","Busted Crown","Centennial Puzzle","InkBottle","TeardropLocket"],"acts_visited":["Exordium","TheCity","TheBeyond","TheEnding"],"potions_floor_usage":[51,51,55,56],"damage_taken":[{"damage":0.0,"enemies":"Small Slimes","floor":1.0,"turns":2.0},{"damage":4.0,"enemies":"Jaw Worm","floor":2.0,"turns":2.0},{"damage":0.0,"enemies":"2 Louse","floor":5.0,"turns":3.0},{"damage":20.0,"enemies":"Lagavulin","floor":7.0,"turns":6.0},{"damage":5.0,"enemies":"Red Slaver","floor":8.0,"turns":5.0},{"damage":7.0,"enemies":"Gremlin Gang","floor":10.0,"turns":3.0},{"damage":2.0,"enemies":"3 Sentries","floor":14.0,"turns":3.0},{"damage":0.0,"enemies":"Slime Boss","floor":16.0,"turns":4.0},{"damage":23.0,"enemies":"2 Thieves","floor":18.0,"turns":3.0},{"damage":0.0,"enemies":"Spheric Guardian","floor":20.0,"turns":2.0},{"damage":13.0,"enemies":"Snake Plant","floor":22.0,"turns":3.0},{"damage":7.0,"enemies":"Gremlin Leader","floor":24.0,"turns":5.0},{"damage":12.0,"enemies":"Shelled Parasite and Fungi","floor":25.0,"turns":3.0},{"damage":7.0,"enemies":"3 Cultists","floor":27.0,"turns":5.0},{"damage":11.0,"enemies":"Centurion and Healer","floor":29.0,"turns":7.0},{"damage":0.0,"enemies":"Slavers","floor":30.0,"turns":4.0},{"damage":0.0,"enemies":"Collector","floor":33.0,"turns":6.0},{"damage":1.0,"enemies":"Orb Walker","floor":35.0,"turns":2.0},{"damage":0.0,"enemies":"3 Darklings","floor":36.0,"turns":2.0},{"damage":9.0,"enemies":"Sphere and 2 Shapes","floor":37.0,"turns":4.0},{"damage":11.0,"enemies":"Nemesis","floor":41.0,"turns":5.0},{"damage":0.0,"enemies":"Spire Growth","floor":45.0,"turns":3.0},{"damage":0.0,"enemies":"3 Darklings","floor":46.0,"turns":3.0},{"damage":0,"enemies":"Jaw Worm Horde","floor":48,"turns":5},{"damage":35,"enemies":"Awakened One","floor":50,"turns":12},{"damage":21,"enemies":"Time Eater","floor":51,"turns":8},{"damage":26,"enemies":"Shield and Spear","floor":55,"turns":6},{"damage":31,"enemies":"The Heart","floor":56,"turns":8}],"seed_played":"-96939981633009200","potions_obtained":[{"floor":1.0,"key":"Weak Potion"},{"floor":14.0,"key":"DistilledChaos"},{"floor":22.0,"key":"LiquidBronze"},{"floor":29.0,"key":"DistilledChaos"},{"floor":30.0,"key":"BlessingOfTheForge"},{"floor":33.0,"key":"Fruit Juice"},{"floor":35.0,"key":"Fire Potion"},{"floor":36.0,"key":"PowerPotion"},{"floor":46.0,"key":"Regen Potion"}],"is_trial":false,"path_per_floor":["M","M","?","?","M","R","E","M","T","M","T","R","?","E","R","B",null,"M","$","M","?","M","R","E","M","T","M","R","M","E","$","R","B",null,"M","M","M","?","$","R","E","$","T","R","M","M","?","M","R","B","B",null,"R","$","E","B",null],"character_chosen":"WATCHER","items_purchased":["EmptyBody","Frozen Eye","AttackPotion","Shuriken","Happy Flower","Tantrum","Centennial Puzzle","ThirdEye","FlurryOfBlows","TalkToTheHand","Swift Potion","Block Potion"],"campfire_rested":5,"item_purchase_floors":[19,19,19,31,31,31,39,42,42,54,54,54],"current_hp_per_floor":[61,57,57,50,50,50,30,25,25,18,18,36,36,34,34,34,55,32,32,32,32,19,37,30,18,18,11,29,18,28,28,49,49,66,70,70,61,61,61,61,50,50,50,50,50,50,50,50,73,38,32,66,66,66,40,9],"gold":45,"neow_bonus":"TRANSFORM_TWO_CARDS","is_daily":false,"chose_seed":false,"campfire_upgraded":4,"win_rate":0.0,"timestamp":1607853235,"path_taken":["M","M","?","?","M","R","E","M","T","M","?","R","?","E","R","BOSS","M","$","M","?","?","R","E","M","T","M","R","M","E","$","R","BOSS","M","M","M","?","$","R","E","$","T","R","M","?","?","M","R","BOSS","BOSS","R","$","E","BOSS"],"items_purchased_type":["Card","Relic","Potion","Relic","Relic","Card","Relic","Card","Card","Card","Potion","Potion"],"build_version":"2020-11-30","purchased_purges":2,"victory":true,"max_hp_per_floor":[62,62,62,62,62,62,62,62,62,62,62,62,62,62,62,62,62,62,62,62,62,62,62,62,62,62,62,62,62,72,72,72,72,72,77,77,77,77,77,77,77,77,77,77,77,77,77,77,77,77,77,77,77,77,77,77],"relic_stats":{"Centennial Puzzle":[14],"Busted Crown":18,"Happy Flower":[21],"counters":[28,124],"Sundial":[14],"Shuriken":[55],"Yang":[330],"VioletLotus":[32],"Bag of Preparation":[30],"obtain_stats":[{"Pear":30,"Happy Flower":31,"Yang":11,"The Courier":9,"Incense Burner":24,"Bag of Preparation":26,"TeardropLocket":55,"Bottled Tornado":7,"Frozen Eye":19,"Centennial Puzzle":39,"Busted Crown":34,"Sundial":14,"Shuriken":31,"VioletLotus":17,"PureWater":0,"InkBottle":41},{"Pear":16,"Happy Flower":16,"Yang":6,"The Courier":5,"Incense Burner":12,"Bag of Preparation":13,"TeardropLocket":27,"Bottled Tornado":4,"Frozen Eye":9,"Centennial Puzzle":20,"Busted Crown":17,"Sundial":7,"Shuriken":16,"VioletLotus":8,"PureWater":0,"InkBottle":21},{"Pear":60,"Happy Flower":60,"Yang":21,"The Courier":18,"Incense Burner":41,"Bag of Preparation":44,"TeardropLocket":116,"Bottled Tornado":13,"Frozen Eye":31,"Centennial Puzzle":74,"Busted Crown":66,"Sundial":24,"Shuriken":60,"VioletLotus":28,"PureWater":0,"InkBottle":79}],"InkBottle":[28]},"card_choices":[{"not_picked":["Prostrate","Sanctity"],"picked":"CarveReality","floor":1.0},{"not_picked":["EmptyBody","JustLucky"],"picked":"Halt","floor":2.0},{"not_picked":["PathToVictory","Study"],"picked":"BowlingBash","floor":5.0},{"not_picked":["FollowUp","SignatureMove"],"picked":"FlurryOfBlows","floor":7.0},{"not_picked":["EmptyBody","Consecrate"],"picked":"LikeWater","floor":8.0},{"not_picked":["PathToVictory","Evaluate"],"picked":"Vengeance","floor":10.0},{"not_picked":["JustLucky","PathToVictory"],"picked":"FollowUp","floor":14.0},{"not_picked":["Wish","Omniscience"],"picked":"Scrawl","floor":16.0},{"not_picked":["BattleHymn","Protect"],"picked":"CutThroughFate+1","floor":18.0},{"not_picked":["Nirvana","Weave","Collect+1"],"picked":"SKIP","floor":20.0},{"not_picked":["SandsOfTime","Nirvana"],"picked":"WheelKick","floor":22.0},{"not_picked":["EmptyFist","JustLucky"],"picked":"Establishment","floor":24.0},{"not_picked":["CrushJoints","FlyingSleeves","ReachHeaven"],"picked":"SKIP","floor":25.0},{"not_picked":["WindmillStrike","CarveReality","Crescendo"],"picked":"SKIP","floor":27.0},{"not_picked":["LikeWater","Collect"],"picked":"TalkToTheHand+1","floor":29.0},{"not_picked":["FlyingSleeves","CutThroughFate","CrushJoints"],"picked":"SKIP","floor":30.0},{"not_picked":["LessonLearned","Establishment"],"picked":"SpiritShield","floor":33.0},{"not_picked":["BowlingBash"],"picked":"SKIP","floor":35.0},{"not_picked":["BowlingBash+1"],"picked":"SKIP","floor":36.0},{"not_picked":["CrushJoints"],"picked":"SKIP","floor":37.0},{"not_picked":["Tantrum"],"picked":"SKIP","floor":41.0},{"not_picked":["JustLucky"],"picked":"SKIP","floor":45.0},{"not_picked":["Nirvana+1"],"picked":"SKIP","floor":46.0},{"not_picked":[],"picked":"ThirdEye+1","floor":48},{"not_picked":["ThirdEye"],"picked":"SKIP","floor":55}],"player_experience":1793042,"relics_obtained":[{"floor":7.0,"key":"Bottled Tornado"},{"floor":9.0,"key":"The Courier"},{"floor":11.0,"key":"Yang"},{"floor":14.0,"key":"Sundial"},{"floor":24.0,"key":"Incense Burner"},{"floor":26.0,"key":"Bag of Preparation"},{"floor":30.0,"key":"Pear"},{"floor":41.0,"key":"InkBottle"},{"floor":55,"key":"TeardropLocket"}],"event_choices":[{"damage_healed":0.0,"max_hp_gain":0.0,"max_hp_loss":0.0,"gold_gain":0.0,"cards_transformed":["Strike_P"],"event_name":"Living Wall","player_choice":"Change","floor":3.0,"gold_loss":0.0,"damage_taken":0.0,"cards_obtained":["Protect"]},{"cards_removed":["Strike_P"],"damage_healed":0.0,"max_hp_gain":0.0,"max_hp_loss":0.0,"gold_gain":0.0,"event_name":"Golden Wing","player_choice":"Card Removal","floor":4.0,"gold_loss":0.0,"damage_taken":7.0},{"damage_healed":0.0,"max_hp_gain":0.0,"max_hp_loss":0.0,"gold_gain":0.0,"cards_transformed":["Strike_P"],"event_name":"Transmorgrifier","player_choice":"Transformed","floor":13.0,"gold_loss":0.0,"damage_taken":0.0,"cards_obtained":["Pray"]},{"damage_healed":0.0,"max_hp_gain":0.0,"max_hp_loss":0.0,"gold_gain":250.0,"event_name":"The Joust","player_choice":"Bet on Owner","floor":21.0,"gold_loss":50.0,"damage_taken":0.0},{"damage_healed":0.0,"max_hp_gain":0.0,"max_hp_loss":0.0,"gold_gain":275.0,"event_name":"Golden Shrine","player_choice":"Desecrate","floor":38.0,"gold_loss":0.0,"damage_taken":0.0,"cards_obtained":["Regret"]},{"damage_healed":0.0,"max_hp_gain":0.0,"max_hp_loss":0.0,"gold_gain":0.0,"event_name":"SensoryStone","player_choice":"Memory 1","floor":47.0,"gold_loss":0.0,"damage_taken":0.0}],"is_beta":false,"boss_relics":[{"not_picked":["Velvet Choker","SlaversCollar"],"picked":"VioletLotus"},{"not_picked":["Calling Bell","Runic Dome"],"picked":"Busted Crown"}],"items_purged_floors":[19,39],"is_endless":false,"potions_floor_spawned":[1,14,22,25,29,30,33,35,36,46],"ascension_level":20}}