{"host":"51oymzdi1vqwwubu","time":1607902890,"event":{"mods":["Alarm Clock","BaseMod","Become a monster ???","Better Altar","Better Match","Better Note","Better Sensory Stone","Better Skull","Better Vampires","Block Reminder","Colored Map","Colored Powertips","Curses Come First","DeckTracker","Defective Defect","Downfall","FTL Soundtrack","Highlight Path","Key Reminder","Keyboard Shortcuts","Minty Spire (QoL Compilation)","Quick Restart","Rare Cards Sparkle","Relic Stats","Reorder Act Four","StSLib","SuperFastMode","Waifu the Spire"],"gold_per_floor":[117,134,134,146,96,122,122,122,122,148,158,158,174,184,184,281,281,301,301,311,311,325,325,340,357,380,160,160,160],"floor_reached":28,"playtime":1592,"items_purged":["Strike_B"],"score":232,"play_id":"c02c9e06-f771-4165-9890-58420f46f22b","local_time":"20201214024130","is_ascension_mode":false,"campfire_choices":[{"floor":8,"key":"REST"},{"floor":15,"key":"REST"},{"floor":23,"key":"REST"}],"circlet_count":0,"master_deck":["Strike_B","Defend_B","Defend_B","Defend_B","Defend_B","Zap","Dualcast","Streamline","Capacitor","Streamline","Seek","Gash","White Noise","Coolheaded","Beam Cell","Turbo","Reboot","Hologram","Sunder","Storm","Turbo","FTL+1","BootSequence","Double Energy","Finesse","Skim"],"relics":["Cracked Core","Prayer Wheel","FossilizedHelix","keyreminder:keyreminder","SlaversCollar","Nloth\u0027s Gift","Smiling Mask"],"acts_visited":["Exordium","TheCity"],"potions_floor_usage":[16,22,24,25,25],"damage_taken":[{"damage":0,"enemies":"Small Slimes","floor":1,"turns":3},{"damage":1,"enemies":"Jaw Worm","floor":2,"turns":4},{"damage":0,"enemies":"2 Louse","floor":4,"turns":1},{"damage":32,"enemies":"Gremlin Nob","floor":6,"turns":4},{"damage":33,"enemies":"Lagavulin","floor":10,"turns":8},{"damage":8,"enemies":"Lots of Slimes","floor":11,"turns":3},{"damage":5,"enemies":"3 Louse","floor":13,"turns":2},{"damage":8,"enemies":"Exordium Thugs","floor":14,"turns":4},{"damage":16,"enemies":"The Guardian","floor":16,"turns":11},{"damage":13,"enemies":"Spheric Guardian","floor":18,"turns":4},{"damage":0,"enemies":"Chosen","floor":20,"turns":4},{"damage":23,"enemies":"Snake Plant","floor":22,"turns":6},{"damage":12,"enemies":"Snecko","floor":24,"turns":5},{"damage":12,"enemies":"Shelled Parasite and Fungi","floor":25,"turns":5},{"damage":47,"enemies":"Gremlin Leader","floor":28,"turns":5}],"seed_played":"8630946097814305816","potions_obtained":[{"floor":1,"key":"Dexterity Potion"},{"floor":10,"key":"Fire Potion"},{"floor":14,"key":"Block Potion"},{"floor":20,"key":"Dexterity Potion"},{"floor":24,"key":"Block Potion"}],"is_trial":false,"path_per_floor":["M","M","?","M","?","E","?","R","T","E","M","T","M","M","R","B",null,"M","?","M","?","M","R","M","M","T","$","E"],"character_chosen":"DEFECT","items_purchased":["Finesse","Skim"],"campfire_rested":3,"item_purchase_floors":[27,27],"current_hp_per_floor":[82,81,81,81,81,49,49,73,73,40,32,32,27,19,43,27,82,69,69,69,69,46,70,58,46,46,46,0,0],"gold":160,"neow_bonus":"TEN_PERCENT_HP_BONUS","is_daily":false,"chose_seed":false,"campfire_upgraded":0,"win_rate":0.0,"timestamp":1607902890,"path_taken":["M","M","?","M","?","E","?","R","T","E","M","?","M","?","R","BOSS","M","?","?","?","?","R","M","M","T","?","E"],"items_purchased_type":["Card","Card"],"build_version":"2020-11-30","purchased_purges":1,"victory":false,"max_hp_per_floor":[82,82,82,82,82,82,82,82,82,82,82,82,82,82,82,82,82,82,82,82,82,82,82,82,82,82,82,82,82],"relic_stats":{"counters":[15,69],"Prayer Wheel":8,"Nloth\u0027s Gift":0,"Smiling Mask":25,"obtain_stats":[{"keyreminder:keyreminder":10,"SlaversCollar":17,"Prayer Wheel":6,"Nloth\u0027s Gift":21,"Kunai":10,"Cracked Core":0,"Smiling Mask":26,"FossilizedHelix":9},{"keyreminder:keyreminder":5,"SlaversCollar":9,"Prayer Wheel":4,"Nloth\u0027s Gift":11,"Kunai":5,"Cracked Core":0,"Smiling Mask":14,"FossilizedHelix":4},{"keyreminder:keyreminder":20,"SlaversCollar":40,"Prayer Wheel":12,"Nloth\u0027s Gift":48,"Kunai":20,"Cracked Core":0,"Smiling Mask":64,"FossilizedHelix":12}]},"card_choices":[{"not_picked":["Self Repair","Rebound"],"picked":"Streamline","floor":1},{"not_picked":["Go for the Eyes","Barrage","Rip and Tear"],"picked":"SKIP","floor":2},{"not_picked":["Leap","Steam"],"picked":"Streamline","floor":4},{"not_picked":["Heatsinks","Streamline"],"picked":"Seek","floor":6},{"not_picked":["Sweeping Beam","Loop"],"picked":"Gash","floor":10},{"not_picked":["Core Surge","Storm"],"picked":"White Noise","floor":11},{"not_picked":["Compile Driver","Cold Snap","Barrage"],"picked":"SKIP","floor":11},{"not_picked":["Static Discharge","Turbo"],"picked":"Coolheaded","floor":13},{"not_picked":["Steam","Conserve Battery","Sweeping Beam"],"picked":"SKIP","floor":13},{"not_picked":["Defragment","Rip and Tear"],"picked":"Beam Cell","floor":14},{"not_picked":["Redo","Go for the Eyes"],"picked":"Turbo","floor":14},{"not_picked":["Core Surge","Echo Form"],"picked":"Reboot","floor":16},{"not_picked":["Auto Shields","Reprogram"],"picked":"Hologram","floor":18},{"not_picked":["Go for the Eyes","Stack","Tempest"],"picked":"SKIP","floor":18},{"not_picked":["Steam","Sweeping Beam"],"picked":"Sunder","floor":20},{"not_picked":["Cold Snap","Sweeping Beam","Chaos"],"picked":"SKIP","floor":20},{"not_picked":["Hologram","Stack"],"picked":"Storm","floor":22},{"not_picked":["Go for the Eyes","Sunder"],"picked":"Turbo","floor":22},{"not_picked":["Scrape","Chill"],"picked":"FTL+1","floor":24},{"not_picked":["Doom and Gloom+1","Redo","Ball Lightning"],"picked":"SKIP","floor":24},{"not_picked":["Compile Driver+1","Undo"],"picked":"BootSequence","floor":25},{"not_picked":["Recycle","Coolheaded"],"picked":"Double Energy","floor":25}],"player_experience":129219,"relics_obtained":[{"floor":6,"key":"Prayer Wheel"},{"floor":9,"key":"FossilizedHelix"},{"floor":10,"key":"Kunai"},{"floor":26,"key":"Smiling Mask"}],"event_choices":[{"damage_healed":0,"gold_gain":0,"cards_transformed":["Strike_B"],"player_choice":"Change","damage_taken":0,"max_hp_gain":0,"max_hp_loss":0,"event_name":"Living Wall","floor":3,"gold_loss":0,"cards_obtained":["Capacitor"]},{"cards_removed":["Strike_B"],"damage_healed":0,"gold_gain":0,"player_choice":"Card Removal","damage_taken":0,"max_hp_gain":0,"max_hp_loss":0,"event_name":"The Cleric","floor":5,"gold_loss":50},{"damage_healed":0,"gold_gain":0,"player_choice":"Ignored","damage_taken":0,"max_hp_gain":0,"max_hp_loss":0,"event_name":"Liars Game","floor":7,"gold_loss":0},{"cards_removed":["Seek"],"damage_healed":0,"gold_gain":0,"player_choice":"Give","damage_taken":0,"max_hp_gain":0,"max_hp_loss":0,"event_name":"betterNote:BetterNote","floor":19,"gold_loss":0,"cards_obtained":["None"]},{"damage_healed":0,"gold_gain":0,"player_choice":"Traded Relic","damage_taken":0,"relics_obtained":["Nloth\u0027s Gift"],"max_hp_gain":0,"max_hp_loss":0,"event_name":"N\u0027loth","floor":21,"relics_lost":["Kunai"],"gold_loss":0}],"is_beta":false,"boss_relics":[{"not_picked":["Ectoplasm","Snecko Eye"],"picked":"SlaversCollar"}],"items_purged_floors":[27],"is_endless":false,"potions_floor_spawned":[1,10,14,20,24],"killed_by":"Gremlin Leader","ascension_level":0}}