{"host":"2ccem01eblg14btk","time":1607888320,"event":{"mods":["BaseMod","Colored Map","Downfall","Minty Spire (QoL Compilation)","Quick Restart","StSLib"],"gold_per_floor":[99,118,132,132,147,147,147,157,187,187,207,225,242,28,44,44,44],"floor_reached":16,"playtime":543,"items_purged":[],"score":106,"play_id":"8d0593c2-1a3a-4a9a-a805-851b95192434","local_time":"20201213203840","is_ascension_mode":false,"campfire_choices":[{"data":"Apotheosis","floor":1.0,"key":"SMITH"},{"floor":6.0,"key":"REST"},{"floor":10.0,"key":"REST"}],"circlet_count":0,"master_deck":["champ:Strike","champ:Strike","champ:Strike","champ:Strike","champ:Defend","champ:Defend","champ:Defend","champ:Defend","champ:Execute","champ:Taunt","Decay","Apotheosis+1","champ:ViciousMockery","champ:Aggression","champ:Devastate","champ:BladeFlurry","champ:StanceDance","champ:BladeFlurry","champ:DeathBlow","champ:Shatter"],"relics":["champ:ChampionCrown","The Courier","Torii","Shuriken"],"acts_visited":["Exordium"],"potions_floor_usage":[15,16,16],"damage_taken":[{"damage":8.0,"enemies":"Jaw Worm","floor":2.0,"turns":3.0},{"damage":26.0,"enemies":"Cultist","floor":3.0,"turns":5.0},{"damage":5.0,"enemies":"2 Louse","floor":5.0,"turns":4.0},{"damage":0.0,"enemies":"Lots of Slimes","floor":8.0,"turns":1.0},{"damage":34.0,"enemies":"Gremlin Nob","floor":9.0,"turns":4.0},{"damage":20.0,"enemies":"Blue Slaver","floor":11.0,"turns":5.0},{"damage":14.0,"enemies":"Exordium Wildlife","floor":12.0,"turns":3.0},{"damage":5.0,"enemies":"Exordium Thugs","floor":13.0,"turns":5.0},{"damage":7.0,"enemies":"downfall:FleeingMerchant","floor":14.0,"turns":4.0},{"damage":24,"enemies":"Gremlin Gang","floor":15,"turns":2},{"damage":28,"enemies":"downfall:Silent","floor":16,"turns":2}],"seed_played":"1210425812644333012","potions_obtained":[{"floor":8.0,"key":"champ:UltimateStancePotion"},{"floor":11.0,"key":"LiquidBronze"},{"floor":12.0,"key":"DuplicationPotion"},{"floor":13.0,"key":"champ:CounterPotion"}],"is_trial":false,"path_per_floor":["R","M","M","?","M","R","T","M","E","R","M","M","M","$","M","B"],"character_chosen":"THE_CHAMP","items_purchased":["Shuriken"],"campfire_rested":2,"item_purchase_floors":[14],"current_hp_per_floor":[90,87,66,51,46,73,73,73,39,66,46,37,32,25,25,0,0],"gold":44,"neow_bonus":"RANDOM_COLORLESS_2","is_daily":false,"chose_seed":false,"campfire_upgraded":1,"win_rate":0.0,"timestamp":1607888320,"path_taken":["R","M","M","?","M","R","T","M","E","R","M","M","M","?","M","BOSS"],"items_purchased_type":["Relic"],"build_version":"2020-11-30","purchased_purges":0,"victory":false,"max_hp_per_floor":[90,90,90,90,90,90,90,90,90,90,90,90,90,90,90,90,90],"card_choices":[{"not_picked":["Thinking Ahead","Metamorphosis"],"picked":"Apotheosis","floor":0.0},{"not_picked":["champ:FlashCut","champ:Encircle"],"picked":"champ:ViciousMockery","floor":2.0},{"not_picked":["champ:CrookedStrike","champ:BringItOn"],"picked":"champ:Aggression","floor":3.0},{"not_picked":["champ:BerserkersShout","champ:Encircle"],"picked":"champ:Devastate","floor":5.0},{"not_picked":["champ:DefensiveStyle","champ:TornadoPunch"],"picked":"champ:BladeFlurry","floor":8.0},{"not_picked":["champ:EnGarde","champ:Circumvent","champ:FlashCut"],"picked":"SKIP","floor":9.0},{"not_picked":["champ:DefensiveStyle","champ:BringItOn"],"picked":"champ:StanceDance","floor":11.0},{"not_picked":["champ:PerfectedStrike","champ:Backstep"],"picked":"champ:BladeFlurry","floor":12.0},{"not_picked":["champ:TornadoPunch","champ:DefensiveShout","champ:PerfectedStrike"],"picked":"SKIP","floor":13.0},{"not_picked":["champ:HeartStrike","champ:SwordThrow"],"picked":"champ:DeathBlow","floor":14.0},{"not_picked":["champ:Lariat","champ:AdrenalArmor"],"picked":"champ:Shatter","floor":15}],"player_experience":118072,"relics_obtained":[{"floor":7.0,"key":"The Courier"},{"floor":9.0,"key":"Torii"}],"event_choices":[],"is_beta":false,"boss_relics":[],"items_purged_floors":[],"is_endless":false,"potions_floor_spawned":[8,11,12,13],"killed_by":"downfall:Silent","ascension_level":0}}