{"host":"w4b7hmige5bnqipq","time":1607818221,"event":{"mods":["BaseMod","Minty Spire (QoL Compilation)","Rare Cards Sparkle","SuperFastMode","everything is the same but u backflip on backflip","slay the spire mod where everything is the same but ironclad has a cowboy hat"],"gold_per_floor":[15,32,50,50,62,93,93,125,125,144,171,81,111,128,128,226,226,236,247,247,261,274,274,304,304,304,304,331,331,363,363,363,363,363],"floor_reached":33,"playtime":1286,"items_purged":["Strike_R"],"score":520,"play_id":"dd3e0791-dae7-4c70-91f2-cc042427957c","local_time":"20201213081021","is_ascension_mode":true,"campfire_choices":[{"data":"Rage","floor":7,"key":"SMITH"},{"data":"Blood for Blood","floor":15,"key":"SMITH"},{"data":"Bludgeon","floor":23,"key":"SMITH"},{"data":"Evolve","floor":27,"key":"SMITH"},{"data":"Carnage","floor":29,"key":"SMITH"},{"floor":32,"key":"REST"}],"circlet_count":0,"master_deck":["AscendersBane","Strike_R","Strike_R","Strike_R+1","Defend_R","Defend_R","Defend_R","Bash+1","Rage+1","Pommel Strike+1","Bludgeon+1","Sentinel","Evolve+1","Inflame","Blood for Blood+1","Heavy Blade","Offering+1","Carnage+1","Burning Pact+1","Exhume"],"relics":["Burning Blood","Whetstone","Strawberry","The Courier","Champion Belt","Odd Mushroom","Snecko Eye","Juzu Bracelet","Singing Bowl","White Beast Statue","Vajra"],"acts_visited":["TheCity"],"potions_floor_usage":[13,16,28,30,33],"damage_taken":[{"damage":6.0,"enemies":"Cultist","floor":1.0,"turns":4.0},{"damage":3.0,"enemies":"2 Louse","floor":2.0,"turns":3.0},{"damage":1.0,"enemies":"Jaw Worm","floor":3.0,"turns":3.0},{"damage":18,"enemies":"Gremlin Gang","floor":5,"turns":6},{"damage":49,"enemies":"3 Sentries","floor":6,"turns":9},{"damage":3,"enemies":"Gremlin Nob","floor":8,"turns":3},{"damage":11,"enemies":"Looter","floor":10,"turns":2},{"damage":40,"enemies":"Lagavulin","floor":11,"turns":4},{"damage":8,"enemies":"The Mushroom Lair","floor":13,"turns":3},{"damage":16,"enemies":"Lots of Slimes","floor":14,"turns":5},{"damage":15,"enemies":"Hexaghost","floor":16,"turns":8},{"damage":21,"enemies":"3 Byrds","floor":18,"turns":6},{"damage":23,"enemies":"2 Thieves","floor":19,"turns":3},{"damage":0,"enemies":"Snake Plant","floor":21,"turns":2},{"damage":6,"enemies":"Shelled Parasite and Fungi","floor":22,"turns":2},{"damage":8,"enemies":"Slavers","floor":24,"turns":4},{"damage":21,"enemies":"Book of Stabbing","floor":28,"turns":3},{"damage":19,"enemies":"Gremlin Leader","floor":30,"turns":3},{"damage":117,"enemies":"Collector","floor":33,"turns":9}],"seed_played":"-9196955677626794120","potions_obtained":[{"floor":1.0,"key":"FairyPotion"},{"floor":2.0,"key":"FairyPotion"},{"floor":11,"key":"Fire Potion"},{"floor":14,"key":"ColorlessPotion"},{"floor":19,"key":"Block Potion"},{"floor":28,"key":"BloodPotion"},{"floor":30,"key":"Fire Potion"}],"is_trial":false,"path_per_floor":["M","M","M","?","M","E","R","E","T","M","E","$","?","M","R","B",null,"M","M","?","M","M","R","E","?","T","R","E","R","E","?","R","B"],"character_chosen":"IRONCLAD","items_purchased":["Inflame"],"campfire_rested":1,"item_purchase_floors":[12],"current_hp_per_floor":[72,75,80,80,68,25,25,35,35,30,32,32,30,20,20,11,68,53,36,36,42,42,42,40,40,40,40,25,25,31,31,57,0,0],"gold":363,"neow_bonus":"REMOVE_TWO","is_daily":false,"chose_seed":false,"campfire_upgraded":5,"win_rate":0.0,"timestamp":1607818221,"path_taken":["M","M","M","?","M","E","R","E","T","M","E","$","?","M","R","BOSS","M","M","?","?","M","R","E","?","T","R","E","R","E","?","R","BOSS"],"items_purchased_type":["Card"],"build_version":"2020-11-30","purchased_purges":1,"victory":false,"max_hp_per_floor":[80,80,80,80,80,80,80,87,87,87,87,87,87,87,87,87,87,87,87,87,87,87,87,87,87,87,87,87,87,89,89,89,89,89],"card_choices":[{"not_picked":["Heavy Blade","Havoc"],"picked":"Rage","floor":1.0},{"not_picked":["Body Slam","Rage","Sever Soul"],"picked":"SKIP","floor":2.0},{"not_picked":["Hemokinesis","Whirlwind"],"picked":"Pommel Strike","floor":3.0},{"not_picked":["Pommel Strike","Armaments"],"picked":"Bludgeon","floor":5},{"not_picked":["Combust","Twin Strike"],"picked":"Sentinel","floor":6},{"not_picked":["Wild Strike","Pommel Strike","Spot Weakness"],"picked":"SKIP","floor":8},{"not_picked":["Anger","Power Through"],"picked":"Evolve","floor":10},{"not_picked":["Pommel Strike","Iron Wave","Clothesline"],"picked":"SKIP","floor":11},{"not_picked":["Exhume","Warcry"],"picked":"Blood for Blood","floor":13},{"not_picked":["Intimidate","Perfected Strike"],"picked":"Heavy Blade","floor":14},{"not_picked":["Feed","Bludgeon"],"picked":"Offering","floor":16},{"not_picked":["Anger","Flex","Entrench"],"picked":"SKIP","floor":18},{"not_picked":["Perfected Strike","Body Slam+1","Twin Strike"],"picked":"SKIP","floor":19},{"not_picked":["True Grit","Flex","Seeing Red"],"picked":"SKIP","floor":21},{"not_picked":["Iron Wave","Headbutt"],"picked":"Carnage","floor":22},{"not_picked":["Warcry+1","Flex"],"picked":"Burning Pact+1","floor":24},{"not_picked":["Clothesline","Blood for Blood"],"picked":"Exhume","floor":28},{"not_picked":["Disarm","Heavy Blade","Intimidate"],"picked":"Singing Bowl","floor":30}],"player_experience":383321,"relics_obtained":[{"floor":6,"key":"Whetstone"},{"floor":8,"key":"Strawberry"},{"floor":9,"key":"The Courier"},{"floor":11,"key":"Champion Belt"},{"floor":13,"key":"Odd Mushroom"},{"floor":24,"key":"Juzu Bracelet"},{"floor":26,"key":"Singing Bowl"},{"floor":28,"key":"White Beast Statue"},{"floor":30,"key":"Vajra"}],"event_choices":[{"damage_healed":0,"gold_gain":0,"player_choice":"Grow","damage_taken":0,"max_hp_gain":0,"max_hp_loss":0,"event_name":"Living Wall","floor":4,"gold_loss":0,"cards_upgraded":["Bash"]},{"damage_healed":0,"gold_gain":0,"player_choice":"Fought Mushrooms","damage_taken":0,"max_hp_gain":0,"max_hp_loss":0,"event_name":"Mushrooms","floor":13,"gold_loss":0},{"damage_healed":0,"gold_gain":0,"player_choice":"Upgraded","damage_taken":0,"max_hp_gain":0,"max_hp_loss":0,"event_name":"Upgrade Shrine","floor":20,"gold_loss":0,"cards_upgraded":["Offering"]},{"damage_healed":0,"gold_gain":0,"player_choice":"Bought 0 Potions","damage_taken":0,"max_hp_gain":0,"max_hp_loss":0,"event_name":"The Woman in Blue","floor":25,"gold_loss":0},{"damage_healed":0,"gold_gain":0,"player_choice":"Ignored","damage_taken":0,"max_hp_gain":0,"max_hp_loss":0,"event_name":"Ghosts","floor":31,"gold_loss":0}],"is_beta":false,"boss_relics":[{"not_picked":["Velvet Choker","Coffee Dripper"],"picked":"Snecko Eye"}],"items_purged_floors":[12],"is_endless":false,"potions_floor_spawned":[1,2,3,8,11,14,19,22,28,30],"killed_by":"Collector","ascension_level":12}}