{"host":"ljavmhyz2e552xgo","time":1607825067,"event":{"mods":["BaseMod","Better Third Choice","Downfall","Friendly Minions","Minty Spire (QoL Compilation)","Permanent Neow","Relic Stats","Shop Mod","Spicy Shops","StSLib"],"gold_per_floor":[99,112,20,32,32,47,47,58,58,91,38,49,49,62,78,78,78],"floor_reached":16,"playtime":3695,"items_purged":[],"score":104,"play_id":"6e056dd1-c3c0-4847-9891-328b727c0383","local_time":"20201212200427","is_ascension_mode":false,"campfire_choices":[{"data":"Apotheosis","floor":1,"key":"SMITH"},{"data":"Slimebound:MegaLick","floor":5,"key":"SMITH"},{"floor":9,"key":"REST"}],"circlet_count":0,"master_deck":["Slimebound:Strike_Slimebound","Slimebound:Strike_Slimebound","Slimebound:Strike_Slimebound","Slimebound:Tackle","Slimebound:Defend_Slimebound","Slimebound:Defend_Slimebound","Slimebound:Defend_Slimebound","Slimebound:Defend_Slimebound","Slimebound:Split","Slimebound:CorrosiveSpit","Apotheosis+1","Slimebound:FormOfPuddle","Slimebound:MegaLick+1","Slimebound:Gluttony","Slimebound:GoopTackle","Slimebound:PressTheAttack","Slimebound:LeechEnergy","Slimebound:RollThrough","Slimebound:LeadByExample","Slimebound:AcidTongue","Slimebound:LeechingTouch","Slimebound:Grow"],"relics":["Slimebound:AbsorbEndCombat","Cauldron","Blue Candle","Girya"],"acts_visited":["Exordium"],"potions_floor_usage":[10,12,15,16,16],"damage_taken":[{"damage":2,"enemies":"2 Louse","floor":2,"turns":4},{"damage":12,"enemies":"downfall:FleeingMerchant","floor":3,"turns":4},{"damage":11,"enemies":"Cultist","floor":4,"turns":3},{"damage":26,"enemies":"Jaw Worm","floor":6,"turns":4},{"damage":7,"enemies":"Red Slaver","floor":8,"turns":2},{"damage":32,"enemies":"Gremlin Nob","floor":10,"turns":4},{"damage":8,"enemies":"downfall:FleeingMerchant","floor":11,"turns":4},{"damage":3,"enemies":"3 Louse","floor":12,"turns":2},{"damage":13,"enemies":"Blue Slaver","floor":14,"turns":3},{"damage":15,"enemies":"Exordium Wildlife","floor":15,"turns":5},{"damage":47,"enemies":"downfall:Defect","floor":16,"turns":4}],"seed_played":"-2903725662643482104","potions_obtained":[{"floor":2,"key":"BlessingOfTheForge"},{"floor":3,"key":"Block Potion"},{"floor":3,"key":"PowerPotion"},{"floor":3,"key":"Slimebound:ThreeZeroPotion"},{"floor":10,"key":"Explosive Potion"},{"floor":12,"key":"SkillPotion"}],"is_trial":false,"path_per_floor":["R","M","$","M","R","M","T","M","R","E","$","M","?","M","M","B"],"character_chosen":"SLIMEBOUND","items_purchased":["Cauldron","Slimebound:LeadByExample"],"campfire_rested":1,"item_purchase_floors":[3,11],"current_hp_per_floor":[42,44,46,47,47,35,35,34,52,34,30,29,29,18,19,0,0],"gold":78,"neow_bonus":"RANDOM_COLORLESS_2","is_daily":false,"chose_seed":false,"campfire_upgraded":2,"win_rate":0.0,"timestamp":1607825067,"path_taken":["R","M","$","M","R","M","T","M","R","E","$","M","?","?","M","BOSS"],"items_purchased_type":["Relic","Card"],"build_version":"2020-11-30","purchased_purges":0,"victory":false,"max_hp_per_floor":[60,60,60,60,60,60,60,60,60,60,60,60,60,60,60,60,60],"relic_stats":{"counters":[11,37],"Blue Candle":[0],"obtain_stats":[{"Cauldron":3,"Girya":10,"Blue Candle":7,"Slimebound:AbsorbEndCombat":0},{"Cauldron":2,"Girya":6,"Blue Candle":4,"Slimebound:AbsorbEndCombat":0},{"Cauldron":8,"Girya":20,"Blue Candle":15,"Slimebound:AbsorbEndCombat":0}]},"card_choices":[{"not_picked":["Secret Technique","Master of Strategy"],"picked":"Apotheosis","floor":0},{"not_picked":["Slimebound:LivingWall","Slimebound:GoopSpray"],"picked":"Slimebound:FormOfPuddle","floor":2},{"not_picked":["Slimebound:MinionMaster","Slimebound:Schlurp"],"picked":"Slimebound:MegaLick","floor":3},{"not_picked":["Slimebound:SamplingLick","Slimebound:RejuvenatingLick"],"picked":"Slimebound:Gluttony","floor":4},{"not_picked":["Slimebound:GrowthPunch","Slimebound:SplitBruiser"],"picked":"Slimebound:GoopTackle","floor":6},{"not_picked":["Slimebound:Schlurp","Slimebound:MegaLick"],"picked":"Slimebound:PressTheAttack","floor":8},{"not_picked":["Slimebound:MinionMaster","Slimebound:GoopSpray"],"picked":"Slimebound:LeechEnergy","floor":10},{"not_picked":["Slimebound:ViciousTackle","Slimebound:MinionMaster"],"picked":"Slimebound:RollThrough","floor":11},{"not_picked":["Slimebound:SplitLeeching","Slimebound:FirmFortitude"],"picked":"Slimebound:AcidTongue","floor":12},{"not_picked":["Slimebound:SplitAcid","Slimebound:LeadByExample"],"picked":"Slimebound:LeechingTouch","floor":14},{"not_picked":["Slimebound:SplitMire","Slimebound:SlimeSpikes"],"picked":"Slimebound:Grow","floor":15}],"player_experience":1375583,"relics_obtained":[{"floor":7,"key":"Blue Candle"},{"floor":10,"key":"Girya"}],"event_choices":[],"is_beta":false,"boss_relics":[],"items_purged_floors":[],"is_endless":false,"potions_floor_spawned":[2,8,10,12,14],"killed_by":"downfall:Defect","ascension_level":0}}