{"host":"y76clbnovzmw9ubx","time":1607897419,"event":{"mods":["AchievementEnabler","BaseMod","Minty Spire (QoL Compilation)","Permanent Neow","Relic Stats"],"gold_per_floor":[114,130,58,68,68,68,84,101,101,101,117,117,151,162,162,234,234,245,261,276,305,34,34,34],"floor_reached":23,"playtime":1849,"items_purged":[],"score":390,"play_id":"3f03055a-cc75-4071-b0f2-e1077ba46ce5","local_time":"20201213171019","is_ascension_mode":true,"campfire_choices":[{"floor":6,"key":"REST"},{"floor":10,"key":"REST"},{"data":"Defragment","floor":12,"key":"SMITH"},{"floor":15,"key":"REST"}],"circlet_count":0,"master_deck":["AscendersBane","Strike_B","Strike_B","Strike_B","Defend_B","Defend_B","Defend_B","Zap","Dualcast","Blizzard","Capacitor","Go for the Eyes","Conserve Battery","Genetic Algorithm","Cold Snap","Defragment+1","Seek","Core Surge","Glacier","Storm","Storm","Barrage+1","Steam"],"relics":["Cracked Core","Pocketwatch","Incense Burner","Runic Pyramid","Red Mask","Regal Pillow"],"acts_visited":["Exordium","TheCity"],"potions_floor_usage":[7,11,13,21,21,23,23],"damage_taken":[{"damage":4,"enemies":"Small Slimes","floor":1,"turns":3},{"damage":19,"enemies":"Jaw Worm","floor":2,"turns":4},{"damage":1,"enemies":"Cultist","floor":4,"turns":4},{"damage":6,"enemies":"Looter","floor":7,"turns":4},{"damage":21,"enemies":"Large Slime","floor":8,"turns":8},{"damage":2,"enemies":"3 Louse","floor":11,"turns":3},{"damage":26,"enemies":"Gremlin Nob","floor":13,"turns":4},{"damage":0,"enemies":"Looter","floor":14,"turns":4},{"damage":1,"enemies":"The Guardian","floor":16,"turns":14},{"damage":16,"enemies":"Shell Parasite","floor":18,"turns":8},{"damage":2,"enemies":"Spheric Guardian","floor":19,"turns":7},{"damage":9,"enemies":"Centurion and Healer","floor":20,"turns":10},{"damage":31,"enemies":"Masked Bandits","floor":21,"turns":6},{"damage":3,"enemies":"Slavers","floor":23,"turns":1}],"seed_played":"-6184227380367870971","potions_obtained":[{"floor":2,"key":"Explosive Potion"},{"floor":5,"key":"Block Potion"},{"floor":7,"key":"AttackPotion"},{"floor":13,"key":"FocusPotion"},{"floor":16,"key":"GamblersBrew"},{"floor":21,"key":"Weak Potion"}],"is_trial":false,"path_per_floor":["M","M","?","M","?","R","M","M","T","R","M","R","E","M","R","B",null,"M","M","M","?","$","E"],"character_chosen":"DEFECT","items_purchased":["Regal Pillow","Steam","AttackPotion"],"campfire_rested":3,"item_purchase_floors":[22,22,22],"current_hp_per_floor":[42,23,23,22,22,43,37,16,16,37,35,35,9,9,30,29,61,45,43,34,3,3,0,0],"gold":34,"neow_bonus":"TRANSFORM_TWO_CARDS","is_daily":false,"chose_seed":false,"campfire_upgraded":1,"win_rate":0.0,"timestamp":1607897419,"path_taken":["M","M","?","M","?","R","M","M","T","R","?","R","E","M","R","BOSS","M","M","M","?","$","E"],"items_purchased_type":["Relic","Card","Potion"],"build_version":"2020-11-30","purchased_purges":0,"victory":false,"max_hp_per_floor":[71,71,71,71,71,71,71,71,71,71,71,71,71,71,71,71,71,71,71,71,71,71,71,71],"relic_stats":{"Regal Pillow":0,"counters":[14,80],"obtain_stats":[{"Regal Pillow":22,"Incense Burner":13,"Red Mask":21,"Cracked Core":0,"Pocketwatch":9,"Runic Pyramid":17},{"Regal Pillow":13,"Incense Burner":7,"Red Mask":13,"Cracked Core":0,"Pocketwatch":5,"Runic Pyramid":9},{"Regal Pillow":79,"Incense Burner":30,"Red Mask":79,"Cracked Core":0,"Pocketwatch":23,"Runic Pyramid":48}],"Pocketwatch":[41]},"card_choices":[{"not_picked":["Leap","Hologram"],"picked":"Go for the Eyes","floor":1},{"not_picked":["Heatsinks","Fission"],"picked":"Conserve Battery","floor":2},{"not_picked":["Streamline","BootSequence"],"picked":"Genetic Algorithm","floor":4},{"not_picked":["Doom and Gloom","Darkness","Gash"],"picked":"SKIP","floor":7},{"not_picked":["Leap","Stack"],"picked":"Cold Snap","floor":8},{"not_picked":["Coolheaded","Leap"],"picked":"Defragment","floor":11},{"not_picked":["Rebound","Ball Lightning"],"picked":"Seek","floor":13},{"not_picked":["Go for the Eyes","Steam","Beam Cell"],"picked":"SKIP","floor":14},{"not_picked":["Machine Learning","Amplify"],"picked":"Core Surge","floor":16},{"not_picked":["Fusion","Hologram"],"picked":"Glacier","floor":18},{"not_picked":["Gash","Beam Cell"],"picked":"Storm","floor":19},{"not_picked":["Streamline","Rebound"],"picked":"Storm","floor":20},{"not_picked":["Hologram","Redo"],"picked":"Barrage+1","floor":21}],"player_experience":2851244,"relics_obtained":[{"floor":9,"key":"Pocketwatch"},{"floor":13,"key":"Incense Burner"},{"floor":21,"key":"Red Mask"}],"event_choices":[{"damage_healed":0,"gold_gain":0,"player_choice":"Left Gold","damage_taken":0,"max_hp_gain":0,"max_hp_loss":0,"event_name":"World of Goop","floor":3,"gold_loss":72},{"damage_healed":0,"gold_gain":0,"player_choice":"Got Potions","damage_taken":0,"max_hp_gain":0,"max_hp_loss":0,"event_name":"Lab","floor":5,"gold_loss":0},{"damage_healed":0,"gold_gain":0,"player_choice":"Fought Bandits","damage_taken":0,"max_hp_gain":0,"max_hp_loss":0,"event_name":"Masked Bandits","floor":21,"gold_loss":0}],"is_beta":false,"boss_relics":[{"not_picked":["Ectoplasm","Tiny House"],"picked":"Runic Pyramid"}],"items_purged_floors":[],"is_endless":false,"potions_floor_spawned":[2,7,8,13,16,18,20,21],"killed_by":"Slavers","ascension_level":20}}