{"host":"zr590xw2unlz0wv7","time":1607881743,"event":{"mods":["BaseMod","Minty Spire (QoL Compilation)","READ ME - Guardian Mod","StSLib"],"gold_per_floor":[114,114,114,134,134,160,172,189,238,255,265,265,286,306,306,403,403,421,440,7,7,7],"floor_reached":21,"playtime":1811,"items_purged":["Gash"],"score":220,"play_id":"677fcc59-88f7-4731-a9ac-1f98074b41f8","local_time":"20201214014903","is_ascension_mode":true,"campfire_choices":[{"floor":12,"key":"REST"},{"floor":15,"key":"REST"}],"circlet_count":0,"master_deck":["Strike_B","Strike_B","Strike_B","Strike_B","Defend_B+1","Defend_B","Defend_B","Defend_B","Zap+1","Dualcast+1","BootSequence","Heatsinks","Static Discharge","FTL","Darkness","Redo","Redo","Sunder","Multi-Cast","Electrodynamics","Chaos","Storm","Self Repair","Fusion"],"relics":["Cracked Core","White Beast Statue","Tiny Chest","Odd Mushroom","Snecko Eye","Membership Card","Toxic Egg 2"],"acts_visited":["Exordium","TheCity"],"potions_floor_usage":[6,6,13,16,21],"damage_taken":[{"damage":12,"enemies":"Jaw Worm","floor":1,"turns":3},{"damage":0,"enemies":"Small Slimes","floor":4,"turns":3},{"damage":12,"enemies":"Lagavulin","floor":6,"turns":6},{"damage":0,"enemies":"Cultist","floor":7,"turns":3},{"damage":12,"enemies":"2 Fungi Beasts","floor":8,"turns":4},{"damage":0,"enemies":"Blue Slaver","floor":10,"turns":3},{"damage":11,"enemies":"3 Louse","floor":11,"turns":2},{"damage":10,"enemies":"The Mushroom Lair","floor":13,"turns":3},{"damage":1,"enemies":"Looter","floor":14,"turns":2},{"damage":22,"enemies":"Hexaghost","floor":16,"turns":8},{"damage":52,"enemies":"Shell Parasite","floor":18,"turns":6},{"damage":11,"enemies":"Spheric Guardian","floor":19,"turns":3},{"damage":20,"enemies":"Masked Bandits","floor":21,"turns":2}],"seed_played":"-8326279965463784382","potions_obtained":[{"floor":1,"key":"SteroidPotion"},{"floor":3,"key":"Explosive Potion"},{"floor":3,"key":"FocusPotion"},{"floor":3,"key":"Fire Potion"},{"floor":7,"key":"Energy Potion"},{"floor":8,"key":"Weak Potion"},{"floor":13,"key":"SteroidPotion"},{"floor":14,"key":"DistilledChaos"},{"floor":16,"key":"DuplicationPotion"}],"is_trial":false,"path_per_floor":["M","?","?","M","?","E","M","M","T","M","M","R","?","M","R","B",null,"M","M","$","?"],"character_chosen":"DEFECT","items_purchased":["Membership Card","Self Repair","Fusion","Toxic Egg 2"],"campfire_rested":2,"item_purchase_floors":[20,20,20,20],"current_hp_per_floor":[63,48,48,48,48,36,36,24,24,24,13,35,25,24,46,24,75,23,12,12,0,0],"gold":7,"neow_bonus":"THREE_CARDS","is_daily":false,"chose_seed":false,"campfire_upgraded":0,"win_rate":0.0,"timestamp":1607881743,"path_taken":["M","?","?","?","?","E","M","M","T","M","M","R","?","M","R","BOSS","M","M","$","?"],"items_purchased_type":["Relic","Card","Card","Relic"],"build_version":"2020-11-30","purchased_purges":1,"victory":false,"max_hp_per_floor":[75,75,75,75,75,75,75,75,75,75,75,75,75,75,75,75,75,75,75,75,75,75],"card_choices":[{"not_picked":["Rebound","Turbo"],"picked":"Gash","floor":0},{"not_picked":["Redo","Turbo"],"picked":"BootSequence","floor":1},{"not_picked":["Aggregate","Steam"],"picked":"Heatsinks","floor":4},{"not_picked":["Sweeping Beam","Streamline"],"picked":"Static Discharge","floor":6},{"not_picked":["Barrage","Redo"],"picked":"FTL","floor":7},{"not_picked":["Turbo","Force Field"],"picked":"Darkness","floor":8},{"not_picked":["Double Energy","Skim"],"picked":"Redo","floor":10},{"not_picked":["Cold Snap","Reinforced Body"],"picked":"Redo","floor":11},{"not_picked":["Coolheaded","Compile Driver"],"picked":"Sunder","floor":13},{"not_picked":["Compile Driver","Tempest"],"picked":"Multi-Cast","floor":14},{"not_picked":["Echo Form","Machine Learning"],"picked":"Electrodynamics","floor":16},{"not_picked":["Sunder","Undo+1"],"picked":"Chaos","floor":18},{"not_picked":["Skim","Steam+1"],"picked":"Storm","floor":19}],"player_experience":469277,"relics_obtained":[{"floor":6,"key":"White Beast Statue"},{"floor":9,"key":"Tiny Chest"},{"floor":13,"key":"Odd Mushroom"}],"event_choices":[{"damage_healed":0,"gold_gain":0,"player_choice":"Entered Light","damage_taken":15,"max_hp_gain":0,"max_hp_loss":0,"event_name":"Shining Light","floor":2,"gold_loss":0,"cards_upgraded":["Defend_B","Zap"]},{"damage_healed":0,"gold_gain":0,"player_choice":"Got Potions","damage_taken":0,"max_hp_gain":0,"max_hp_loss":0,"event_name":"Lab","floor":3,"gold_loss":0},{"damage_healed":0,"gold_gain":0,"player_choice":"Grow","damage_taken":0,"max_hp_gain":0,"max_hp_loss":0,"event_name":"Living Wall","floor":5,"gold_loss":0,"cards_upgraded":["Dualcast"]},{"damage_healed":0,"gold_gain":0,"player_choice":"Fought Mushrooms","damage_taken":0,"max_hp_gain":0,"max_hp_loss":0,"event_name":"Mushrooms","floor":13,"gold_loss":0},{"damage_healed":0,"gold_gain":0,"player_choice":"Fought Bandits","damage_taken":0,"max_hp_gain":0,"max_hp_loss":0,"event_name":"Masked Bandits","floor":21,"gold_loss":0}],"is_beta":false,"boss_relics":[{"not_picked":["FrozenCore","Philosopher\u0027s Stone"],"picked":"Snecko Eye"}],"items_purged_floors":[20],"is_endless":false,"potions_floor_spawned":[1,7,8,10,11,13,14,16,18,19],"killed_by":"Masked Bandits","ascension_level":4}}