{"host":"vzugls1u57eppbds","time":1607886054,"event":{"mods":["AchievementEnabler","BaseMod","Better Third Choice","Minty Spire (QoL Compilation)","Relic Stats","Shop Mod","StSLib","The IronCluck"],"gold_per_floor":[109,123,123,139,152,185,185,205,205,52,83,83,102,121,121,216,216,234,234,250,260,70,103,103,138,138,153,169,179,179,199,199,199,199],"floor_reached":33,"playtime":1168,"items_purged":[],"score":328,"play_id":"628aff89-d0c9-4ee2-aae9-8b321f272eb3","local_time":"20201213200054","is_ascension_mode":false,"campfire_choices":[{"floor":12,"key":"REST"},{"floor":15,"key":"REST"},{"floor":32,"key":"REST"}],"circlet_count":0,"master_deck":["Strike_B","Strike_B","Strike_B","Strike_B+1","Defend_B","Defend_B","Defend_B","Zap+1","Glacier","Cold Snap","Sweeping Beam","Cold Snap+1","Sweeping Beam","Reboot","Go for the Eyes","Sweeping Beam","Heatsinks","Cold Snap","Go for the Eyes","Buffer","CurseOfTheBell","Sweeping Beam+1","Aggregate+1","Transmutation","Blizzard","Auto Shields","Beam Cell","Sweeping Beam+1"],"relics":["Cracked Core","Bottled Flame","Shuriken","Orrery","Incense Burner","Calling Bell","Strawberry","Gremlin Horn","Ginger","Mercury Hourglass","Vajra","HornCleat"],"acts_visited":["Exordium","TheCity"],"potions_floor_usage":[11,13,25,25,27,31],"damage_taken":[{"damage":1,"enemies":"Cultist","floor":1,"turns":4},{"damage":6,"enemies":"Jaw Worm","floor":2,"turns":3},{"damage":0,"enemies":"Small Slimes","floor":4,"turns":3},{"damage":1,"enemies":"Exordium Wildlife","floor":5,"turns":6},{"damage":15,"enemies":"Gremlin Nob","floor":6,"turns":4},{"damage":6,"enemies":"Red Slaver","floor":8,"turns":3},{"damage":2,"enemies":"3 Sentries","floor":11,"turns":5},{"damage":0,"enemies":"Lots of Slimes","floor":13,"turns":1},{"damage":3,"enemies":"Looter","floor":14,"turns":3},{"damage":5,"enemies":"Slime Boss","floor":16,"turns":7},{"damage":4,"enemies":"Spheric Guardian","floor":18,"turns":4},{"damage":0,"enemies":"3 Byrds","floor":20,"turns":2},{"damage":0,"enemies":"Cultist and Chosen","floor":21,"turns":4},{"damage":18,"enemies":"Gremlin Leader","floor":23,"turns":5},{"damage":54,"enemies":"Book of Stabbing","floor":25,"turns":8},{"damage":0,"enemies":"Snecko","floor":27,"turns":4},{"damage":13,"enemies":"Snake Plant","floor":28,"turns":3},{"damage":0,"enemies":"Cultist and Chosen","floor":29,"turns":4},{"damage":0,"enemies":"Shelled Parasite and Fungi","floor":31,"turns":4},{"damage":54,"enemies":"Champ","floor":33,"turns":9}],"seed_played":"8273123062170700163","potions_obtained":[{"floor":2,"key":"Block Potion"},{"floor":8,"key":"Explosive Potion"},{"floor":16,"key":"FairyPotion"},{"floor":20,"key":"FocusPotion"},{"floor":23,"key":"PowerPotion"},{"floor":25,"key":"DistilledChaos"},{"floor":29,"key":"Swift Potion"}],"is_trial":false,"path_per_floor":["M","M","?","M","M","E","?","M","T","$","E","R","M","M","R","B",null,"M","?","M","M","$","E","?","E","T","M","M","M","?","M","R","B"],"character_chosen":"DEFECT","items_purchased":["Orrery","Transmutation"],"campfire_rested":3,"item_purchase_floors":[10,22],"current_hp_per_floor":[53,47,47,47,46,31,16,10,10,10,8,30,30,27,49,44,82,78,78,78,78,78,60,60,6,6,6,19,19,19,19,43,0,0],"gold":199,"neow_bonus":"REMOVE_TWO","is_daily":false,"chose_seed":false,"campfire_upgraded":0,"win_rate":0.0,"timestamp":1607886054,"path_taken":["M","?","?","M","?","E","?","M","T","?","E","R","M","M","R","BOSS","M","?","M","?","$","E","?","E","T","M","?","M","?","M","R","BOSS"],"items_purchased_type":["Relic","Card"],"build_version":"2020-11-30","purchased_purges":0,"victory":false,"max_hp_per_floor":[75,75,75,75,75,75,75,75,75,75,75,75,75,75,75,75,82,82,82,82,82,82,82,82,82,82,82,82,82,82,82,82,82,82],"relic_stats":{"Gremlin Horn":[9,9],"counters":[20,86],"Shuriken":[37],"Ginger":[11],"obtain_stats":[{"Calling Bell":17,"Bottled Flame":6,"HornCleat":26,"Gremlin Horn":17,"Shuriken":9,"Strawberry":17,"Orrery":10,"Vajra":25,"Incense Burner":11,"Ginger":17,"Cracked Core":0,"Mercury Hourglass":23},{"Calling Bell":10,"Bottled Flame":5,"HornCleat":15,"Gremlin Horn":10,"Shuriken":6,"Strawberry":10,"Orrery":6,"Vajra":15,"Incense Burner":7,"Ginger":10,"Cracked Core":0,"Mercury Hourglass":14},{"Calling Bell":39,"Bottled Flame":20,"HornCleat":62,"Gremlin Horn":39,"Shuriken":23,"Strawberry":39,"Orrery":23,"Vajra":62,"Incense Burner":28,"Ginger":39,"Cracked Core":0,"Mercury Hourglass":54}],"Mercury Hourglass":[72]},"card_choices":[{"not_picked":["Compile Driver","Stack","Redo"],"picked":"SKIP","floor":1},{"not_picked":["Ball Lightning","Recycle"],"picked":"Glacier","floor":2},{"not_picked":["Stack","Reinforced Body"],"picked":"Cold Snap","floor":4},{"not_picked":["Redo","Turbo"],"picked":"Sweeping Beam","floor":5},{"not_picked":["Darkness","Stack"],"picked":"Cold Snap","floor":6},{"not_picked":["Consume","Heatsinks"],"picked":"Sweeping Beam","floor":8},{"not_picked":["Consume","Barrage"],"picked":"Reboot","floor":10},{"not_picked":["BootSequence","Steam"],"picked":"Go for the Eyes","floor":10},{"not_picked":["Storm","Aggregate"],"picked":"Sweeping Beam","floor":10},{"not_picked":["Coolheaded","Beam Cell"],"picked":"Heatsinks","floor":11},{"not_picked":["Coolheaded","Steam Power"],"picked":"Cold Snap","floor":13},{"not_picked":["Redo","Seek"],"picked":"Go for the Eyes","floor":14},{"not_picked":["Seek","Hyperbeam"],"picked":"Buffer","floor":16},{"not_picked":["Rebound","FTL"],"picked":"Sweeping Beam+1","floor":18},{"not_picked":["Compile Driver","Rip and Tear"],"picked":"Aggregate+1","floor":20},{"not_picked":["Lockon","Reinforced Body","Ball Lightning"],"picked":"SKIP","floor":21},{"not_picked":["Coolheaded+1","Beam Cell"],"picked":"Blizzard","floor":23},{"not_picked":["Undo+1","Cold Snap"],"picked":"Auto Shields","floor":25},{"not_picked":["Double Energy","Fusion","Cold Snap"],"picked":"SKIP","floor":27},{"not_picked":["Rip and Tear+1","Self Repair+1"],"picked":"Beam Cell","floor":28},{"not_picked":["Undo","Doom and Gloom","Force Field"],"picked":"SKIP","floor":29},{"not_picked":["Glacier","Redo"],"picked":"Sweeping Beam+1","floor":31}],"player_experience":212662,"relics_obtained":[{"floor":6,"key":"Bottled Flame"},{"floor":9,"key":"Shuriken"},{"floor":11,"key":"Incense Burner"},{"floor":17,"key":"Strawberry"},{"floor":17,"key":"Gremlin Horn"},{"floor":17,"key":"Ginger"},{"floor":23,"key":"Mercury Hourglass"},{"floor":25,"key":"Vajra"},{"floor":26,"key":"HornCleat"}],"event_choices":[{"damage_healed":0,"gold_gain":0,"player_choice":"Upgraded","damage_taken":0,"max_hp_gain":0,"max_hp_loss":0,"event_name":"Upgrade Shrine","floor":3,"gold_loss":0,"cards_upgraded":["Zap"]},{"damage_healed":31,"gold_gain":0,"player_choice":"Upgrade","damage_taken":15,"max_hp_gain":0,"max_hp_loss":75,"event_name":"betterThird:BetterShining","floor":7,"gold_loss":0,"cards_upgraded":["Strike_B","Cold Snap"]},{"damage_healed":0,"gold_gain":0,"player_choice":"0 cards matched","damage_taken":0,"max_hp_gain":0,"max_hp_loss":0,"event_name":"Match and Keep!","floor":19,"gold_loss":0,"cards_obtained":[]},{"damage_healed":0,"gold_gain":0,"player_choice":"Bought 0 Potions","damage_taken":0,"max_hp_gain":0,"max_hp_loss":0,"event_name":"The Woman in Blue","floor":24,"gold_loss":0},{"damage_healed":0,"gold_gain":0,"player_choice":"Ignored","damage_taken":0,"max_hp_gain":0,"max_hp_loss":0,"event_name":"Cursed Tome","floor":30,"gold_loss":0}],"is_beta":false,"boss_relics":[{"not_picked":["Snecko Eye","Velvet Choker"],"picked":"Calling Bell"}],"items_purged_floors":[],"is_endless":false,"potions_floor_spawned":[2,8,16,20,23,25,29],"killed_by":"Champ","ascension_level":0}}