{"host":"wppa8gky53tnknhf","time":1607828904,"event":{"mods":["AchievementEnabler","Act Like it!","BaseMod","Better Third Choice","BetterRewards","Card Forge","Colored Powertips","Energized Spire","Hubris","Infinite Spire","Marked Mod","Minty Spire (QoL Compilation)","Permanent Neow","Quick Restart","Rare Cards Sparkle","Relic Stats","Remove Card Discount Mod","Replay The Spire","Spikes Relics","Spire Birthday Party","StSLib"],"gold_per_floor":[112,131,149,149,159,192,192,218,290,309,309,319,344,363,363,463,463,476,495,508,523,382,407,407,419,419,419,450,465,475,506,506,606,606,617,633,650,83,83,112,112,142,189,189,217,233,233,251,251,251,251,251,24,58,58,58],"floor_reached":55,"playtime":1820,"items_purged":[],"score":1198,"play_id":"bd5dbff6-0873-4382-86e0-86297401a5dc","local_time":"20201213030824","is_ascension_mode":true,"campfire_choices":[{"floor":7,"key":"RECALL"},{"floor":11,"key":"REST"},{"floor":15,"key":"REST"},{"floor":27,"key":"REST"},{"floor":32,"key":"REST"},{"floor":41,"key":"REST"},{"floor":44,"key":"REST"},{"floor":49,"key":"REST"},{"floor":52,"key":"REST"}],"circlet_count":0,"master_deck":["Strike_R+1","Strike_R+1","Strike_R+1","Strike_R+1","Strike_R+1","Defend_R+1","Defend_R+1","Defend_R+1","Defend_R+1","Bash+1","Inflame+1","Infernal Blade+1","hubris:StunningStrike+1","Cleave+1","BarbarianYell+1","BarbarianYell+1","Sword Boomerang+1","Uppercut+1","Heavy Blade+1","Berserk+1","Thunderclap+1","Iron Wave+1","Perfected Strike+1","Body Slam+1","Inflame+1","Clash+1","hubris:StunningStrike+1","Exhume+1","Heavy Blade+1","Sword Boomerang+1","Rage+1","Shrug It Off+1","Pummel+1","Reaper+1","Carnage+1","Twin Strike+1","Shockwave+1","Shrug It Off+1","Body Slam+1","Shockwave+1","Demon Form+1","hubris:Fate+1","hubris:Fate+1","infinitespire:Gouge+1","hubris:DuctTapeCard","infinitespire:Menacing+1","Metallicize+1","ReplayTheSpireMod:Brewmster+1"],"relics":["Burning Blood","Hammer of Thor","Seething Fire","Anvil of the Gods","WingedGreaves","Sling","hubris:Zylophone","Letter Opener","infinitespire:CursedDice","ChewingGum","ReplayTheSpireMod:CursedCoin","NlothsMask","Pen Nib","Red Skull","Juzu Bracelet","ReplayTheSpireMod:Spearhead","hubris:ToyBattleship","ShockBauble","hubris:DuctTape","infinitespire:Bottled Soul"],"acts_visited":["Exordium","TheCity","TheBeyond","TheEnding"],"potions_floor_usage":[18,20,31,33,37,48,55,55,55,55,55,55,55],"damage_taken":[{"damage":0,"enemies":"Small Slimes","floor":1,"turns":3},{"damage":0,"enemies":"2 Louse","floor":2,"turns":3},{"damage":6,"enemies":"Cultist","floor":3,"turns":3},{"damage":5,"enemies":"3 Louse","floor":5,"turns":4},{"damage":3,"enemies":"Replay:BlueRogue","floor":6,"turns":5},{"damage":20,"enemies":"3 Sentries","floor":8,"turns":5},{"damage":8,"enemies":"Blue Slaver","floor":10,"turns":4},{"damage":10,"enemies":"Exordium Wildlife","floor":12,"turns":3},{"damage":6,"enemies":"Gremlin Nob","floor":13,"turns":4},{"damage":2,"enemies":"Red Slaver","floor":14,"turns":3},{"damage":0,"enemies":"Slime Boss","floor":16,"turns":4},{"damage":0,"enemies":"Chosen","floor":18,"turns":3},{"damage":2,"enemies":"Spheric Guardian","floor":19,"turns":3},{"damage":0,"enemies":"Cultist and Chosen","floor":20,"turns":3},{"damage":23,"enemies":"Snecko","floor":21,"turns":5},{"damage":7,"enemies":"Book of Stabbing","floor":23,"turns":4},{"damage":18,"enemies":"Sentry and Sphere","floor":25,"turns":4},{"damage":33,"enemies":"Replay:Snechameleon","floor":28,"turns":6},{"damage":7,"enemies":"Centurion and Healer","floor":29,"turns":4},{"damage":12,"enemies":"3 Cultists","floor":30,"turns":4},{"damage":0,"enemies":"Book of Stabbing","floor":31,"turns":3},{"damage":66,"enemies":"Automaton","floor":33,"turns":8},{"damage":0,"enemies":"3 Shapes","floor":35,"turns":3},{"damage":2,"enemies":"Orb Walker","floor":36,"turns":3},{"damage":26,"enemies":"Transient","floor":37,"turns":5},{"damage":9,"enemies":"Giant Head","floor":40,"turns":7},{"damage":37,"enemies":"Reptomancer","floor":42,"turns":5},{"damage":38,"enemies":"Nightmare","floor":45,"turns":8},{"damage":7,"enemies":"3 Darklings","floor":46,"turns":3},{"damage":0,"enemies":"4 Shapes","floor":48,"turns":3},{"damage":56,"enemies":"Time Eater","floor":50,"turns":9},{"damage":99,"enemies":"Shield and Spear","floor":54,"turns":5},{"damage":35,"enemies":"The Heart","floor":55,"turns":5}],"seed_played":"9066781564421796975","potions_obtained":[{"floor":6,"key":"FearPotion"},{"floor":8,"key":"FearPotion"},{"floor":10,"key":"Block Potion"},{"floor":16,"key":"Adrenaline Potion"},{"floor":18,"key":"Strength Potion"},{"floor":23,"key":"Milkshake"},{"floor":25,"key":"Adrenaline Potion"},{"floor":33,"key":"SkillPotion"},{"floor":35,"key":"Languid Potion"},{"floor":42,"key":"SkillPotion"}],"is_trial":false,"path_per_floor":["M","M","M","?","M","E","R","E","T","M","R","M","E","M","R","B",null,"M","M","M","M","$","E","?","M","T","R","E","M","M","E","R","B",null,"M","M","M","$","?","E","R","E","T","R","NM","M","AVR","M","R","B",null,"R","$","E","B"],"character_chosen":"IRONCLAD","items_purchased":["Inflame","Sling","ReplayTheSpireMod:CursedCoin","Inflame","Clash","hubris:StunningStrike","Red Skull","Juzu Bracelet","Shockwave","Shrug It Off","Body Slam","PowerPotion","Languid Potion","ReplayTheSpireMod:Brewmster","PowerPotion"],"campfire_rested":8,"item_purchase_floors":[0,0,22,22,22,22,38,38,38,38,38,38,38,53,53],"current_hp_per_floor":[78,80,80,80,80,80,80,66,66,64,80,76,76,80,80,80,80,80,80,80,63,63,62,62,50,50,74,47,46,40,46,70,10,80,80,80,60,60,60,57,80,49,49,73,41,40,40,46,70,50,80,80,80,35,0,0],"gold":58,"neow_bonus":"","is_daily":false,"chose_seed":false,"campfire_upgraded":0,"win_rate":0.0,"timestamp":1607828904,"path_taken":["M","M","M","?","M","E","R","E","T","M","R","M","E","M","R","BOSS","M","M","M","M","$","E","?","M","T","R","E","?","M","E","R","BOSS","M","M","M","$","?","E","R","E","T","R","NM","M","AVR","M","R","BOSS","R","$","E","BOSS"],"items_purchased_type":["Card","Relic","Relic","Card","Card","Card","Relic","Relic","Card","Card","Card","Potion","Potion","Card","Potion"],"build_version":"2020-11-30","purchased_purges":0,"victory":false,"max_hp_per_floor":[80,80,80,80,80,80,80,80,80,80,80,80,80,80,80,80,80,80,80,80,80,80,80,80,80,80,80,80,80,80,80,80,80,80,80,80,80,80,80,80,80,80,80,80,80,80,80,80,80,80,80,80,80,80,80,80],"relic_stats":{"counters":[33,144],"Pen Nib":[14],"Juzu Bracelet":0,"Letter Opener":[113],"obtain_stats":[{"ShockBauble":45,"hubris:DuctTape":47,"infinitespire:CursedDice":13,"ReplayTheSpireMod:CursedCoin":22,"Hammer of Thor":0,"Pen Nib":28,"Juzu Bracelet":38,"Seething Fire":0,"Letter Opener":8,"Sling":0,"Burning Blood":0,"hubris:Zylophone":0,"ReplayTheSpireMod:Spearhead":40,"Anvil of the Gods":0,"hubris:Spice":0,"infinitespire:Bottled Soul":54,"ChewingGum":17,"WingedGreaves":0,"hubris:ToyBattleship":43,"Red Skull":38,"NlothsMask":24},{"ShockBauble":28,"hubris:DuctTape":29,"infinitespire:CursedDice":9,"ReplayTheSpireMod:CursedCoin":15,"Hammer of Thor":0,"Pen Nib":18,"Juzu Bracelet":25,"Seething Fire":0,"Letter Opener":6,"Sling":0,"Burning Blood":0,"hubris:Zylophone":0,"ReplayTheSpireMod:Spearhead":26,"Anvil of the Gods":0,"hubris:Spice":0,"infinitespire:Bottled Soul":32,"ChewingGum":11,"WingedGreaves":0,"hubris:ToyBattleship":27,"Red Skull":25,"NlothsMask":16},{"ShockBauble":119,"hubris:DuctTape":122,"infinitespire:CursedDice":34,"ReplayTheSpireMod:CursedCoin":55,"Hammer of Thor":0,"Pen Nib":69,"Juzu Bracelet":99,"Seething Fire":0,"Letter Opener":23,"Sling":0,"Burning Blood":0,"hubris:Zylophone":0,"ReplayTheSpireMod:Spearhead":106,"Anvil of the Gods":0,"hubris:Spice":0,"infinitespire:Bottled Soul":139,"ChewingGum":41,"WingedGreaves":0,"hubris:ToyBattleship":111,"Red Skull":99,"NlothsMask":59}],"Burning Blood":152},"card_choices":[{"not_picked":["Dual Wield","Anger","ReplayTheSpireMod:Corrosion Curse"],"picked":"SKIP","floor":1},{"not_picked":["Clothesline","Pummel"],"picked":"Infernal Blade","floor":2},{"not_picked":["Carnage","Headbutt"],"picked":"hubris:StunningStrike","floor":3},{"not_picked":["Twin Strike","Pommel Strike"],"picked":"Cleave","floor":5},{"not_picked":["Havoc","ReplayTheSpireMod:Strike From Hell"],"picked":"BarbarianYell","floor":6},{"not_picked":["Twin Strike","Anger"],"picked":"BarbarianYell","floor":8},{"not_picked":["hubris:ReadiedAction","Massacre"],"picked":"Sword Boomerang","floor":10},{"not_picked":["Replay:Undeath\u0027s Touch","Invigoration"],"picked":"Uppercut","floor":12},{"not_picked":["Blood for Blood","Juggernaut","True Grit"],"picked":"SKIP","floor":13},{"not_picked":["Ghostly Armor","Sword Boomerang"],"picked":"Heavy Blade","floor":14},{"not_picked":["Demonic Infusion","Exhume"],"picked":"Berserk","floor":16},{"not_picked":["ReplayTheSpireMod:Muscle Training","Wild Strike"],"picked":"Thunderclap","floor":18},{"not_picked":["Warcry","Replay:Undeath\u0027s Touch+1"],"picked":"Iron Wave","floor":19},{"not_picked":["Second Wind+1","True Grit"],"picked":"Perfected Strike+1","floor":20},{"not_picked":["Sentinel+1","Run Through"],"picked":"Body Slam","floor":21},{"not_picked":["True Grit","Massacre"],"picked":"Exhume","floor":23},{"not_picked":["Cleave","Sword Boomerang"],"picked":"Heavy Blade","floor":25},{"not_picked":["Impervious","Sentinel+1"],"picked":"Sword Boomerang","floor":28},{"not_picked":["Searing Blow+1","True Grit"],"picked":"Rage","floor":29},{"not_picked":["Havoc","ReplayReversal"],"picked":"Shrug It Off","floor":30},{"not_picked":["Run Through+1","Warcry+1"],"picked":"Pummel","floor":31},{"not_picked":["Hemogenesis","Double Tap"],"picked":"Reaper","floor":33},{"not_picked":["Clothesline+1","Dual Wield"],"picked":"Metallicize","floor":35},{"not_picked":["Replay:Undeath\u0027s Touch+1","Dropkick"],"picked":"Carnage+1","floor":36},{"not_picked":["Disarm","Wild Strike+1"],"picked":"Twin Strike","floor":37},{"not_picked":["Armaments","Power Through"],"picked":"Shockwave+1","floor":40},{"not_picked":["Infernal Blade","Replay:Undeath\u0027s Touch+1"],"picked":"Demon Form","floor":42},{"not_picked":["Replay:Fractal Strike","infinitespire:SealOfDarkness+"],"picked":"hubris:Fate","floor":45},{"not_picked":["Replay:Undeath\u0027s Touch","Fire Breathing","True Grit+1"],"picked":"SKIP","floor":45},{"not_picked":["Blood for Blood+1","Fire Breathing"],"picked":"Metallicize+1","floor":46},{"not_picked":["Thunderclap","Battle Trance"],"picked":"Metallicize","floor":48},{"not_picked":["Bloodletting+1","Run Through+1","True Grit+1"],"picked":"SKIP","floor":54}],"player_experience":659674,"relics_obtained":[{"floor":8,"key":"Letter Opener"},{"floor":13,"key":"infinitespire:CursedDice"},{"floor":28,"key":"Pen Nib"},{"floor":40,"key":"ReplayTheSpireMod:Spearhead"},{"floor":43,"key":"hubris:ToyBattleship"},{"floor":45,"key":"ShockBauble"},{"floor":54,"key":"infinitespire:Bottled Soul"}],"event_choices":[{"damage_healed":80,"gold_gain":0,"player_choice":"Leave","damage_taken":0,"max_hp_gain":0,"max_hp_loss":80,"event_name":"betterThird:BetterShining","floor":4,"gold_loss":0},{"damage_healed":0,"gold_gain":0,"player_choice":"Trade","damage_taken":0,"relics_obtained":["NlothsMask"],"max_hp_gain":0,"max_hp_loss":0,"event_name":"FaceTrader","floor":24,"gold_loss":0}],"is_beta":false,"boss_relics":[{"not_picked":["hubris:GrandSneckoEye","Electric Blood"],"picked":"ChewingGum"},{"not_picked":["Snecko Eye","infinitespire:Burning Sword","Pandora\u0027s Box"]}],"items_purged_floors":[],"is_endless":false,"potions_floor_spawned":[6,8,10,13,16,18,23,25,28,30,33,35,36,42],"killed_by":"The Heart","ascension_level":1}}