{"host":"cwd5s03r1oaxs6mx","time":1607861311,"event":{"mods":["Act Like it!","BaseMod","Better Third Choice","BetterRewards","CapriCore","Card Filter","Colored Map","Custom Start","DeckTracker","Friendly Minions","Hubris","Infinite Spire","Minty Spire (QoL Compilation)","Quick Restart","Relic Stats","Shop Mod","Spicy Shops","StSLib","SuperFastMode"],"gold_per_floor":[118,118,118,130,147,147,176,176,200,200,200,216,226,255,255,255,255],"floor_reached":16,"playtime":1265,"items_purged":["Strike_R","Defend_R"],"score":270,"play_id":"cf9c4641-6c93-4205-9e45-e71c027b55fd","local_time":"20201213210831","is_ascension_mode":true,"campfire_choices":[{"data":"Whirlwind","floor":6,"key":"SMITH"},{"floor":10,"key":"REST"},{"data":"Second Wind","floor":15,"key":"SMITH"}],"circlet_count":0,"master_deck":["AscendersBane","Strike_R","Strike_R","Strike_R","Strike_R","Defend_R","Defend_R","Defend_R","Bash","Impatience+1","Panache+1","Second Wind+1","Body Slam+1","Whirlwind+1"],"relics":["Burning Blood","Membership Card","infinitespire:BottledMercury","infinitespire:Joker Card","Toxic Egg 2","Akabeko","Juzu Bracelet"],"acts_visited":["Exordium"],"potions_floor_usage":[],"damage_taken":[{"damage":14,"enemies":"Jaw Worm","floor":1,"turns":4},{"damage":0,"enemies":"Small Slimes","floor":4,"turns":2},{"damage":6,"enemies":"Cultist","floor":5,"turns":3},{"damage":61,"enemies":"Lagavulin","floor":7,"turns":9},{"damage":21,"enemies":"Exordium Thugs","floor":12,"turns":3},{"damage":12,"enemies":"Looter","floor":13,"turns":3},{"damage":0,"enemies":"3 Sentries","floor":14,"turns":1},{"damage":38,"enemies":"Slime Boss","floor":16,"turns":3}],"seed_played":"-7127457632457308339","potions_obtained":[{"floor":1,"key":"GamblersBrew"},{"floor":7,"key":"ElixirPotion"}],"is_trial":false,"path_per_floor":["M","?","?","M","M","R","E","T","T","R","?","M","M","E","R","B"],"character_chosen":"IRONCLAD","items_purchased":["Impatience","Membership Card","infinitespire:BottledMercury","Panache","Second Wind"],"campfire_rested":1,"item_purchase_floors":[0,0,0,0,0],"current_hp_per_floor":[60,60,60,66,66,66,11,11,11,33,33,18,12,18,18,0,0],"gold":255,"neow_bonus":"","is_daily":false,"chose_seed":false,"campfire_upgraded":2,"win_rate":0.0,"timestamp":1607861311,"path_taken":["M","?","?","M","?","R","E","?","T","R","?","M","M","E","R","BOSS"],"items_purchased_type":["Card","Relic","Relic","Card","Card"],"build_version":"2020-11-30","purchased_purges":2,"victory":false,"max_hp_per_floor":[75,75,75,75,75,75,75,75,75,75,75,75,75,75,75,75,75],"relic_stats":{"counters":[8,28],"Juzu Bracelet":0,"obtain_stats":[{"infinitespire:BottledMercury":0,"infinitespire:Joker Card":7,"Juzu Bracelet":14,"Membership Card":0,"Toxic Egg 2":8,"Burning Blood":0,"Akabeko":9},{"infinitespire:BottledMercury":0,"infinitespire:Joker Card":4,"Juzu Bracelet":7,"Membership Card":0,"Toxic Egg 2":4,"Burning Blood":0,"Akabeko":4},{"infinitespire:BottledMercury":0,"infinitespire:Joker Card":18,"Juzu Bracelet":25,"Membership Card":0,"Toxic Egg 2":18,"Burning Blood":0,"Akabeko":18}],"Burning Blood":42},"card_choices":[{"not_picked":["Metallicize","Spot Weakness"],"picked":"Body Slam","floor":1},{"not_picked":["Intimidate","Infernal Blade"],"picked":"Whirlwind","floor":4},{"not_picked":["Wild Strike","Cleave","Ghostly Armor"],"picked":"SKIP","floor":5},{"not_picked":["True Grit","Twin Strike","Bloodletting"],"picked":"SKIP","floor":7},{"not_picked":["Clothesline","Carnage","Uppercut"],"picked":"SKIP","floor":12},{"not_picked":["Anger","Heavy Blade","Clothesline"],"picked":"SKIP","floor":13},{"not_picked":["Power Through+1","Clothesline","Double Tap+1"],"picked":"SKIP","floor":14}],"player_experience":902102,"relics_obtained":[{"floor":7,"key":"infinitespire:Joker Card"},{"floor":8,"key":"Toxic Egg 2"},{"floor":9,"key":"Akabeko"},{"floor":14,"key":"Juzu Bracelet"}],"event_choices":[{"damage_healed":0,"gold_gain":0,"player_choice":"Forge","damage_taken":0,"max_hp_gain":0,"max_hp_loss":0,"event_name":"Accursed Blacksmith","floor":3,"gold_loss":0,"cards_upgraded":["Body Slam"]},{"damage_healed":0,"gold_gain":0,"player_choice":"Upgraded","damage_taken":0,"max_hp_gain":0,"max_hp_loss":0,"event_name":"Upgrade Shrine","floor":11,"gold_loss":0,"cards_upgraded":["Panache"]}],"is_beta":false,"boss_relics":[],"items_purged_floors":[0,0],"is_endless":false,"potions_floor_spawned":[1,7,14],"killed_by":"Slime Boss","ascension_level":20}}