{"host":"2a1jp7fcxdmpg8w5","time":1607897757,"event":{"mods":["Aspiration","BaseMod","Better Altar","Better Match","Better Note","Better Skull","Better Third Choice","Better Vampires","BetterRewards","Colored Map","Colored Powertips","Conspire","DeckTracker","Downfall","Energized Spire","Halation","Hermit","Highlight Path","Hubris","Infinite Spire","JesterMod","Jorbs\u0027s Wanderer Trilogy","Marked Mod","Melee Mod","Minty Spire (QoL Compilation)","Potionbrewer","Quick Restart","Random Character Button","Rare Cards Sparkle","Relic Sorter","Relic Stats","Replay The Spire","Robot Space Explorer","Small Relic Pack","Spicy Shops","Spire Birthday Party","StSLib","Synergy Search","The Cursed","The Disciple","The Factory","The Jungle","The Kombatant","The Runesmith","TheVacant"],"gold_per_floor":[118,218,58,70,70,70,88,116,116,132,132,132,62,84,84,203,203,239,239,294,315,319,319],"floor_reached":22,"playtime":1479,"items_purged":[],"score":184,"play_id":"98fe62bb-c253-4c85-973b-c5e8e7a1c88f","local_time":"20201213221557","is_ascension_mode":false,"campfire_choices":[{"data":"hermit:Horror","floor":6,"key":"SMITH"},{"floor":11,"key":"REST"},{"floor":15,"key":"REST"}],"circlet_count":0,"master_deck":["hermit:Strike_Hermit","hermit:Strike_Hermit","hermit:Strike_Hermit","hermit:Strike_Hermit","hermit:Defend_Hermit","hermit:Defend_Hermit","hermit:Defend_Hermit","hermit:Defend_Hermit","hermit:Snapshot","hermit:Covet","hermit:ItchyTrigger","hermit:Brawl+1","hermit:Horror+1","hermit:Malice","hermit:Headshot","hermit:Combo","hermit:HoleUp","hermit:TakeAim","hermit:Vantage","hermit:HeroicBravado","relicPack:StarPlatinum","stsjorbsmod:MirroredTechnique","stsjorbsmod:ShrapnelBloom","hermit:NoHoldsBarred+1","hermit:Defend_Hermit","ReplayTheSpireMod:Splinters","hermit:BodyArmor","hermit:FlashPowder"],"relics":["hermit:Momento","aspiration:Nostalgia","stsjorbsmod:BookOfTrialsRelic","halation:BottledLove","infinitespire:Midas Blood","relicPack:StarArrow"],"acts_visited":["Exordium","TheCity"],"potions_floor_usage":[18,21],"damage_taken":[{"damage":6,"enemies":"Small Slimes","floor":1,"turns":5},{"damage":1,"enemies":"Cultist","floor":4,"turns":3},{"damage":6,"enemies":"2 Louse","floor":7,"turns":2},{"damage":26,"enemies":"Lagavulin","floor":8,"turns":5},{"damage":0,"enemies":"Large Slime","floor":10,"turns":5},{"damage":8,"enemies":"Red Slaver","floor":14,"turns":4},{"damage":50,"enemies":"Hexaghost","floor":16,"turns":9},{"damage":47,"enemies":"conspire:FuzzyDice","floor":18,"turns":6},{"damage":17,"enemies":"Chosen","floor":21,"turns":6},{"damage":12,"enemies":"3 Cultists","floor":22,"turns":2}],"seed_played":"2912042500822697207","potions_obtained":[{"floor":1,"key":"potionbrewer:AcidPotion"},{"floor":8,"key":"FearPotion"},{"floor":16,"key":"PowerPotion"},{"floor":18,"key":"potionbrewer:EndurancePotion"},{"floor":20,"key":"hermit:Eclipse"},{"floor":20,"key":"AttackPotion"},{"floor":20,"key":"ColorlessPotion"}],"is_trial":false,"path_per_floor":["M","?","$","M","?","R","M","E","T","M","R","?","$","M","R","B",null,"M","?","?","M","M"],"character_chosen":"HERMIT","items_purchased":["hermit:Brawl","hermit:Horror","hermit:TakeAim"],"campfire_rested":2,"item_purchase_floors":[3,3,13],"current_hp_per_floor":[69,69,69,68,68,68,62,36,36,36,58,58,58,50,72,22,75,28,28,28,11,0,0],"gold":319,"neow_bonus":"NOSTALGIA","is_daily":false,"chose_seed":false,"campfire_upgraded":1,"win_rate":0.0,"timestamp":1607897757,"path_taken":["M","?","?","M","?","R","?","E","T","M","R","?","$","M","R","BOSS","M","?","?","M","M"],"items_purchased_type":["Card","Card","Card"],"build_version":"2020-11-30","purchased_purges":0,"victory":false,"max_hp_per_floor":[75,75,75,75,75,75,75,75,75,75,75,75,75,75,75,75,75,75,75,75,75,75,75],"relic_stats":{"counters":[10,47],"obtain_stats":[{"aspiration:Nostalgia":0,"stsjorbsmod:BookOfTrialsRelic":0,"halation:BottledLove":8,"relicPack:StarArrow":17,"hermit:Momento":0,"infinitespire:Midas Blood":9},{"aspiration:Nostalgia":0,"stsjorbsmod:BookOfTrialsRelic":0,"halation:BottledLove":4,"relicPack:StarArrow":7,"hermit:Momento":0,"infinitespire:Midas Blood":4},{"aspiration:Nostalgia":0,"stsjorbsmod:BookOfTrialsRelic":0,"halation:BottledLove":15,"relicPack:StarArrow":33,"hermit:Momento":0,"infinitespire:Midas Blood":15}]},"card_choices":[{"not_picked":["hermit:Desperado","hermit:Quickdraw"],"picked":"hermit:ItchyTrigger","floor":1},{"not_picked":["hermit:Determination","hermit:Glare"],"picked":"hermit:Malice","floor":4},{"not_picked":["hermit:WideOpen","hermit:SprayPray"],"picked":"hermit:Headshot","floor":7},{"not_picked":["hermit:FromBeyond","hermit:SprayPray"],"picked":"hermit:Combo","floor":8},{"not_picked":["hermit:Coalescence","hermit:SprayPray"],"picked":"hermit:HoleUp","floor":10},{"not_picked":["hermit:Glare","hermit:Virtue"],"picked":"hermit:Vantage","floor":14},{"not_picked":["hermit:Gambit","hermit:DeadOrAlive"],"picked":"hermit:HeroicBravado","floor":16},{"not_picked":["hermit:TrackingShot+1","hermit:HighCaliber"],"picked":"hermit:NoHoldsBarred+1","floor":18},{"not_picked":["hermit:ItchyTrigger+1","hermit:HoleUp+1"],"picked":"hermit:BodyArmor","floor":20},{"not_picked":["hermit:Roulette+1","hermit:Desperado"],"picked":"hermit:FlashPowder","floor":21}],"player_experience":123599,"relics_obtained":[{"floor":8,"key":"halation:BottledLove"},{"floor":9,"key":"infinitespire:Midas Blood"}],"event_choices":[{"damage_healed":0,"gold_gain":100,"player_choice":"Gold","damage_taken":0,"max_hp_gain":0,"max_hp_loss":0,"event_name":"Wheel of Change","floor":2,"gold_loss":0},{"damage_healed":0,"gold_gain":0,"player_choice":"Upgraded","damage_taken":0,"max_hp_gain":0,"max_hp_loss":0,"event_name":"Upgrade Shrine","floor":5,"gold_loss":0,"cards_upgraded":["hermit:Brawl"]},{"damage_healed":0,"gold_gain":0,"player_choice":"Take","damage_taken":0,"max_hp_gain":0,"max_hp_loss":0,"event_name":"betterNote:BetterNote","floor":19,"gold_loss":0,"cards_obtained":["hermit:Defend_Hermit"]}],"is_beta":false,"boss_relics":[{"not_picked":["relicPack:ShieldShield","Replay:Wanted Poster"],"picked":"relicPack:StarArrow"}],"items_purged_floors":[],"is_endless":false,"potions_floor_spawned":[1,8,16,18],"killed_by":"3 Cultists","ascension_level":0}}