{"host":"7yyoe0ei0fseceei","time":1607880318,"event":{"mods":["BaseMod","Colored Map","Highlight Path","Minty Spire (QoL Compilation)","Quick Restart"],"gold_per_floor":[118,118,118,129,154,186,186,206,230,230,247,247,247,247],"floor_reached":13,"playtime":302,"items_purged":[],"score":166,"play_id":"58229382-aab4-4669-b4ee-754a21582a64","local_time":"20201213182518","is_ascension_mode":true,"campfire_choices":[{"floor":7,"key":"REST"},{"data":"Mayhem","floor":12,"key":"SMITH"}],"circlet_count":0,"master_deck":["AscendersBane","Strike_R","Strike_R","Strike_R","Strike_R","Strike_R","Defend_R","Defend_R","Defend_R","Defend_R","Bash","Mayhem+1","Twin Strike","Ghostly Armor","Pommel Strike","Armaments"],"relics":["Burning Blood","Art of War","Lantern","Ancient Tea Set","MealTicket"],"acts_visited":["Exordium"],"potions_floor_usage":[6,11,13],"damage_taken":[{"damage":12.0,"enemies":"Small Slimes","floor":1.0,"turns":4.0},{"damage":2,"enemies":"2 Louse","floor":4,"turns":3},{"damage":40,"enemies":"3 Sentries","floor":6,"turns":11},{"damage":12,"enemies":"Jaw Worm","floor":8,"turns":2},{"damage":6,"enemies":"Exordium Thugs","floor":11,"turns":5},{"damage":31,"enemies":"Gremlin Nob","floor":13,"turns":3}],"seed_played":"-3793587604926328820","potions_obtained":[{"floor":1.0,"key":"Explosive Potion"},{"floor":6,"key":"SkillPotion"},{"floor":10,"key":"SneckoOil"}],"is_trial":false,"path_per_floor":["M","?","?","M","T","E","R","M","T","?","M","R","E"],"character_chosen":"IRONCLAD","items_purchased":[],"campfire_rested":1,"item_purchase_floors":[],"current_hp_per_floor":[44,44,44,48,48,14,36,30,30,30,30,30,0,0],"gold":247,"neow_bonus":"RANDOM_COLORLESS_2","is_daily":false,"chose_seed":false,"campfire_upgraded":1,"win_rate":0.0,"timestamp":1607880318,"path_taken":["M","?","?","?","?","E","R","M","T","?","M","R","E"],"items_purchased_type":[],"build_version":"2020-11-30","purchased_purges":0,"victory":false,"max_hp_per_floor":[75,75,75,75,75,75,75,75,75,75,75,75,75,75],"card_choices":[{"not_picked":["Thinking Ahead","Panache"],"picked":"Mayhem","floor":0.0},{"not_picked":["Cleave","Rupture"],"picked":"Twin Strike","floor":1.0},{"not_picked":["Sword Boomerang","Blood for Blood"],"picked":"Ghostly Armor","floor":4},{"not_picked":["Flex","Clash"],"picked":"Pommel Strike","floor":6},{"not_picked":["Battle Trance","Pummel"],"picked":"Armaments","floor":8},{"not_picked":["Sever Soul","Headbutt","Metallicize"],"picked":"SKIP","floor":11}],"player_experience":842758,"relics_obtained":[{"floor":5,"key":"Lantern"},{"floor":6,"key":"Ancient Tea Set"},{"floor":9,"key":"MealTicket"}],"event_choices":[{"damage_healed":0.0,"max_hp_gain":0.0,"max_hp_loss":0.0,"gold_gain":0.0,"event_name":"Big Fish","player_choice":"Box","floor":2.0,"gold_loss":0.0,"damage_taken":0.0,"relics_obtained":["Art of War"],"cards_obtained":["Regret"]},{"cards_removed":["Regret"],"damage_healed":0.0,"max_hp_gain":0.0,"max_hp_loss":0.0,"gold_gain":0.0,"event_name":"Living Wall","player_choice":"Forget","floor":3.0,"gold_loss":0.0,"damage_taken":0.0},{"damage_healed":0,"gold_gain":0,"player_choice":"Got Potions","damage_taken":0,"max_hp_gain":0,"max_hp_loss":0,"event_name":"Lab","floor":10,"gold_loss":0}],"is_beta":false,"boss_relics":[],"items_purged_floors":[],"is_endless":false,"potions_floor_spawned":[1,6],"killed_by":"Gremlin Nob","ascension_level":20}}