{"host":"foq4mrde4mssg7vt","time":1607867879,"event":{"mods":["AchievementEnabler","BaseMod","Colored Map","Colored Powertips","Highlight Path","Minty Spire (QoL Compilation)","Relic Stats","everything is the same but u backflip on backflip"],"gold_per_floor":[118,130,140,140,190,219,219,247,274,274,274],"floor_reached":10,"playtime":357,"items_purged":[],"score":99,"play_id":"4336c57e-190d-45fd-a92c-7a55319a83ad","local_time":"20201213215759","is_ascension_mode":true,"campfire_choices":[{"floor":7,"key":"REST"}],"circlet_count":0,"master_deck":["Strike_B+1","Strike_B","Strike_B+1","Strike_B","Defend_B","Defend_B","Defend_B","Defend_B","Zap","Dualcast","Genetic Algorithm","Doom and Gloom","Melter","Sweeping Beam","Coolheaded","Seek"],"relics":["Inserter","Dream Catcher","Juzu Bracelet","Potion Belt","Bag of Marbles"],"acts_visited":["Exordium"],"potions_floor_usage":[6],"damage_taken":[{"damage":0,"enemies":"2 Louse","floor":1,"turns":3},{"damage":8,"enemies":"Jaw Worm","floor":2,"turns":6},{"damage":0,"enemies":"Cultist","floor":3,"turns":3},{"damage":32,"enemies":"Gremlin Nob","floor":6,"turns":4},{"damage":24,"enemies":"Lagavulin","floor":8,"turns":11},{"damage":17,"enemies":"3 Sentries","floor":10,"turns":4}],"seed_played":"-5580004225058845350","potions_obtained":[{"floor":1,"key":"FearPotion"},{"floor":3,"key":"ColorlessPotion"}],"is_trial":false,"path_per_floor":["M","M","M","?","T","E","R","E","T","E"],"character_chosen":"DEFECT","items_purchased":[],"campfire_rested":1,"item_purchase_floors":[],"current_hp_per_floor":[68,60,60,45,45,13,35,11,11,0,0],"gold":274,"neow_bonus":"BOSS_RELIC","is_daily":false,"chose_seed":false,"campfire_upgraded":0,"win_rate":0.0,"timestamp":1607867879,"path_taken":["M","M","M","?","?","E","R","E","T","E"],"items_purchased_type":[],"build_version":"2020-11-30","purchased_purges":0,"victory":false,"max_hp_per_floor":[75,75,75,75,75,75,75,75,75,75,75],"relic_stats":{"Dream Catcher":1,"Inserter":[15],"counters":[6,31],"Juzu Bracelet":0,"obtain_stats":[{"Potion Belt":8,"Dream Catcher":5,"Inserter":0,"Juzu Bracelet":6,"Bag of Marbles":9,"Cracked Core":0},{"Potion Belt":5,"Dream Catcher":3,"Inserter":0,"Juzu Bracelet":4,"Bag of Marbles":5,"Cracked Core":0},{"Potion Belt":27,"Dream Catcher":12,"Inserter":0,"Juzu Bracelet":16,"Bag of Marbles":27,"Cracked Core":0}]},"card_choices":[{"not_picked":["Compile Driver","Go for the Eyes"],"picked":"Genetic Algorithm","floor":1},{"not_picked":["Sunder","FTL"],"picked":"Doom and Gloom","floor":2},{"not_picked":["Streamline","Scrape"],"picked":"Melter","floor":3},{"not_picked":["Gash","Stack"],"picked":"Sweeping Beam","floor":6},{"not_picked":["Leap","Hello World"],"picked":"Coolheaded","floor":7},{"not_picked":["Hello World","Echo Form"],"picked":"Seek","floor":8}],"player_experience":174679,"relics_obtained":[{"floor":5,"key":"Dream Catcher"},{"floor":6,"key":"Juzu Bracelet"},{"floor":8,"key":"Potion Belt"},{"floor":9,"key":"Bag of Marbles"}],"event_choices":[{"damage_healed":0,"gold_gain":0,"player_choice":"Entered Light","damage_taken":15,"max_hp_gain":0,"max_hp_loss":0,"event_name":"Shining Light","floor":4,"gold_loss":0,"cards_upgraded":["Strike_B","Strike_B"]}],"is_beta":false,"boss_relics":[],"items_purged_floors":[],"is_endless":false,"potions_floor_spawned":[1,3],"killed_by":"3 Sentries","ascension_level":6}}