{"host":"m3n3m50k29zraad4","time":1607843836,"event":{"mods":["2.2 Compatiblity","Act Like it!","Aspiration","Bard","BaseMod","Better Note","Better Third Choice","Block Reminder","ChefMod","Clawfect","Conspire","Downfall","Duelist Mod","GifTheSpireLib","Glutton Mod","GungeonMod","Halation","Hermit","HololiveMod","Hubris","Infinite Spire","Jedi Mod","JesterMod","Jorbs\u0027s Wanderer Trilogy","Luminous","Mad Scientist","Minty Spire (QoL Compilation)","Potionbrewer","Quick Restart","Random Character Button","Relic Sorter","Relic Stats","Replay The Spire","Robot Space Explorer","Shop Mod","Spicy Shops","Spikes Relics","StSLib","Strawberry Spire","Stuff the Spire","SuperFastMode","The Blackbeard","The Bladedancer","The Bug Knight","The Clintock","The Construct","The Cursed","The Disciple","The Dragon Tamer","The Elementalist","The Forsaken","The Gatherer","The Hayseed","The Hierophant","The Kombatant","The Mystic","The Necromancer","The Poker Player","The Problem Sleuth","The Runesmith","The Senshi","The Servant 0.9.4","The Spell Scribe","The Wild Card","The Witch"],"gold_per_floor":[117,129,54,104,119,150,150,6,80,50,63,81,81,101,101,200,200,220,220,243,257,257,257,267,267,267],"floor_reached":25,"playtime":2366,"items_purged":["Strike_G","Strike_G"],"score":203,"play_id":"a63b609c-50bd-4fb3-8e2c-d1098c2b8b8b","local_time":"20201213021716","is_ascension_mode":false,"campfire_choices":[{"floor":7,"key":"REST"},{"floor":13,"key":"REST"},{"floor":15,"key":"DIG"},{"data":"jedi:pocketpoison","floor":23,"key":"SMITH"}],"circlet_count":0,"master_deck":["Strike_G","Strike_G","Strike_G","Defend_G","Defend_G","Defend_G","Defend_G","Defend_G","Survivor","Neutralize","Underhanded Strike","Dodge and Roll","Leg Sweep","StuffTheSpire:BumpUp","Draining Mist","Crippling Poison","Underhanded Strike","strawberrySpire:Pant","infinitespire:Neurotoxin","StuffTheSpire:Injection","jedi:pocketpoison+1","Terror+1"],"relics":["Ring of the Snake","aspiration:Nostalgia","theSenshi:TransformationBroochRelic","Mirror","Runesmith:AutoHammer","Tiny Chest","Ornamental Fan","theForsaken:PaleLantern","jedi:rubbersling","halation:LostSnail","potionbrewer:BhaskarasWheel"],"acts_visited":["Exordium","TheCity"],"potions_floor_usage":[6,6,11,16,16],"damage_taken":[{"damage":0,"enemies":"Cultist","floor":1,"turns":5},{"damage":0,"enemies":"Small Slimes","floor":2,"turns":5},{"damage":0,"enemies":"Jaw Worm","floor":5,"turns":5},{"damage":14,"enemies":"Gremlin Nob","floor":6,"turns":4},{"damage":5,"enemies":"Exordium Thugs","floor":11,"turns":6},{"damage":8,"enemies":"Large Slime","floor":12,"turns":10},{"damage":12,"enemies":"Red Slaver","floor":14,"turns":3},{"damage":24,"enemies":"Hexaghost","floor":16,"turns":16},{"damage":14,"enemies":"Shell Parasite","floor":18,"turns":11},{"damage":15,"enemies":"Chosen","floor":21,"turns":5},{"damage":17,"enemies":"Centurion and Healer","floor":24,"turns":10},{"damage":18,"enemies":"Snecko","floor":25,"turns":3}],"seed_played":"1895953912281105129","potions_obtained":[{"floor":2,"key":"LifebloodPotion"},{"floor":4,"key":"Poison Potion"},{"floor":5,"key":"Strength Potion"},{"floor":10,"key":"Languid Potion"},{"floor":10,"key":"potionbrewer:ToxicPotion"},{"floor":11,"key":"Elixir"}],"is_trial":false,"path_per_floor":["M","M","$","?","M","E","R","$","T","?","M","M","R","M","R","B",null,"M","?","T","M","AVR","R","M","M"],"character_chosen":"THE_SILENT","items_purchased":["Tiny Chest","Crippling Poison"],"campfire_rested":2,"item_purchase_floors":[8,8],"current_hp_per_floor":[70,70,70,42,42,28,49,49,49,49,44,36,57,45,45,21,70,56,50,50,35,35,35,18,0,0],"gold":267,"neow_bonus":"NOSTALGIA","is_daily":false,"chose_seed":false,"campfire_upgraded":1,"win_rate":0.0,"timestamp":1607843836,"path_taken":["M","M","$","?","M","E","R","$","T","?","M","?","R","M","R","BOSS","M","?","?","M","AVR","R","M","M"],"items_purchased_type":["Relic","Card"],"build_version":"2020-11-30","purchased_purges":2,"victory":false,"max_hp_per_floor":[70,70,70,70,70,70,70,70,70,70,70,70,70,70,70,70,70,70,70,70,70,70,70,70,70,70],"relic_stats":{"counters":[12,83],"Ornamental Fan":[24],"Tiny Chest":1,"obtain_stats":[{"theSenshi:TransformationBroochRelic":0,"aspiration:Nostalgia":0,"Ornamental Fan":15,"jedi:rubbersling":20,"Tiny Chest":8,"DemoMod:GlassGuonStoneRelic":14,"theForsaken:PaleLantern":17,"potionbrewer:BhaskarasWheel":22,"Runesmith:AutoHammer":6,"halation:LostSnail":22,"Mirror":4,"Ring of the Snake":0},{"theSenshi:TransformationBroochRelic":0,"aspiration:Nostalgia":0,"Ornamental Fan":7,"jedi:rubbersling":9,"Tiny Chest":4,"DemoMod:GlassGuonStoneRelic":7,"theForsaken:PaleLantern":8,"potionbrewer:BhaskarasWheel":10,"Runesmith:AutoHammer":4,"halation:LostSnail":10,"Mirror":2,"Ring of the Snake":0},{"theSenshi:TransformationBroochRelic":0,"aspiration:Nostalgia":0,"Ornamental Fan":38,"jedi:rubbersling":65,"Tiny Chest":19,"DemoMod:GlassGuonStoneRelic":38,"theForsaken:PaleLantern":54,"potionbrewer:BhaskarasWheel":70,"Runesmith:AutoHammer":19,"halation:LostSnail":70,"Mirror":10,"Ring of the Snake":0}],"Ring of the Snake":[24]},"card_choices":[{"not_picked":["PiercingWail","Dagger Throw"],"picked":"Underhanded Strike","floor":1},{"not_picked":["ReplayTheSpireMod:Tripwire","strawberrySpire:Pant"],"picked":"Dodge and Roll","floor":2},{"not_picked":["Poisoned Stab","Bane"],"picked":"Leg Sweep","floor":4},{"not_picked":["Bane","Terror"],"picked":"StuffTheSpire:BumpUp","floor":5},{"not_picked":["Grand Finale","Malaise"],"picked":"Draining Mist","floor":6},{"not_picked":["strawberrySpire:DeltaFlow","ReplayTheSpireMod:Shiv Toss","Quick Slash"],"picked":"SKIP","floor":11},{"not_picked":["Bouncing Flask","Quick Slash"],"picked":"Underhanded Strike","floor":12},{"not_picked":["ReplayTheSpireMod:Speed Training","Acrobatics"],"picked":"strawberrySpire:Pant","floor":14},{"not_picked":["Replay:Bag of Tricks","Venomology"],"picked":"infinitespire:Neurotoxin","floor":16},{"not_picked":["Blur","ReplayTheSpireMod:Tripwire"],"picked":"StuffTheSpire:Injection","floor":18},{"not_picked":["Backflip","StuffTheSpire:Sprint"],"picked":"jedi:pocketpoison","floor":21},{"not_picked":["StuffTheSpire:Python","Deflect"],"picked":"Terror+1","floor":24}],"player_experience":418147,"relics_obtained":[{"floor":4,"key":"Mirror"},{"floor":6,"key":"Runesmith:AutoHammer"},{"floor":15,"key":"Ornamental Fan"},{"floor":20,"key":"jedi:rubbersling"}],"event_choices":[{"damage_healed":0,"gold_gain":0,"player_choice":"Bought 2 Potions","damage_taken":0,"max_hp_gain":0,"max_hp_loss":0,"event_name":"The Woman in Blue","floor":10,"gold_loss":0},{"damage_healed":0,"gold_gain":0,"player_choice":"","damage_taken":6,"max_hp_gain":0,"max_hp_loss":0,"event_name":"Knowing Skull","floor":19,"potions_obtained":[],"gold_loss":0,"cards_obtained":[]}],"is_beta":false,"boss_relics":[{"not_picked":["Tiny House","aspiration:ScribeSkillbook"],"picked":"theForsaken:PaleLantern"}],"items_purged_floors":[3,22],"is_endless":false,"potions_floor_spawned":[2,5,11,12],"killed_by":"Snecko","ascension_level":0}}