{"host":"lhth1efayex2023z","time":1607890681,"event":{"mods":["BaseMod","Colored Map","Googly Eyes","Minty Spire (QoL Compilation)","StSLib"],"gold_per_floor":[112,112,2,12,12,12,42,42,65,240,250,270,280,308,308,413,413,423,333,333,412,21,53,53,69,69,96,106,136,136,160,160,256,256,268,318,336,355,355,355,380,394,418,445,495,495,521,535,535,535,535,535,99,127,127],"floor_reached":56,"playtime":2925,"items_purged":["Defend_G","Strike_G","Strike_G"],"score":2011,"play_id":"33028d10-577d-4a69-a825-fd01e7b4004a","local_time":"20201213131801","is_ascension_mode":true,"campfire_choices":[{"data":"Choke","floor":6,"key":"SMITH"},{"data":"Cloak And Dagger","floor":8,"key":"SMITH"},{"data":"Footwork","floor":15,"key":"SMITH"},{"data":"Neutralize","floor":24,"key":"SMITH"},{"data":"Finisher","floor":32,"key":"SMITH"},{"data":"Phantasmal Killer","floor":40,"key":"SMITH"},{"floor":46,"key":"RECALL"},{"data":"A Thousand Cuts","floor":49,"key":"SMITH"},{"data":"Adrenaline","floor":52,"key":"SMITH"}],"circlet_count":0,"master_deck":["Strike_G+1","Strike_G+1","Defend_G+1","Defend_G","Defend_G","Defend_G","Survivor","Neutralize+1","Choke+1","Calculated Gamble+1","Infinite Blades","Endless Agony+1","Cloak And Dagger+1","Blade Dance+1","Backflip","Footwork+1","Glass Knife+1","Blade Dance+1","Adrenaline+1","Terror+1","Finisher+1","Choke+1","Phantasmal Killer+1","CurseOfTheBell","Acrobatics+1","Blur+1","A Thousand Cuts+1","Accuracy"],"relics":["Coffee Dripper","Meat on the Bone","Bag of Preparation","Juzu Bracelet","Runic Dome","Singing Bowl","TungstenRod","Turnip","Ninja Scroll","Lantern","Oddly Smooth Stone","Gambling Chip","Calling Bell","War Paint","Paper Crane","CaptainsWheel","Tough Bandages","Torii","Regal Pillow","Boot","The Specimen","Bottled Lightning","Membership Card","Whetstone","InkBottle","Letter Opener"],"acts_visited":["TheCity","TheBeyond","TheEnding"],"potions_floor_usage":[39,39,55],"damage_taken":[{"damage":1,"enemies":"Small Slimes","floor":1,"turns":4},{"damage":0,"enemies":"Cultist","floor":4,"turns":3},{"damage":14,"enemies":"Gremlin Nob","floor":7,"turns":4},{"damage":0,"enemies":"2 Louse","floor":11,"turns":2},{"damage":0,"enemies":"Large Slime","floor":12,"turns":3},{"damage":3,"enemies":"Exordium Wildlife","floor":13,"turns":4},{"damage":7,"enemies":"Lagavulin","floor":14,"turns":5},{"damage":29,"enemies":"Slime Boss","floor":16,"turns":8},{"damage":13,"enemies":"Shell Parasite","floor":18,"turns":3},{"damage":16,"enemies":"Slavers","floor":23,"turns":4},{"damage":0,"enemies":"Chosen","floor":25,"turns":3},{"damage":7,"enemies":"Book of Stabbing","floor":27,"turns":4},{"damage":0,"enemies":"Shelled Parasite and Fungi","floor":28,"turns":1},{"damage":2,"enemies":"Slavers","floor":29,"turns":3},{"damage":15,"enemies":"Collector","floor":33,"turns":3},{"damage":0,"enemies":"3 Darklings","floor":35,"turns":1},{"damage":0,"enemies":"Mind Bloom Boss Battle","floor":36,"turns":1},{"damage":0,"enemies":"3 Shapes","floor":37,"turns":2},{"damage":0,"enemies":"Sphere and 2 Shapes","floor":38,"turns":3},{"damage":0,"enemies":"Giant Head","floor":41,"turns":1},{"damage":0,"enemies":"Transient","floor":42,"turns":5},{"damage":0,"enemies":"Reptomancer","floor":44,"turns":2},{"damage":0,"enemies":"2 Orb Walkers","floor":45,"turns":2},{"damage":0,"enemies":"Nemesis","floor":47,"turns":1},{"damage":0,"enemies":"3 Darklings","floor":48,"turns":3},{"damage":79,"enemies":"Awakened One","floor":50,"turns":7},{"damage":0,"enemies":"Shield and Spear","floor":54,"turns":4},{"damage":0,"enemies":"The Heart","floor":55,"turns":6}],"seed_played":"-5331016491114452849","potions_obtained":[{"floor":7,"key":"FearPotion"},{"floor":11,"key":"Fire Potion"},{"floor":12,"key":"FairyPotion"},{"floor":14,"key":"Dexterity Potion"},{"floor":33,"key":"Ancient Potion"},{"floor":37,"key":"EntropicBrew"},{"floor":38,"key":"Energy Potion"},{"floor":39,"key":"Fruit Juice"},{"floor":39,"key":"Fruit Juice"},{"floor":39,"key":"LiquidBronze"}],"is_trial":false,"path_per_floor":["M","?","$","M","?","R","E","R","T","?","M","M","M","E","R","B",null,"M","?","?","T","$","E","R","M","T","E","M","E","?","T","R","B",null,"M","?","M","M","?","R","E","M","T","E","?","R","E","M","R","B",null,"R","$","E","B",null],"character_chosen":"THE_SILENT","items_purchased":["Infinite Blades","TungstenRod","Membership Card","Whetstone","InkBottle","Accuracy"],"campfire_rested":0,"item_purchase_floors":[3,22,53,53,53,53],"current_hp_per_floor":[62,62,62,62,48,48,34,34,34,34,46,46,43,36,36,19,57,44,44,70,70,70,54,54,56,56,49,49,47,47,47,47,44,65,67,69,69,71,81,81,81,83,83,83,85,85,87,89,89,22,78,78,78,80,80],"gold":127,"neow_bonus":"BOSS_RELIC","is_daily":false,"chose_seed":false,"campfire_upgraded":8,"win_rate":0.0,"timestamp":1607890681,"path_taken":["M","?","?","M","?","R","E","R","T","?","?","?","M","E","R","BOSS","M","?","?","?","?","E","R","M","T","E","M","E","?","?","R","BOSS","M","?","M","M","?","R","E","M","T","E","?","R","E","M","R","BOSS","R","$","E","BOSS"],"items_purchased_type":["Card","Relic","Relic","Relic","Relic","Card"],"build_version":"2020-11-30","purchased_purges":3,"victory":true,"max_hp_per_floor":[70,70,70,70,70,70,70,70,70,70,70,70,70,70,70,70,70,70,70,70,70,70,70,70,72,72,72,72,72,72,72,72,72,72,74,76,76,78,88,88,88,90,90,90,92,92,94,96,96,96,96,96,96,98,98],"card_choices":[{"not_picked":["Bane","Cloak And Dagger"],"picked":"Choke","floor":1},{"not_picked":["Bane","All Out Attack"],"picked":"Endless Agony","floor":4},{"not_picked":["Masterful Stab","Backstab"],"picked":"Cloak And Dagger","floor":7},{"not_picked":["Outmaneuver","Setup"],"picked":"Blade Dance","floor":11},{"not_picked":["Sucker Punch","Prepared"],"picked":"Backflip","floor":12},{"not_picked":["Poisoned Stab","Dagger Throw"],"picked":"Footwork","floor":13},{"not_picked":["Masterful Stab","Bane","Sucker Punch"],"picked":"SKIP","floor":14},{"not_picked":["Grand Finale","Bullet Time"],"picked":"Glass Knife","floor":16},{"not_picked":["Bane","Concentrate+1"],"picked":"Blade Dance+1","floor":18},{"not_picked":["Deadly Poison","Distraction"],"picked":"Adrenaline","floor":23},{"not_picked":["Sucker Punch","Skewer","Flying Knee+1"],"picked":"Singing Bowl","floor":25},{"not_picked":["Flechettes","PiercingWail"],"picked":"Terror+1","floor":27},{"not_picked":["Noxious Fumes","Setup"],"picked":"Finisher","floor":28},{"not_picked":["Backstab+1","Flying Knee+1"],"picked":"Choke+1","floor":29},{"not_picked":["Die Die Die","Wraith Form v2"],"picked":"Phantasmal Killer","floor":33},{"not_picked":["Cloak And Dagger","Noxious Fumes+1","Predator+1"],"picked":"Singing Bowl","floor":35},{"not_picked":["Well Laid Plans","Dagger Throw+1","Eviscerate"],"picked":"Singing Bowl","floor":36},{"not_picked":["Underhanded Strike+1","Quick Slash+1"],"picked":"Acrobatics+1","floor":37},{"not_picked":["Terror","Deadly Poison+1","Acrobatics"],"picked":"Singing Bowl","floor":38},{"not_picked":["Dagger Spray","Prepared"],"picked":"Blur+1","floor":41},{"not_picked":["Backflip","Acrobatics+1","Bane+1"],"picked":"Singing Bowl","floor":42},{"not_picked":["Deadly Poison","Tactician+1"],"picked":"A Thousand Cuts","floor":44},{"not_picked":["Cloak And Dagger+1","Quick Slash+1","Slice"],"picked":"Singing Bowl","floor":45},{"not_picked":["Cloak And Dagger+1","Underhanded Strike","Dagger Spray"],"picked":"Singing Bowl","floor":47},{"not_picked":["Acrobatics+1","Bouncing Flask","Heel Hook+1"],"picked":"Singing Bowl","floor":48},{"not_picked":["Caltrops","Dagger Throw+1","Heel Hook+1"],"picked":"Singing Bowl","floor":54}],"player_experience":347725,"relics_obtained":[{"floor":7,"key":"Meat on the Bone"},{"floor":9,"key":"Bag of Preparation"},{"floor":14,"key":"Juzu Bracelet"},{"floor":21,"key":"Singing Bowl"},{"floor":23,"key":"Turnip"},{"floor":26,"key":"Ninja Scroll"},{"floor":27,"key":"Lantern"},{"floor":29,"key":"Oddly Smooth Stone"},{"floor":34,"key":"War Paint"},{"floor":34,"key":"Paper Crane"},{"floor":34,"key":"CaptainsWheel"},{"floor":36,"key":"Tough Bandages"},{"floor":41,"key":"Torii"},{"floor":43,"key":"Regal Pillow"},{"floor":44,"key":"Boot"},{"floor":45,"key":"The Specimen"},{"floor":47,"key":"Bottled Lightning"},{"floor":54,"key":"Letter Opener"}],"event_choices":[{"damage_healed":0,"gold_gain":0,"cards_transformed":["Strike_G"],"player_choice":"Transformed","damage_taken":0,"max_hp_gain":0,"max_hp_loss":0,"event_name":"Transmorgrifier","floor":2,"gold_loss":0,"cards_obtained":["Calculated Gamble"]},{"damage_healed":0,"gold_gain":0,"player_choice":"Entered Light","damage_taken":14,"max_hp_gain":0,"max_hp_loss":0,"event_name":"Shining Light","floor":5,"gold_loss":0,"cards_upgraded":["Calculated Gamble","Strike_G"]},{"damage_healed":0,"gold_gain":175,"player_choice":"AGREE","damage_taken":0,"max_hp_gain":0,"max_hp_loss":0,"event_name":"Liars Game","floor":10,"gold_loss":0,"cards_obtained":["Doubt"]},{"cards_removed":["Doubt"],"damage_healed":0,"gold_gain":0,"player_choice":"Upgrade and Remove","damage_taken":0,"max_hp_gain":0,"max_hp_loss":0,"event_name":"Designer","floor":19,"gold_loss":90,"cards_upgraded":["Glass Knife"]},{"damage_healed":26,"gold_gain":0,"player_choice":"Full Heal","damage_taken":0,"max_hp_gain":0,"max_hp_loss":0,"event_name":"Wheel of Change","floor":20,"gold_loss":0},{"damage_healed":0,"gold_gain":0,"player_choice":"Gave Potion","damage_taken":0,"relics_obtained":["Gambling Chip"],"max_hp_gain":0,"max_hp_loss":0,"event_name":"WeMeetAgain","floor":30,"gold_loss":0},{"damage_healed":0,"gold_gain":0,"player_choice":"Fight","damage_taken":0,"max_hp_gain":0,"max_hp_loss":0,"event_name":"MindBloom","floor":36,"gold_loss":0},{"damage_healed":0,"gold_gain":0,"player_choice":"Got Potions","damage_taken":0,"max_hp_gain":0,"max_hp_loss":0,"event_name":"Lab","floor":39,"gold_loss":0},{"damage_healed":0,"gold_gain":0,"player_choice":"Fight","damage_taken":0,"max_hp_gain":0,"max_hp_loss":0,"event_name":"Mysterious Sphere","floor":45,"gold_loss":0}],"is_beta":false,"boss_relics":[{"not_picked":["Snecko Eye","Fusion Hammer"],"picked":"Runic Dome"},{"not_picked":["Sozu","Pandora\u0027s Box"],"picked":"Calling Bell"}],"items_purged_floors":[3,22,53],"is_endless":false,"potions_floor_spawned":[7,11,12,13,14,25,29,33,37,38,41,45,47],"ascension_level":8}}