{"host":"rtq35k3rt1qs984b","time":1607892369,"event":{"mods":["2.2 Compatiblity","AchievementEnabler","Act Like it!","Aspiration","BaseMod","Better Note","BetterRewards","Card Forge","Colored Map","Colored Powertips","Conspire","Downfall","Friendly Minions","Gensokyo","GifTheSpireLib","Grow up Mod","Halation","Hallownest","Highlight Path","Hubris","Infinite Spire","Minty Spire (QoL Compilation)","Permanent Neow","Rare Cards Sparkle","Replay The Spire","Shop Mod","StSLib","Steal the Spire","Stuff the Spire","SuperFastMode"],"gold_per_floor":[110,110,110,122,141,172,188,216,216,216,230,265,186,218,230,338,350,376,388,400,431,455,501,453,465,503,549,404,404,404,419,419,517,517,530,281,320,320,430,430,462,503,527,527,585,617,617,617,617,766,766,766],"floor_reached":51,"playtime":5419,"items_purged":[],"score":982,"play_id":"3f331512-2e3f-4df6-8d8e-a66957ea5f1f","local_time":"20201213204609","is_ascension_mode":true,"campfire_choices":[{"data":"Disarm","floor":10,"key":"SMITH"},{"data":"ReplayTheSpireMod:Limb From Limb","floor":15,"key":"SMITH"},{"data":"Berserk","floor":29,"key":"SMITH"},{"data":"Limit Break","floor":32,"key":"SMITH"},{"data":"Brutality","floor":40,"key":"SMITH"},{"data":"Dramatic Entrance","floor":44,"key":"SMITH"},{"data":"infinitespire:UltimateForm","floor":49,"key":"SMITH"}],"circlet_count":0,"master_deck":["Strike_R+1","Strike_R","Strike_R","Strike_R+1","Defend_R","Defend_R","Defend_R","Defend_R","Bash","Sword Boomerang","Cleave","Searing Blow","Pummel","Uppercut","Disarm+1","Ghostly Armor","Rupture","Metallicize","ReplayTheSpireMod:Limb From Limb+1","Limit Break+1","Flex+1","Armaments","CommonCold","Thunderclap","Berserk+1","Replay:Undeath\u0027s Touch+1","Brutality+1","Clash","Dramatic Entrance+1","Dropkick+1","Clothesline+1","Pommel Strike+1","Hemokinesis","Seeing Red+1","Seeing Red","Feel No Pain","infinitespire:UltimateForm+1","Feed"],"relics":["Burning Blood","Hammer of Thor","Seething Fire","Anvil of the Gods","aspiration:Nostalgia","Slimebound:AbsorbEndCombat","aspiration:HatOfInfinitePower","StuffTheSpire:OldFever","Replay:Rubber Ducky","infinitespire:Beetle Shell","MawBank","halation:StarCompass","Bag of Marbles","Ring of Misfortune","Ring of Fury","conspire:TopHat","Omamori","Runic Cube","Replay:Bandana","Garlic","aspiration:Lifesprig","Strawberry","hubris:Icosahedron","hubris:Spice","Ooze Armor","conspire:RoyalGoblet"],"acts_visited":["Exordium","TheCity","TheBeyond","Exordium"],"potions_floor_usage":[6,8],"damage_taken":[{"damage":0,"enemies":"Small Slimes","floor":1,"turns":3},{"damage":14,"enemies":"Jaw Worm","floor":4,"turns":3},{"damage":6,"enemies":"Cultist","floor":5,"turns":3},{"damage":35,"enemies":"3 Sentries","floor":6,"turns":5},{"damage":11,"enemies":"Looter","floor":7,"turns":2},{"damage":30,"enemies":"Lagavulin","floor":8,"turns":4},{"damage":11,"enemies":"2 Fungi Beasts","floor":11,"turns":3},{"damage":35,"enemies":"3 Sentries","floor":12,"turns":5},{"damage":15,"enemies":"Gremlin Nob","floor":14,"turns":3},{"damage":52,"enemies":"Fading Forest","floor":16,"turns":11},{"damage":23,"enemies":"Spheric Guardian","floor":18,"turns":5},{"damage":8,"enemies":"Chosen","floor":21,"turns":3},{"damage":9,"enemies":"3 Cultists","floor":22,"turns":3},{"damage":75,"enemies":"Nightmare","floor":23,"turns":12},{"damage":10,"enemies":"Book of Stabbing","floor":27,"turns":4},{"damage":6,"enemies":"Centurion and Healer","floor":31,"turns":4},{"damage":55,"enemies":"Automaton","floor":33,"turns":8},{"damage":45,"enemies":"3 Darklings","floor":35,"turns":3},{"damage":20,"enemies":"Orb Walker","floor":37,"turns":2},{"damage":24,"enemies":"3 Darklings","floor":41,"turns":4},{"damage":27,"enemies":"Jaw Worm Horde","floor":42,"turns":2},{"damage":81,"enemies":"Nightmare","floor":45,"turns":5},{"damage":17,"enemies":"Writhing Mass","floor":46,"turns":5},{"damage":151,"enemies":"infinitespire:MassOfShapes","floor":50,"turns":6}],"seed_played":"-5599394170410156274","potions_obtained":[{"floor":5,"key":"Energy Potion"},{"floor":6,"key":"SkillPotion"},{"floor":8,"key":"Swift Potion"},{"floor":12,"key":"BlessingOfTheForge"},{"floor":14,"key":"GamblersBrew"}],"is_trial":false,"path_per_floor":["M","?","?","M","M","E","M","E","T","R","M","E","$","E","R","B",null,"M","?","?","M","M","NM","?","?","T","E","$","R","$","M","R","B",null,"M","$","M","?","?","R","M","M","T","R","NM","M","?","AVR","R","B",null],"character_chosen":"IRONCLAD","items_purchased":["Metallicize","Berserk","Dramatic Entrance","Replay:Bandana"],"campfire_rested":0,"item_purchase_floors":[13,28,36,36],"current_hp_per_floor":[100,90,93,95,105,86,91,77,87,97,102,83,93,94,104,84,260,253,263,273,281,288,229,239,249,259,265,275,285,295,305,315,276,430,401,411,407,417,239,249,241,230,240,250,192,191,201,219,229,94,605,605],"gold":766,"neow_bonus":"NOSTALGIA","is_daily":false,"chose_seed":false,"campfire_upgraded":7,"win_rate":0.0,"timestamp":1607892369,"path_taken":["M","?","?","M","M","E","M","E","T","R","M","E","$","E","R","BOSS","M","?","?","?","M","NM","?","?","T","E","?","R","$","M","R","BOSS","M","$","?","?","?","R","M","M","T","R","NM","M","?","AVR","R","BOSS"],"items_purchased_type":["Card","Card","Card","Relic"],"build_version":"2020-11-30","purchased_purges":0,"victory":false,"max_hp_per_floor":[100,110,120,130,140,150,160,170,180,190,200,210,220,230,240,250,260,270,280,290,300,310,320,330,340,350,360,370,380,390,400,410,420,430,440,450,460,470,480,490,500,510,520,530,547,557,567,585,595,605,605,605],"card_choices":[{"not_picked":["Rage","Flex"],"picked":"Sword Boomerang","floor":1},{"not_picked":["Havoc","Run Through"],"picked":"Cleave","floor":4},{"not_picked":["Shrug It Off","Heavy Blade"],"picked":"Searing Blow","floor":5},{"not_picked":["StuffTheSpire:RockThrow","Abandon"],"picked":"Pummel","floor":6},{"not_picked":["Dual Wield","Havoc"],"picked":"Uppercut","floor":7},{"not_picked":["Limit Break","Shrug It Off"],"picked":"Disarm","floor":8},{"not_picked":["Havoc","Whirlwind"],"picked":"Ghostly Armor","floor":11},{"not_picked":["Run Through","StuffTheSpire:Incineration"],"picked":"Rupture","floor":12},{"not_picked":["Sword Boomerang","conspire:Purge"],"picked":"ReplayTheSpireMod:Limb From Limb","floor":14},{"not_picked":["Bludgeon","StuffTheSpire:TitanForm"],"picked":"Limit Break","floor":16},{"not_picked":["Body Slam","StuffTheSpire:RockThrow+1"],"picked":"Flex","floor":18},{"not_picked":["Headbutt","conspire:ExplosiveBarrier+1","ReplayTheSpireMod:Strike From Hell"],"picked":"SKIP","floor":21},{"not_picked":["Cleave","Warcry"],"picked":"Armaments","floor":22},{"not_picked":["Second Wind","Warcry","Anger"],"picked":"SKIP","floor":23},{"not_picked":["hubris:ReadiedAction+1","Warcry"],"picked":"Thunderclap","floor":27},{"not_picked":["True Grit","StuffTheSpire:RagingBull"],"picked":"Replay:Undeath\u0027s Touch+1","floor":31},{"not_picked":["Limit Break","Fiend Fire"],"picked":"Brutality","floor":33},{"not_picked":["Hemokinesis","Flex+1"],"picked":"Clash","floor":35},{"not_picked":["Sever Soul+1","conspire:Charge+1","Clash+1"],"picked":"SKIP","floor":37},{"not_picked":["Rupture+1","True Grit"],"picked":"Dropkick+1","floor":39},{"not_picked":["Flex","Clash+1"],"picked":"Clothesline+1","floor":39},{"not_picked":["StuffTheSpire:Slingshot+1","Run Through"],"picked":"Pommel Strike+1","floor":39},{"not_picked":["Warcry","Body Slam"],"picked":"Hemokinesis","floor":41},{"not_picked":["StuffTheSpire:RockThrow+1","Battle Trance+1"],"picked":"Seeing Red+1","floor":42},{"not_picked":["StuffTheSpire:RockThrow+1","True Grit+1"],"picked":"Seeing Red","floor":45},{"not_picked":["Pommel Strike","Run Through+1"],"picked":"Feel No Pain","floor":46},{"not_picked":["Juggernaut","conspire:HitWhereItHurts"],"picked":"Feed","floor":50}],"player_experience":108601,"relics_obtained":[{"floor":6,"key":"aspiration:HatOfInfinitePower"},{"floor":8,"key":"StuffTheSpire:OldFever"},{"floor":9,"key":"Replay:Rubber Ducky"},{"floor":12,"key":"infinitespire:Beetle Shell"},{"floor":14,"key":"MawBank"},{"floor":23,"key":"Bag of Marbles"},{"floor":25,"key":"Ring of Misfortune"},{"floor":25,"key":"Ring of Fury"},{"floor":26,"key":"conspire:TopHat"},{"floor":27,"key":"Omamori"},{"floor":43,"key":"aspiration:Lifesprig"},{"floor":45,"key":"Strawberry"}],"event_choices":[{"damage_healed":0,"gold_gain":0,"player_choice":"Entered Light","damage_taken":20,"max_hp_gain":0,"max_hp_loss":0,"event_name":"Shining Light","floor":2,"gold_loss":0,"cards_upgraded":["Strike_R","Strike_R"]},{"cards_removed":["Strike_R"],"damage_healed":0,"gold_gain":0,"player_choice":"Card Removal","damage_taken":7,"max_hp_gain":0,"max_hp_loss":0,"event_name":"Golden Wing","floor":3,"gold_loss":0},{"damage_healed":0,"gold_gain":0,"player_choice":"Forge","damage_taken":0,"max_hp_gain":0,"max_hp_loss":0,"event_name":"Accursed Blacksmith","floor":20,"gold_loss":0,"cards_upgraded":["Flex"]}],"is_beta":false,"boss_relics":[{"not_picked":["halation:HeavySnake","aspiration:WatcherSkillbook","ReplayTheSpireMod:DimensionalGlitch"]},{"not_picked":["StuffTheSpire:RunicHypercube","halation:Risk"],"picked":"Runic Cube"},{"not_picked":["halation:ForbiddenBikini","aspiration:RitualDagger"],"picked":"conspire:RoyalGoblet"}],"items_purged_floors":[],"is_endless":true,"potions_floor_spawned":[5,6,8,12,14,16,18,22,35,41,45],"ascension_level":4}}