{"host":"1","time":1607883707,"event":{"mods":["Act Like it!","BaseMod","Better Third Choice","Hubris","Jorbs\u0027s Wanderer Trilogy","Minty Spire (QoL Compilation)","Replay The Spire","Shade Mod","StSLib","The Cursed","The Mystic","Wandering Minibosses"],"gold_per_floor":[118,68,0,0,14,48,48,60,60,72,72,90,101,127,127,227,227,239,164,80,80,80,80,105,89,89,118,118,133,165,178,178,277,277,296,7,27,39,39,68,68,68,121,131,148,148,165,0,0,0],"floor_reached":51,"playtime":3121,"items_purged":[],"score":833,"play_id":"ff6e629c-64db-4f3d-a026-83e34c83be21","local_time":"20201213212147","is_ascension_mode":true,"campfire_choices":[{"floor":11.0,"key":"REST"},{"data":"Venomology","floor":23.0,"key":"SMITH"},{"data":"Acrobatics","floor":32.0,"key":"SMITH"},{"data":"hubris:DuctTapeCard","floor":46,"key":"SMITH"},{"data":"Defend_G","floor":49,"key":"PURGE"}],"circlet_count":0,"master_deck":["Strike_G","Strike_G","Strike_G","Defend_G","Defend_G","Defend_G","Survivor","Neutralize+1","Infinite Blades","Enlightenment+1","Outmaneuver","Infinite Blades","Quick Slash","Prepared","Flying Knee+1","ReplayTheSpireMod:The Works","Venomology+1","Acrobatics+1","Swift Strike","Ghostly","Ghostly+1","Ghostly","Ghostly","Ghostly","Expertise","Quick Slash","Blade Dance","Escape Plan+1","Calculated Gamble","Outmaneuver","Envenom","hubris:DuctTapeCard+2","Backflip","Backstab","Acrobatics+1","Madness","Madness","Blur+1","Dodge and Roll+1"],"relics":["Ring of the Snake","Ninja Scroll","hubris:PeanutButter","Blue Doll","Philosopher\u0027s Stone","hubris:ToyBattleship","War Paint","hubris:DuctTape","Happy Flower","hubris:BottledHeart","Replay:Ringing Soul","Painkiller Herb","Iron Hammer","hubris:Teleporter","Blood Vial","Red Mask"],"acts_visited":["Exordium","TheCity","TheBeyond"],"potions_floor_usage":[35,38,40,44,45,47,50,50,50,50],"damage_taken":[{"damage":9.0,"enemies":"Jaw Worm","floor":1.0,"turns":4.0},{"damage":1.0,"enemies":"2 Louse","floor":5.0,"turns":6.0},{"damage":43.0,"enemies":"3 Sentries","floor":6.0,"turns":15.0},{"damage":2.0,"enemies":"Small Slimes","floor":8.0,"turns":4.0},{"damage":2.0,"enemies":"3 Louse","floor":10.0,"turns":5.0},{"damage":0.0,"enemies":"Blue Slaver","floor":12.0,"turns":4.0},{"damage":4.0,"enemies":"Looter","floor":13.0,"turns":3.0},{"damage":7.0,"enemies":"Replay:BlueRogue","floor":14.0,"turns":5.0},{"damage":18.0,"enemies":"Fading Forest","floor":16.0,"turns":11.0},{"damage":12.0,"enemies":"Spheric Guardian","floor":18.0,"turns":4.0},{"damage":0.0,"enemies":"Gremlin Leader","floor":24.0,"turns":7.0},{"damage":0.0,"enemies":"2 Thieves","floor":25.0,"turns":4.0},{"damage":0.0,"enemies":"Book of Stabbing","floor":27.0,"turns":6.0},{"damage":0.0,"enemies":"Snake Plant","floor":29.0,"turns":6.0},{"damage":0.0,"enemies":"Gremlin Leader","floor":30.0,"turns":6.0},{"damage":0.0,"enemies":"Shelled Parasite and Fungi","floor":31.0,"turns":5.0},{"damage":0.0,"enemies":"Champ","floor":33.0,"turns":12.0},{"damage":0,"enemies":"3 Shapes","floor":35,"turns":6},{"damage":0,"enemies":"Orb Walker","floor":37,"turns":4},{"damage":0,"enemies":"3 Darklings","floor":38,"turns":6},{"damage":0,"enemies":"Nemesis","floor":40,"turns":6},{"damage":0,"enemies":"Writhing Mass","floor":44,"turns":6},{"damage":0,"enemies":"Spire Growth","floor":45,"turns":6},{"damage":0,"enemies":"4 Shapes","floor":47,"turns":6},{"damage":0,"enemies":"Replay:Hell Engine","floor":50,"turns":10}],"seed_played":"6073832269539483426","potions_obtained":[{"floor":5.0,"key":"Energy Potion"},{"floor":12.0,"key":"Adrenaline Potion"},{"floor":13.0,"key":"Block Potion"},{"floor":16.0,"key":"SteroidPotion"},{"floor":24.0,"key":"Doom Potion"},{"floor":30.0,"key":"DistilledChaos"},{"floor":31.0,"key":"Toxic Potion"},{"floor":38,"key":"Adrenaline Potion"},{"floor":40,"key":"Weak Potion"},{"floor":45,"key":"SkillPotion"}],"is_trial":false,"path_per_floor":["M","?","?","?","M","E","?","M","T","M","R","M","M","E","R","B",null,"M","?","$","?","T","R","E","M","T","E","?","M","E","M","R","B",null,"?","T","?","?","T","E","?","?","T","?","?","T","?","?","T","B",null],"character_chosen":"THE_SILENT","items_purchased":["Tactician+1","Swift Strike","Iron Hammer","Backflip"],"campfire_rested":1,"item_purchase_floors":[20,20,36,36],"current_hp_per_floor":[61,61,67,67,66,23,23,21,21,19,41,41,37,30,52,56,76,64,64,64,38,38,38,38,38,38,38,1,1,1,1,1,1,1,1,1,1,1,1,1,1,1,1,1,1,1,1,1,1,1],"gold":0,"neow_bonus":"TRANSFORM_CARD","is_daily":false,"chose_seed":false,"campfire_upgraded":3,"win_rate":0.0,"timestamp":1607883707,"path_taken":["M","?","?","?","M","E","?","M","T","M","R","M","?","E","R","BOSS","M","?","$","?","?","R","E","M","T","E","?","M","E","M","R","BOSS","?","T","?","?","T","E","?","?","T","?","?","T","?","?","T","BOSS"],"items_purchased_type":["Card","Card","Relic","Card"],"build_version":"2020-11-17","purchased_purges":0,"victory":true,"max_hp_per_floor":[70,70,76,76,76,76,76,76,76,76,76,76,76,76,76,76,76,76,76,76,38,38,38,38,38,38,38,1,1,1,1,1,1,1,1,1,1,1,1,1,1,1,1,1,1,1,1,1,1,1],"card_choices":[{"not_picked":["Bane","All Out Attack"],"picked":"hubris:Sniper","floor":1.0},{"not_picked":["ReplayTheSpireMod:The Works","Caltrops"],"picked":"Outmaneuver","floor":5.0},{"not_picked":["Outmaneuver","All Out Attack"],"picked":"Infinite Blades","floor":6.0},{"not_picked":["Underhanded Strike","Blur","Dagger Spray"],"picked":"SKIP","floor":8.0},{"not_picked":["Backstab","Deflect"],"picked":"Quick Slash","floor":10.0},{"not_picked":["Distraction","Bane"],"picked":"Prepared","floor":12.0},{"not_picked":["Bane","Deflect"],"picked":"Flying Knee","floor":13.0},{"not_picked":["Skewer","Fluid Movement"],"picked":"ReplayTheSpireMod:The Works","floor":14.0},{"not_picked":["Malaise","Die Die Die"],"picked":"Venomology","floor":16.0},{"not_picked":["Sucker Punch+1","Hidden Blade"],"picked":"Acrobatics","floor":18.0},{"not_picked":["ReplayTheSpireMod:Speed Training","hubris:Counter"],"picked":"Expertise","floor":24.0},{"not_picked":["Poisoned Stab","Bane"],"picked":"Quick Slash","floor":25.0},{"not_picked":["Choke","Deadly Poison+1"],"picked":"Blade Dance","floor":27.0},{"not_picked":["ReplayTheSpireMod:The Works","hubris:SlightOfHand+1"],"picked":"Escape Plan+1","floor":29.0},{"not_picked":["Backstab","Noxious Fumes+1"],"picked":"Calculated Gamble","floor":30.0},{"not_picked":["Bane","Phantasmal Killer"],"picked":"Outmaneuver","floor":31.0},{"not_picked":["Die Die Die","Malaise"],"picked":"Envenom","floor":33.0},{"not_picked":["Backstab+1","Sucker Punch","Masterful Stab+1"],"picked":"SKIP","floor":35},{"not_picked":["Blade Dance","Endless Agony"],"picked":"Backstab","floor":37},{"not_picked":["Flying Knee","Leg Sweep+1","Riddle With Holes+1"],"picked":"SKIP","floor":38},{"not_picked":["Bouncing Flask+1","hubris:SlightOfHand+1"],"picked":"Acrobatics+1","floor":40},{"not_picked":["Sucker Punch+1","Dagger Throw"],"picked":"Blur+1","floor":44},{"not_picked":["Fluid Movement","Bane"],"picked":"Dodge and Roll+1","floor":45},{"not_picked":["Outmaneuver","Heel Hook+1","Predator"],"picked":"SKIP","floor":47}],"player_experience":58265,"relics_obtained":[{"floor":6.0,"key":"Ninja Scroll"},{"floor":9.0,"key":"hubris:PeanutButter"},{"floor":14.0,"key":"Blue Doll"},{"floor":22.0,"key":"hubris:ToyBattleship"},{"floor":24.0,"key":"War Paint"},{"floor":26.0,"key":"hubris:DuctTape"},{"floor":27.0,"key":"Happy Flower"},{"floor":30.0,"key":"Replay:Ringing Soul"},{"floor":40,"key":"hubris:Teleporter"},{"floor":43,"key":"Blood Vial"}],"event_choices":[{"cards_removed":["Strike_G"],"damage_healed":0.0,"max_hp_gain":0.0,"max_hp_loss":0.0,"gold_gain":0.0,"event_name":"The Cleric","player_choice":"Card Removal","floor":2.0,"gold_loss":50.0,"damage_taken":0.0},{"damage_healed":0.0,"max_hp_gain":0.0,"max_hp_loss":0.0,"gold_gain":0.0,"event_name":"betterThird:BetterSerpent","player_choice":"RENOUNCE","floor":3.0,"gold_loss":68.0,"damage_taken":68.0,"cards_obtained":["Enlightenment"]},{"damage_healed":0.0,"max_hp_gain":0.0,"max_hp_loss":0.0,"gold_gain":0.0,"event_name":"Living Wall","player_choice":"Grow","floor":7.0,"gold_loss":0.0,"damage_taken":0.0,"cards_upgraded":["Neutralize"]},{"cards_removed":["Defend_G"],"damage_healed":0.0,"max_hp_gain":0.0,"max_hp_loss":0.0,"gold_gain":0.0,"event_name":"Beggar","player_choice":"Gave Gold","floor":19.0,"gold_loss":75.0,"damage_taken":0.0},{"damage_healed":0.0,"max_hp_gain":0.0,"max_hp_loss":38.0,"gold_gain":0.0,"event_name":"Ghosts","player_choice":"Became a Ghost","floor":21.0,"gold_loss":0.0,"damage_taken":0.0,"cards_obtained":["Ghostly","Ghostly","Ghostly","Ghostly","Ghostly"]},{"damage_healed":0,"gold_gain":0,"player_choice":"Embrace Madness","damage_taken":0,"max_hp_gain":0,"max_hp_loss":0,"event_name":"Winding Halls","floor":41,"gold_loss":0,"cards_obtained":["Madness","Madness"]},{"damage_healed":0,"gold_gain":0,"player_choice":"Bought 0 Potions","damage_taken":0,"max_hp_gain":0,"max_hp_loss":0,"event_name":"The Woman in Blue","floor":42,"gold_loss":0},{"damage_healed":0,"gold_gain":0,"player_choice":"Paid","damage_taken":0,"relics_obtained":["Red Mask"],"max_hp_gain":0,"max_hp_loss":0,"event_name":"Tomb of Lord Red Mask","floor":48,"gold_loss":165}],"is_beta":true,"boss_relics":[{"not_picked":["HoveringKite","hubris:HollowSoul"],"picked":"Philosopher\u0027s Stone"},{"not_picked":["Ring of Chaos","hubris:RunicObelisk"],"picked":"Painkiller Herb"}],"items_purged_floors":[],"is_endless":false,"potions_floor_spawned":[5,12,13,16,24,30,31,35,38,40,45,47],"ascension_level":1}}