{"host":"knjiz4erwy0yt202","time":1606423062,"event":{"mods":["2.2 Compatiblity","Aspiration","BaseMod","Better Altar","Better Match","Better Note","Better Sensory Stone","Better Skull","Better Third Choice","BetterRewards","Colored Powertips","Custom Start","DeckTracker","Energized Spire","Hubris","Minty Spire (QoL Compilation)","Quick Restart","Replay The Spire","Shop Mod","Spicy Shops","Spikes Relics","StSLib","The Blue Laboratory","Uncapped","Wandering Minibosses"],"gold_per_floor":[115,390,109,120,135,168,168,202,277,277,1,1,11,36,36,36,36],"floor_reached":16,"playtime":1169,"items_purged":["Regret"],"score":124,"play_id":"d60acd6a-91d4-440e-a7a8-687e57ad4d8a","local_time":"20201126123742","is_ascension_mode":true,"campfire_choices":[{"data":"Absolvement","floor":12,"key":"SMITH"},{"floor":15,"key":"REST"}],"circlet_count":0,"master_deck":["Strike_R","Strike_R","Strike_R","Strike_R","Strike_R","Defend_R","Defend_R","Defend_R","Defend_R","Bash","Feel No Pain","Dramatic Entrance","Absolvement+1","Carnage","hubris:StunningStrike","Carnage"],"relics":["Burning Blood","Matryoshka","MerchantsRug","RoseTintedShades","Replay:Bottled Snecko"],"acts_visited":["Exordium"],"potions_floor_usage":[14,16,16],"damage_taken":[{"damage":12,"enemies":"2 Louse","floor":1,"turns":3},{"damage":10,"enemies":"Cultist","floor":4,"turns":6},{"damage":0,"enemies":"Small Slimes","floor":5,"turns":2},{"damage":22,"enemies":"3 Sentries","floor":6,"turns":6},{"damage":45,"enemies":"Lagavulin","floor":8,"turns":7},{"damage":0,"enemies":"3 Louse","floor":13,"turns":2},{"damage":18,"enemies":"3 Sentries","floor":14,"turns":4},{"damage":77,"enemies":"The Guardian","floor":16,"turns":12}],"seed_played":"-2604256893421984084","potions_obtained":[{"floor":6,"key":"GamblersBrew"},{"floor":13,"key":"SteroidPotion"},{"floor":14,"key":"Explosive Potion"}],"is_trial":false,"path_per_floor":["M","?","$","M","M","E","?","E","T","?","$","R","M","E","R","B"],"character_chosen":"IRONCLAD","items_purchased":["Dramatic Entrance","Absolvement","MerchantsRug","RoseTintedShades"],"campfire_rested":1,"item_purchase_floors":[3,3,11,11],"current_hp_per_floor":[82,82,82,78,84,68,68,29,29,29,29,29,35,23,49,0,0],"gold":36,"neow_bonus":"TEN_PERCENT_HP_BONUS","is_daily":false,"chose_seed":false,"campfire_upgraded":1,"win_rate":0.0,"timestamp":1606423062,"path_taken":["M","?","?","M","M","E","?","E","T","?","$","R","M","E","R","BOSS"],"items_purchased_type":["Card","Card","Relic","Relic"],"build_version":"2020-11-30","purchased_purges":1,"victory":false,"max_hp_per_floor":[88,88,88,88,88,88,88,88,88,88,88,88,88,88,88,88,88],"card_choices":[{"not_picked":["Body Slam","Shrug It Off"],"picked":"Feel No Pain","floor":1},{"not_picked":["Iron Wave","Armaments"],"picked":"Carnage","floor":4},{"not_picked":["Armaments","ReplayTheSpireMod:Limb From Limb","Clash"],"picked":"SKIP","floor":5},{"not_picked":["Twin Strike","Thunderclap"],"picked":"hubris:StunningStrike","floor":6},{"not_picked":["Thunderclap","Body Slam"],"picked":"Carnage","floor":8},{"not_picked":["Pommel Strike","Run Through","Rage"],"picked":"SKIP","floor":13},{"not_picked":["Twin Strike","Battle Trance","Massacre"],"picked":"SKIP","floor":14}],"player_experience":125003,"relics_obtained":[{"floor":6,"key":"BrokenLever"},{"floor":8,"key":"Replay:Accelerometer"},{"floor":9,"key":"Matryoshka"},{"floor":14,"key":"Replay:Bottled Snecko"}],"event_choices":[{"damage_healed":0,"gold_gain":275,"player_choice":"Desecrate","damage_taken":0,"max_hp_gain":0,"max_hp_loss":0,"event_name":"Golden Shrine","floor":2,"gold_loss":0,"cards_obtained":["Regret"]},{"damage_healed":68,"gold_gain":0,"player_choice":"Embrace Burn","damage_taken":0,"max_hp_gain":0,"max_hp_loss":88,"event_name":"betterThird:BetterShining","floor":7,"gold_loss":0},{"cards_removed":["Burn"],"damage_healed":0,"gold_gain":0,"player_choice":"Purged","damage_taken":0,"max_hp_gain":0,"max_hp_loss":0,"event_name":"Purifier","floor":10,"gold_loss":0}],"is_beta":false,"boss_relics":[],"items_purged_floors":[3],"is_endless":false,"potions_floor_spawned":[6,13,14],"killed_by":"The Guardian","ascension_level":1}}