{"host":"5gc11emcm5chfr5t","time":1607820086,"event":{"mods":["2.2 Compatiblity","AchievementEnabler","BaseMod","Bestiary","Better Note","Colored Map","Colored Powertips","Googly Eyes","Minty Spire (QoL Compilation)","Rare Cards Sparkle","StSLib"],"gold_per_floor":[16,291,306,0,16,16,32,52,52,71,71,96,112,112,112],"floor_reached":14,"playtime":481,"items_purged":[],"score":94,"play_id":"80251b2b-a312-450a-895f-9a299686713f","local_time":"20201212194126","is_ascension_mode":false,"campfire_choices":[{"data":"Eruption","floor":6,"key":"SMITH"}],"circlet_count":0,"master_deck":["Strike_P","Strike_P","Strike_P","Strike_P","Defend_P","Defend_P","Eruption+1","Vigilance","MentalFortress","Ragnarok","Prostrate","Regret","Evaluate","Worship","EmptyBody","Prostrate","MasterReality","FollowUp","Protect"],"relics":["PureWater","Ginger","Darkstone Periapt"],"acts_visited":["Exordium"],"potions_floor_usage":[12,13],"damage_taken":[{"damage":0,"enemies":"Small Slimes","floor":1,"turns":3},{"damage":2,"enemies":"Cultist","floor":3,"turns":3},{"damage":5,"enemies":"Jaw Worm","floor":5,"turns":3},{"damage":0,"enemies":"Red Slaver","floor":7,"turns":1},{"damage":8,"enemies":"Gremlin Gang","floor":8,"turns":4},{"damage":10,"enemies":"3 Louse","floor":10,"turns":5},{"damage":44,"enemies":"3 Sentries","floor":12,"turns":8},{"damage":2,"enemies":"Exordium Thugs","floor":13,"turns":5},{"damage":3,"enemies":"Gremlin Nob","floor":14,"turns":1}],"seed_played":"-4279036319060530180","potions_obtained":[{"floor":3,"key":"Weak Potion"},{"floor":5,"key":"LiquidMemories"},{"floor":12,"key":"CultistPotion"},{"floor":13,"key":"BottledMiracle"}],"is_trial":false,"path_per_floor":["M","?","M","$","M","R","M","M","T","M","$","E","M","E"],"character_chosen":"WATCHER","items_purchased":["Ginger"],"campfire_rested":0,"item_purchase_floors":[4],"current_hp_per_floor":[72,72,70,70,65,65,65,57,57,47,47,3,1,0,0],"gold":112,"neow_bonus":"TRANSFORM_TWO_CARDS","is_daily":false,"chose_seed":false,"campfire_upgraded":1,"win_rate":0.0,"timestamp":1607820086,"path_taken":["M","?","M","?","M","R","M","?","T","M","?","E","M","E"],"items_purchased_type":["Relic"],"build_version":"2020-11-30","purchased_purges":0,"victory":false,"max_hp_per_floor":[72,72,72,72,72,72,72,72,72,72,72,72,72,72,72],"card_choices":[{"not_picked":["FollowUp","Indignation"],"picked":"Prostrate","floor":1},{"not_picked":["FlyingSleeves","BattleHymn"],"picked":"Evaluate","floor":3},{"not_picked":["Crescendo","ThirdEye"],"picked":"Worship","floor":5},{"not_picked":["PathToVictory","BowlingBash"],"picked":"EmptyBody","floor":7},{"not_picked":["Sanctity","TalkToTheHand"],"picked":"Prostrate","floor":8},{"not_picked":["ClearTheMind","Pray"],"picked":"MasterReality","floor":10},{"not_picked":["SignatureMove","EmptyFist"],"picked":"FollowUp","floor":12},{"not_picked":["SandsOfTime","ClearTheMind"],"picked":"Protect","floor":13}],"player_experience":330552,"relics_obtained":[{"floor":12,"key":"Darkstone Periapt"}],"event_choices":[{"damage_healed":0,"gold_gain":275,"player_choice":"Desecrate","damage_taken":0,"max_hp_gain":0,"max_hp_loss":0,"event_name":"Golden Shrine","floor":2,"gold_loss":0,"cards_obtained":["Regret"]}],"is_beta":false,"boss_relics":[],"items_purged_floors":[],"is_endless":false,"potions_floor_spawned":[3,5,12,13],"killed_by":"Gremlin Nob","ascension_level":0}}