{"host":"m6aaltr68g9tvoay","time":1607836701,"event":{"mods":["AchievementEnabler","BaseMod","Colored Map","Downfall","Minty Spire (QoL Compilation)","StSLib"],"gold_per_floor":[99,249,275,275,308,158,208,238,163,197,215,227,239,249,267,371,421,421,437,224,224,242,252,252,252,278,278,278,296,296,396,407,504,504,504,514,530,530,530,530,555,586,586,614,186,202,202,36,51,51],"floor_reached":51,"playtime":4511,"items_purged":["champ:Defend","champ:Strike"],"score":1044,"play_id":"9486b0a5-537a-4469-b237-5d8f56f85d67","local_time":"20201212211821","is_ascension_mode":true,"campfire_choices":[{"data":"champ:Taunt","floor":1.0,"key":"SMITH"},{"data":"champ:TornadoPunch","floor":4.0,"key":"SMITH"},{"data":"champ:ShieldWall","floor":9.0,"key":"SMITH"},{"data":"champ:HoldFirm","floor":18.0,"key":"SMITH"},{"floor":21.0,"key":"REST"},{"data":"champ:CalledShot","floor":27.0,"key":"SMITH"},{"floor":35,"key":"DIG"},{"data":"champ:SteelEdge","floor":38,"key":"SMITH"},{"floor":40,"key":"DIG"},{"floor":43,"key":"DIG"}],"circlet_count":0,"master_deck":["champ:Strike","champ:Strike","champ:Strike","champ:Defend","champ:Defend","champ:Defend","champ:Execute","champ:Taunt+1","champ:TornadoPunch+1","champ:Haymaker","champ:ShieldWall+1","champ:BringItOn","champ:FanOfKnives","champ:Control","champ:Backstep+1","champ:Duel","champ:AdrenalArmor","champ:HoldFirm+1","champ:RecklessLeap","champ:GladiatorStyle","champ:FlashCut+1","champ:ViciousMockery+1","champ:CalledShot+1","RitualDagger+1","champ:SteelEdge+1","champ:IgnorePain"],"relics":["champ:ChampionCrown","downfall:HeartsMalice","Ornamental Fan","Omamori","Lantern","Mercury Hourglass","downfall:HeartBlessingGreen","Blue Candle","Tiny House","Shuriken","Juzu Bracelet","InkBottle","Gremlin Horn","Shovel","Bottled Tornado","Busted Crown","Guardian:PocketSentry","Matryoshka","HornCleat","Orichalcum","Strawberry","Kunai","Bottled Flame","Membership Card","StoneCalendar","Centennial Puzzle","Smiling Mask","HandDrill","hexamod:BolsterEngine"],"acts_visited":["Exordium","TheCity","TheBeyond"],"potions_floor_usage":[44,50,50],"damage_taken":[{"damage":0.0,"enemies":"Gremlin Nob","floor":3.0,"turns":1.0},{"damage":0.0,"enemies":"Lagavulin","floor":5.0,"turns":1.0},{"damage":0.0,"enemies":"Gremlin Nob","floor":8.0,"turns":1.0},{"damage":22.0,"enemies":"Lagavulin","floor":10.0,"turns":5.0},{"damage":0.0,"enemies":"Small Slimes","floor":11.0,"turns":2.0},{"damage":5.0,"enemies":"2 Louse","floor":12.0,"turns":2.0},{"damage":7.0,"enemies":"Cultist","floor":13.0,"turns":4.0},{"damage":3.0,"enemies":"Lots of Slimes","floor":14.0,"turns":1.0},{"damage":5.0,"enemies":"3 Louse","floor":15.0,"turns":2.0},{"damage":35.0,"enemies":"downfall:Defect","floor":16.0,"turns":9.0},{"damage":11.0,"enemies":"Shell Parasite","floor":19.0,"turns":5.0},{"damage":15.0,"enemies":"downfall:FleeingMerchant","floor":20.0,"turns":4.0},{"damage":7.0,"enemies":"Snecko","floor":22.0,"turns":6.0},{"damage":25.0,"enemies":"Centurion and Healer","floor":23.0,"turns":7.0},{"damage":11.0,"enemies":"Slavers","floor":26.0,"turns":5.0},{"damage":9.0,"enemies":"Cultist and Chosen","floor":29.0,"turns":7.0},{"damage":0,"enemies":"downfall:CharBossIronclad","floor":31,"turns":1},{"damage":8,"enemies":"Sentry and Sphere","floor":32,"turns":5},{"damage":46,"enemies":"downfall:Watcher","floor":33,"turns":8},{"damage":20,"enemies":"3 Darklings","floor":36,"turns":5},{"damage":0,"enemies":"Orb Walker","floor":37,"turns":3},{"damage":31,"enemies":"Nemesis","floor":42,"turns":7},{"damage":62,"enemies":"Giant Head","floor":44,"turns":8},{"damage":5,"enemies":"downfall:FleeingMerchant","floor":45,"turns":4},{"damage":22,"enemies":"Spire Growth","floor":46,"turns":4},{"damage":3,"enemies":"downfall:FleeingMerchant","floor":48,"turns":4},{"damage":9,"enemies":"Sphere and 2 Shapes","floor":49,"turns":5},{"damage":29,"enemies":"downfall:Ironclad","floor":50,"turns":9}],"seed_played":"2489932962770773295","potions_obtained":[{"floor":3.0,"key":"CultistPotion"},{"floor":11.0,"key":"sneckomod:MuddlingPotion"},{"floor":12.0,"key":"PowerPotion"},{"floor":14.0,"key":"Weak Potion"},{"floor":15.0,"key":"Explosive Potion"},{"floor":16.0,"key":"champ:TechniquePotion"},{"floor":17.0,"key":"Block Potion"},{"floor":28.0,"key":"CultistPotion"},{"floor":29.0,"key":"champ:TechniquePotion"},{"floor":31,"key":"champ:CounterPotion"},{"floor":44,"key":"hexamod:EctoCoolerPotion"}],"is_trial":false,"path_per_floor":["R","?","E","R","E","?","T","E","R","E","M","M","M","M","M","B",null,"R","M","$","R","M","M","T","?","E","R","?","M","?","?","M","B",null,"R","M","M","R","?","R","T","E","R","E","$","M","?","$","M","B",null],"character_chosen":"THE_CHAMP","items_purchased":["champ:GladiatorStyle","champ:FlashCut","Membership Card","StoneCalendar","Block Potion","champ:IgnorePain","HandDrill","hexamod:BolsterEngine"],"campfire_rested":1,"item_purchase_floors":[20,20,45,45,45,45,48,48],"current_hp_per_floor":[90,90,90,90,90,100,100,100,100,78,78,78,74,74,74,53,105,105,96,86,105,102,99,99,99,94,94,94,92,92,92,92,66,105,105,105,105,105,97,97,97,96,96,56,56,56,56,56,54,54],"gold":51,"neow_bonus":"THREE_ENEMY_KILL","is_daily":false,"chose_seed":false,"campfire_upgraded":6,"win_rate":0.0,"timestamp":1607836701,"path_taken":["R","?","E","R","E","?","T","E","R","E","M","M","?","M","M","BOSS","R","M","?","R","M","M","T","?","E","R","?","M","?","?","M","BOSS","R","M","M","R","?","R","T","E","R","E","?","M","?","$","M","BOSS"],"items_purchased_type":["Card","Card","Relic","Relic","Potion","Card","Relic","Relic"],"build_version":"2020-11-30","purchased_purges":2,"victory":true,"max_hp_per_floor":[90,90,90,90,90,100,100,100,100,100,100,100,100,100,100,100,105,105,105,105,105,105,105,105,105,105,105,105,105,105,105,105,105,105,105,105,105,105,105,105,105,112,112,112,112,112,112,112,112,112],"card_choices":[{"not_picked":["champ:FalseCounter","champ:CrookedStrike"],"picked":"champ:TornadoPunch","floor":3.0},{"not_picked":["champ:Shatter","champ:EnGarde"],"picked":"champ:Haymaker","floor":5.0},{"not_picked":["champ:TornadoPunch","champ:CheapShot"],"picked":"champ:ShieldWall","floor":8.0},{"not_picked":["champ:GladiatorsShout","champ:FocusedBerserking"],"picked":"champ:BringItOn","floor":10.0},{"not_picked":["champ:BringItOn","champ:Haymaker"],"picked":"champ:FanOfKnives","floor":11.0},{"not_picked":["champ:BerserkersShout","champ:RageSigil"],"picked":"champ:Control","floor":12.0},{"not_picked":["champ:RageSigil","champ:FanOfKnives"],"picked":"champ:Backstep","floor":13.0},{"not_picked":["champ:Control","champ:Haymaker"],"picked":"champ:Duel","floor":14.0},{"not_picked":["champ:BerserkersShout","champ:Aggression"],"picked":"champ:AdrenalArmor","floor":15.0},{"not_picked":["champ:DancingMaster","champ:HeavySlash"],"picked":"champ:HoldFirm","floor":16.0},{"not_picked":["champ:RageSigil","champ:Balance"],"picked":"champ:RecklessLeap","floor":17.0},{"not_picked":["champ:Haymaker","champ:SwordSigil","champ:Riposte"],"picked":"SKIP","floor":19.0},{"not_picked":["champ:DefensiveStyle","champ:RecklessLeap","champ:BringItOn"],"picked":"SKIP","floor":20.0},{"not_picked":["champ:EndlessRage+1","champ:Riposte+1"],"picked":"champ:ViciousMockery+1","floor":22.0},{"not_picked":["champ:Encircle","champ:HeartStrike"],"picked":"champ:CalledShot","floor":23.0},{"not_picked":["champ:TornadoPunch+1","champ:GladiatorsShout","champ:FocusedGladiator"],"picked":"SKIP","floor":26.0},{"not_picked":["champ:RapidStrikes","champ:CrookedStrike","champ:ShieldWall+1"],"picked":"SKIP","floor":29.0},{"not_picked":["champ:ArenaPreparation","champ:Circumvent","champ:TornadoPunch"],"picked":"SKIP","floor":32},{"not_picked":["champ:HeavySlash","champ:DancingMaster"],"picked":"champ:SteelEdge","floor":33},{"not_picked":["champ:Circumvent"],"picked":"SKIP","floor":36},{"not_picked":["champ:AdrenalArmor"],"picked":"SKIP","floor":37},{"not_picked":["champ:FlashCut"],"picked":"SKIP","floor":42},{"not_picked":["champ:Aggression"],"picked":"SKIP","floor":44},{"not_picked":["champ:TornadoPunch+1"],"picked":"SKIP","floor":45},{"not_picked":["champ:GutPunch+1"],"picked":"SKIP","floor":46},{"not_picked":["champ:Balance"],"picked":"SKIP","floor":48},{"not_picked":["champ:TornadoPunch+1"],"picked":"SKIP","floor":49}],"player_experience":1596497,"relics_obtained":[{"floor":3.0,"key":"Ornamental Fan"},{"floor":5.0,"key":"Omamori"},{"floor":7.0,"key":"Lantern"},{"floor":8.0,"key":"Mercury Hourglass"},{"floor":10.0,"key":"Blue Candle"},{"floor":24.0,"key":"Shuriken"},{"floor":26.0,"key":"InkBottle"},{"floor":31,"key":"Shovel"},{"floor":31,"key":"Bottled Tornado"},{"floor":35,"key":"Guardian:PocketSentry"},{"floor":40,"key":"Matryoshka"},{"floor":41,"key":"HornCleat"},{"floor":41,"key":"Orichalcum"},{"floor":42,"key":"Strawberry"},{"floor":43,"key":"Kunai"},{"floor":44,"key":"Bottled Flame"},{"floor":47,"key":"Centennial Puzzle"},{"floor":47,"key":"Smiling Mask"}],"event_choices":[{"damage_healed":0.0,"max_hp_gain":0.0,"max_hp_loss":0.0,"gold_gain":0.0,"event_name":"Addict","player_choice":"Stole Relic","floor":25.0,"gold_loss":0.0,"damage_taken":0.0,"relics_obtained":["Juzu Bracelet"],"cards_obtained":["Shame"]}],"is_beta":false,"boss_relics":[{"not_picked":["Velvet Choker","Snecko Eye"],"picked":"Tiny House"},{"not_picked":["Empty Cage","Runic Pyramid"],"picked":"Busted Crown"}],"items_purged_floors":[20,45],"is_endless":false,"potions_floor_spawned":[3,11,12,14,15,16,29,31,32,36,42,44,49],"ascension_level":1}}