{"host":"Sumable","time":1607850014,"event":{"mods":["AchievementEnabler","BaseMod","Better Note","BetterRewards","Googly Eyes","Hermit","Minty Spire (QoL Compilation)","Quick Restart","Shop Mod","StSLib","The Cursed","everything is the same but u backflip on backflip","slay the spire mod where everything is the same but ironclad has a cowboy hat"],"gold_per_floor":[114,126,144,164,164,199,214,214,239,255,255,330,330,330,330,425,425,439,439,132,0,100,100,100],"floor_reached":23,"playtime":1088,"items_purged":[],"score":236,"play_id":"5eb03b86-1428-4304-8653-4ce51fdb3882","local_time":"20201213020014","is_ascension_mode":true,"campfire_choices":[{"floor":8,"key":"REST"},{"floor":11,"key":"REST"},{"data":"Riddle With Holes","floor":15,"key":"SMITH"}],"circlet_count":0,"master_deck":["Strike_G","Strike_G","Strike_G","Strike_G","Strike_G","Defend_G","Defend_G","Defend_G","Defend_G","Defend_G","Survivor","Neutralize","Riddle With Holes+1","Dodge and Roll","Infinite Blades","Backstab","Skewer","Burst","Outmaneuver"],"relics":["Ring of the Snake","NeowsBlessing","InkBottle","Lantern","HoveringKite","TungstenRod"],"acts_visited":["Exordium","TheCity"],"potions_floor_usage":[6,10,16,21],"damage_taken":[{"damage":0,"enemies":"Cultist","floor":1,"turns":1},{"damage":0,"enemies":"Jaw Worm","floor":2,"turns":1},{"damage":0,"enemies":"2 Louse","floor":3,"turns":1},{"damage":0,"enemies":"Exordium Wildlife","floor":4,"turns":4},{"damage":31,"enemies":"Gremlin Nob","floor":6,"turns":4},{"damage":4,"enemies":"Looter","floor":7,"turns":3},{"damage":12,"enemies":"Blue Slaver","floor":10,"turns":2},{"damage":56,"enemies":"Hexaghost","floor":16,"turns":14},{"damage":43,"enemies":"3 Byrds","floor":18,"turns":6},{"damage":22,"enemies":"Slavers","floor":23,"turns":2}],"seed_played":"346931976160868465","potions_obtained":[{"floor":1,"key":"LiquidBronze"},{"floor":4,"key":"ColorlessPotion"},{"floor":10,"key":"SpeedPotion"},{"floor":18,"key":"Fruit Juice"}],"is_trial":false,"path_per_floor":["M","M","M","M","?","E","M","R","T","M","R","?","$","?","R","B",null,"M","?","$","?","?","E"],"character_chosen":"THE_SILENT","items_purchased":["TungstenRod"],"campfire_rested":2,"item_purchase_floors":[20],"current_hp_per_floor":[70,70,70,70,70,39,35,56,56,44,65,54,54,70,70,14,56,13,13,13,18,18,0,0],"gold":100,"neow_bonus":"THREE_ENEMY_KILL","is_daily":false,"chose_seed":false,"campfire_upgraded":1,"win_rate":0.0,"timestamp":1607850014,"path_taken":["M","?","M","M","?","E","M","R","T","?","R","?","?","?","R","BOSS","M","?","$","?","?","E"],"items_purchased_type":["Relic"],"build_version":"2020-12-07","purchased_purges":0,"victory":false,"max_hp_per_floor":[70,70,70,70,70,70,70,70,70,70,70,70,70,70,70,70,70,70,70,70,75,75,75,75],"card_choices":[{"not_picked":["Acrobatics","PiercingWail"],"picked":"Riddle With Holes","floor":1},{"not_picked":["Bane","Blade Dance"],"picked":"Dodge and Roll","floor":2},{"not_picked":["Prepared","Heel Hook"],"picked":"Infinite Blades","floor":3},{"not_picked":["PiercingWail","Setup"],"picked":"Backstab","floor":4},{"not_picked":["Endless Agony","Riddle With Holes"],"picked":"Skewer","floor":6},{"not_picked":["Quick Slash","Finisher","Deadly Poison"],"picked":"SKIP","floor":7},{"not_picked":["Dagger Throw","Storm of Steel","Blade Dance"],"picked":"SKIP","floor":10},{"not_picked":["Grand Finale","Storm of Steel"],"picked":"Burst","floor":16},{"not_picked":["Cloak And Dagger","Masterful Stab"],"picked":"Outmaneuver","floor":18}],"player_experience":939810,"relics_obtained":[{"floor":6,"key":"InkBottle"},{"floor":9,"key":"Lantern"}],"event_choices":[{"damage_healed":0,"gold_gain":0,"player_choice":"Ignored","damage_taken":0,"max_hp_gain":0,"max_hp_loss":0,"event_name":"Purifier","floor":5,"gold_loss":0},{"damage_healed":0,"gold_gain":75,"player_choice":"Gather Gold","damage_taken":11,"max_hp_gain":0,"max_hp_loss":0,"event_name":"World of Goop","floor":12,"gold_loss":0},{"damage_healed":23,"gold_gain":0,"player_choice":"Banana","damage_taken":0,"max_hp_gain":0,"max_hp_loss":0,"event_name":"Big Fish","floor":14,"gold_loss":0},{"damage_healed":0,"gold_gain":0,"player_choice":"Ignored","damage_taken":0,"max_hp_gain":0,"max_hp_loss":0,"event_name":"Beggar","floor":19,"gold_loss":0},{"damage_healed":0,"gold_gain":0,"player_choice":"Paid Fearfully","damage_taken":0,"max_hp_gain":0,"max_hp_loss":0,"event_name":"Masked Bandits","floor":21,"gold_loss":132},{"damage_healed":0,"gold_gain":100,"player_choice":"Pray","damage_taken":0,"max_hp_gain":0,"max_hp_loss":0,"event_name":"Golden Shrine","floor":22,"gold_loss":0}],"is_beta":true,"boss_relics":[{"not_picked":["Pandora\u0027s Box","Snecko Eye"],"picked":"HoveringKite"}],"items_purged_floors":[],"is_endless":false,"potions_floor_spawned":[1,4,10,18],"killed_by":"Slavers","ascension_level":5}}