{"host":"hnfelxnirsihwvcb","time":1607873346,"event":{"mods":["BaseMod","Colored Map","DeckTracker","Highlight Path","Minty Spire (QoL Compilation)","Quick Restart","Relic Sorter","Relic Stats","Shop Mod","StSLib","SuperFastMode"],"gold_per_floor":[117,182,182,207,172,215,215,215,215,238,272,272,292,370,370,370,370],"floor_reached":16,"playtime":380,"items_purged":[],"score":183,"play_id":"bf8ba8b0-f38d-429a-8a37-8e3c2db8fcc1","local_time":"20201213162906","daily_mods":["SealedDeck","Vintage","Binary"],"is_ascension_mode":false,"campfire_choices":[{"data":"Blade Dance","floor":7,"key":"SMITH"},{"data":"Dash","floor":15,"key":"SMITH"}],"circlet_count":0,"master_deck":["Dash+1","Blade Dance+1","Blade Dance+1","Slice","Noxious Fumes","Endless Agony","Infinite Blades","Deflect","Slice","Backstab"],"relics":["Unceasing Top","Busted Crown","Vajra","Golden Idol","MealTicket","Eternal Feather","Tingsha","Gambling Chip","CeramicFish","Bottled Flame","Question Card"],"acts_visited":["Exordium"],"potions_floor_usage":[16],"damage_taken":[{"damage":0,"enemies":"Small Slimes","floor":1,"turns":2},{"damage":0,"enemies":"Jaw Worm","floor":4,"turns":1},{"damage":19,"enemies":"3 Sentries","floor":6,"turns":5},{"damage":0,"enemies":"2 Louse","floor":10,"turns":1},{"damage":0,"enemies":"Gremlin Nob","floor":11,"turns":2},{"damage":0,"enemies":"Large Slime","floor":13,"turns":1},{"damage":69,"enemies":"The Guardian","floor":16,"turns":3}],"seed_played":"8308879823708125216","potions_obtained":[{"floor":10,"key":"Fruit Juice"}],"is_trial":true,"path_per_floor":["M","?","?","M","?","E","R","?","T","M","E","?","M","T","R","B"],"character_chosen":"THE_SILENT","items_purchased":[],"campfire_rested":0,"item_purchase_floors":[],"current_hp_per_floor":[70,70,65,65,65,46,52,57,57,57,57,57,57,57,63,0,0],"gold":370,"neow_bonus":"","is_daily":false,"chose_seed":false,"campfire_upgraded":2,"win_rate":0.0,"timestamp":1607873346,"path_taken":["M","?","?","?","?","E","R","?","T","M","E","?","M","?","R","BOSS"],"items_purchased_type":[],"build_version":"2020-11-30","purchased_purges":0,"victory":false,"max_hp_per_floor":[70,70,65,65,65,65,65,70,70,70,70,70,70,70,70,75,75],"relic_stats":{"Busted Crown":4,"counters":[7,15],"Golden Idol":30,"Gambling Chip":[15],"CeramicFish":0,"MealTicket":0,"Eternal Feather":12,"Tingsha":[39],"Question Card":0,"obtain_stats":[{"Bottled Flame":13,"Busted Crown":0,"Golden Idol":3,"Gambling Chip":10,"CeramicFish":11,"Vajra":1,"MealTicket":4,"Eternal Feather":6,"Tingsha":9,"Question Card":14,"Unceasing Top":0},{"Bottled Flame":6,"Busted Crown":0,"Golden Idol":1,"Gambling Chip":4,"CeramicFish":5,"Vajra":1,"MealTicket":2,"Eternal Feather":3,"Tingsha":3,"Question Card":6,"Unceasing Top":0},{"Bottled Flame":12,"Busted Crown":0,"Golden Idol":2,"Gambling Chip":9,"CeramicFish":11,"Vajra":2,"MealTicket":3,"Eternal Feather":8,"Tingsha":8,"Question Card":12,"Unceasing Top":0}],"Unceasing Top":[13]},"card_choices":[],"player_experience":739382,"relics_obtained":[{"floor":1,"key":"Vajra"},{"floor":4,"key":"MealTicket"},{"floor":6,"key":"Eternal Feather"},{"floor":9,"key":"Tingsha"},{"floor":10,"key":"Gambling Chip"},{"floor":11,"key":"CeramicFish"},{"floor":13,"key":"Bottled Flame"},{"floor":14,"key":"Question Card"}],"event_choices":[{"damage_healed":0,"gold_gain":65,"player_choice":"Gained Gold","damage_taken":0,"max_hp_gain":0,"max_hp_loss":0,"event_name":"Golden Wing","floor":2,"gold_loss":0},{"damage_healed":0,"gold_gain":0,"player_choice":"Lose Max HP","damage_taken":0,"relics_obtained":["Golden Idol"],"max_hp_gain":0,"max_hp_loss":5,"event_name":"Golden Idol","floor":3,"gold_loss":0},{"damage_healed":16,"gold_gain":0,"player_choice":"Healed","damage_taken":0,"max_hp_gain":0,"max_hp_loss":0,"event_name":"The Cleric","floor":5,"gold_loss":35},{"damage_healed":0,"gold_gain":0,"player_choice":"Donut","damage_taken":0,"max_hp_gain":5,"max_hp_loss":0,"event_name":"Big Fish","floor":8,"gold_loss":0},{"damage_healed":0,"gold_gain":0,"player_choice":"Grow","damage_taken":0,"max_hp_gain":0,"max_hp_loss":0,"event_name":"Living Wall","floor":12,"gold_loss":0,"cards_upgraded":["Blade Dance"]}],"is_beta":false,"boss_relics":[],"items_purged_floors":[],"is_endless":true,"potions_floor_spawned":[10],"killed_by":"The Guardian","ascension_level":0}}