{"host":"my4gslufyvqsq7r2","time":1607900756,"event":{"mods":["BaseMod","Colored Powertips","Downfall","Hubris","Infinite Spire","Minty Spire (QoL Compilation)","Replay The Spire","StSLib","The Cursed","The Disciple","The Necromancer","The Runesmith","The Servant 0.9.4"],"gold_per_floor":[99,118,118,118,148,161,161,181,181,181,181],"floor_reached":10,"playtime":783,"items_purged":[],"score":66,"play_id":"973c1521-c7b5-4418-98cc-65a16094898e","local_time":"20201213180556","is_ascension_mode":false,"campfire_choices":[{"data":"Metallicize","floor":1,"key":"SMITH"},{"floor":9,"key":"REST"}],"circlet_count":0,"master_deck":["Strike_R","Strike_R","Strike_R","Defend_R","Defend_R","Defend_R","Defend_R","Bash","Metallicize+1","Shrug It Off","Shrug It Off","Cleave","Body Slam"],"relics":["Burning Blood","Lizard Tail","Bottled Tornado"],"acts_visited":["Exordium"],"potions_floor_usage":[10],"damage_taken":[{"damage":3,"enemies":"2 Louse","floor":2,"turns":4},{"damage":30,"enemies":"3 Sentries","floor":5,"turns":15},{"damage":10,"enemies":"Small Slimes","floor":6,"turns":5},{"damage":5,"enemies":"Jaw Worm","floor":8,"turns":5},{"damage":80,"enemies":"Lagavulin","floor":10,"turns":20}],"seed_played":"-1729604702972599090","potions_obtained":[{"floor":5,"key":"Fire Potion"}],"is_trial":false,"path_per_floor":["R","M","?","?","E","M","T","M","R","E"],"character_chosen":"IRONCLAD","items_purchased":[],"campfire_rested":1,"item_purchase_floors":[],"current_hp_per_floor":[80,80,73,78,54,50,50,51,76,42,42],"gold":181,"neow_bonus":"TRANSFORM_CARD","is_daily":false,"chose_seed":false,"campfire_upgraded":1,"win_rate":0.0,"timestamp":1607900756,"path_taken":["R","M","?","?","E","M","T","M","R","E"],"items_purchased_type":[],"build_version":"2020-11-30","purchased_purges":0,"victory":false,"max_hp_per_floor":[80,80,80,85,85,85,85,85,85,85,85],"card_choices":[{"not_picked":["Cleave","ReplayTheSpireMod:Limb From Limb"],"picked":"Shrug It Off","floor":2},{"not_picked":["Sword Boomerang","Clothesline"],"picked":"Shrug It Off","floor":5},{"not_picked":["Havoc","Pommel Strike"],"picked":"Cleave","floor":6},{"not_picked":["Clothesline","Second Wind"],"picked":"Body Slam","floor":8}],"player_experience":513187,"relics_obtained":[{"floor":5,"key":"Lizard Tail"},{"floor":7,"key":"Bottled Tornado"}],"event_choices":[{"cards_removed":["Strike_R"],"damage_healed":0,"gold_gain":0,"player_choice":"Card Removal","damage_taken":7,"max_hp_gain":0,"max_hp_loss":0,"event_name":"Golden Wing","floor":3,"gold_loss":0},{"damage_healed":0,"gold_gain":0,"player_choice":"Donut","damage_taken":0,"max_hp_gain":5,"max_hp_loss":0,"event_name":"Big Fish","floor":4,"gold_loss":0}],"is_beta":false,"boss_relics":[],"items_purged_floors":[],"is_endless":false,"potions_floor_spawned":[5],"killed_by":"Lagavulin","ascension_level":0}}