{"host":"63rwe7p34ct1i0qu","time":1607834460,"event":{"mods":["BaseMod","DeckTracker","Minty Spire (QoL Compilation)","Permanent Neow","Quick Restart","StSLib"],"gold_per_floor":[118,43,43,43,60,60,79,92,92,105,119,138,155,170,170,267,267,282,134,134,134,134],"floor_reached":21,"playtime":818,"items_purged":[],"score":228,"play_id":"efb6bb08-e405-450d-ac94-d660a7942fad","local_time":"20201213134100","is_ascension_mode":true,"campfire_choices":[{"data":"Chaos","floor":6,"key":"SMITH"},{"floor":15,"key":"REST"}],"circlet_count":0,"master_deck":["Strike_B","Strike_B","Strike_B","Strike_B","Defend_B","Defend_B","Defend_B","Defend_B","Zap","Dualcast","Mayhem+1","Leap+1","Genetic Algorithm+1","Chaos+1","Chill","Compile Driver","Capacitor","Streamline","Hologram","Self Repair","Echo Form","Turbo","Creative AI","Decay"],"relics":["Cracked Core","Sundial","Nuclear Battery"],"acts_visited":["Exordium","TheCity"],"potions_floor_usage":[16,16,21,21],"damage_taken":[{"damage":1,"enemies":"Cultist","floor":1,"turns":3},{"damage":0,"enemies":"2 Louse","floor":5,"turns":2},{"damage":6,"enemies":"Small Slimes","floor":7,"turns":4},{"damage":3,"enemies":"Blue Slaver","floor":8,"turns":4},{"damage":0,"enemies":"Looter","floor":10,"turns":4},{"damage":9,"enemies":"Exordium Thugs","floor":11,"turns":6},{"damage":0,"enemies":"Large Slime","floor":12,"turns":5},{"damage":3,"enemies":"Looter","floor":13,"turns":3},{"damage":0,"enemies":"Red Slaver","floor":14,"turns":3},{"damage":13,"enemies":"Slime Boss","floor":16,"turns":8},{"damage":30,"enemies":"Shell Parasite","floor":18,"turns":8},{"damage":31,"enemies":"Chosen","floor":21,"turns":5}],"seed_played":"-5810600761044312710","potions_obtained":[{"floor":10,"key":"PotionOfCapacity"},{"floor":11,"key":"Dexterity Potion"},{"floor":13,"key":"PotionOfCapacity"},{"floor":18,"key":"EntropicBrew"}],"is_trial":false,"path_per_floor":["M","$","?","?","M","R","M","M","T","M","M","M","M","M","R","B",null,"M","$","?","M"],"character_chosen":"DEFECT","items_purchased":["Genetic Algorithm","Creative AI"],"campfire_rested":1,"item_purchase_floors":[2,19],"current_hp_per_floor":[49,49,34,34,34,34,28,25,25,25,16,16,13,13,35,29,64,41,41,41,10,10],"gold":134,"neow_bonus":"RANDOM_COLORLESS_2","is_daily":false,"chose_seed":false,"campfire_upgraded":1,"win_rate":0.0,"timestamp":1607834460,"path_taken":["M","?","?","?","M","R","M","?","T","M","M","M","M","M","R","BOSS","M","$","?","M"],"items_purchased_type":["Card","Card"],"build_version":"2020-11-30","purchased_purges":0,"victory":false,"max_hp_per_floor":[75,75,75,75,75,75,75,75,75,75,75,75,75,75,75,75,75,75,75,75,75,75],"card_choices":[{"not_picked":["Magnetism","Master of Strategy"],"picked":"Mayhem","floor":0},{"not_picked":["Static Discharge","Loop"],"picked":"Leap","floor":1},{"not_picked":["Static Discharge","Hologram"],"picked":"Chaos","floor":5},{"not_picked":["Redo","Ball Lightning"],"picked":"Chill","floor":7},{"not_picked":["Double Energy","Hologram"],"picked":"Compile Driver","floor":8},{"not_picked":["Turbo","Rebound"],"picked":"Capacitor","floor":10},{"not_picked":["Stack","Defragment"],"picked":"Streamline","floor":11},{"not_picked":["Steam","Stack"],"picked":"Hologram","floor":12},{"not_picked":["All For One","Double Energy","Rip and Tear"],"picked":"SKIP","floor":13},{"not_picked":["Turbo","Cold Snap"],"picked":"Self Repair","floor":14},{"not_picked":["Multi-Cast","Meteor Strike"],"picked":"Echo Form","floor":16},{"not_picked":["Sweeping Beam","Gash+1"],"picked":"Turbo","floor":18}],"player_experience":1278590,"relics_obtained":[{"floor":9,"key":"Sundial"}],"event_choices":[{"damage_healed":0,"gold_gain":0,"player_choice":"Entered Light","damage_taken":15,"max_hp_gain":0,"max_hp_loss":0,"event_name":"Shining Light","floor":3,"gold_loss":0,"cards_upgraded":["Mayhem","Leap"]},{"damage_healed":0,"gold_gain":0,"player_choice":"Upgraded","damage_taken":0,"max_hp_gain":0,"max_hp_loss":0,"event_name":"Upgrade Shrine","floor":4,"gold_loss":0,"cards_upgraded":["Genetic Algorithm"]},{"damage_healed":0,"gold_gain":0,"player_choice":"Smashed Altar","damage_taken":0,"max_hp_gain":0,"max_hp_loss":0,"event_name":"Forgotten Altar","floor":20,"gold_loss":0,"cards_obtained":["Decay"]}],"is_beta":false,"boss_relics":[{"not_picked":["FrozenCore","Coffee Dripper"],"picked":"Nuclear Battery"}],"items_purged_floors":[],"is_endless":false,"potions_floor_spawned":[10,11,13,14,18],"killed_by":"Chosen","ascension_level":6}}