{"host":"g76rhe4j5kh9hdf9","time":1607886228,"event":{"mods":["Act Like it!","BaseMod","Better Third Choice","Downfall","GifTheSpireLib","Minty Spire (QoL Compilation)","Relic Stats","Spicy Shops","StSLib"],"gold_per_floor":[99,112,143,143,53,79,79,79,410,335,335,358,458,477,492,492,492],"floor_reached":16,"playtime":1187,"items_purged":["hexamod:Strike"],"score":128,"play_id":"3d87e8e6-8d8a-4b35-a777-56749161d55b","local_time":"20201213110348","is_ascension_mode":true,"campfire_choices":[{"data":"hexamod:Sear","floor":1,"key":"SMITH"},{"data":"hexamod:RainOfEmbers","floor":4,"key":"SMITH"},{"data":"hexamod:SpectersWail","floor":8,"key":"SMITH"},{"floor":10,"key":"RECALL"}],"circlet_count":0,"master_deck":["hexamod:Strike","hexamod:Defend+1","hexamod:Defend","hexamod:Defend","hexamod:Defend","hexamod:Sear+1","hexamod:Float","hexamod:RainOfEmbers+1","hexamod:SpectersWail+1","hexamod:FirstSeal","hexamod:TurnItUp","hexamod:ThirdSeal"],"relics":["Sozu","Torii","Blue Candle","Ornamental Fan","Old Coin","downfall:HeartBlessingGreen","Odd Mushroom"],"acts_visited":["Exordium"],"potions_floor_usage":[],"damage_taken":[{"damage":0,"enemies":"Cultist","floor":2,"turns":3},{"damage":23,"enemies":"3 Sentries","floor":3,"turns":6},{"damage":0,"enemies":"downfall:FleeingMerchant","floor":5,"turns":4},{"damage":1,"enemies":"Gremlin Nob","floor":6,"turns":3},{"damage":27,"enemies":"3 Sentries","floor":9,"turns":7},{"damage":0,"enemies":"The Mushroom Lair","floor":12,"turns":4},{"damage":1,"enemies":"downfall:Heads","floor":13,"turns":8},{"damage":0,"enemies":"Jaw Worm","floor":14,"turns":3},{"damage":0,"enemies":"2 Louse","floor":15,"turns":1},{"damage":25,"enemies":"downfall:Defect","floor":16,"turns":4}],"seed_played":"-4360711413132931812","potions_obtained":[],"is_trial":false,"path_per_floor":["R","M","E","R","$","E","T","R","E","R","?","?","?","M","M","B"],"character_chosen":"THE_SPIRIT","items_purchased":[],"campfire_rested":0,"item_purchase_floors":[],"current_hp_per_floor":[70,70,47,47,47,46,46,46,19,19,12,19,18,25,25,0,0],"gold":492,"neow_bonus":"BOSS_RELIC","is_daily":false,"chose_seed":false,"campfire_upgraded":3,"win_rate":0.0,"timestamp":1607886228,"path_taken":["R","M","E","R","$","E","T","R","E","R","?","?","?","M","M","BOSS"],"items_purchased_type":[],"build_version":"2020-11-30","purchased_purges":1,"victory":false,"max_hp_per_floor":[70,70,70,70,70,70,70,70,70,70,70,70,70,70,70,70,70],"relic_stats":{"Sozu":3,"Torii":5,"counters":[10,43],"Ornamental Fan":[4],"Blue Candle":[0],"obtain_stats":[{"Sozu":0,"Torii":3,"Ornamental Fan":7,"Blue Candle":6,"downfall:HeartBlessingGreen":10,"Odd Mushroom":12,"hexamod:SpiritBrand":0,"Old Coin":9},{"Sozu":0,"Torii":2,"Ornamental Fan":4,"Blue Candle":4,"downfall:HeartBlessingGreen":5,"Odd Mushroom":6,"hexamod:SpiritBrand":0,"Old Coin":5},{"Sozu":0,"Torii":9,"Ornamental Fan":16,"Blue Candle":16,"downfall:HeartBlessingGreen":23,"Odd Mushroom":27,"hexamod:SpiritBrand":0,"Old Coin":23}]},"card_choices":[{"not_picked":["hexamod:GhostflameBarrier","hexamod:HauntingEcho"],"picked":"hexamod:RainOfEmbers","floor":2},{"not_picked":["hexamod:FastForward","hexamod:Firestarter"],"picked":"hexamod:SpectersWail","floor":3},{"not_picked":["hexamod:AdvancingGuard","hexamod:NightmareStrike","hexamod:FastForward"],"picked":"SKIP","floor":5},{"not_picked":["hexamod:SpectralSpark","hexamod:HauntingEcho","hexamod:AdvancingGuard"],"picked":"SKIP","floor":6},{"not_picked":["hexamod:ThermalTransfer","hexamod:Incineration","hexamod:RainOfEmbers"],"picked":"SKIP","floor":9},{"not_picked":["hexamod:GhostShield","hexamod:SwordOfDarkness","hexamod:NecessarySacrifice"],"picked":"SKIP","floor":14},{"not_picked":["hexamod:SpectralAdrenaline","hexamod:ShieldOfDarkness"],"picked":"hexamod:ThirdSeal","floor":15}],"player_experience":576565,"relics_obtained":[{"floor":3,"key":"Torii"},{"floor":6,"key":"Blue Candle"},{"floor":7,"key":"Ornamental Fan"},{"floor":9,"key":"Old Coin"},{"floor":12,"key":"Odd Mushroom"}],"event_choices":[{"damage_healed":0,"gold_gain":0,"player_choice":"Fought Mushrooms","damage_taken":0,"max_hp_gain":0,"max_hp_loss":0,"event_name":"Mushrooms","floor":12,"gold_loss":0}],"is_beta":false,"boss_relics":[],"items_purged_floors":[5],"is_endless":false,"potions_floor_spawned":[2,14,15],"killed_by":"downfall:Defect","ascension_level":2}}