{"host":"p7j7o00jacnw7qzt","time":1607897428,"event":{"mods":["BaseMod","Colored Map","Colored Powertips","DeckTracker","Highlight Path","Minty Spire (QoL Compilation)","Relic Stats"],"gold_per_floor":[111,111,36,36,111,111,139,139,139,172,184,184,208,233,233,323,323,343,78,101,117,117,117],"floor_reached":22,"playtime":981,"items_purged":["Strike_G","Strike_G"],"score":488,"play_id":"7b17f38b-655d-4034-8162-86e8e9261e42","local_time":"20201213171028","is_ascension_mode":true,"campfire_choices":[{"floor":6,"key":"REST"},{"data":"Reflex","floor":15,"key":"SMITH"}],"circlet_count":0,"master_deck":["AscendersBane","Strike_G+1","Strike_G+1","Defend_G","Defend_G","Defend_G","Defend_G","Defend_G","Survivor","Neutralize","Concentrate","Calculated Gamble","Dash","Footwork","Reflex+1","Underhanded Strike","Adrenaline","Blade Dance+1"],"relics":["Ring of the Snake","NeowsBlessing","Pocketwatch","Question Card","Whetstone","Golden Idol","Runic Dome","PreservedInsect"],"acts_visited":["Exordium","TheCity"],"potions_floor_usage":[21],"damage_taken":[{"damage":0,"enemies":"Small Slimes","floor":1,"turns":1},{"damage":0,"enemies":"3 Sentries","floor":7,"turns":1},{"damage":0,"enemies":"Lagavulin","floor":10,"turns":1},{"damage":2,"enemies":"Jaw Worm","floor":11,"turns":7},{"damage":0,"enemies":"2 Louse","floor":13,"turns":3},{"damage":1,"enemies":"Looter","floor":14,"turns":4},{"damage":7,"enemies":"The Guardian","floor":16,"turns":17},{"damage":9,"enemies":"Shell Parasite","floor":18,"turns":7},{"damage":2,"enemies":"3 Byrds","floor":20,"turns":6},{"damage":28,"enemies":"Snake Plant","floor":21,"turns":6},{"damage":20,"enemies":"Chosen and Byrds","floor":22,"turns":5}],"seed_played":"-5838538809019968695","potions_obtained":[{"floor":1,"key":"Fire Potion"},{"floor":10,"key":"PowerPotion"},{"floor":20,"key":"Strength Potion"},{"floor":21,"key":"Fruit Juice"}],"is_trial":false,"path_per_floor":["M","?","$","?","?","R","E","?","T","E","M","?","M","M","R","B",null,"M","$","M","M","M"],"character_chosen":"THE_SILENT","items_purchased":["PreservedInsect"],"campfire_rested":1,"item_purchase_floors":[19],"current_hp_per_floor":[59,24,24,17,6,25,25,25,25,25,23,23,23,22,22,15,49,40,40,38,15,0,0],"gold":117,"neow_bonus":"THREE_ENEMY_KILL","is_daily":false,"chose_seed":false,"campfire_upgraded":1,"win_rate":0.0,"timestamp":1607897428,"path_taken":["M","?","$","?","?","R","E","?","T","E","M","?","M","M","R","BOSS","M","$","M","M","M"],"items_purchased_type":["Relic"],"build_version":"2020-11-30","purchased_purges":2,"victory":false,"max_hp_per_floor":[66,66,66,66,66,66,66,66,66,66,66,60,60,60,60,60,60,60,60,60,65,65,65],"relic_stats":{"counters":[11,58],"Golden Idol":40,"PreservedInsect":0,"Whetstone":["Strike_G","Strike_G"],"Question Card":8,"obtain_stats":[{"Runic Dome":17,"NeowsBlessing":0,"Golden Idol":12,"PreservedInsect":19,"Whetstone":10,"Question Card":7,"Ring of the Snake":0,"Pocketwatch":2},{"Runic Dome":7,"NeowsBlessing":0,"Golden Idol":4,"PreservedInsect":8,"Whetstone":3,"Question Card":2,"Ring of the Snake":0,"Pocketwatch":1},{"Runic Dome":34,"NeowsBlessing":0,"Golden Idol":10,"PreservedInsect":41,"Whetstone":3,"Question Card":2,"Ring of the Snake":0,"Pocketwatch":1}],"Ring of the Snake":[22],"Pocketwatch":[81]},"card_choices":[{"not_picked":["Masterful Stab","Catalyst"],"picked":"Concentrate","floor":1},{"not_picked":["Sucker Punch","Crippling Poison"],"picked":"Calculated Gamble","floor":7},{"not_picked":["Masterful Stab","Prepared","Outmaneuver"],"picked":"Dash","floor":10},{"not_picked":["Quick Slash","Deflect","Crippling Poison"],"picked":"Footwork","floor":11},{"not_picked":["Poisoned Stab","Accuracy","Flechettes"],"picked":"Reflex","floor":13},{"not_picked":["Slice","Tools of the Trade","Bane"],"picked":"Underhanded Strike","floor":14},{"not_picked":["Die Die Die","Tools of the Trade","Unload"],"picked":"Adrenaline","floor":16},{"not_picked":["Quick Slash","Accuracy","Outmaneuver"],"picked":"Blade Dance+1","floor":18},{"not_picked":["Noxious Fumes","Bane","Outmaneuver","Setup"],"picked":"SKIP","floor":20},{"not_picked":["Cloak And Dagger","Distraction+1","Flying Knee","Deflect"],"picked":"SKIP","floor":21}],"player_experience":838094,"relics_obtained":[{"floor":7,"key":"Question Card"},{"floor":10,"key":"Whetstone"}],"event_choices":[{"damage_healed":0,"gold_gain":0,"player_choice":"Success","damage_taken":35,"relics_obtained":["Pocketwatch"],"max_hp_gain":0,"max_hp_loss":0,"event_name":"Scrap Ooze","floor":2,"gold_loss":0},{"cards_removed":["Strike_G"],"damage_healed":0,"gold_gain":0,"player_choice":"Card Removal","damage_taken":7,"max_hp_gain":0,"max_hp_loss":0,"event_name":"Golden Wing","floor":4,"gold_loss":0},{"damage_healed":0,"gold_gain":75,"player_choice":"Gather Gold","damage_taken":11,"max_hp_gain":0,"max_hp_loss":0,"event_name":"World of Goop","floor":5,"gold_loss":0},{"damage_healed":0,"gold_gain":0,"player_choice":"Ignored","damage_taken":0,"max_hp_gain":0,"max_hp_loss":0,"event_name":"Liars Game","floor":8,"gold_loss":0},{"damage_healed":0,"gold_gain":0,"player_choice":"Lose Max HP","damage_taken":0,"relics_obtained":["Golden Idol"],"max_hp_gain":0,"max_hp_loss":6,"event_name":"Golden Idol","floor":12,"gold_loss":0}],"is_beta":false,"boss_relics":[{"not_picked":["SacredBark","Black Star"],"picked":"Runic Dome"}],"items_purged_floors":[3,19],"is_endless":false,"potions_floor_spawned":[1,10,13,16,20,21],"killed_by":"Chosen and Byrds","ascension_level":20}}