{"host":"qrt7o4dq2qslzw13","time":1607844117,"event":{"mods":["AchievementEnabler","BaseMod","Colored Map","Colored Powertips","Minty Spire (QoL Compilation)","Quick Restart","Rare Cards Sparkle","StSLib","SuperFastMode"],"gold_per_floor":[109,259,259,125,141,141,154,171,171,183,183,258,23,43,43,43,43],"floor_reached":16,"playtime":320,"items_purged":["Doubt"],"score":179,"play_id":"78ef98cb-7a32-4068-85d7-17dbdce53b4b","local_time":"20201213022157","is_ascension_mode":true,"campfire_choices":[{"data":"Anger","floor":6.0,"key":"SMITH"},{"data":"Headbutt","floor":11.0,"key":"SMITH"},{"data":"Burning Pact","floor":15,"key":"SMITH"}],"circlet_count":0,"master_deck":["AscendersBane","Strike_R","Strike_R","Defend_R","Defend_R","Defend_R","Defend_R","Bash","Battle Trance","Shockwave","Headbutt+1","Rupture","Anger+1","Feel No Pain","Twin Strike","Wild Strike","Burning Pact+1","Thunderclap","Wild Strike"],"relics":["Burning Blood","InkBottle"],"acts_visited":["Exordium"],"potions_floor_usage":[15],"damage_taken":[{"damage":14.0,"enemies":"Jaw Worm","floor":1.0,"turns":4.0},{"damage":9.0,"enemies":"2 Louse","floor":5.0,"turns":3.0},{"damage":0.0,"enemies":"Cultist","floor":7.0,"turns":3.0},{"damage":6.0,"enemies":"2 Fungi Beasts","floor":8.0,"turns":3.0},{"damage":12.0,"enemies":"Blue Slaver","floor":10.0,"turns":4.0},{"damage":5.0,"enemies":"Looter","floor":14.0,"turns":4.0},{"damage":64,"enemies":"Hexaghost","floor":16,"turns":7}],"seed_played":"996037154933232226","potions_obtained":[{"floor":7.0,"key":"Ancient Potion"},{"floor":8.0,"key":"Ancient Potion"}],"is_trial":false,"path_per_floor":["M","?","?","$","M","R","M","M","T","M","R","?","$","M","R","B"],"character_chosen":"IRONCLAD","items_purchased":["Headbutt","Rupture","Burning Pact","Thunderclap","BloodPotion"],"campfire_rested":0,"item_purchase_floors":[4,4,13,13,13],"current_hp_per_floor":[60,60,60,60,57,57,63,63,63,57,57,46,46,47,60,0,0],"gold":43,"neow_bonus":"REMOVE_TWO","is_daily":false,"chose_seed":false,"campfire_upgraded":3,"win_rate":0.0,"timestamp":1607844117,"path_taken":["M","?","?","$","M","R","M","?","T","M","R","?","$","M","R","BOSS"],"items_purchased_type":["Card","Card","Card","Card","Potion"],"build_version":"2020-11-30","purchased_purges":1,"victory":false,"max_hp_per_floor":[68,68,68,68,68,68,68,68,68,68,68,68,68,68,68,68,68],"card_choices":[{"not_picked":["Clothesline","Body Slam"],"picked":"Battle Trance","floor":1.0},{"not_picked":["Flex","Thunderclap"],"picked":"Anger","floor":5.0},{"not_picked":["Headbutt","Cleave"],"picked":"Feel No Pain","floor":7.0},{"not_picked":["Carnage","Heavy Blade"],"picked":"Twin Strike","floor":8.0},{"not_picked":["Pommel Strike","Clash"],"picked":"Wild Strike","floor":10.0},{"not_picked":["Burning Pact","Twin Strike"],"picked":"Wild Strike","floor":14.0}],"player_experience":444479,"relics_obtained":[{"floor":9.0,"key":"InkBottle"}],"event_choices":[{"damage_healed":0.0,"max_hp_gain":0.0,"max_hp_loss":0.0,"gold_gain":150.0,"event_name":"Liars Game","player_choice":"AGREE","floor":2.0,"gold_loss":0.0,"damage_taken":0.0,"cards_obtained":["Doubt"]},{"damage_healed":0.0,"max_hp_gain":0.0,"max_hp_loss":0.0,"gold_gain":0.0,"cards_transformed":["Strike_R"],"event_name":"Transmorgrifier","player_choice":"Transformed","floor":3.0,"gold_loss":0.0,"damage_taken":0.0,"cards_obtained":["Shockwave"]},{"damage_healed":0.0,"max_hp_gain":0.0,"max_hp_loss":0.0,"gold_gain":75.0,"event_name":"World of Goop","player_choice":"Gather Gold","floor":12.0,"gold_loss":0.0,"damage_taken":11.0}],"is_beta":false,"boss_relics":[],"items_purged_floors":[13],"is_endless":false,"potions_floor_spawned":[7,8,14],"killed_by":"Hexaghost","ascension_level":19}}