{"host":"kda2p2afd6bvz6qo","time":1607886487,"event":{"mods":["BaseMod","Colored Map","Minty Spire (QoL Compilation)","Relic Stats"],"gold_per_floor":[117,127,21,39,57,89,115,142,165,165,198,198,216,241,241,337,337,357,357,374,155,254,289,302,327,407,441,366,380,380,392,392,488,488,498,498,516,529,542,542,572,4,4,22,47,47,47,73,73,73],"floor_reached":51,"playtime":5249,"items_purged":["Strike_G","Strike_G"],"score":1180,"play_id":"0f94cdff-67d9-4140-b6c8-1ba476a3b031","local_time":"20201213190807","is_ascension_mode":true,"campfire_choices":[{"data":"Bouncing Flask","floor":10.0,"key":"SMITH"},{"data":"Noxious Fumes","floor":12.0,"key":"SMITH"},{"data":"Deadly Poison","floor":15.0,"key":"SMITH"},{"data":"Footwork","floor":30.0,"key":"SMITH"},{"data":"Skewer","floor":32.0,"key":"SMITH"},{"data":"Burst","floor":40,"key":"SMITH"},{"floor":49,"key":"REST"}],"circlet_count":0,"master_deck":["Strike_G","Defend_G","Defend_G","Defend_G","Defend_G","Defend_G","Survivor","Neutralize+1","Caltrops","Bouncing Flask+1","Dagger Spray","PiercingWail","Backstab+1","Noxious Fumes+1","Backflip","Dash","Deadly Poison+1","Glass Knife","Flying Knee+1","Skewer+1","Crippling Poison+1","Footwork+1","Adrenaline","Burst+1","CurseOfTheBell","Unload","Panacea","Well Laid Plans","Predator+1","Leg Sweep","Thinking Ahead"],"relics":["Velvet Choker","Art of War","Odd Mushroom","Regal Pillow","Oddly Smooth Stone","Whetstone","Calipers","Black Star","Pen Nib","Pear","Mercury Hourglass","Bronze Scales","Strawberry","HornCleat","Gambling Chip","Orichalcum","Calling Bell","MealTicket","Gremlin Horn","Mango","Sundial","Ninja Scroll","Ginger","Shuriken","Tingsha","Vajra","Thread and Needle","Bottled Flame"],"acts_visited":["Exordium","TheCity","TheBeyond"],"potions_floor_usage":[38,41,46,50],"damage_taken":[{"damage":2.0,"enemies":"Small Slimes","floor":1.0,"turns":5.0},{"damage":3.0,"enemies":"2 Louse","floor":2.0,"turns":4.0},{"damage":0.0,"enemies":"Cultist","floor":4.0,"turns":3.0},{"damage":0.0,"enemies":"2 Fungi Beasts","floor":5.0,"turns":3.0},{"damage":6.0,"enemies":"Gremlin Nob","floor":6.0,"turns":3.0},{"damage":5.0,"enemies":"The Mushroom Lair","floor":7.0,"turns":4.0},{"damage":5.0,"enemies":"Lagavulin","floor":8.0,"turns":7.0},{"damage":4.0,"enemies":"Gremlin Nob","floor":11.0,"turns":3.0},{"damage":2.0,"enemies":"Looter","floor":13.0,"turns":2.0},{"damage":12.0,"enemies":"Lagavulin","floor":14.0,"turns":7.0},{"damage":4.0,"enemies":"The Guardian","floor":16.0,"turns":7.0},{"damage":1.0,"enemies":"3 Byrds","floor":18.0,"turns":5.0},{"damage":3.0,"enemies":"Chosen","floor":20.0,"turns":4.0},{"damage":18.0,"enemies":"Gremlin Leader","floor":23.0,"turns":7.0},{"damage":1.0,"enemies":"Snecko","floor":24.0,"turns":4.0},{"damage":27.0,"enemies":"Slavers","floor":25.0,"turns":4.0},{"damage":0.0,"enemies":"Gremlin Leader","floor":27.0,"turns":5.0},{"damage":10.0,"enemies":"Snake Plant","floor":29.0,"turns":4.0},{"damage":0.0,"enemies":"Centurion and Healer","floor":31.0,"turns":5.0},{"damage":0.0,"enemies":"Collector","floor":33.0,"turns":7.0},{"damage":0,"enemies":"Orb Walker","floor":35,"turns":2},{"damage":0,"enemies":"3 Shapes","floor":37,"turns":3},{"damage":42,"enemies":"Transient","floor":38,"turns":5},{"damage":5,"enemies":"Jaw Worm Horde","floor":39,"turns":3},{"damage":4,"enemies":"Reptomancer","floor":41,"turns":5},{"damage":8,"enemies":"Maw","floor":44,"turns":5},{"damage":46,"enemies":"Giant Head","floor":45,"turns":8},{"damage":12,"enemies":"Writhing Mass","floor":46,"turns":2},{"damage":17,"enemies":"Reptomancer","floor":48,"turns":5},{"damage":66,"enemies":"Donu and Deca","floor":50,"turns":9}],"seed_played":"6231730857978034511","potions_obtained":[{"floor":1.0,"key":"BlessingOfTheForge"},{"floor":2.0,"key":"AttackPotion"},{"floor":5.0,"key":"ColorlessPotion"},{"floor":8.0,"key":"PowerPotion"},{"floor":11.0,"key":"Dexterity Potion"},{"floor":13.0,"key":"EntropicBrew"},{"floor":20.0,"key":"GamblersBrew"},{"floor":23.0,"key":"FairyPotion"},{"floor":27.0,"key":"Fruit Juice"},{"floor":33.0,"key":"Swift Potion"},{"floor":35,"key":"PowerPotion"},{"floor":37,"key":"ColorlessPotion"},{"floor":41,"key":"SmokeBomb"},{"floor":48,"key":"Swift Potion"}],"is_trial":false,"path_per_floor":["M","M","$","M","M","E","?","E","T","R","E","R","M","E","R","B",null,"M","?","M","$","?","E","M","E","T","E","?","M","R","M","R","B",null,"M","?","M","M","M","R","E","$","T","M","E","M","?","E","R","B",null],"character_chosen":"THE_SILENT","items_purchased":["Dagger Spray","PiercingWail","Pen Nib","Panacea","Well Laid Plans","Ginger"],"campfire_rested":1,"item_purchase_floors":[3,3,21,42,42,42],"current_hp_per_floor":[68,65,65,65,65,59,54,49,49,49,45,45,43,31,31,27,70,69,69,66,66,66,58,57,37,37,37,37,32,32,32,32,32,106,106,106,106,64,59,59,55,70,70,62,16,4,4,31,77,11],"gold":73,"neow_bonus":"BOSS_RELIC","is_daily":false,"chose_seed":false,"campfire_upgraded":6,"win_rate":0.0,"timestamp":1607886487,"path_taken":["M","M","$","M","M","E","?","E","T","R","E","R","M","E","R","BOSS","M","?","M","$","?","E","M","E","T","E","?","M","R","M","R","BOSS","M","?","M","M","?","R","E","$","T","M","E","M","?","E","R","BOSS"],"items_purchased_type":["Card","Card","Relic","Card","Card","Relic"],"build_version":"2020-11-30","purchased_purges":2,"victory":true,"max_hp_per_floor":[70,70,70,70,70,70,70,70,70,70,70,70,70,70,70,70,70,70,70,70,70,70,80,80,87,87,87,87,92,92,92,92,92,106,106,106,106,106,106,106,106,106,106,106,106,106,106,106,106,106],"relic_stats":{"Regal Pillow":15,"Gremlin Horn":[13,13],"counters":[30,139],"Tingsha":[24],"Pen Nib":[14],"Whetstone":["Neutralize","Backstab"],"Ginger":[6],"Orichalcum":[78],"Mercury Hourglass":[318],"Sundial":[2],"Shuriken":[9],"Bronze Scales":[144],"Gambling Chip":[17],"MealTicket":15,"Art of War":[14],"Black Star":6,"obtain_stats":[{"Regal Pillow":8,"Calipers":14,"Gremlin Horn":34,"Vajra":45,"Mango":34,"Whetstone":11,"Ginger":42,"HornCleat":26,"Sundial":41,"Ninja Scroll":41,"Strawberry":25,"Gambling Chip":27,"MealTicket":34,"Ring of the Snake":0,"Pear":23,"Velvet Choker":0,"Oddly Smooth Stone":9,"Tingsha":45,"Thread and Needle":48,"Pen Nib":21,"Odd Mushroom":7,"Orichalcum":27,"Mercury Hourglass":23,"Calling Bell":34,"Bottled Flame":48,"Shuriken":43,"Bronze Scales":25,"Art of War":6,"Black Star":17},{"Regal Pillow":7,"Calipers":10,"Gremlin Horn":20,"Vajra":27,"Mango":20,"Whetstone":8,"Ginger":25,"HornCleat":16,"Sundial":25,"Ninja Scroll":25,"Strawberry":16,"Gambling Chip":17,"MealTicket":20,"Ring of the Snake":0,"Pear":14,"Velvet Choker":0,"Oddly Smooth Stone":7,"Tingsha":27,"Thread and Needle":29,"Pen Nib":13,"Odd Mushroom":6,"Orichalcum":17,"Mercury Hourglass":14,"Calling Bell":20,"Bottled Flame":29,"Shuriken":25,"Bronze Scales":16,"Art of War":5,"Black Star":11},{"Regal Pillow":29,"Calipers":41,"Gremlin Horn":92,"Vajra":123,"Mango":92,"Whetstone":32,"Ginger":110,"HornCleat":71,"Sundial":110,"Ninja Scroll":110,"Strawberry":71,"Gambling Chip":76,"MealTicket":92,"Ring of the Snake":0,"Pear":64,"Velvet Choker":0,"Oddly Smooth Stone":29,"Tingsha":123,"Thread and Needle":130,"Pen Nib":57,"Odd Mushroom":22,"Orichalcum":76,"Mercury Hourglass":64,"Calling Bell":92,"Bottled Flame":130,"Shuriken":110,"Bronze Scales":71,"Art of War":18,"Black Star":48}]},"card_choices":[{"not_picked":["Eviscerate","Expertise"],"picked":"Caltrops","floor":1.0},{"not_picked":["Dodge and Roll","Blade Dance"],"picked":"Bouncing Flask","floor":2.0},{"not_picked":["Flying Knee","Expertise"],"picked":"Backstab","floor":4.0},{"not_picked":["Acrobatics","Underhanded Strike"],"picked":"Noxious Fumes","floor":5.0},{"not_picked":["Blade Dance","Skewer"],"picked":"Backflip","floor":6.0},{"not_picked":["Underhanded Strike","Quick Slash"],"picked":"Dash","floor":8.0},{"not_picked":["Reflex","Dagger Throw","Blade Dance"],"picked":"SKIP","floor":11.0},{"not_picked":["Bane","Endless Agony"],"picked":"Deadly Poison","floor":13.0},{"not_picked":["Calculated Gamble","Endless Agony","Quick Slash"],"picked":"SKIP","floor":14.0},{"not_picked":["After Image","Envenom"],"picked":"Glass Knife","floor":16.0},{"not_picked":["Deadly Poison+1","Eviscerate"],"picked":"Flying Knee+1","floor":18.0},{"not_picked":["Noxious Fumes","Eviscerate","Finisher+1"],"picked":"SKIP","floor":20.0},{"not_picked":["Dagger Spray","Poisoned Stab","Outmaneuver"],"picked":"SKIP","floor":23.0},{"not_picked":["Quick Slash","Doppelganger"],"picked":"Skewer","floor":24.0},{"not_picked":["Slice","Outmaneuver+1"],"picked":"Crippling Poison+1","floor":25.0},{"not_picked":["Sucker Punch","Cloak And Dagger+1"],"picked":"Footwork","floor":27.0},{"not_picked":["Escape Plan","Acrobatics","Flying Knee"],"picked":"SKIP","floor":29.0},{"not_picked":["Blade Dance","Poisoned Stab"],"picked":"Adrenaline","floor":31.0},{"not_picked":["Doppelganger","Storm of Steel"],"picked":"Burst","floor":33.0},{"not_picked":["Deadly Poison","PiercingWail","Flying Knee+1"],"picked":"SKIP","floor":35},{"not_picked":["Prepared+1","Flying Knee+1","Slice"],"picked":"SKIP","floor":37},{"not_picked":["Prepared","Blade Dance+1","Riddle With Holes+1"],"picked":"SKIP","floor":38},{"not_picked":["Noxious Fumes+1","Dagger Throw","Distraction+1"],"picked":"SKIP","floor":39},{"not_picked":["A Thousand Cuts","Deadly Poison+1","Heel Hook"],"picked":"SKIP","floor":41},{"not_picked":["Endless Agony","Prepared"],"picked":"Predator+1","floor":44},{"not_picked":["Dodge and Roll","Dagger Throw"],"picked":"Leg Sweep","floor":45},{"not_picked":["Dark Shackles","Master of Strategy"],"picked":"Thinking Ahead","floor":47},{"not_picked":["Noxious Fumes","Quick Slash","Deflect"],"picked":"SKIP","floor":48}],"player_experience":27734,"relics_obtained":[{"floor":6.0,"key":"Art of War"},{"floor":7.0,"key":"Odd Mushroom"},{"floor":8.0,"key":"Regal Pillow"},{"floor":9.0,"key":"Oddly Smooth Stone"},{"floor":11.0,"key":"Whetstone"},{"floor":14.0,"key":"Calipers"},{"floor":23.0,"key":"Pear"},{"floor":23.0,"key":"Mercury Hourglass"},{"floor":25.0,"key":"Bronze Scales"},{"floor":25.0,"key":"Strawberry"},{"floor":26.0,"key":"HornCleat"},{"floor":27.0,"key":"Gambling Chip"},{"floor":27.0,"key":"Orichalcum"},{"floor":34,"key":"MealTicket"},{"floor":34,"key":"Gremlin Horn"},{"floor":34,"key":"Mango"},{"floor":41,"key":"Sundial"},{"floor":41,"key":"Ninja Scroll"},{"floor":43,"key":"Shuriken"},{"floor":45,"key":"Tingsha"},{"floor":45,"key":"Vajra"},{"floor":48,"key":"Thread and Needle"},{"floor":48,"key":"Bottled Flame"}],"event_choices":[{"damage_healed":0.0,"max_hp_gain":0.0,"max_hp_loss":0.0,"gold_gain":0.0,"event_name":"Mushrooms","player_choice":"Fought Mushrooms","floor":7.0,"gold_loss":0.0,"damage_taken":0.0},{"damage_healed":0.0,"max_hp_gain":0.0,"max_hp_loss":0.0,"gold_gain":0.0,"event_name":"Ghosts","player_choice":"Ignored","floor":19.0,"gold_loss":0.0,"damage_taken":0.0},{"damage_healed":0.0,"max_hp_gain":0.0,"max_hp_loss":0.0,"gold_gain":99.0,"event_name":"Nest","player_choice":"Stole From Cult","floor":22.0,"gold_loss":0.0,"damage_taken":0.0},{"cards_removed":["Strike_G"],"damage_healed":0.0,"max_hp_gain":0.0,"max_hp_loss":0.0,"gold_gain":0.0,"event_name":"Beggar","player_choice":"Gave Gold","floor":28.0,"gold_loss":75.0,"damage_taken":0.0},{"damage_healed":0,"gold_gain":0,"cards_transformed":["Strike_G"],"player_choice":"Transformed","damage_taken":0,"max_hp_gain":0,"max_hp_loss":0,"event_name":"Transmorgrifier","floor":36,"gold_loss":0,"cards_obtained":["Unload"]},{"damage_healed":0,"gold_gain":0,"player_choice":"Memory 1","damage_taken":0,"max_hp_gain":0,"max_hp_loss":0,"event_name":"SensoryStone","floor":47,"gold_loss":0}],"is_beta":false,"boss_relics":[{"not_picked":["Tiny House","Runic Pyramid"],"picked":"Black Star"},{"not_picked":["Fusion Hammer","Pandora\u0027s Box"],"picked":"Calling Bell"}],"items_purged_floors":[21,42],"is_endless":false,"potions_floor_spawned":[1,2,5,8,11,13,20,23,27,33,35,37,41,48],"ascension_level":3}}