{"host":"6qo42zgaknezulyg","time":1607820038,"event":{"mods":["2.2 Compatiblity","BaseMod","Keyboard Shortcuts","Minty Spire (QoL Compilation)","Permanent Neow","Quick Restart","StSLib","SuperFastMode","The Cursed"],"gold_per_floor":[118,131,143,143,218,246,256,266,291,308,308,335,335,399,399,495,495,514,358,393,393,409,409,440,440,440,451,479,495,495,506,506,607,607,627,676,419,435,455,480,480,480,504,535,552,552,105,122,122,122],"floor_reached":51,"playtime":3113,"items_purged":["TheCursedMod:Strike_TheCursed","TheCursedMod:Strike_TheCursed"],"score":1003,"play_id":"4752139b-c84a-4657-81f0-3c70dd4083b6","local_time":"20201213094038","is_ascension_mode":true,"campfire_choices":[{"data":"TheCursedMod:CursedRelics","floor":11.0,"key":"SMITH"},{"floor":13.0,"key":"REST"},{"data":"TheCursedMod:SpreadPlague","floor":15.0,"key":"SMITH"},{"data":"TheCursedMod:DarkBarrier","floor":23.0,"key":"SMITH"},{"data":"TheCursedMod:ReleasedStrength","floor":30.0,"key":"SMITH"},{"data":"TheCursedMod:StingEye","floor":32.0,"key":"SMITH"},{"data":"TheCursedMod:VoidForm","floor":42,"key":"SMITH"},{"data":"TheCursedMod:LuckyCharm","floor":46,"key":"SMITH"},{"data":"TheCursedMod:CursedSpellbook","floor":49,"key":"SMITH"}],"circlet_count":0,"master_deck":["TheCursedMod:Strike_TheCursed","TheCursedMod:Defend_TheCursed","TheCursedMod:Defend_TheCursed","TheCursedMod:Defend_TheCursed","TheCursedMod:Defend_TheCursed","TheCursedMod:CursedWand","TheCursedMod:CleanUpWorkshop+1","TheCursedMod:Dregs","TheCursedMod:NeowsMight","TheCursedMod:Stigma","TheCursedMod:WearCloak","TheCursedMod:DoubleShield","TheCursedMod:CursedRelics+1","TheCursedMod:ReleasedStrength+1","TheCursedMod:SpreadPlague+1","TheCursedMod:NeowsMight+1","TheCursedMod:DemonSword","TheCursedMod:CursedAmulet","TheCursedMod:DarkBarrier+1","TheCursedMod:StingEye+1","TheCursedMod:LuckyCharm+1","TheCursedMod:SpitefulPray+1","TheCursedMod:CursedSpellbook+1","TheCursedMod:AshesToAshes","TheCursedMod:BlessingInDisguise","TheCursedMod:DoubleShield","TheCursedMod:CursedBoomerang+1","TheCursedMod:SurpriseAttack+1","TheCursedMod:VoidForm+1","TheCursedMod:AbyssShockwave+1","TheCursedMod:WearCloak+1","TheCursedMod:Obscuration","TheCursedMod:CursedAmulet+1","TheCursedMod:CursedAmulet+1"],"relics":["TheCursedMod:BlackMagic101","TheCursedMod:SoulVessel","Bronze Scales","War Paint","Centennial Puzzle","SlaversCollar","Red Mask","Happy Flower","Meat on the Bone","Pantograph","Sozu","Dead Branch","Strange Spoon","Mummified Hand","Bag of Marbles","Lantern","HandDrill","Gambling Chip"],"acts_visited":["Exordium","TheCity","TheBeyond"],"potions_floor_usage":[50,50],"damage_taken":[{"damage":0.0,"enemies":"Cultist","floor":1.0,"turns":4.0},{"damage":0.0,"enemies":"Jaw Worm","floor":2.0,"turns":3.0},{"damage":10.0,"enemies":"Small Slimes","floor":3.0,"turns":4.0},{"damage":28.0,"enemies":"Lagavulin","floor":6.0,"turns":5.0},{"damage":0.0,"enemies":"2 Fungi Beasts","floor":7.0,"turns":4.0},{"damage":0.0,"enemies":"Exordium Wildlife","floor":8.0,"turns":3.0},{"damage":0.0,"enemies":"Red Slaver","floor":10.0,"turns":4.0},{"damage":15.0,"enemies":"Gremlin Nob","floor":12.0,"turns":3.0},{"damage":2.0,"enemies":"3 Sentries","floor":14.0,"turns":5.0},{"damage":23.0,"enemies":"Slime Boss","floor":16.0,"turns":4.0},{"damage":2.0,"enemies":"Shell Parasite","floor":18.0,"turns":3.0},{"damage":1.0,"enemies":"Masked Bandits","floor":20.0,"turns":3.0},{"damage":0.0,"enemies":"Spheric Guardian","floor":22.0,"turns":3.0},{"damage":14.0,"enemies":"Gremlin Leader","floor":24.0,"turns":6.0},{"damage":14.0,"enemies":"Snecko","floor":27.0,"turns":5.0},{"damage":0.0,"enemies":"Book of Stabbing","floor":28.0,"turns":5.0},{"damage":0.0,"enemies":"Snake Plant","floor":29.0,"turns":4.0},{"damage":13.0,"enemies":"Centurion and Healer","floor":31.0,"turns":4.0},{"damage":44.0,"enemies":"Champ","floor":33.0,"turns":8.0},{"damage":0.0,"enemies":"3 Shapes","floor":35.0,"turns":4.0},{"damage":30.0,"enemies":"2 Orb Walkers","floor":36.0,"turns":4.0},{"damage":5.0,"enemies":"3 Darklings","floor":38.0,"turns":2.0},{"damage":1.0,"enemies":"Writhing Mass","floor":39.0,"turns":3.0},{"damage":17.0,"enemies":"Nemesis","floor":40.0,"turns":5.0},{"damage":0,"enemies":"Giant Head","floor":44,"turns":4},{"damage":0,"enemies":"Transient","floor":45,"turns":5},{"damage":0,"enemies":"3 Darklings","floor":48,"turns":2},{"damage":13,"enemies":"Awakened One","floor":50,"turns":6}],"seed_played":"9004396544040198291","potions_obtained":[{"floor":2.0,"key":"BlessingOfTheForge"},{"floor":6.0,"key":"Strength Potion"},{"floor":10.0,"key":"SkillPotion"},{"floor":12.0,"key":"Swift Potion"},{"floor":16.0,"key":"FairyPotion"},{"floor":24.0,"key":"PowerPotion"}],"is_trial":false,"path_per_floor":["M","M","M","?","?","E","M","M","T","M","R","E","R","?","R","B",null,"M","$","?","?","M","R","E","?","T","M","E","M","R","M","R","B",null,"M","?","$","M","M","E","?","R","T","E","M","R","$","M","R","B",null],"character_chosen":"THE_CURSED","items_purchased":["TheCursedMod:LuckyCharm","Strange Spoon","HandDrill","Gambling Chip"],"campfire_rested":1,"item_purchase_floors":[19,37,47,47],"current_hp_per_floor":[68,68,58,51,40,12,14,15,15,17,17,4,24,25,25,5,52,54,54,55,55,56,56,50,68,68,58,61,66,66,58,58,49,63,67,39,39,47,52,43,68,68,68,68,68,68,68,68,68,68],"gold":122,"neow_bonus":"THREE_RARE_CARDS","is_daily":false,"chose_seed":false,"campfire_upgraded":8,"win_rate":0.0,"timestamp":1607820038,"path_taken":["M","M","M","?","?","E","?","M","T","M","R","E","R","?","R","BOSS","M","$","?","?","M","R","E","?","T","?","E","M","R","M","R","BOSS","M","?","$","M","M","E","?","R","T","E","M","R","$","M","R","BOSS"],"items_purchased_type":["Card","Relic","Relic","Relic"],"build_version":"2020-11-30","purchased_purges":2,"victory":true,"max_hp_per_floor":[68,68,68,68,68,68,68,68,68,68,68,68,68,68,68,68,68,68,68,68,68,68,68,68,68,68,68,68,68,68,68,68,68,68,68,68,68,68,68,68,68,68,68,68,68,68,68,68,68,68],"card_choices":[{"not_picked":["TheCursedMod:ShockAndAwe","TheCursedMod:AntiAging"],"picked":"TheCursedMod:NeowsMight","floor":0.0},{"not_picked":["TheCursedMod:CircleOfFlame","TheCursedMod:RavingStaff"],"picked":"TheCursedMod:Stigma","floor":1.0},{"not_picked":["TheCursedMod:ManaBullet","TheCursedMod:Stigma"],"picked":"TheCursedMod:WearCloak","floor":2.0},{"not_picked":["TheCursedMod:SpitefulPray","TheCursedMod:RavingStaff"],"picked":"TheCursedMod:DoubleShield","floor":3.0},{"not_picked":["TheCursedMod:Torture","TheCursedMod:AshesToAshes"],"picked":"TheCursedMod:CursedRelics","floor":6.0},{"not_picked":["TheCursedMod:WearCloak","TheCursedMod:CircleOfAmplification"],"picked":"TheCursedMod:ReleasedStrength","floor":7.0},{"not_picked":["TheCursedMod:Stigma","TheCursedMod:CircleOfFlame"],"picked":"TheCursedMod:SpreadPlague","floor":8.0},{"not_picked":["TheCursedMod:WearCloak","TheCursedMod:SurpriseAttack"],"picked":"TheCursedMod:NeowsMight","floor":10.0},{"not_picked":["TheCursedMod:VitalStrike","TheCursedMod:CircleOfCorruption"],"picked":"TheCursedMod:DemonSword","floor":12.0},{"not_picked":["TheCursedMod:SpitefulStrike","TheCursedMod:Hemoplague"],"picked":"TheCursedMod:CursedAmulet","floor":14.0},{"not_picked":["TheCursedMod:DemonicPact","TheCursedMod:CircleOfAbyss"],"picked":"TheCursedMod:DarkBarrier","floor":16.0},{"not_picked":["TheCursedMod:CircleOfAmplification","TheCursedMod:VitalStrike"],"picked":"TheCursedMod:StingEye","floor":18.0},{"not_picked":["TheCursedMod:Obscuration+1","TheCursedMod:TroublousMinions"],"picked":"TheCursedMod:SpitefulPray+1","floor":20.0},{"not_picked":["TheCursedMod:RavingStaff","TheCursedMod:FuryStrike+1"],"picked":"TheCursedMod:AshesToAshes","floor":22.0},{"not_picked":["TheCursedMod:HellfireBreathing","TheCursedMod:RavingStaff"],"picked":"TheCursedMod:BlessingInDisguise","floor":24.0},{"not_picked":["TheCursedMod:SmokeScreen","TheCursedMod:CursedArmor"],"picked":"TheCursedMod:DoubleShield","floor":27.0},{"not_picked":["TheCursedMod:Grudge+1","TheCursedMod:FuryStrike+1"],"picked":"TheCursedMod:CursedBoomerang+1","floor":28.0},{"not_picked":["TheCursedMod:RapidMovement","TheCursedMod:CursedAmulet"],"picked":"TheCursedMod:SurpriseAttack+1","floor":29.0},{"not_picked":["TheCursedMod:Stigma","TheCursedMod:Mangle+1","TheCursedMod:BlessingInDisguise"],"picked":"SKIP","floor":31.0},{"not_picked":["TheCursedMod:ManaCirculation","TheCursedMod:CursedRelics"],"picked":"TheCursedMod:VoidForm","floor":33.0},{"not_picked":["TheCursedMod:CursedBlade","TheCursedMod:VitalStrike","TheCursedMod:StingEye"],"picked":"SKIP","floor":35.0},{"not_picked":["TheCursedMod:SpitefulStrike","TheCursedMod:Torture"],"picked":"TheCursedMod:AbyssShockwave+1","floor":36.0},{"not_picked":["TheCursedMod:CircleOfAmplification","TheCursedMod:CursedArmor+1"],"picked":"TheCursedMod:WearCloak+1","floor":38.0},{"not_picked":["TheCursedMod:CursedShiv+1","TheCursedMod:UltimatePain","TheCursedMod:Mangle"],"picked":"SKIP","floor":39.0},{"not_picked":["TheCursedMod:TroublousMinions","TheCursedMod:UltimatePain"],"picked":"TheCursedMod:Obscuration","floor":40},{"not_picked":["TheCursedMod:VitalStrike+1","TheCursedMod:AbyssShockwave+1","TheCursedMod:DemonSword"],"picked":"SKIP","floor":44},{"not_picked":["TheCursedMod:SoulCrush+1","TheCursedMod:TroublousMinions+1"],"picked":"TheCursedMod:CursedAmulet+1","floor":45},{"not_picked":["TheCursedMod:SpreadPlague","TheCursedMod:CircleOfFlame+1"],"picked":"TheCursedMod:CursedAmulet+1","floor":48}],"player_experience":742848,"relics_obtained":[{"floor":6.0,"key":"TheCursedMod:SoulVessel"},{"floor":9.0,"key":"Bronze Scales"},{"floor":12.0,"key":"War Paint"},{"floor":14.0,"key":"Centennial Puzzle"},{"floor":20.0,"key":"Red Mask"},{"floor":24.0,"key":"Happy Flower"},{"floor":26.0,"key":"Meat on the Bone"},{"floor":28.0,"key":"Pantograph"},{"floor":36.0,"key":"Dead Branch"},{"floor":40,"key":"Mummified Hand"},{"floor":43,"key":"Bag of Marbles"},{"floor":44,"key":"Lantern"}],"event_choices":[{"cards_removed":["TheCursedMod:Strike_TheCursed"],"damage_healed":0.0,"max_hp_gain":0.0,"max_hp_loss":0.0,"gold_gain":0.0,"event_name":"Golden Wing","player_choice":"Card Removal","floor":4.0,"gold_loss":0.0,"damage_taken":7.0},{"damage_healed":0.0,"max_hp_gain":0.0,"max_hp_loss":0.0,"gold_gain":75.0,"event_name":"World of Goop","player_choice":"Gather Gold","floor":5.0,"gold_loss":0.0,"damage_taken":11.0},{"damage_healed":0.0,"max_hp_gain":0.0,"max_hp_loss":0.0,"gold_gain":0.0,"event_name":"Dead Adventurer","player_choice":"Searched \u00272\u0027 times","floor":14.0,"gold_loss":0.0,"damage_taken":0.0},{"damage_healed":0.0,"max_hp_gain":0.0,"max_hp_loss":0.0,"gold_gain":0.0,"event_name":"Masked Bandits","player_choice":"Fought Bandits","floor":20.0,"gold_loss":0.0,"damage_taken":0.0},{"damage_healed":0.0,"max_hp_gain":0.0,"max_hp_loss":0.0,"gold_gain":0.0,"event_name":"The Library","player_choice":"Read","floor":21.0,"gold_loss":0.0,"damage_taken":0.0,"cards_obtained":["TheCursedMod:CursedSpellbook"]},{"damage_healed":18.0,"max_hp_gain":0.0,"max_hp_loss":0.0,"gold_gain":0.0,"event_name":"Wheel of Change","player_choice":"Full Heal","floor":25.0,"gold_loss":0.0,"damage_taken":0.0},{"damage_healed":0.0,"max_hp_gain":0.0,"max_hp_loss":0.0,"gold_gain":0.0,"event_name":"Mysterious Sphere","player_choice":"Fight","floor":36.0,"gold_loss":0.0,"damage_taken":0.0},{"damage_healed":25,"gold_gain":0,"player_choice":"Full Heal","damage_taken":0,"max_hp_gain":0,"max_hp_loss":0,"event_name":"Wheel of Change","floor":41,"gold_loss":0}],"is_beta":false,"boss_relics":[{"not_picked":["SacredBark","Tiny House"],"picked":"SlaversCollar"},{"not_picked":["Black Star","TheCursedMod:FourLeafCloverCharm"],"picked":"Sozu"}],"items_purged_floors":[19,37],"is_endless":false,"potions_floor_spawned":[2,6,10,12,16,20,24,29,33,36,40,44,45,48],"ascension_level":5}}