{"host":"fhq3k2nq5elnbks3","time":1607894970,"event":{"mods":["2.2 Compatiblity","AchievementEnabler","Act Like it!","AlwaysNeverKeys","Aspiration","Astrologer","Bard","Bartender","BaseMod","Better Altar","Better Skull","Better Vampires","Better-Laid Plans","CCEM","CapriCore","Card Filter","CatGirl Mod","Chen","Colored Powertips","Displayed Cursed Tome","Ekko","Eldritch Tears","Emptier Cage","Fiend Mod","Fireblade Mod","Friendly Minions","FutureSeer","GifTheSpireLib","Gremlin Skip","Hermit","HololiveMod","Hunter ??","JesterMod","Koishi","Mad Scientist","Mathematician","Mathemortician","Minty Spire (QoL Compilation)","Onozuka Komachi Mod","Permanent Neow","Potionbrewer","Prisma Mod","QueenMod","Quick Restart","READ ME - Guardian Mod","Railgun Mod","Reimu??????","Relic Filter","Robot Space Explorer","Ruin Mod","SOS???????","Shop Mod","Somnambulant","Spikes Relics","StSLib","SuperFastMode","The Animator","The Blackbeard","The Bladedancer","The Bug Knight","The Clintock","The Construct","The Cursed","The Dragon Tamer","The Exordian Avenger","The Forsaken","The Gatherer","The Hierophant","The Immortal","The Necromancer","The Runesmith","The Servant 0.9.4","The Trickster","The Wild Card","TheBandit","TheFirefly","Transform Curses","Uncapped","Unknown Chances","Virulent Crown","Yohane!","Yuri Mod","thorton","vexMod"],"gold_per_floor":[213,224,224,238,249,249,263,263,263,263,279,298,314,326,326,424,424,443,443,462,476,490,490,500,500,580,596,596,613,641,641,641],"floor_reached":31,"playtime":8861,"items_purged":[],"score":307,"play_id":"88e595d7-dfe2-482e-ae91-bcb4ea33685b","local_time":"20201213152930","is_ascension_mode":false,"campfire_choices":[{"data":"TheRailgun:Battery_Pack","floor":6,"key":"SMITH"},{"data":"TheRailgun:Zip","floor":8,"key":"SMITH"},{"data":"TheRailgun:Discharge","floor":10,"key":"SMITH"},{"data":"TheRailgun:Pull","floor":15,"key":"SMITH"},{"data":"TheRailgun:Magnetic_Movement","floor":23,"key":"SMITH"},{"data":"TheRailgun:Static","floor":25,"key":"SMITH"},{"data":"TheRailgun:Defend","floor":28,"key":"SMITH"}],"circlet_count":0,"master_deck":["TheRailgun:Strike","TheRailgun:Strike","TheRailgun:Strike","TheRailgun:Strike","TheRailgun:Defend","TheRailgun:Defend","TheRailgun:Defend","TheRailgun:Defend+1","TheRailgun:Discharge+1","TheRailgun:Static+1","TheRailgun:Zip+1","TheRailgun:Oneesama+1","TheRailgun:Battery_Pack+1","TheRailgun:Stun_Shock","TheRailgun:Pull+1","TheRailgun:Magnetic_Movement+1"],"relics":["TheRailgun:CoinRelic","CCEMRelics:GrindingGear","Coffee Dripper","Anchor","BrokenLever","aspiration:SeaSaltIceCream","Black Star"],"acts_visited":["Exordium","TheCity"],"potions_floor_usage":[31,31,31],"damage_taken":[{"damage":0,"enemies":"2 Louse","floor":1,"turns":2},{"damage":0,"enemies":"Cultist","floor":2,"turns":3},{"damage":5,"enemies":"Jaw Worm","floor":4,"turns":2},{"damage":0,"enemies":"Exordium Wildlife","floor":5,"turns":3},{"damage":8,"enemies":"Exordium Thugs","floor":7,"turns":4},{"damage":12,"enemies":"Gremlin Gang","floor":11,"turns":4},{"damage":0,"enemies":"Large Slime","floor":12,"turns":3},{"damage":1,"enemies":"Exordium Wildlife","floor":13,"turns":3},{"damage":4,"enemies":"3 Louse","floor":14,"turns":3},{"damage":0,"enemies":"Slime Boss","floor":16,"turns":5},{"damage":9,"enemies":"2 Thieves","floor":18,"turns":3},{"damage":0,"enemies":"Chosen","floor":20,"turns":3},{"damage":28,"enemies":"Snecko","floor":21,"turns":4},{"damage":0,"enemies":"Centurion and Healer","floor":22,"turns":4},{"damage":8,"enemies":"Shelled Parasite and Fungi","floor":24,"turns":4},{"damage":0,"enemies":"Chosen and Byrds","floor":27,"turns":4},{"damage":0,"enemies":"Snake Plant","floor":29,"turns":3},{"damage":13,"enemies":"HollowMod:Nosk","floor":30,"turns":5},{"damage":11,"enemies":"Sentry and Sphere","floor":31,"turns":3}],"seed_played":"6888270955226939124","potions_obtained":[{"floor":7,"key":"Swift Potion"},{"floor":11,"key":"FearPotion"},{"floor":13,"key":"SteroidPotion"}],"is_trial":false,"path_per_floor":["M","M","?","M","M","R","M","R","T","R","M","M","M","M","R","B",null,"M","?","M","M","M","R","M","R","T","M","R","M","E","M"],"character_chosen":"THE_DEFAULT","items_purchased":[],"campfire_rested":0,"item_purchase_floors":[],"current_hp_per_floor":[70,70,70,65,65,65,57,57,57,57,45,45,44,40,40,40,70,61,54,54,26,26,26,18,18,18,18,18,18,5,0,0],"gold":641,"neow_bonus":"HUNDRED_GOLD","is_daily":false,"chose_seed":false,"campfire_upgraded":7,"win_rate":0.0,"timestamp":1607894970,"path_taken":["M","M","?","M","?","R","M","R","T","R","M","M","M","M","R","BOSS","M","?","M","M","M","R","M","R","T","M","R","M","E","M"],"items_purchased_type":[],"build_version":"2020-11-30","purchased_purges":0,"victory":false,"max_hp_per_floor":[70,70,70,70,70,70,70,70,70,70,70,70,70,70,70,70,70,70,70,70,70,70,70,70,70,70,70,70,70,70,70,70],"card_choices":[{"not_picked":["TheRailgun:Zip","TheRailgun:Spark","TheRailgun:Aerial_Shot"],"picked":"SKIP","floor":1},{"not_picked":["TheRailgun:Battery_Pack","TheRailgun:Thunderbolt"],"picked":"TheRailgun:Oneesama","floor":2},{"not_picked":["TheRailgun:Aerial_Shot","TheRailgun:Electric_Fence","TheRailgun:Discharge"],"picked":"SKIP","floor":4},{"not_picked":["TheRailgun:Electrical_Storm","TheRailgun:Taser"],"picked":"TheRailgun:Battery_Pack","floor":5},{"not_picked":["TheRailgun:Coin_Flip","TheRailgun:Circuit_Breaker","TheRailgun:Negative_Field"],"picked":"SKIP","floor":7},{"not_picked":["TheRailgun:Iron_Dust_Sword","TheRailgun:Hypercharge","TheRailgun:Static"],"picked":"SKIP","floor":11},{"not_picked":["TheRailgun:Magnetic_Movement","TheRailgun:Zap"],"picked":"TheRailgun:Stun_Shock","floor":12},{"not_picked":["TheRailgun:Electrical_Fire","TheRailgun:Gekota_Phone","TheRailgun:Judgement_Officer"],"picked":"SKIP","floor":13},{"not_picked":["TheRailgun:Battery_Pack","TheRailgun:Crackle"],"picked":"TheRailgun:Pull","floor":14},{"not_picked":["TheRailgun:Iron_Dust_Sword","TheRailgun:Aerial_Shot+1","TheRailgun:Iron_Dust_Vial+1"],"picked":"SKIP","floor":18},{"not_picked":["TheRailgun:Circuit_Breaker","TheRailgun:Mental_Out","TheRailgun:Charge"],"picked":"SKIP","floor":20},{"not_picked":["TheRailgun:Electric_Fence+1","TheRailgun:Scatter_Railgun","TheRailgun:Iron_Dust_Sword"],"picked":"SKIP","floor":21},{"not_picked":["TheRailgun:Recharge","TheRailgun:Thunderbolt"],"picked":"TheRailgun:Magnetic_Movement","floor":22},{"not_picked":["TheRailgun:Overload","TheRailgun:Static","TheRailgun:Heroinism"],"picked":"SKIP","floor":24},{"not_picked":["TheRailgun:Electric_Fence","TheRailgun:Biribiri+1","TheRailgun:Iron_Dust_Field+1"],"picked":"SKIP","floor":27},{"not_picked":["TheRailgun:Gekota_Phone","TheRailgun:Iron_Dust_Sword+1","TheRailgun:Static"],"picked":"SKIP","floor":29},{"not_picked":["TheRailgun:Thunder","TheRailgun:Iron_Dust_Shield","TheRailgun:Mental_Out"],"picked":"SKIP","floor":30}],"player_experience":530175,"relics_obtained":[{"floor":9,"key":"CCEMRelics:GrindingGear"},{"floor":26,"key":"BrokenLever"},{"floor":30,"key":"aspiration:SeaSaltIceCream"}],"event_choices":[{"damage_healed":0,"gold_gain":0,"player_choice":"Upgraded","damage_taken":0,"max_hp_gain":0,"max_hp_loss":0,"event_name":"Upgrade Shrine","floor":3,"gold_loss":0,"cards_upgraded":["TheRailgun:Oneesama"]},{"damage_healed":0,"gold_gain":0,"player_choice":"Anchor","damage_taken":0,"relics_obtained":["Anchor"],"max_hp_gain":0,"max_hp_loss":0,"event_name":"blackbeard:ShipwreckEvent","floor":19,"gold_loss":0}],"is_beta":false,"boss_relics":[{"not_picked":["aspiration:PoetsPen","vexMod:MegatonBomb"],"picked":"Coffee Dripper"}],"items_purged_floors":[],"is_endless":false,"potions_floor_spawned":[7,11,13,14,22,24,27],"killed_by":"Sentry and Sphere","ascension_level":0}}