{"host":"i41n6wh529970c2c","time":1607824960,"event":{"mods":["Act Like it!","BaseMod","BetterRewards","Friendly Minions","Gold Saver","Hermit","Minty Spire (QoL Compilation)","Replay The Spire","Shop Mod","StSLib"],"gold_per_floor":[1034,364,539,550,568,596,608,608,634,709,724,724,724],"floor_reached":12,"playtime":936,"items_purged":["hermit:Defend_Hermit","Looming Evil"],"score":241,"play_id":"3f8e8bac-08d3-4fbe-a126-8c4f00a4dc42","local_time":"20201212210240","is_ascension_mode":true,"campfire_choices":[{"data":"hermit:FinalCanter","floor":8.0,"key":"SMITH"}],"circlet_count":0,"master_deck":["hermit:Strike_Hermit","hermit:Strike_Hermit","hermit:Strike_Hermit","hermit:Strike_Hermit","hermit:Defend_Hermit","hermit:Defend_Hermit","hermit:Snapshot","hermit:Covet","hermit:GoldenBullet","hermit:Misfire","hermit:Gambit","ReplayTheSpireMod:Restless Dread","Overencumbered","Pain","ReplayTheSpireMod:IOU","hermit:HighCaliber","hermit:Coalescence","hermit:FinalCanter+1","Doubt","Pain","Looming Evil","hermit:FlashPowder","Replay:Hysterical Blindness","Pain","Decay","ReplayTheSpireMod:IOU","Normality"],"relics":["hermit:Momento","hermit:RedScarf","Toy Ornithopter","Ring of Greed","MerchantsRug","MealTicket","Old Coin","Oddly Smooth Stone","Singing Bowl","Centennial Puzzle","Strawberry"],"acts_visited":["Exordium"],"potions_floor_usage":[],"damage_taken":[{"damage":4.0,"enemies":"Small Slimes","floor":1.0,"turns":3.0},{"damage":0.0,"enemies":"Jaw Worm","floor":4.0,"turns":1.0},{"damage":0.0,"enemies":"Cultist","floor":5.0,"turns":2.0},{"damage":16.0,"enemies":"Gremlin Nob","floor":6.0,"turns":3.0},{"damage":14.0,"enemies":"Large Slime","floor":7.0,"turns":3.0},{"damage":7,"enemies":"2 Fungi Beasts","floor":11,"turns":3},{"damage":32,"enemies":"3 Sentries","floor":12,"turns":3}],"seed_played":"-2817045679167679014","potions_obtained":[{"floor":5.0,"key":"Energy Potion"},{"floor":11,"key":"Elixir"}],"is_trial":false,"path_per_floor":["M","$","?","M","M","E","M","R","T","?","M","E"],"character_chosen":"HERMIT","items_purchased":["hermit:GoldenBullet","hermit:Misfire","hermit:Gambit","MerchantsRug","hermit:Coalescence","Oddly Smooth Stone","Singing Bowl","hermit:FinalCanter"],"campfire_rested":0,"item_purchase_floors":[0,0,0,0,2,2,2,2],"current_hp_per_floor":[40,55,55,55,57,43,36,36,43,35,30,0,0],"gold":724,"neow_bonus":"","is_daily":false,"chose_seed":false,"campfire_upgraded":1,"win_rate":0.0,"timestamp":1607824960,"path_taken":["M","$","?","M","M","E","M","R","T","?","?","E"],"items_purchased_type":["Card","Card","Card","Relic","Card","Relic","Relic","Card"],"build_version":"2020-11-30","purchased_purges":2,"victory":false,"max_hp_per_floor":[75,75,75,75,77,79,81,81,88,88,90,90,90],"card_choices":[{"not_picked":["hermit:LowProfile","hermit:Ricochet"],"picked":"hermit:HighCaliber","floor":1.0},{"not_picked":["hermit:SprayPray","hermit:LowProfile"],"picked":"hermit:FlashPowder","floor":4.0},{"not_picked":["hermit:Desperado","hermit:Deadeye","hermit:TrackingShot"],"picked":"Singing Bowl","floor":5.0},{"not_picked":["hermit:Magnum","hermit:Determination","hermit:ShadowCloak"],"picked":"Singing Bowl","floor":6.0},{"not_picked":["hermit:BigShot","hermit:CalledShot","hermit:Scavenge"],"picked":"Singing Bowl","floor":7.0},{"not_picked":["hermit:Cheat","hermit:Headshot","hermit:Manifest"],"picked":"Singing Bowl","floor":11}],"player_experience":743340,"relics_obtained":[{"floor":0.0,"key":"MealTicket"},{"floor":0.0,"key":"Old Coin"},{"floor":6.0,"key":"Centennial Puzzle"},{"floor":9.0,"key":"Strawberry"}],"event_choices":[{"damage_healed":0.0,"max_hp_gain":0.0,"max_hp_loss":0.0,"gold_gain":175.0,"event_name":"Liars Game","player_choice":"AGREE","floor":3.0,"gold_loss":0.0,"damage_taken":0.0,"cards_obtained":["Doubt"]},{"damage_healed":0,"gold_gain":75,"player_choice":"Touch","damage_taken":8,"max_hp_gain":0,"max_hp_loss":0,"event_name":"FaceTrader","floor":10,"gold_loss":0}],"is_beta":false,"boss_relics":[],"items_purged_floors":[0,2],"is_endless":false,"potions_floor_spawned":[5,11],"killed_by":"3 Sentries","ascension_level":9}}