{"host":"0msxzbajcl1c78mb","time":1607822108,"event":{"mods":["AchievementEnabler","BaseMod","Colored Map","Colored Powertips","Highlight Path","Minty Spire (QoL Compilation)","Relic Sorter","Relic Stats","StSLib","The Jungle","everything is the same but u backflip on backflip"],"gold_per_floor":[113,131,131,141,161,194,194,221,221,2,2,36,52,78,78,176,176,188,188,188,188,188,188,203,203,228,270,14,64,77,97,97,200,200,214,234,234,251,271,271,271,271],"floor_reached":41,"playtime":6234,"items_purged":["Strike_R"],"score":657,"play_id":"fb6a7743-6b79-493c-9cf7-c3dbcbcc4d8e","local_time":"20201212201508","is_ascension_mode":true,"campfire_choices":[{"floor":7.0,"key":"REST"},{"floor":11.0,"key":"REST"},{"data":"Whirlwind","floor":15.0,"key":"SMITH"},{"data":"Berserk","floor":25,"key":"SMITH"},{"floor":32,"key":"REST"},{"data":"Demon Form","floor":40,"key":"SMITH"}],"circlet_count":0,"master_deck":["Strike_R","Strike_R","Defend_R","Defend_R","Defend_R","Defend_R","Bash","Whirlwind+1","Headbutt","Ghostly Armor","Iron Wave","Warcry","Berserk+1","Iron Wave","Intimidate","Juggernaut","Warcry+1","theJungle:PetSnecko","Dual Wield+1","Bloodletting","Uppercut+1","Warcry","True Grit+1","Demon Form+1","Heavy Blade+1","Anger","True Grit+1","Limit Break","Blood for Blood"],"relics":["SlaversCollar","Torii","Bag of Marbles","Letter Opener","Toy Ornithopter","Turnip","Oddly Smooth Stone","Runic Cube","theJungle:BirthdayCake","theJungle:WildStrawberry","MealTicket","Centennial Puzzle","Membership Card","Pen Nib","Runic Pyramid"],"acts_visited":["Exordium","Exordium","TheBeyond"],"potions_floor_usage":[24,27,29,29,30,33,35,39,39,41],"damage_taken":[{"damage":8.0,"enemies":"Jaw Worm","floor":1.0,"turns":5.0},{"damage":6.0,"enemies":"Cultist","floor":2.0,"turns":3.0},{"damage":12.0,"enemies":"Small Slimes","floor":4.0,"turns":3.0},{"damage":10.0,"enemies":"2 Fungi Beasts","floor":5.0,"turns":3.0},{"damage":25.0,"enemies":"3 Sentries","floor":6.0,"turns":6.0},{"damage":26.0,"enemies":"Gremlin Nob","floor":8.0,"turns":4.0},{"damage":0.0,"enemies":"3 Sentries","floor":12.0,"turns":4.0},{"damage":2.0,"enemies":"Blue Slaver","floor":13.0,"turns":3.0},{"damage":26.0,"enemies":"Lagavulin","floor":14.0,"turns":8.0},{"damage":9,"enemies":"Slime Boss","floor":16,"turns":10},{"damage":10,"enemies":"theJungle:MUSHROOMGANG","floor":18,"turns":4},{"damage":23,"enemies":"Shell Parasite","floor":24,"turns":8},{"damage":22,"enemies":"theJungle:MamaSnecko","floor":27,"turns":7},{"damage":31,"enemies":"Snake Plant","floor":29,"turns":5},{"damage":30,"enemies":"theJungle:SlimyTreeVines","floor":30,"turns":9},{"damage":5,"enemies":"theJungle:2_Flameangoes","floor":31,"turns":6},{"damage":40,"enemies":"theJungle:TotemBoss","floor":33,"turns":9},{"damage":4,"enemies":"3 Shapes","floor":35,"turns":6},{"damage":3,"enemies":"3 Darklings","floor":36,"turns":1},{"damage":14,"enemies":"Sphere and 2 Shapes","floor":38,"turns":7},{"damage":33,"enemies":"Jaw Worm Horde","floor":39,"turns":7},{"damage":52,"enemies":"Transient","floor":41,"turns":4}],"seed_played":"7523315489132707307","potions_obtained":[{"floor":2.0,"key":"Strength Potion"},{"floor":6.0,"key":"Dexterity Potion"},{"floor":8.0,"key":"Explosive Potion"},{"floor":24,"key":"BloodPotion"},{"floor":29,"key":"LiquidMemories"},{"floor":30,"key":"Weak Potion"},{"floor":33,"key":"BlessingOfTheForge"},{"floor":35,"key":"EssenceOfSteel"},{"floor":36,"key":"Fire Potion"},{"floor":38,"key":"ElixirPotion"},{"floor":39,"key":"AttackPotion"}],"is_trial":false,"path_per_floor":["M","M","?","M","M","E","R","E","T","$","R","E","M","E","R","B",null,"M","?","?","?","?","?","M","R","T","E","$","M","M","M","R","B",null,"M","M","?","M","M","R","M"],"character_chosen":"IRONCLAD","items_purchased":["Toy Ornithopter","Membership Card","Bloodletting","Pen Nib"],"campfire_rested":3,"item_purchase_floors":[10,28,28,28],"current_hp_per_floor":[64,58,58,46,36,11,35,9,9,9,33,38,41,15,15,6,62,52,44,64,57,57,57,39,39,39,22,37,37,18,13,45,10,83,84,81,81,67,44,44,0,0],"gold":271,"neow_bonus":"BOSS_RELIC","is_daily":false,"chose_seed":false,"campfire_upgraded":3,"win_rate":0.0,"timestamp":1607822108,"path_taken":["M","M","?","M","M","E","R","E","T","$","R","E","?","E","R","BOSS","M","?","?","?","?","?","?","R","T","E","$","M","M","M","R","BOSS","M","M","?","M","M","R","?"],"items_purchased_type":["Relic","Relic","Card","Relic"],"build_version":"2020-11-30","purchased_purges":1,"victory":false,"max_hp_per_floor":[80,80,80,80,80,80,80,80,80,80,80,80,80,80,80,80,80,80,80,100,107,107,107,107,107,107,107,107,107,107,107,107,107,107,107,107,107,107,107,107,107,107],"relic_stats":{"Centennial Puzzle":[27],"Torii":58,"counters":[22,122],"MealTicket":15,"Turnip":[35],"Pen Nib":[8],"Letter Opener":[215],"obtain_stats":[{"Torii":6,"Oddly Smooth Stone":14,"Pen Nib":28,"Letter Opener":9,"Burning Blood":0,"SlaversCollar":0,"Centennial Puzzle":27,"MealTicket":26,"Turnip":12,"Bag of Marbles":8,"theJungle:BirthdayCake":20,"theJungle:WildStrawberry":21,"Membership Card":28,"Toy Ornithopter":10,"Runic Cube":17,"Runic Pyramid":34},{"Torii":5,"Oddly Smooth Stone":9,"Pen Nib":13,"Letter Opener":6,"Burning Blood":0,"SlaversCollar":0,"Centennial Puzzle":13,"MealTicket":12,"Turnip":7,"Bag of Marbles":6,"theJungle:BirthdayCake":11,"theJungle:WildStrawberry":11,"Membership Card":13,"Toy Ornithopter":6,"Runic Cube":10,"Runic Pyramid":17},{"Torii":20,"Oddly Smooth Stone":39,"Pen Nib":68,"Letter Opener":24,"Burning Blood":0,"SlaversCollar":0,"Centennial Puzzle":68,"MealTicket":61,"Turnip":28,"Bag of Marbles":24,"theJungle:BirthdayCake":53,"theJungle:WildStrawberry":53,"Membership Card":68,"Toy Ornithopter":24,"Runic Cube":49,"Runic Pyramid":97}],"Toy Ornithopter":60,"Runic Cube":[49]},"card_choices":[{"not_picked":["Armaments","Dual Wield"],"picked":"Whirlwind","floor":1.0},{"not_picked":["Perfected Strike","True Grit"],"picked":"Headbutt","floor":2.0},{"not_picked":["Searing Blow","Rupture"],"picked":"Ghostly Armor","floor":4.0},{"not_picked":["Headbutt","True Grit"],"picked":"Iron Wave","floor":5.0},{"not_picked":["Searing Blow","Rage"],"picked":"Warcry","floor":6.0},{"not_picked":["Headbutt","Pommel Strike"],"picked":"Berserk","floor":8.0},{"not_picked":["Thunderclap","Body Slam","Searing Blow"],"picked":"SKIP","floor":12.0},{"not_picked":["Seeing Red","Sword Boomerang"],"picked":"Iron Wave","floor":13.0},{"not_picked":["Armaments","Iron Wave"],"picked":"Intimidate","floor":14.0},{"not_picked":["Impervious","Exhume"],"picked":"Juggernaut","floor":16},{"not_picked":["Dropkick+1","Cleave+1"],"picked":"Warcry+1","floor":18},{"not_picked":["Twin Strike","Havoc","Headbutt"],"picked":"SKIP","floor":24},{"not_picked":["Havoc","Juggernaut"],"picked":"Dual Wield+1","floor":27},{"not_picked":["True Grit","Body Slam"],"picked":"Uppercut+1","floor":29},{"not_picked":["Perfected Strike+1","Armaments"],"picked":"Warcry","floor":30},{"not_picked":["Searing Blow","Cleave"],"picked":"True Grit+1","floor":31},{"not_picked":["Immolate","Exhume"],"picked":"Demon Form","floor":33},{"not_picked":["Entrench","Perfected Strike"],"picked":"Heavy Blade+1","floor":35},{"not_picked":["Twin Strike+1","Thunderclap+1"],"picked":"Anger","floor":36},{"not_picked":["True Grit","Wild Strike"],"picked":"Limit Break","floor":38},{"not_picked":["Clash+1","Dual Wield"],"picked":"Blood for Blood","floor":39}],"player_experience":245574,"relics_obtained":[{"floor":6.0,"key":"Torii"},{"floor":8.0,"key":"Bag of Marbles"},{"floor":9.0,"key":"Letter Opener"},{"floor":12.0,"key":"Turnip"},{"floor":14.0,"key":"Oddly Smooth Stone"},{"floor":26,"key":"MealTicket"},{"floor":27,"key":"Centennial Puzzle"}],"event_choices":[{"cards_removed":["Strike_R"],"damage_healed":0.0,"max_hp_gain":0.0,"max_hp_loss":0.0,"gold_gain":0.0,"event_name":"Bonfire Elementals","player_choice":"Offered Basic","floor":3.0,"gold_loss":0.0,"damage_taken":0.0},{"cards_removed":["Strike_R"],"damage_healed":0,"gold_gain":0,"player_choice":"Purged","damage_taken":0,"max_hp_gain":0,"max_hp_loss":0,"event_name":"Purifier","floor":23,"gold_loss":0},{"damage_healed":0,"gold_gain":0,"player_choice":"Copied","damage_taken":0,"max_hp_gain":0,"max_hp_loss":0,"event_name":"Duplicator","floor":37,"gold_loss":0,"cards_obtained":["True Grit"]}],"is_beta":false,"boss_relics":[{"not_picked":["Coffee Dripper","Empty Cage"],"picked":"Runic Cube"},{"not_picked":["Astrolabe","Snecko Eye"],"picked":"Runic Pyramid"}],"items_purged_floors":[10],"is_endless":false,"potions_floor_spawned":[2,6,8,24,30,33,35,36,38,39],"killed_by":"Transient","ascension_level":7}}