{"host":"llpusn9usp8rznkj","time":1607884310,"event":{"mods":["2.2 Compatiblity","BaseMod","Colored Map","Colored Powertips","Conspire","Downfall","Hubris","Minty Spire (QoL Compilation)","Rare Cards Sparkle","Replay The Spire","StSLib","The Cursed"],"gold_per_floor":[118,52,52,62,78,112,112,138,162,162,162,175,175,187,187,365,365,378,134,152,152,18,44,44,44,44],"floor_reached":25,"playtime":839,"items_purged":["Doubt"],"score":458,"play_id":"bffbc315-e44c-4ca2-a779-bf2e0566f158","local_time":"20201213133150","is_ascension_mode":true,"campfire_choices":[{"floor":10.0,"key":"REST"},{"data":"Defragment","floor":15.0,"key":"SMITH"},{"data":"Buffer","floor":24.0,"key":"SMITH"}],"circlet_count":0,"master_deck":["AscendersBane","Strike_B","Strike_B","Strike_B+1","Strike_B","Defend_B","Defend_B","Defend_B","Defend_B+1","Zap","Dualcast+1","Defragment+1","Doom and Gloom+1","Creative AI+1","Coolheaded","Redo","hubris:PowerSurge","FTL","Buffer+1","White Noise"],"relics":["Cracked Core","NeowsBlessing","Replay:Mystery Machine","Ring of Peace","Ring of Fury","hubris:SoftwareUpdate","War Paint","hubris:Icosahedron","Nuclear Battery","Membership Card","Quantum Egg","Whetstone"],"acts_visited":["Exordium","TheCity"],"potions_floor_usage":[],"damage_taken":[{"damage":0.0,"enemies":"Small Slimes","floor":1.0,"turns":1.0},{"damage":0.0,"enemies":"Cultist","floor":4.0,"turns":1.0},{"damage":0.0,"enemies":"Jaw Worm","floor":5.0,"turns":1.0},{"damage":33.0,"enemies":"Gremlin Nob","floor":6.0,"turns":4.0},{"damage":30.0,"enemies":"Lagavulin","floor":8.0,"turns":7.0},{"damage":0.0,"enemies":"Looter","floor":12.0,"turns":3.0},{"damage":0.0,"enemies":"3 Louse","floor":14.0,"turns":1.0},{"damage":12.0,"enemies":"The Guardian","floor":16.0,"turns":9.0},{"damage":0.0,"enemies":"Spheric Guardian","floor":18.0,"turns":3.0},{"damage":4.0,"enemies":"Shell Parasite","floor":20.0,"turns":5.0},{"damage":48.0,"enemies":"Slavers","floor":23.0,"turns":6.0},{"damage":23,"enemies":"Gremlin Leader","floor":25,"turns":5}],"seed_played":"-6557074968481130729","potions_obtained":[{"floor":1.0,"key":"FearPotion"},{"floor":6.0,"key":"Weak Potion"},{"floor":8.0,"key":"SteroidPotion"},{"floor":12.0,"key":"Explosive Potion"},{"floor":14.0,"key":"EssenceOfSteel"},{"floor":23.0,"key":"champ:CounterPotion"}],"is_trial":false,"path_per_floor":["M","$","?","M","M","E","?","E","T","R","?","M","?","M","R","B",null,"M","$","M","?","$","E","R","E"],"character_chosen":"DEFECT","items_purchased":["Doom and Gloom","Membership Card","White Noise","Quantum Egg"],"campfire_rested":1,"item_purchase_floors":[2,19,19,22],"current_hp_per_floor":[64,64,64,64,64,31,31,1,1,22,22,22,22,22,22,10,56,56,56,52,71,71,23,23,0,0],"gold":44,"neow_bonus":"THREE_ENEMY_KILL","is_daily":false,"chose_seed":false,"campfire_upgraded":2,"win_rate":0.0,"timestamp":1607884310,"path_taken":["M","$","?","?","?","E","?","E","T","R","?","M","?","M","R","BOSS","M","$","M","?","?","E","R","E"],"items_purchased_type":["Card","Relic","Card","Relic"],"build_version":"2020-11-30","purchased_purges":1,"victory":false,"max_hp_per_floor":[71,71,71,71,71,71,71,71,71,71,71,71,71,71,71,71,71,71,71,71,71,71,71,71,71,71],"card_choices":[{"not_picked":["Skim","Tempest"],"picked":"Defragment","floor":1.0},{"not_picked":["Conserve Battery","Chaos"],"picked":"Coolheaded","floor":4.0},{"not_picked":["Blizzard","Recycle","Undo"],"picked":"SKIP","floor":5.0},{"not_picked":["Melter","Doom and Gloom"],"picked":"Redo","floor":6.0},{"not_picked":["Undo","Turbo"],"picked":"hubris:PowerSurge","floor":8.0},{"not_picked":["Sunder","Hologram","Compile Driver"],"picked":"SKIP","floor":12.0},{"not_picked":["Barrage","Panic Button"],"picked":"FTL","floor":14.0},{"not_picked":["Fission","Mirror Shield"],"picked":"Buffer","floor":16.0},{"not_picked":["BasicCrystalCard","Compile Driver","Barrage+1"],"picked":"SKIP","floor":18.0},{"not_picked":["ReplayTheSpireMod:GoodbyeWorld+1","BasicCrystalCard","Steam"],"picked":"SKIP","floor":20.0},{"not_picked":["BasicCrystalCard","BootSequence","Turbo"],"picked":"SKIP","floor":23.0}],"player_experience":959953,"relics_obtained":[{"floor":6.0,"key":"Replay:Mystery Machine"},{"floor":7.0,"key":"Ring of Peace"},{"floor":7.0,"key":"Ring of Fury"},{"floor":8.0,"key":"hubris:SoftwareUpdate"},{"floor":9.0,"key":"War Paint"},{"floor":23.0,"key":"Whetstone"}],"event_choices":[{"damage_healed":0.0,"max_hp_gain":0.0,"max_hp_loss":0.0,"gold_gain":0.0,"event_name":"Match and Keep!","player_choice":"1 cards matched","floor":3.0,"gold_loss":0.0,"damage_taken":0.0,"cards_obtained":["Creative AI"]},{"damage_healed":0.0,"max_hp_gain":0.0,"max_hp_loss":0.0,"gold_gain":0.0,"event_name":"Living Wall","player_choice":"Grow","floor":13.0,"gold_loss":0.0,"damage_taken":0.0,"cards_upgraded":["Creative AI"]},{"cards_removed":["Doom and Gloom"],"damage_healed":19.0,"max_hp_gain":0.0,"max_hp_loss":0.0,"gold_gain":0.0,"event_name":"Bonfire Elementals","player_choice":"Offered Uncommon","floor":21.0,"gold_loss":0.0,"damage_taken":0.0}],"is_beta":false,"boss_relics":[{"not_picked":["Sozu","hubris:CrackedHourglass"],"picked":"Nuclear Battery"}],"items_purged_floors":[19],"is_endless":false,"potions_floor_spawned":[1,6,8,12,14,23],"killed_by":"Gremlin Leader","ascension_level":20}}