{"host":"l7bqp3ve1ygltd7f","time":1607835225,"event":{"mods":["BaseMod","Downfall","Hermit","Minty Spire (QoL Compilation)","StSLib","The Bug Knight","The Construct","The Cursed","The Hierophant","The Jungle","The Poker Player","The Runesmith","The Senshi","The Servant 0.9.4"],"gold_per_floor":[119,119,119,144,144,159,159,194,220,241,48,82,29,54,54,185,185,208,223,223,223,223,223,243,243,269,300,225,244,144,269,269,395,395,420,146,167,167,267,267,267],"floor_reached":40,"playtime":2324,"items_purged":["Slimebound:Defend_Slimebound","Slimebound:Strike_Slimebound","Slimebound:Strike_Slimebound"],"score":462,"play_id":"7d593245-1473-498b-bdbb-27b0c936fcdb","local_time":"20201213125345","is_ascension_mode":false,"campfire_choices":[{"data":"Slimebound:Split","floor":7,"key":"SMITH"},{"floor":15,"key":"RECALL"},{"data":"RitualDagger","floor":23,"key":"SMITH"},{"data":"Slimebound:LeadByExample","floor":25,"key":"SMITH"},{"data":"expansioncontent:AwakenDeath","floor":32,"key":"SMITH"}],"circlet_count":0,"master_deck":["Slimebound:Strike_Slimebound","Slimebound:Tackle","Slimebound:Defend_Slimebound","Slimebound:Defend_Slimebound","Slimebound:Split+1","Slimebound:CorrosiveSpit+1","Slimebound:LeadByExample+1","Slimebound:RollThrough+1","Slimebound:DisruptingSlam","Slimebound:SplitMire","Slimebound:LeechingTouch","Slimebound:SlimeBarrage","expansioncontent:AwakenDeath+1","Slimebound:SplitMire","Slimebound:Equalize","Slimebound:LeechLife","Slimebound:SplitBruiser","Slimebound:LeechEnergy+1","RitualDagger+1","Slimebound:SpikyOuterGoop+1","Slimebound:SelfFormingGoo","Slimebound:GrowthPunch","Slimebound:AcidTongue+1","Madness","Madness"],"relics":["Slimebound:AbsorbEndCombat","Golden Idol","theSenshi:SailorFukuRelic","Lantern","Black Star","PreservedInsect","Bronze Scales","Boot","TungstenRod","Singing Bowl","Coffee Dripper","Juzu Bracelet"],"acts_visited":["Exordium","TheCity","TheBeyond"],"potions_floor_usage":[6,8,8,16,16,29,31,31],"damage_taken":[{"damage":15,"enemies":"Small Slimes","floor":1,"turns":3},{"damage":13,"enemies":"Jaw Worm","floor":4,"turns":3},{"damage":1,"enemies":"2 Louse","floor":6,"turns":2},{"damage":19,"enemies":"Gremlin Nob","floor":8,"turns":3},{"damage":12,"enemies":"Blue Slaver","floor":10,"turns":3},{"damage":20,"enemies":"3 Sentries","floor":12,"turns":6},{"damage":7,"enemies":"Lots of Slimes","floor":14,"turns":2},{"damage":16,"enemies":"Slime Boss","floor":16,"turns":6},{"damage":38,"enemies":"Spheric Guardian","floor":18,"turns":4},{"damage":22,"enemies":"3 Byrds","floor":19,"turns":5},{"damage":46,"enemies":"3 Cultists","floor":24,"turns":5},{"damage":28,"enemies":"Book of Stabbing","floor":27,"turns":3},{"damage":32,"enemies":"Cultist and Chosen","floor":29,"turns":5},{"damage":46,"enemies":"Colosseum Slavers","floor":31,"turns":4},{"damage":45,"enemies":"Colosseum Nobs","floor":31,"turns":4},{"damage":87,"enemies":"Collector","floor":33,"turns":10},{"damage":28,"enemies":"Orb Walker","floor":35,"turns":3},{"damage":20,"enemies":"3 Shapes","floor":37,"turns":4},{"damage":88,"enemies":"Reptomancer","floor":40,"turns":4}],"seed_played":"2021479076029243481","potions_obtained":[{"floor":0,"key":"Explosive Potion"},{"floor":0,"key":"SkillPotion"},{"floor":0,"key":"PowerPotion"},{"floor":1,"key":"Fire Potion"},{"floor":12,"key":"ColorlessPotion"},{"floor":14,"key":"Fire Potion"},{"floor":19,"key":"ColorlessPotion"},{"floor":24,"key":"Regen Potion"},{"floor":29,"key":"Block Potion"}],"is_trial":false,"path_per_floor":["M","?","?","M","?","M","R","E","T","M","$","E","$","M","R","B",null,"M","M","?","?","?","R","M","R","T","E","?","M","$","?","R","B",null,"M","$","M","?","?","E"],"character_chosen":"SLIMEBOUND","items_purchased":["Slimebound:SlimeBarrage","expansioncontent:AwakenDeath","Slimebound:SplitMire","Juzu Bracelet"],"campfire_rested":0,"item_purchase_floors":[11,11,13,36],"current_hp_per_floor":[51,51,56,49,37,38,38,31,31,35,35,37,37,40,40,60,61,41,49,61,61,55,55,47,47,47,49,49,55,55,19,19,26,63,53,53,59,52,52,0,0],"gold":267,"neow_bonus":"THREE_SMALL_POTIONS","is_daily":false,"chose_seed":false,"campfire_upgraded":4,"win_rate":0.0,"timestamp":1607835225,"path_taken":["M","?","?","M","?","?","R","E","T","?","$","E","$","M","R","BOSS","M","?","?","?","?","R","M","R","T","E","?","M","?","?","R","BOSS","M","$","M","?","?","E"],"items_purchased_type":["Card","Card","Card","Relic"],"build_version":"2020-11-30","purchased_purges":3,"victory":false,"max_hp_per_floor":[60,56,61,61,61,61,61,61,61,61,61,61,61,61,61,61,61,61,61,61,61,61,61,61,61,61,61,61,61,61,63,63,63,63,63,63,63,63,63,63,63],"card_choices":[{"not_picked":["Slimebound:Grow","Slimebound:GrowthPunch"],"picked":"Slimebound:LeadByExample","floor":1},{"not_picked":["Slimebound:Grow","Slimebound:GoopTackle"],"picked":"Slimebound:RollThrough","floor":4},{"not_picked":["Slimebound:Dissolve","Slimebound:GoopTackle"],"picked":"Slimebound:DisruptingSlam","floor":6},{"not_picked":["Slimebound:GrowthPunch","Slimebound:MegaLick"],"picked":"Slimebound:SplitMire","floor":8},{"not_picked":["Slimebound:ProtectTheBoss","Slimebound:FinishingTackle"],"picked":"Slimebound:LeechingTouch","floor":10},{"not_picked":["Slimebound:SlimeBarrage","Slimebound:FlameTackle","Slimebound:ViciousTackle"],"picked":"SKIP","floor":12},{"not_picked":["Slimebound:BestDefense","Slimebound:Schlurp"],"picked":"Slimebound:Equalize","floor":14},{"not_picked":["Slimebound:SlimeSlap","Slimebound:WasteNot"],"picked":"Slimebound:LeechLife","floor":16},{"not_picked":["Slimebound:SplitAcid","Slimebound:LeechingTouch+1"],"picked":"Slimebound:SplitBruiser","floor":18},{"not_picked":["Slimebound:GrowthPunch","Slimebound:ComboTackle"],"picked":"Slimebound:LeechEnergy+1","floor":19},{"not_picked":["Slimebound:SplitMire","Slimebound:DisruptingSlam","Slimebound:LivingWall"],"picked":"SKIP","floor":24},{"not_picked":["Slimebound:Chomp+1","Slimebound:Teamwork"],"picked":"Slimebound:SpikyOuterGoop+1","floor":27},{"not_picked":["Slimebound:GrowthPunch","Slimebound:MegaLick","Slimebound:RejuvenatingLick"],"picked":"SKIP","floor":29},{"not_picked":["Slimebound:ProtectTheBoss","Slimebound:SplitMire","Slimebound:ViciousTackle"],"picked":"Singing Bowl","floor":31},{"not_picked":["Slimebound:OneTwoCombo","Slimebound:SlimeSlap"],"picked":"Slimebound:SelfFormingGoo","floor":33},{"not_picked":["Slimebound:LivingWall","Slimebound:Nibble"],"picked":"Slimebound:GrowthPunch","floor":35},{"not_picked":["Slimebound:SamplingLick","Slimebound:SplitAcid"],"picked":"Slimebound:AcidTongue+1","floor":37}],"player_experience":134088,"relics_obtained":[{"floor":8,"key":"theSenshi:SailorFukuRelic"},{"floor":12,"key":"Lantern"},{"floor":26,"key":"PreservedInsect"},{"floor":27,"key":"Bronze Scales"},{"floor":27,"key":"Boot"},{"floor":31,"key":"TungstenRod"},{"floor":31,"key":"Singing Bowl"}],"event_choices":[{"damage_healed":0,"gold_gain":0,"player_choice":"Lose Max HP","damage_taken":0,"relics_obtained":["Golden Idol"],"max_hp_gain":0,"max_hp_loss":4,"event_name":"Golden Idol","floor":2,"gold_loss":0},{"damage_healed":0,"gold_gain":0,"player_choice":"Donut","damage_taken":0,"max_hp_gain":5,"max_hp_loss":0,"event_name":"Big Fish","floor":3,"gold_loss":0},{"damage_healed":0,"gold_gain":0,"player_choice":"Entered Light","damage_taken":12,"max_hp_gain":0,"max_hp_loss":0,"event_name":"Shining Light","floor":5,"gold_loss":0,"cards_upgraded":["Slimebound:CorrosiveSpit","Slimebound:RollThrough"]},{"damage_healed":20,"gold_gain":0,"player_choice":"Heal","damage_taken":0,"max_hp_gain":0,"max_hp_loss":0,"event_name":"The Library","floor":20,"gold_loss":0},{"damage_healed":0,"gold_gain":0,"player_choice":"Ignored","damage_taken":0,"max_hp_gain":0,"max_hp_loss":0,"event_name":"Vampires","floor":21,"gold_loss":0},{"damage_healed":0,"gold_gain":0,"player_choice":"Joined the Cult","damage_taken":6,"max_hp_gain":0,"max_hp_loss":0,"event_name":"Nest","floor":22,"gold_loss":0,"cards_obtained":["RitualDagger"]},{"cards_removed":["Slimebound:Defend_Slimebound"],"damage_healed":0,"gold_gain":0,"player_choice":"Gave Gold","damage_taken":0,"max_hp_gain":0,"max_hp_loss":0,"event_name":"Beggar","floor":28,"gold_loss":75},{"damage_healed":0,"gold_gain":0,"player_choice":"Fight","damage_taken":0,"max_hp_gain":0,"max_hp_loss":0,"event_name":"Colosseum","floor":31,"gold_loss":0},{"damage_healed":0,"gold_gain":0,"player_choice":"Fought Nobs","damage_taken":0,"max_hp_gain":0,"max_hp_loss":0,"event_name":"Colosseum","floor":31,"gold_loss":0},{"damage_healed":0,"gold_gain":0,"player_choice":"Embrace Madness","damage_taken":8,"max_hp_gain":0,"max_hp_loss":0,"event_name":"Winding Halls","floor":38,"gold_loss":0,"cards_obtained":["Madness","Madness"]},{"damage_healed":0,"gold_gain":100,"player_choice":"Pray","damage_taken":0,"max_hp_gain":0,"max_hp_loss":0,"event_name":"Golden Shrine","floor":39,"gold_loss":0}],"is_beta":false,"boss_relics":[{"not_picked":["SacredBark","Slimebound:AbsorbEndCombatUpgraded"],"picked":"Black Star"},{"not_picked":["Snecko Eye","Cursed Key"],"picked":"Coffee Dripper"}],"items_purged_floors":[11,30,36],"is_endless":false,"potions_floor_spawned":[1,4,12,14,19,24,29],"killed_by":"Reptomancer","ascension_level":0}}