{"host":"x5ow3h9y3elojghk","time":1607858214,"event":{"mods":["BaseMod","Downfall","Duelist Mod","KinomotoSakuraMod(ƒæ÷Æ±æ”£)","Marisa£®ÏF”Í°°ƒß¿Ì…≥£©","Minty Spire (QoL Compilation)","Reimu£®≤©¿ˆ¡È√Œ£©","Remilia£®¿Ÿ√◊¿Ú—«£©","StSLib","The Administrix","The Bug Knight","The Construct","The Cursed","The Hierophant","The Poker Player","The Runesmith","The Senshi","The Servant 0.9.4","Youmu£®ªÍ∆«—˝√Œ£©","[IsaacMod]“‘»ˆº‚À˛"],"gold_per_floor":[118,118,135,135,149,149,181,181,206,221,221],"floor_reached":10,"playtime":246,"items_purged":[],"score":66,"play_id":"e0c2a77b-d6dc-4b27-8bcf-ea7f2923da8d","local_time":"20201213191654","is_ascension_mode":false,"campfire_choices":[{"data":"HollowMod:ElderbugsWisdom","floor":6,"key":"SMITH"},{"data":"HollowMod:CycloneSlash","floor":8,"key":"SMITH"}],"circlet_count":0,"master_deck":["HollowMod:NailStrikeStart","HollowMod:NailStrikeStart","HollowMod:NailStrikeStart","HollowMod:QuickDashStart","HollowMod:QuickDashStart","HollowMod:QuickDashStart","HollowMod:QuickDashStart","HollowMod:FocusHealStart","HollowMod:PogoStrike","BettingIsNotGood","HollowMod:CycloneSlash+1","Regret","HollowMod:ElderbugsWisdom+1"],"relics":["HollowMod:VesselMask","HushsDoor","GnawedLeaf","NeowsBlessing","HollowMod:PaleOreRelic","Blood Vial","Lantern"],"acts_visited":["Exordium"],"potions_floor_usage":[7,10],"damage_taken":[{"damage":0,"enemies":"Jaw Worm","floor":1,"turns":1},{"damage":0,"enemies":"Small Slimes","floor":3,"turns":1},{"damage":0,"enemies":"Cultist","floor":5,"turns":1},{"damage":31,"enemies":"Gremlin Nob","floor":7,"turns":4},{"damage":62,"enemies":"Lagavulin","floor":10,"turns":6}],"seed_played":"5336416147511339462","potions_obtained":[{"floor":5,"key":"DuplicationPotion"},{"floor":7,"key":"Energy Potion"}],"is_trial":false,"path_per_floor":["M","?","M","?","M","R","E","R","T","E"],"character_chosen":"THE_BUGKNIGHT","items_purchased":[],"campfire_rested":0,"item_purchase_floors":[],"current_hp_per_floor":[75,75,75,75,75,75,44,44,44,0,0],"gold":221,"neow_bonus":"THREE_ENEMY_KILL","is_daily":false,"chose_seed":false,"campfire_upgraded":2,"win_rate":0.0,"timestamp":1607858214,"path_taken":["M","?","?","?","M","R","E","R","T","E"],"items_purchased_type":[],"build_version":"2020-11-30","purchased_purges":0,"victory":false,"max_hp_per_floor":[75,75,75,75,75,75,75,75,75,75,75],"card_choices":[{"not_picked":[],"picked":"BettingIsNotGood","floor":0},{"not_picked":["HollowMod:CrystalDash","HollowMod:SharpenedNail"],"picked":"HollowMod:CycloneSlash","floor":1},{"not_picked":["HollowMod:HowlingWraiths","HollowMod:TaintedHusks","HollowMod:BaldurShell"],"picked":"SKIP","floor":3},{"not_picked":["HollowMod:InfectedCysts","HollowMod:DescendingDark"],"picked":"HollowMod:ElderbugsWisdom","floor":5},{"not_picked":["HollowMod:SharpenedNail","HollowMod:GrimmsGift","HollowMod:NewJinnsSoul"],"picked":"SKIP","floor":7}],"player_experience":285196,"relics_obtained":[{"floor":7,"key":"Blood Vial"},{"floor":9,"key":"Lantern"}],"event_choices":[{"damage_healed":0,"gold_gain":0,"player_choice":"Box","damage_taken":0,"relics_obtained":["HollowMod:PaleOreRelic"],"max_hp_gain":0,"max_hp_loss":0,"event_name":"Big Fish","floor":4,"gold_loss":0,"cards_obtained":["Regret"]}],"is_beta":false,"boss_relics":[],"items_purged_floors":[],"is_endless":false,"potions_floor_spawned":[5,7],"killed_by":"Lagavulin","ascension_level":0}}