{"host":"pivahb1bacxk2eup","time":1607821356,"event":{"mods":["AchievementEnabler","BaseMod","Colored Map","Colored Powertips","Downfall","Hermit","Hero for Fun","Hubris","Jedi Mod","Jorbs\u0027s Wanderer Trilogy","Lobotomy","Marisa????????","Minty Spire (QoL Compilation)","Remilia??????","StSLib","The Alterego","The Animator","The Construct","The Hierophant","The Runesmith","The Servant 0.9.4","TheBandit","TheFirefly","Yuri Mod","thorton"],"gold_per_floor":[99,99,134,134,134,134,157,157,82,112,124,141,168,5,23,23,23],"floor_reached":16,"playtime":1154,"items_purged":[],"score":131,"play_id":"1b65d8e9-57fc-4971-a1da-5cc4540ef01e","local_time":"20201212200236","is_ascension_mode":false,"campfire_choices":[{"data":"champ:Taunt","floor":1,"key":"SMITH"},{"floor":5,"key":"RECALL"},{"data":"champ:LastStand","floor":9,"key":"SMITH"}],"circlet_count":0,"master_deck":["champ:Strike","champ:Strike","champ:Strike","champ:Strike","champ:Defend","champ:Defend","champ:Defend","champ:Execute","champ:Taunt+1","champ:HeartStrike","champ:BringItOn","champ:BerserkerStyle","hubris:DuctTapeCard","champ:BladeFlurry","champ:StanceDance","champ:EnragedBash","champ:Shatter","champ:ShieldWall"],"relics":["champ:ChampionCrown","downfall:HeartsMalice","PreservedInsect","Regal Pillow","Strawberry","downfall:HeartBlessingRed","hubris:DuctTape","Odd Mushroom","Guardian:BottledAnomaly"],"acts_visited":["Exordium"],"potions_floor_usage":[13,16,16],"damage_taken":[{"damage":0,"enemies":"Cultist","floor":2,"turns":1},{"damage":0,"enemies":"Lagavulin","floor":3,"turns":1},{"damage":0,"enemies":"Jaw Worm","floor":6,"turns":1},{"damage":45,"enemies":"3 Sentries","floor":10,"turns":9},{"damage":5,"enemies":"2 Louse","floor":11,"turns":2},{"damage":13,"enemies":"Blue Slaver","floor":12,"turns":5},{"damage":9,"enemies":"The Mushroom Lair","floor":13,"turns":5},{"damage":9,"enemies":"downfall:FleeingMerchant","floor":14,"turns":4},{"damage":19,"enemies":"Red Slaver","floor":15,"turns":4},{"damage":52,"enemies":"downfall:Defect","floor":16,"turns":5}],"seed_played":"9097740528764584013","potions_obtained":[{"floor":3,"key":"ColorlessPotion"},{"floor":13,"key":"DuplicationPotion"},{"floor":15,"key":"jedi:StrikingPotion"}],"is_trial":false,"path_per_floor":["R","M","E","?","R","M","T","?","R","E","M","M","?","$","M","B"],"character_chosen":"THE_CHAMP","items_purchased":["Guardian:BottledAnomaly"],"campfire_rested":0,"item_purchase_floors":[14],"current_hp_per_floor":[90,90,90,90,90,90,97,97,97,62,62,56,49,49,38,0,0],"gold":23,"neow_bonus":"THREE_ENEMY_KILL","is_daily":false,"chose_seed":false,"campfire_upgraded":2,"win_rate":0.0,"timestamp":1607821356,"path_taken":["R","M","E","?","R","M","T","?","R","E","?","?","?","?","M","BOSS"],"items_purchased_type":["Relic"],"build_version":"2020-11-30","purchased_purges":0,"victory":false,"max_hp_per_floor":[90,90,90,90,90,90,97,97,97,97,97,97,97,97,97,97,97],"card_choices":[{"not_picked":["champ:EndlessRage","champ:FanOfKnives"],"picked":"champ:HeartStrike","floor":2},{"not_picked":["champ:CrookedStrike","champ:Encircle"],"picked":"champ:BringItOn","floor":3},{"not_picked":["champ:Circumvent","champ:BladeFlurry"],"picked":"champ:LastStand","floor":6},{"not_picked":["champ:GladiatorsShout","champ:FanOfKnives"],"picked":"champ:BerserkerStyle","floor":10},{"not_picked":["champ:Circumvent","champ:PerfectedStrike"],"picked":"champ:BladeFlurry","floor":11},{"not_picked":["champ:DeathBlow","champ:BladeFlurry"],"picked":"champ:StanceDance","floor":12},{"not_picked":["champ:Circumvent","champ:DefensiveShout"],"picked":"champ:EnragedBash","floor":13},{"not_picked":["champ:FlashCut","champ:Haymaker"],"picked":"champ:Shatter","floor":14},{"not_picked":["champ:Haymaker","champ:BringItOn"],"picked":"champ:ShieldWall","floor":15}],"player_experience":506582,"relics_obtained":[{"floor":3,"key":"PreservedInsect"},{"floor":7,"key":"Strawberry"},{"floor":10,"key":"hubris:DuctTape"},{"floor":13,"key":"Odd Mushroom"}],"event_choices":[{"damage_healed":0,"gold_gain":0,"player_choice":"Box","damage_taken":0,"relics_obtained":["Regal Pillow"],"max_hp_gain":0,"max_hp_loss":0,"event_name":"Big Fish","floor":4,"gold_loss":0,"cards_obtained":["Regret"]},{"cards_removed":["Regret"],"damage_healed":0,"gold_gain":0,"player_choice":"Purged","damage_taken":0,"max_hp_gain":0,"max_hp_loss":0,"event_name":"Purifier","floor":8,"gold_loss":0},{"damage_healed":0,"gold_gain":0,"player_choice":"Fought Mushrooms","damage_taken":0,"max_hp_gain":0,"max_hp_loss":0,"event_name":"Mushrooms","floor":13,"gold_loss":0}],"is_beta":false,"boss_relics":[],"items_purged_floors":[],"is_endless":false,"potions_floor_spawned":[3,13,15],"killed_by":"downfall:Defect","ascension_level":0}}