{"host":"lqtll83nun4jn4k7","time":1607855737,"event":{"mods":["BaseMod","Challenge The Spire","Colored Map","Colored Powertips","Downfall","Highlight Path","KinomotoSakuraMod(Ä¾Ö®±¾Ó£)","Minty Spire (QoL Compilation)","Prisma Mod","Quick Restart","StSLib","SuperFastMode","The Bug Knight","Waifu the Spire"],"gold_per_floor":[99,113,147,160,188,113,113,132,57,89,99,99,114,114,134,234,234,159,173,173,158,183,183,183,217,217,217,217],"floor_reached":27,"playtime":1806,"items_purged":[],"score":307,"play_id":"d4930a49-4dbc-4067-bbd1-c0eb53689bfa","local_time":"20201213183537","is_ascension_mode":true,"campfire_choices":[{"floor":1,"key":"RECALL"},{"data":"HollowMod:CycloneSlash","floor":6,"key":"SMITH"},{"data":"Madness","floor":9,"key":"SMITH"},{"data":"HollowMod:GreatSlash","floor":18,"key":"SMITH"},{"data":"HollowMod:MawleksShell","floor":23,"key":"SMITH"},{"data":"HollowMod:FocusHealStart","floor":26,"key":"SMITH"}],"circlet_count":0,"master_deck":["HollowMod:FocusHealStart+1","HollowMod:PogoStrike","Madness+1","HollowMod:CycloneSlash+1","HollowMod:MantisMark","HollowMod:PerfectDash","HollowMod:VengefulSpirit","HollowMod:ElderbugsWisdom","HollowMod:SiblingsShadow","HollowMod:GreatSlash+1","HollowMod:BrokenVessel","HollowMod:WhiteLadysBlessing","HollowMod:ElderbugsWisdom","HollowMod:MawleksShell+1","HollowMod:NewInfectedGuardian","Bite","Bite","Bite","Bite","Bite","HollowMod:CycloneSlash+1"],"relics":["HollowMod:VesselMask","Shuriken","Incense Burner","downfall:HeartBlessingRed","downfall:HeartBlessingBlue","Mummified Hand","Pandora\u0027s Box","downfall:HeartBlessingGreen","Toy Ornithopter","Lantern","Pantograph"],"acts_visited":["Exordium","TheCity"],"potions_floor_usage":[13,25,25,27],"damage_taken":[{"damage":0,"enemies":"2 Louse","floor":2,"turns":2},{"damage":23,"enemies":"HollowMod:MossKnight","floor":3,"turns":11},{"damage":3,"enemies":"Small Slimes","floor":4,"turns":3},{"damage":31,"enemies":"Lagavulin","floor":5,"turns":7},{"damage":1,"enemies":"Cultist","floor":8,"turns":3},{"damage":17,"enemies":"3 Sentries","floor":10,"turns":6},{"damage":11,"enemies":"Red Slaver","floor":11,"turns":3},{"damage":15,"enemies":"Exordium Thugs","floor":13,"turns":6},{"damage":2,"enemies":"3 Louse","floor":15,"turns":4},{"damage":23,"enemies":"downfall:Watcher","floor":16,"turns":7},{"damage":54,"enemies":"Shell Parasite","floor":19,"turns":5},{"damage":5,"enemies":"downfall:FleeingMerchant","floor":21,"turns":4},{"damage":22,"enemies":"Gremlin Leader","floor":22,"turns":5},{"damage":34,"enemies":"HollowMod:Nosk","floor":25,"turns":8},{"damage":80,"enemies":"Book of Stabbing","floor":27,"turns":5}],"seed_played":"-134231406378199421","potions_obtained":[{"floor":3,"key":"Regen Potion"},{"floor":5,"key":"Dexterity Potion"},{"floor":8,"key":"AttackPotion"},{"floor":16,"key":"AttackPotion"},{"floor":25,"key":"DistilledChaos"}],"is_trial":false,"path_per_floor":["R","M","E","M","E","R","T","M","R","E","M","?","M","?","M","B",null,"R","M","?","$","E","R","T","E","R","E"],"character_chosen":"THE_BUGKNIGHT","items_purchased":[],"campfire_rested":0,"item_purchase_floors":[],"current_hp_per_floor":[75,75,58,61,42,42,42,41,51,46,41,62,71,71,75,58,85,85,37,37,52,46,46,46,49,49,0,0],"gold":217,"neow_bonus":"RANDOM_COLORLESS","is_daily":false,"chose_seed":false,"campfire_upgraded":5,"win_rate":0.0,"timestamp":1607855737,"path_taken":["R","M","E","M","E","R","T","M","R","E","M","?","M","?","M","BOSS","R","?","?","?","E","R","T","E","R","E"],"items_purchased_type":[],"build_version":"2020-11-30","purchased_purges":0,"victory":false,"max_hp_per_floor":[75,75,75,75,75,75,75,75,85,85,85,85,85,85,85,85,85,85,85,59,59,59,59,59,59,59,59,59],"card_choices":[{"not_picked":["Good Instincts","Impatience"],"picked":"Madness","floor":0},{"not_picked":["HollowMod:TaintedHusks","HollowMod:NewJinnsSoul","HollowMod:CloakDash"],"picked":"SKIP","floor":2},{"not_picked":["HollowMod:PureNailStrike","HollowMod:HowlingWraiths"],"picked":"HollowMod:CycloneSlash","floor":3},{"not_picked":["HollowMod:DescendingDark","HollowMod:ChannelNail","HollowMod:DoubleDash"],"picked":"SKIP","floor":4},{"not_picked":["HollowMod:SharpenedNail","HollowMod:ShadowDash"],"picked":"HollowMod:MantisMark","floor":5},{"not_picked":["HollowMod:RecoilStrike","HollowMod:GoodIntentions"],"picked":"HollowMod:PerfectDash","floor":8},{"not_picked":["HollowMod:SharpenedShadows","HollowMod:MawleksShell","HollowMod:InfectionAssault"],"picked":"SKIP","floor":10},{"not_picked":["HollowMod:SiblingsShadow","HollowMod:WraithStrike","HollowMod:DescendingDark"],"picked":"SKIP","floor":11},{"not_picked":["HollowMod:BlackTendrils","HollowMod:RecoilStrike"],"picked":"HollowMod:VengefulSpirit","floor":13},{"not_picked":["HollowMod:LifebloodCocoon","HollowMod:MawleksShell","HollowMod:SoulStrike"],"picked":"SKIP","floor":15},{"not_picked":["HollowMod:RadiancesLament","HollowMod:MidwifesHunger"],"picked":"HollowMod:ElderbugsWisdom","floor":16},{"not_picked":["HollowMod:LifebloodCocoon+1","HollowMod:NewLittleFool","HollowMod:WraithStrike+1"],"picked":"SKIP","floor":19},{"not_picked":["HollowMod:ChannelNail","HollowMod:BrokenVessel","HollowMod:SoulStrike"],"picked":"SKIP","floor":21},{"not_picked":["HollowMod:SharpenedNail","HollowMod:SiblingsSouls"],"picked":"HollowMod:CycloneSlash+1","floor":22},{"not_picked":["HollowMod:NewJinnsSoul+1","HollowMod:VengefulSpirit","HollowMod:LifebloodCocoon"],"picked":"SKIP","floor":25}],"player_experience":628013,"relics_obtained":[{"floor":3,"key":"Shuriken"},{"floor":5,"key":"Incense Burner"},{"floor":10,"key":"Mummified Hand"},{"floor":22,"key":"Toy Ornithopter"},{"floor":24,"key":"Lantern"},{"floor":25,"key":"Pantograph"}],"event_choices":[{"cards_removed":["HollowMod:NailStrikeStart"],"damage_healed":0,"gold_gain":0,"player_choice":"Purged","damage_taken":0,"max_hp_gain":0,"max_hp_loss":0,"event_name":"Purifier","floor":14,"gold_loss":0},{"damage_healed":0,"gold_gain":0,"player_choice":"Became a vampire","damage_taken":0,"max_hp_gain":0,"max_hp_loss":26,"event_name":"Vampires","floor":20,"gold_loss":0,"cards_obtained":["Bite","Bite","Bite","Bite","Bite"]}],"is_beta":false,"boss_relics":[{"not_picked":["Astrolabe","Coffee Dripper"],"picked":"Pandora\u0027s Box"}],"items_purged_floors":[],"is_endless":false,"potions_floor_spawned":[3,5,8,16,22,25],"killed_by":"Book of Stabbing","ascension_level":1}}