{"host":"07ljfmttuzqopd7f","time":1607835311,"event":{"mods":["2.2 Compatiblity","BaseMod","Bestiary","Block Reminder","Colored Map","Colored Powertips","Curses Come First","Hermit","Minty Spire (QoL Compilation)","Quick Restart","Random Character Button","Rare Cards Sparkle","Relic Stats","StSLib","The Cursed","UnlockEverythingMod"],"gold_per_floor":[368,368,11,22,33,60,60,94,145,145,145,155,155,167,167,265,265,280,49,68,87,104,104,122,148,148,176,27,27,27,62,62,161,161,180,180,180,191,208,208,234,234,234,264,277,294,294,294,294,294,294],"floor_reached":50,"playtime":2305,"items_purged":["hermit:Purgatory"],"score":744,"play_id":"54686bfa-c758-4685-9d4b-fd1534db4846","local_time":"20201212235511","is_ascension_mode":true,"campfire_choices":[{"data":"Apotheosis","floor":7,"key":"SMITH"},{"data":"hermit:Manifest","floor":11,"key":"SMITH"},{"data":"hermit:Malice","floor":13,"key":"SMITH"},{"data":"hermit:Glare","floor":15,"key":"SMITH"},{"floor":23,"key":"REST"},{"data":"hermit:FromBeyond","floor":29,"key":"SMITH"},{"floor":32,"key":"DIG"},{"floor":40,"key":"DIG"},{"floor":42,"key":"DIG"},{"floor":49,"key":"DIG"}],"circlet_count":0,"master_deck":["hermit:Snapshot","hermit:Covet","hermit:GhostlyPresence","hermit:Malice+1","hermit:Manifest+1","Apotheosis+1","hermit:LoneWolf","hermit:BigShot","hermit:Headshot","hermit:SprayPray","Regret","hermit:Misfire","hermit:Glare+1","hermit:BlackWind","hermit:GoldenBullet","hermit:Grudge","hermit:Dissolve","hermit:Headshot","hermit:DeadMansHand","hermit:CursedWeapon","hermit:Adapt","hermit:ShadowCloak","hermit:EyeOfTheStorm+1","hermit:LuckOfTheDraw","hermit:CalledShot+1","hermit:FromBeyond+1","hermit:Gambit","hermit:RoundhouseKick","hermit:FlashPowder","hermit:BlackWind","hermit:Gestalt","Doubt"],"relics":["hermit:Momento","Meat on the Bone","Bag of Marbles","Oddly Smooth Stone","Eternal Feather","Pandora\u0027s Box","PreservedInsect","StrikeDummy","Frozen Egg 2","Boot","Orrery","Shovel","Bronze Scales","Busted Crown","Potion Belt","Orichalcum","Bird Faced Urn","Thread and Needle","Nunchaku"],"acts_visited":["Exordium","TheCity","TheBeyond"],"potions_floor_usage":[8,25,33,41,44,50],"damage_taken":[{"damage":0,"enemies":"Jaw Worm","floor":1,"turns":4},{"damage":0,"enemies":"2 Louse","floor":4,"turns":3},{"damage":1,"enemies":"Cultist","floor":5,"turns":5},{"damage":7,"enemies":"Lagavulin","floor":6,"turns":6},{"damage":5,"enemies":"3 Sentries","floor":8,"turns":9},{"damage":18,"enemies":"Large Slime","floor":12,"turns":4},{"damage":10,"enemies":"2 Fungi Beasts","floor":14,"turns":3},{"damage":23,"enemies":"Hexaghost","floor":16,"turns":11},{"damage":15,"enemies":"Chosen","floor":18,"turns":4},{"damage":13,"enemies":"2 Thieves","floor":20,"turns":3},{"damage":16,"enemies":"Centurion and Healer","floor":21,"turns":3},{"damage":31,"enemies":"Shelled Parasite and Fungi","floor":22,"turns":3},{"damage":12,"enemies":"3 Cultists","floor":24,"turns":4},{"damage":12,"enemies":"Book of Stabbing","floor":25,"turns":2},{"damage":18,"enemies":"Slavers","floor":27,"turns":4},{"damage":28,"enemies":"Book of Stabbing","floor":31,"turns":3},{"damage":49,"enemies":"Champ","floor":33,"turns":9},{"damage":16,"enemies":"3 Shapes","floor":35,"turns":4},{"damage":2,"enemies":"Orb Walker","floor":38,"turns":2},{"damage":13,"enemies":"4 Shapes","floor":39,"turns":3},{"damage":2,"enemies":"Giant Head","floor":41,"turns":2},{"damage":38,"enemies":"Reptomancer","floor":44,"turns":3},{"damage":3,"enemies":"3 Darklings","floor":45,"turns":3},{"damage":14,"enemies":"Writhing Mass","floor":46,"turns":5},{"damage":103,"enemies":"Awakened One","floor":50,"turns":8}],"seed_played":"-6445567769527010223","potions_obtained":[{"floor":4,"key":"LiquidMemories"},{"floor":5,"key":"SpeedPotion"},{"floor":22,"key":"Swift Potion"},{"floor":25,"key":"Block Potion"},{"floor":33,"key":"Swift Potion"},{"floor":41,"key":"Explosive Potion"},{"floor":44,"key":"PowerPotion"},{"floor":46,"key":"Energy Potion"}],"is_trial":false,"path_per_floor":["M","?","$","M","M","E","R","E","T","?","R","M","R","M","R","B",null,"M","$","M","M","M","R","M","E","T","E","$","R","?","E","R","B",null,"M","?","?","M","M","R","E","R","T","E","M","M","?","?","R","B"],"character_chosen":"HERMIT","items_purchased":["hermit:Malice","hermit:Manifest","Apotheosis","hermit:LoneWolf","PreservedInsect","Orrery"],"campfire_rested":1,"item_purchase_floors":[3,3,3,3,19,28],"current_hp_per_floor":[68,68,68,68,67,60,60,55,55,55,64,46,58,48,60,37,60,45,45,44,40,21,53,41,41,41,35,35,50,50,34,52,15,55,39,39,39,37,36,54,52,68,68,42,41,45,68,68,68,0,0],"gold":294,"neow_bonus":"TWO_FIFTY_GOLD","is_daily":false,"chose_seed":false,"campfire_upgraded":5,"win_rate":0.0,"timestamp":1607835311,"path_taken":["M","?","$","M","M","E","R","E","T","?","R","M","R","M","R","BOSS","M","$","M","M","M","R","M","E","T","E","$","R","?","E","R","BOSS","M","?","?","?","M","R","E","R","T","E","M","M","?","?","R","BOSS"],"items_purchased_type":["Card","Card","Card","Card","Relic","Relic"],"build_version":"2020-11-30","purchased_purges":1,"victory":false,"max_hp_per_floor":[68,68,68,68,68,68,68,68,68,68,68,68,68,68,68,68,68,68,68,68,68,68,68,68,68,68,68,68,68,68,68,68,68,68,68,68,68,68,68,68,68,68,68,68,68,68,68,68,68,68,68],"relic_stats":{"counters":[25,110],"Eternal Feather":112,"PreservedInsect":317,"Orichalcum":[54],"Boot":[26],"Nunchaku":[2],"Shovel":4,"Busted Crown":16,"Bronze Scales":[90],"Bird Faced Urn":[16],"Pandora\u0027s Box":["hermit:GoldenBullet","hermit:Grudge","hermit:Dissolve","hermit:Headshot","hermit:DeadMansHand","hermit:CursedWeapon","hermit:Adapt","hermit:Purgatory"],"obtain_stats":[{"Potion Belt":40,"Oddly Smooth Stone":9,"Eternal Feather":10,"Thread and Needle":44,"PreservedInsect":19,"Frozen Egg 2":26,"Orichalcum":41,"Boot":27,"Nunchaku":49,"Shovel":31,"Busted Crown":34,"Bronze Scales":32,"Bird Faced Urn":42,"Orrery":28,"Pandora\u0027s Box":17,"Bag of Marbles":8,"StrikeDummy":25,"hermit:Momento":0,"Meat on the Bone":6},{"Potion Belt":20,"Oddly Smooth Stone":5,"Eternal Feather":5,"Thread and Needle":22,"PreservedInsect":9,"Frozen Egg 2":14,"Orichalcum":21,"Boot":15,"Nunchaku":24,"Shovel":16,"Busted Crown":17,"Bronze Scales":16,"Bird Faced Urn":21,"Orrery":15,"Pandora\u0027s Box":8,"Bag of Marbles":5,"StrikeDummy":14,"hermit:Momento":0,"Meat on the Bone":4},{"Potion Belt":89,"Oddly Smooth Stone":27,"Eternal Feather":27,"Thread and Needle":94,"PreservedInsect":49,"Frozen Egg 2":64,"Orichalcum":91,"Boot":68,"Nunchaku":102,"Shovel":71,"Busted Crown":80,"Bronze Scales":71,"Bird Faced Urn":91,"Orrery":68,"Pandora\u0027s Box":45,"Bag of Marbles":27,"StrikeDummy":64,"hermit:Momento":0,"Meat on the Bone":18}],"Meat on the Bone":120},"card_choices":[{"not_picked":["hermit:Roulette","hermit:HighCaliber"],"picked":"hermit:GhostlyPresence","floor":1},{"not_picked":["hermit:Feint","hermit:Desperado"],"picked":"hermit:BigShot","floor":4},{"not_picked":["hermit:Misfire","hermit:NoHoldsBarred"],"picked":"hermit:Headshot","floor":5},{"not_picked":["hermit:Scavenge","hermit:CursedWeapon","hermit:Feint"],"picked":"SKIP","floor":6},{"not_picked":["hermit:Malice","hermit:Shortfuse"],"picked":"hermit:SprayPray","floor":8},{"not_picked":["hermit:Scavenge","hermit:LowProfile"],"picked":"hermit:Misfire","floor":12},{"not_picked":["hermit:TakeCover","hermit:Dive"],"picked":"hermit:Glare","floor":14},{"not_picked":["hermit:DeadOrAlive","hermit:HighNoon"],"picked":"hermit:BlackWind","floor":16},{"not_picked":["hermit:ItchyTrigger","hermit:Scavenge"],"picked":"hermit:ShadowCloak","floor":18},{"not_picked":["hermit:Vantage","hermit:Showdown"],"picked":"hermit:EyeOfTheStorm+1","floor":20},{"not_picked":["hermit:Roulette+1","hermit:EyeOfTheStorm","hermit:Snipe"],"picked":"SKIP","floor":21},{"not_picked":["hermit:HighCaliber","hermit:Misfire","hermit:NoHoldsBarred"],"picked":"SKIP","floor":22},{"not_picked":["hermit:BigShot","hermit:Purgatory"],"picked":"hermit:LuckOfTheDraw","floor":24},{"not_picked":["hermit:FullyLoaded","hermit:BigShot"],"picked":"hermit:CalledShot+1","floor":25},{"not_picked":["hermit:GhostlyPresence","hermit:BodyArmor","hermit:Brawl+1"],"picked":"SKIP","floor":27},{"not_picked":["hermit:Snipe+1","hermit:SprayPray"],"picked":"hermit:FromBeyond","floor":28},{"not_picked":["hermit:WideOpen","hermit:Quickdraw"],"picked":"hermit:Gambit","floor":28},{"not_picked":["hermit:EternalForm+1","hermit:LoneWolf"],"picked":"hermit:RoundhouseKick","floor":28},{"not_picked":["hermit:Quickdraw","hermit:FullyLoaded"],"picked":"hermit:FlashPowder","floor":28},{"not_picked":["hermit:Gambit","hermit:Grudge+1"],"picked":"hermit:BlackWind","floor":31},{"not_picked":["hermit:CalledShot"],"picked":"SKIP","floor":35},{"not_picked":["hermit:Snipe+1"],"picked":"SKIP","floor":38},{"not_picked":["hermit:Shortfuse"],"picked":"SKIP","floor":39},{"not_picked":["hermit:Brawl+1"],"picked":"SKIP","floor":41},{"not_picked":["hermit:LowProfile"],"picked":"SKIP","floor":44},{"not_picked":[],"picked":"hermit:Gestalt","floor":45},{"not_picked":["hermit:CursedWeapon"],"picked":"SKIP","floor":46}],"player_experience":404950,"relics_obtained":[{"floor":6,"key":"Meat on the Bone"},{"floor":8,"key":"Bag of Marbles"},{"floor":9,"key":"Oddly Smooth Stone"},{"floor":25,"key":"StrikeDummy"},{"floor":26,"key":"Frozen Egg 2"},{"floor":27,"key":"Boot"},{"floor":31,"key":"Shovel"},{"floor":32,"key":"Bronze Scales"},{"floor":40,"key":"Potion Belt"},{"floor":41,"key":"Orichalcum"},{"floor":42,"key":"Bird Faced Urn"},{"floor":44,"key":"Thread and Needle"},{"floor":49,"key":"Nunchaku"}],"event_choices":[{"damage_healed":0,"gold_gain":0,"player_choice":"Ignored","damage_taken":0,"max_hp_gain":0,"max_hp_loss":0,"event_name":"Golden Idol","floor":2,"gold_loss":0},{"damage_healed":0,"gold_gain":0,"player_choice":"Box","damage_taken":0,"relics_obtained":["Eternal Feather"],"max_hp_gain":0,"max_hp_loss":0,"event_name":"Big Fish","floor":10,"gold_loss":0,"cards_obtained":["Regret"]},{"damage_healed":0,"gold_gain":0,"player_choice":"Ignored","damage_taken":0,"max_hp_gain":0,"max_hp_loss":0,"event_name":"Ghosts","floor":30,"gold_loss":0},{"damage_healed":0,"gold_gain":0,"player_choice":"Memory 1","damage_taken":0,"max_hp_gain":0,"max_hp_loss":0,"event_name":"SensoryStone","floor":36,"gold_loss":0},{"damage_healed":0,"gold_gain":0,"player_choice":"Ignored","damage_taken":0,"max_hp_gain":0,"max_hp_loss":0,"event_name":"SecretPortal","floor":37,"gold_loss":0},{"damage_healed":23,"gold_gain":0,"player_choice":"Heal","damage_taken":0,"max_hp_gain":0,"max_hp_loss":0,"event_name":"MindBloom","floor":47,"gold_loss":0,"cards_obtained":["Doubt"]},{"damage_healed":0,"gold_gain":0,"player_choice":"Ignored","damage_taken":0,"max_hp_gain":0,"max_hp_loss":0,"event_name":"Tomb of Lord Red Mask","floor":48,"gold_loss":0}],"is_beta":false,"boss_relics":[{"not_picked":["Empty Cage","Snecko Eye"],"picked":"Pandora\u0027s Box"},{"not_picked":["Tiny House","Sozu"],"picked":"Busted Crown"}],"items_purged_floors":[19],"is_endless":false,"potions_floor_spawned":[4,5,22,25,33,41,44,46],"killed_by":"Awakened One","ascension_level":5}}