{"host":"7pe9xwx78c6nlay8","time":1607859975,"event":{"mods":["BaseMod","Minty Spire (QoL Compilation)"],"gold_per_floor":[16,26,26,40,53,53,115,143,197,197,372,372,404,423,423,519,519,538,538,538,551,567,595,595,608,608,636,650,683,683,700,700,799,799,818,380,398,398,414,444,444,473,473,492,492,521,521,568,568,568],"floor_reached":51,"playtime":3521,"items_purged":["Strike_P"],"score":1485,"play_id":"cae417bc-90fc-45ab-8b2f-557a4982db92","local_time":"20201213194615","is_ascension_mode":true,"campfire_choices":[{"data":"Eruption","floor":6.0,"key":"SMITH"},{"data":"CutThroughFate","floor":10.0,"key":"SMITH"},{"data":"Study","floor":15.0,"key":"SMITH"},{"floor":24,"key":"REST"},{"floor":30,"key":"REST"},{"data":"Weave","floor":32,"key":"SMITH"},{"data":"Nirvana","floor":41,"key":"SMITH"},{"floor":45,"key":"REST"},{"data":"WindmillStrike","floor":47,"key":"SMITH"},{"data":"MasterReality","floor":49,"key":"SMITH"}],"circlet_count":0,"master_deck":["Strike_P","Defend_P","Defend_P","Defend_P","Eruption+1","Vigilance","ReachHeaven","Study+1","CutThroughFate+1","Consecrate","Prostrate","Weave+1","CutThroughFate","MasterReality+1","Prostrate","Necronomicurse","ThirdEye+1","Pray","Evaluate+1","WindmillStrike+1","JustLucky","Devotion","DeusExMachina","ThirdEye+1","Nirvana+1","ThirdEye+1","ThirdEye+1","JustLucky"],"relics":["PureWater","Meat on the Bone","Smiling Mask","Shuriken","Regal Pillow","Pear","Art of War","Empty Cage","Dead Branch","Necronomicon","Lizard Tail","Happy Flower","White Beast Statue","HornCleat","Philosopher\u0027s Stone","Pantograph","Nunchaku","Ornamental Fan","Blue Candle","Yang","Calipers","Mango"],"acts_visited":["Exordium","TheCity","TheBeyond"],"potions_floor_usage":[23,23,28,29,33,33,39,39,40,42,50,50,50],"damage_taken":[{"damage":0.0,"enemies":"Cultist","floor":1.0,"turns":3.0},{"damage":4.0,"enemies":"Jaw Worm","floor":2.0,"turns":3.0},{"damage":0.0,"enemies":"2 Louse","floor":4.0,"turns":2.0},{"damage":13.0,"enemies":"Large Slime","floor":5.0,"turns":4.0},{"damage":16.0,"enemies":"3 Sentries","floor":7.0,"turns":5.0},{"damage":3.0,"enemies":"Lagavulin","floor":8.0,"turns":3.0},{"damage":16.0,"enemies":"Gremlin Nob","floor":13.0,"turns":3.0},{"damage":19.0,"enemies":"Looter","floor":14.0,"turns":3.0},{"damage":0.0,"enemies":"Slime Boss","floor":16.0,"turns":4.0},{"damage":21.0,"enemies":"Shell Parasite","floor":18.0,"turns":4.0},{"damage":0.0,"enemies":"Spheric Guardian","floor":21.0,"turns":2.0},{"damage":35.0,"enemies":"Chosen and Byrds","floor":22.0,"turns":5.0},{"damage":16,"enemies":"Book of Stabbing","floor":23,"turns":5},{"damage":23,"enemies":"Shelled Parasite and Fungi","floor":25,"turns":4},{"damage":30,"enemies":"Gremlin Leader","floor":27,"turns":5},{"damage":13,"enemies":"Centurion and Healer","floor":28,"turns":5},{"damage":15,"enemies":"Book of Stabbing","floor":29,"turns":5},{"damage":0,"enemies":"3 Cultists","floor":31,"turns":4},{"damage":0,"enemies":"Automaton","floor":33,"turns":5},{"damage":9,"enemies":"3 Darklings","floor":35,"turns":3},{"damage":0,"enemies":"3 Shapes","floor":37,"turns":3},{"damage":28,"enemies":"Transient","floor":39,"turns":5},{"damage":0,"enemies":"Giant Head","floor":40,"turns":6},{"damage":6,"enemies":"Nemesis","floor":42,"turns":5},{"damage":6,"enemies":"3 Darklings","floor":44,"turns":3},{"damage":0,"enemies":"Giant Head","floor":46,"turns":5},{"damage":7,"enemies":"2 Orb Walkers","floor":48,"turns":3},{"damage":54,"enemies":"Awakened One","floor":50,"turns":7}],"seed_played":"37023873340684297","potions_obtained":[{"floor":1.0,"key":"Dexterity Potion"},{"floor":7.0,"key":"DistilledChaos"},{"floor":13.0,"key":"BlessingOfTheForge"},{"floor":21.0,"key":"Dexterity Potion"},{"floor":23,"key":"FearPotion"},{"floor":25,"key":"AttackPotion"},{"floor":28,"key":"PowerPotion"},{"floor":29,"key":"DuplicationPotion"},{"floor":31,"key":"Block Potion"},{"floor":33,"key":"SkillPotion"},{"floor":35,"key":"Weak Potion"},{"floor":37,"key":"BottledMiracle"},{"floor":39,"key":"GamblersBrew"},{"floor":40,"key":"GamblersBrew"},{"floor":42,"key":"Block Potion"},{"floor":44,"key":"DuplicationPotion"}],"is_trial":false,"path_per_floor":["M","M","?","M","M","R","?","E","T","R","?","T","E","M","R","B",null,"M","T","?","M","M","E","R","M","T","E","M","E","R","M","R","B",null,"M","$","M","?","M","E","R","E","T","M","R","E","R","?","R","B",null],"character_chosen":"WATCHER","items_purchased":["Pantograph","Nunchaku"],"campfire_rested":3,"item_purchase_floors":[36,36],"current_hp_per_floor":[65,61,54,54,41,41,37,46,46,46,46,56,52,45,45,45,73,52,52,36,48,25,21,60,49,49,31,30,27,66,66,66,66,78,69,69,69,69,41,41,41,47,47,41,78,78,78,85,85,50],"gold":568,"neow_bonus":"TRANSFORM_TWO_CARDS","is_daily":false,"chose_seed":false,"campfire_upgraded":7,"win_rate":0.0,"timestamp":1607859975,"path_taken":["M","?","?","M","M","R","?","E","T","R","?","?","E","M","R","BOSS","M","?","?","M","M","E","R","M","T","E","M","E","R","M","R","BOSS","M","$","M","?","M","E","R","E","T","M","R","E","R","?","R","BOSS"],"items_purchased_type":["Relic","Relic"],"build_version":"2020-11-30","purchased_purges":1,"victory":true,"max_hp_per_floor":[72,72,72,72,72,72,72,72,72,72,72,82,82,82,82,82,82,82,82,82,82,82,82,82,82,82,82,82,82,82,82,82,82,82,82,82,82,78,78,78,78,78,78,78,78,78,78,92,92,92],"card_choices":[{"not_picked":["Vengeance","CrushJoints","FlyingSleeves"],"picked":"SKIP","floor":1.0},{"not_picked":["ClearTheMind","Protect"],"picked":"CutThroughFate","floor":2.0},{"not_picked":["Halt","EmptyMind"],"picked":"Consecrate","floor":4.0},{"not_picked":["FlurryOfBlows","SashWhip","EmptyBody"],"picked":"SKIP","floor":5.0},{"not_picked":["Consecrate","PathToVictory"],"picked":"Prostrate","floor":7.0},{"not_picked":["EmptyMind","Scrawl"],"picked":"Weave","floor":8.0},{"not_picked":["Consecrate","TalkToTheHand"],"picked":"CutThroughFate","floor":13.0},{"not_picked":["Tantrum","FearNoEvil","Swivel"],"picked":"SKIP","floor":14.0},{"not_picked":["Devotion","Judgement"],"picked":"MasterReality","floor":16.0},{"not_picked":["FlurryOfBlows","EmptyMind"],"picked":"Prostrate","floor":18.0},{"not_picked":["BowlingBash","FollowUp"],"picked":"ThirdEye+1","floor":21.0},{"not_picked":["PathToVictory","EmptyFist","Vengeance"],"picked":"SKIP","floor":22.0},{"not_picked":["FlurryOfBlows","Prostrate"],"picked":"Pray","floor":23},{"not_picked":["Prostrate+1","Scrawl"],"picked":"Evaluate+1","floor":25},{"not_picked":["LikeWater","EmptyBody"],"picked":"WindmillStrike","floor":27},{"not_picked":["Crescendo","FlurryOfBlows+1"],"picked":"JustLucky","floor":28},{"not_picked":["EmptyBody+1","ForeignInfluence+1"],"picked":"Devotion","floor":29},{"not_picked":["Protect","FlurryOfBlows","EmptyMind"],"picked":"SKIP","floor":31},{"not_picked":["Devotion","Wish"],"picked":"DeusExMachina","floor":33},{"not_picked":["CarveReality+1","SashWhip"],"picked":"ThirdEye+1","floor":35},{"not_picked":["FlurryOfBlows","Protect","ForeignInfluence"],"picked":"SKIP","floor":37},{"not_picked":["BowlingBash+1","CutThroughFate+1"],"picked":"Nirvana","floor":39},{"not_picked":["CrushJoints","Prostrate","Crescendo"],"picked":"SKIP","floor":40},{"not_picked":["Crescendo+1","Devotion"],"picked":"ThirdEye+1","floor":42},{"not_picked":["Tantrum+1","Study"],"picked":"ThirdEye+1","floor":44},{"not_picked":["EmptyFist","Consecrate","FearNoEvil"],"picked":"SKIP","floor":46},{"not_picked":["Prostrate+1","FearNoEvil"],"picked":"JustLucky","floor":48}],"player_experience":1512304,"relics_obtained":[{"floor":7.0,"key":"Smiling Mask"},{"floor":8.0,"key":"Shuriken"},{"floor":9.0,"key":"Regal Pillow"},{"floor":12.0,"key":"Pear"},{"floor":13.0,"key":"Art of War"},{"floor":19.0,"key":"Dead Branch"},{"floor":20.0,"key":"Necronomicon"},{"floor":23,"key":"Lizard Tail"},{"floor":26,"key":"Happy Flower"},{"floor":27,"key":"White Beast Statue"},{"floor":29,"key":"HornCleat"},{"floor":40,"key":"Ornamental Fan"},{"floor":42,"key":"Blue Candle"},{"floor":43,"key":"Yang"},{"floor":46,"key":"Calipers"},{"floor":48,"key":"Mango"}],"event_choices":[{"damage_healed":0.0,"max_hp_gain":0.0,"max_hp_loss":0.0,"gold_gain":0.0,"event_name":"Scrap Ooze","player_choice":"Success","floor":3.0,"gold_loss":0.0,"damage_taken":7.0,"relics_obtained":["Meat on the Bone"]},{"damage_healed":0.0,"max_hp_gain":0.0,"max_hp_loss":0.0,"gold_gain":0.0,"event_name":"Dead Adventurer","player_choice":"Searched \u00271\u0027 times","floor":7.0,"gold_loss":0.0,"damage_taken":0.0},{"damage_healed":0.0,"max_hp_gain":0.0,"max_hp_loss":0.0,"gold_gain":175.0,"event_name":"Liars Game","player_choice":"AGREE","floor":11.0,"gold_loss":0.0,"damage_taken":0.0,"cards_obtained":["Doubt"]},{"damage_healed":0.0,"max_hp_gain":0.0,"max_hp_loss":0.0,"gold_gain":0.0,"event_name":"Cursed Tome","player_choice":"Obtained Book","floor":20.0,"gold_loss":0.0,"damage_taken":16.0},{"damage_healed":0,"gold_gain":0,"player_choice":"Max HP","damage_taken":0,"max_hp_gain":0,"max_hp_loss":4,"event_name":"Winding Halls","floor":38,"gold_loss":0},{"damage_healed":0,"gold_gain":0,"player_choice":"Fight","damage_taken":0,"max_hp_gain":0,"max_hp_loss":0,"event_name":"Mysterious Sphere","floor":48,"gold_loss":0}],"is_beta":false,"boss_relics":[{"not_picked":["Fusion Hammer","Tiny House"],"picked":"Empty Cage"},{"not_picked":["Coffee Dripper","HolyWater"],"picked":"Philosopher\u0027s Stone"}],"items_purged_floors":[36],"is_endless":false,"potions_floor_spawned":[1,7,13,21,23,25,28,29,31,33,35,37,39,40,42,44,46,48],"ascension_level":9}}