{"host":"f5gffvlv6a66yqkd","time":1607877772,"event":{"mods":["2.2 Compatiblity","BaseMod","Colored Map","DeckTracker","Keyboard Shortcuts","Minty Spire (QoL Compilation)","Permanent Neow","Quick Restart","Relic Stats","StSLib","SuperFastMode"],"gold_per_floor":[114,114,130,150,71,71,81,81,81,81,112,112,137,137,137,214,214,226,226,151,161,76,111,111,145,170,170,270,195,207,207,207,279,279,291,291,291,28,45,56,56,73,97,109,121,165,202,245,257,269,281,293,305,53,80,80,80],"floor_reached":56,"playtime":1604,"items_purged":["Strike_B","Defend_B","Defend_B"],"score":2069,"play_id":"345ac5c5-bf63-409b-b37b-0399a49b6688","local_time":"20201214014252","is_ascension_mode":true,"campfire_choices":[{"data":"Defragment","floor":6.0,"key":"SMITH"},{"data":"Dualcast","floor":8.0,"key":"SMITH"},{"floor":10.0,"key":"REST"},{"floor":15.0,"key":"RECALL"},{"data":"Capacitor","floor":24.0,"key":"SMITH"},{"floor":27.0,"key":"REST"},{"floor":32.0,"key":"REST"},{"data":"Electrodynamics","floor":41.0,"key":"SMITH"},{"floor":45.0,"key":"REST"},{"floor":49.0,"key":"REST"},{"data":"Master of Strategy","floor":53.0,"key":"SMITH"}],"circlet_count":0,"master_deck":["AscendersBane","Defend_B+1","Defend_B","Zap+1","Dualcast+1","Darkness+1","Cold Snap","Glacier+1","Defragment+1","FTL","Electrodynamics+1","Capacitor+1","Coolheaded","Barrage+1","Core Surge","Coolheaded+1","Master of Strategy+1","Dark Shackles"],"relics":["Cracked Core","Mummified Hand","Centennial Puzzle","Happy Flower","Black Star","Gambling Chip","InkBottle","Bottled Tornado","Matryoshka","Bottled Flame","Omamori","Bag of Preparation","Du-Vu Doll","Gremlin Horn","Nuclear Battery","Runic Capacitor","MawBank","Unceasing Top","Smiling Mask","Lizard Tail","Toy Ornithopter","Orichalcum","DataDisk","Pen Nib","War Paint"],"acts_visited":["Exordium","TheCity","TheBeyond","TheEnding"],"potions_floor_usage":[56],"damage_taken":[{"damage":19.0,"enemies":"Jaw Worm","floor":1.0,"turns":4.0},{"damage":6.0,"enemies":"Cultist","floor":3.0,"turns":3.0},{"damage":0.0,"enemies":"2 Louse","floor":4.0,"turns":4.0},{"damage":2.0,"enemies":"Looter","floor":7.0,"turns":3.0},{"damage":0.0,"enemies":"Lagavulin","floor":11.0,"turns":5.0},{"damage":11.0,"enemies":"3 Sentries","floor":13.0,"turns":10.0},{"damage":10.0,"enemies":"Slime Boss","floor":16.0,"turns":12.0},{"damage":12.0,"enemies":"2 Thieves","floor":18.0,"turns":3.0},{"damage":2.0,"enemies":"3 Byrds","floor":21.0,"turns":2.0},{"damage":13.0,"enemies":"Slavers","floor":23.0,"turns":3.0},{"damage":30.0,"enemies":"Book of Stabbing","floor":25.0,"turns":7.0},{"damage":2.0,"enemies":"Colosseum Slavers","floor":28.0,"turns":2.0},{"damage":16.0,"enemies":"Colosseum Nobs","floor":28.0,"turns":3.0},{"damage":1.0,"enemies":"Cultist and Chosen","floor":30.0,"turns":4.0},{"damage":8.0,"enemies":"Automaton","floor":33.0,"turns":6.0},{"damage":2.0,"enemies":"Orb Walker","floor":35.0,"turns":3.0},{"damage":4.0,"enemies":"3 Darklings","floor":39.0,"turns":2.0},{"damage":0.0,"enemies":"4 Shapes","floor":40.0,"turns":3.0},{"damage":18.0,"enemies":"Writhing Mass","floor":42.0,"turns":6.0},{"damage":3.0,"enemies":"Reptomancer","floor":46.0,"turns":4.0},{"damage":0.0,"enemies":"Mind Bloom Boss Battle","floor":47.0,"turns":6.0},{"damage":0.0,"enemies":"Nemesis","floor":48.0,"turns":8.0},{"damage":13.0,"enemies":"Donu and Deca","floor":50.0,"turns":7.0},{"damage":33.0,"enemies":"Time Eater","floor":51.0,"turns":11.0},{"damage":28.0,"enemies":"Shield and Spear","floor":55.0,"turns":5.0},{"damage":124,"enemies":"The Heart","floor":56,"turns":9}],"seed_played":"8129688431505967950","potions_obtained":[{"floor":4.0,"key":"GamblersBrew"},{"floor":11.0,"key":"GamblersBrew"},{"floor":23.0,"key":"ColorlessPotion"},{"floor":25.0,"key":"Block Potion"},{"floor":40.0,"key":"FairyPotion"}],"is_trial":false,"path_per_floor":["M","?","M","M","$","R","M","R","T","R","E","?","E","?","R","B",null,"M","?","$","M","?","E","R","E","T","R","?","?","M","?","R","B",null,"M","?","?","$","M","M","R","M","T","?","R","E","?","E","R","B","B",null,"R","$","E","B"],"character_chosen":"DEFECT","items_purchased":["Defragment","Runic Capacitor","DataDisk","SkillPotion"],"campfire_rested":5,"item_purchase_floors":[5,38,54,54],"current_hp_per_floor":[45,45,39,39,39,39,37,37,37,58,58,63,52,52,52,42,68,56,56,56,54,54,41,41,11,11,33,15,15,14,14,36,28,64,62,62,62,62,58,58,58,40,40,30,51,48,48,48,69,56,23,60,60,60,32,0,0],"gold":80,"neow_bonus":"UPGRADE_CARD","is_daily":false,"chose_seed":false,"campfire_upgraded":5,"win_rate":0.0,"timestamp":1607877772,"path_taken":["M","?","M","M","?","R","M","R","T","R","E","?","E","?","R","BOSS","M","?","$","M","?","E","R","E","T","R","?","?","?","?","R","BOSS","M","?","?","$","M","?","R","?","T","?","R","E","?","E","R","BOSS","BOSS","R","$","E","BOSS"],"items_purchased_type":["Card","Relic","Relic","Potion"],"build_version":"2020-11-30","purchased_purges":3,"victory":false,"max_hp_per_floor":[71,71,71,71,71,71,71,71,71,71,71,76,76,76,76,76,76,76,76,76,76,76,76,76,76,76,76,76,76,76,76,76,76,76,76,76,72,72,72,72,72,72,72,72,72,72,72,72,72,72,72,72,72,72,72,72,72],"relic_stats":{"Happy Flower":[35],"Gremlin Horn":[15,16],"counters":[26,135],"Pen Nib":[0],"Bag of Preparation":[30],"Orichalcum":[24],"War Paint":["Glacier","Defend_B"],"MawBank":132,"Smiling Mask":75,"Centennial Puzzle":[54],"Lizard Tail":36,"Mummified Hand":[69],"Gambling Chip":[45],"Black Star":5,"obtain_stats":[{"Gremlin Horn":28,"Bag of Preparation":26,"Runic Capacitor":38,"Bottled Tornado":23,"Smiling Mask":46,"Centennial Puzzle":11,"Lizard Tail":47,"Matryoshka":25,"Mummified Hand":9,"Gambling Chip":22,"Cracked Core":0,"InkBottle":23,"Happy Flower":13,"Pen Nib":55,"Omamori":26,"Orichalcum":48,"War Paint":55,"MawBank":43,"Nuclear Battery":34,"Du-Vu Doll":28,"Bottled Flame":25,"DataDisk":54,"Black Star":17,"Unceasing Top":46,"Toy Ornithopter":48},{"Gremlin Horn":13,"Bag of Preparation":11,"Runic Capacitor":16,"Bottled Tornado":10,"Smiling Mask":20,"Centennial Puzzle":5,"Lizard Tail":21,"Matryoshka":11,"Mummified Hand":4,"Gambling Chip":9,"Cracked Core":0,"InkBottle":10,"Happy Flower":6,"Pen Nib":25,"Omamori":11,"Orichalcum":22,"War Paint":25,"MawBank":19,"Nuclear Battery":15,"Du-Vu Doll":13,"Bottled Flame":11,"DataDisk":24,"Black Star":7,"Unceasing Top":20,"Toy Ornithopter":22},{"Gremlin Horn":61,"Bag of Preparation":56,"Runic Capacitor":74,"Bottled Tornado":49,"Smiling Mask":89,"Centennial Puzzle":19,"Lizard Tail":95,"Matryoshka":56,"Mummified Hand":14,"Gambling Chip":46,"Cracked Core":0,"InkBottle":49,"Happy Flower":29,"Pen Nib":126,"Omamori":56,"Orichalcum":103,"War Paint":126,"MawBank":85,"Nuclear Battery":71,"Du-Vu Doll":61,"Bottled Flame":56,"DataDisk":121,"Black Star":41,"Unceasing Top":89,"Toy Ornithopter":103}],"InkBottle":[39],"Unceasing Top":[4],"Toy Ornithopter":5},"card_choices":[{"not_picked":["Sweeping Beam","Gash"],"picked":"Darkness","floor":1.0},{"not_picked":["Conserve Battery","Recycle"],"picked":"Cold Snap","floor":3.0},{"not_picked":["Rip and Tear","Blizzard"],"picked":"Glacier","floor":4.0},{"not_picked":["Rebound","Consume","Cold Snap"],"picked":"SKIP","floor":7.0},{"not_picked":["Consume","Beam Cell"],"picked":"FTL","floor":11.0},{"not_picked":["Darkness","Beam Cell","Doom and Gloom"],"picked":"SKIP","floor":13.0},{"not_picked":["Biased Cognition","Seek"],"picked":"Electrodynamics","floor":16.0},{"not_picked":["Barrage","Beam Cell+1"],"picked":"Capacitor","floor":18.0},{"not_picked":["Gash","Hello World","Cold Snap"],"picked":"SKIP","floor":21.0},{"not_picked":["Hologram","Scrape","Rip and Tear"],"picked":"SKIP","floor":23.0},{"not_picked":["Machine Learning","Beam Cell","Steam"],"picked":"SKIP","floor":25.0},{"not_picked":["Rip and Tear","Genetic Algorithm"],"picked":"Coolheaded","floor":28.0},{"not_picked":["Stack","Heatsinks"],"picked":"Barrage+1","floor":30.0},{"not_picked":["Amplify","Machine Learning"],"picked":"Core Surge","floor":33.0},{"not_picked":["Tempest","Sunder","Stack"],"picked":"SKIP","floor":35.0},{"not_picked":["FTL","Lockon+1","Darkness"],"picked":"SKIP","floor":39.0},{"not_picked":["Doom and Gloom","Streamline+1"],"picked":"Coolheaded+1","floor":40.0},{"not_picked":["Cold Snap+1","Gash+1","Machine Learning"],"picked":"SKIP","floor":42.0},{"not_picked":["Madness","The Bomb"],"picked":"Master of Strategy","floor":44.0},{"not_picked":["PanicButton","Transmutation"],"picked":"Dark Shackles","floor":44.0},{"not_picked":["Streamline+1","Darkness+1","Coolheaded"],"picked":"SKIP","floor":46.0},{"not_picked":["Amplify","Steam Power+1","Glacier"],"picked":"SKIP","floor":48.0},{"not_picked":["Storm","Go for the Eyes","Beam Cell"],"picked":"SKIP","floor":55.0}],"player_experience":1452838,"relics_obtained":[{"floor":9.0,"key":"Mummified Hand"},{"floor":11.0,"key":"Centennial Puzzle"},{"floor":13.0,"key":"Happy Flower"},{"floor":23.0,"key":"InkBottle"},{"floor":23.0,"key":"Bottled Tornado"},{"floor":25.0,"key":"Matryoshka"},{"floor":25.0,"key":"Bottled Flame"},{"floor":26.0,"key":"Omamori"},{"floor":26.0,"key":"Bag of Preparation"},{"floor":28.0,"key":"Du-Vu Doll"},{"floor":28.0,"key":"Gremlin Horn"},{"floor":43.0,"key":"MawBank"},{"floor":46.0,"key":"Unceasing Top"},{"floor":46.0,"key":"Smiling Mask"},{"floor":47.0,"key":"Lizard Tail"},{"floor":48.0,"key":"Toy Ornithopter"},{"floor":48.0,"key":"Orichalcum"},{"floor":55.0,"key":"Pen Nib"},{"floor":55.0,"key":"War Paint"}],"event_choices":[{"damage_healed":0.0,"max_hp_gain":0.0,"max_hp_loss":0.0,"gold_gain":0.0,"event_name":"Accursed Blacksmith","player_choice":"Forge","floor":2.0,"gold_loss":0.0,"damage_taken":0.0,"cards_upgraded":["Darkness"]},{"damage_healed":0.0,"max_hp_gain":5.0,"max_hp_loss":0.0,"gold_gain":0.0,"event_name":"Big Fish","player_choice":"Donut","floor":12.0,"gold_loss":0.0,"damage_taken":0.0},{"cards_removed":["Strike_B"],"damage_healed":0.0,"max_hp_gain":0.0,"max_hp_loss":0.0,"gold_gain":0.0,"event_name":"Living Wall","player_choice":"Forget","floor":14.0,"gold_loss":0.0,"damage_taken":0.0},{"damage_healed":0.0,"max_hp_gain":0.0,"max_hp_loss":0.0,"gold_gain":0.0,"event_name":"Vampires","player_choice":"Ignored","floor":19.0,"gold_loss":0.0,"damage_taken":0.0},{"damage_healed":0.0,"max_hp_gain":0.0,"max_hp_loss":0.0,"gold_gain":0.0,"event_name":"Addict","player_choice":"Obtained Relic","floor":22.0,"gold_loss":85.0,"damage_taken":0.0,"relics_obtained":["Gambling Chip"]},{"damage_healed":0.0,"max_hp_gain":0.0,"max_hp_loss":0.0,"gold_gain":0.0,"event_name":"Colosseum","player_choice":"Fight","floor":28.0,"gold_loss":0.0,"damage_taken":0.0},{"damage_healed":0.0,"max_hp_gain":0.0,"max_hp_loss":0.0,"gold_gain":0.0,"event_name":"Colosseum","player_choice":"Fled From Nobs","floor":28.0,"gold_loss":0.0,"damage_taken":0.0},{"damage_healed":0.0,"max_hp_gain":0.0,"max_hp_loss":0.0,"gold_gain":0.0,"event_name":"Colosseum","player_choice":"Fought Nobs","floor":28.0,"gold_loss":0.0,"damage_taken":0.0},{"cards_removed":["Strike_B"],"damage_healed":0.0,"max_hp_gain":0.0,"max_hp_loss":0.0,"gold_gain":0.0,"event_name":"Beggar","player_choice":"Gave Gold","floor":29.0,"gold_loss":75.0,"damage_taken":0.0},{"cards_removed":["Strike_B"],"damage_healed":0.0,"max_hp_gain":0.0,"max_hp_loss":0.0,"gold_gain":0.0,"event_name":"Back to Basics","player_choice":"Elegance","floor":31.0,"gold_loss":0.0,"damage_taken":0.0},{"damage_healed":0.0,"max_hp_gain":0.0,"max_hp_loss":0.0,"gold_gain":0.0,"event_name":"Tomb of Lord Red Mask","player_choice":"Ignored","floor":36.0,"gold_loss":0.0,"damage_taken":0.0},{"damage_healed":0.0,"max_hp_gain":0.0,"max_hp_loss":4.0,"gold_gain":0.0,"event_name":"Winding Halls","player_choice":"Max HP","floor":37.0,"gold_loss":0.0,"damage_taken":0.0},{"damage_healed":0.0,"max_hp_gain":0.0,"max_hp_loss":0.0,"gold_gain":0.0,"event_name":"SensoryStone","player_choice":"Memory 3","floor":44.0,"gold_loss":0.0,"damage_taken":10.0},{"damage_healed":0.0,"max_hp_gain":0.0,"max_hp_loss":0.0,"gold_gain":0.0,"event_name":"MindBloom","player_choice":"Fight","floor":47.0,"gold_loss":0.0,"damage_taken":0.0}],"is_beta":false,"boss_relics":[{"not_picked":["Velvet Choker","Calling Bell"],"picked":"Black Star"},{"not_picked":["SlaversCollar","Philosopher\u0027s Stone"],"picked":"Nuclear Battery"}],"items_purged_floors":[20,38,54],"is_endless":false,"potions_floor_spawned":[4,11,16,23,25,28,30,33,39,40,47,48],"killed_by":"The Heart","ascension_level":20}}