{"host":"w7o06k3e8uel8euj","time":1607856591,"event":{"mods":["AchievementEnabler","BaseMod","Colored Powertips","Custom Start","DeckTracker","Keyboard Shortcuts","Minty Spire (QoL Compilation)","Quick Restart","Relic Stats","StSLib","SuperFastMode","everything is the same but u backflip on backflip"],"gold_per_floor":[119,131,56,56,56,56,90,90,90,90,100,57,73,106,106,177,177,189,239,239,257,14,14,14],"floor_reached":23,"playtime":1288,"items_purged":["Strike_B"],"score":433,"play_id":"cb8413c4-bb06-4dc1-8515-867e657e43d2","local_time":"20201213194951","is_ascension_mode":true,"campfire_choices":[{"data":"Dualcast","floor":6.0,"key":"SMITH"},{"data":"Streamline","floor":8.0,"key":"SMITH"},{"floor":10.0,"key":"REST"},{"data":"Coolheaded","floor":15.0,"key":"SMITH"}],"circlet_count":0,"master_deck":["AscendersBane","Strike_B","Defend_B","Defend_B","Defend_B","Defend_B+1","Zap+1","Dualcast+1","Chill","Steam","Streamline+1","Ball Lightning","Glacier","Coolheaded+1","Core Surge"],"relics":["Cracked Core","NeowsBlessing","StoneCalendar","Thread and Needle","Turnip","Black Star","Runic Capacitor"],"acts_visited":["Exordium","TheCity"],"potions_floor_usage":[],"damage_taken":[{"damage":0.0,"enemies":"2 Louse","floor":1.0,"turns":1.0},{"damage":0.0,"enemies":"Small Slimes","floor":2.0,"turns":1.0},{"damage":0.0,"enemies":"3 Sentries","floor":7.0,"turns":2.0},{"damage":0.0,"enemies":"Jaw Worm","floor":11.0,"turns":2.0},{"damage":0.0,"enemies":"3 Louse","floor":13.0,"turns":2.0},{"damage":18.0,"enemies":"Gremlin Nob","floor":14.0,"turns":4.0},{"damage":36.0,"enemies":"Slime Boss","floor":16.0,"turns":8.0},{"damage":0.0,"enemies":"Spheric Guardian","floor":18.0,"turns":4.0},{"damage":30.0,"enemies":"2 Thieves","floor":21.0,"turns":4.0},{"damage":27,"enemies":"Slavers","floor":23,"turns":4}],"seed_played":"3571043150751752184","potions_obtained":[{"floor":1.0,"key":"FearPotion"},{"floor":11.0,"key":"GamblersBrew"}],"is_trial":false,"path_per_floor":["M","M","?","?","?","R","E","R","T","R","M","$","M","E","R","B",null,"M","?","?","M","$","E"],"character_chosen":"DEFECT","items_purchased":["Glacier","Runic Capacitor"],"campfire_rested":1,"item_purchase_floors":[12,22],"current_hp_per_floor":[64,64,64,64,43,43,43,43,43,64,64,64,64,46,46,10,56,56,56,56,26,26,0,0],"gold":14,"neow_bonus":"THREE_ENEMY_KILL","is_daily":false,"chose_seed":false,"campfire_upgraded":3,"win_rate":0.0,"timestamp":1607856591,"path_taken":["M","M","?","?","?","R","E","R","T","R","M","$","M","E","R","BOSS","M","?","?","M","$","E"],"items_purchased_type":["Card","Relic"],"build_version":"2020-11-30","purchased_purges":1,"victory":false,"max_hp_per_floor":[71,71,71,71,71,71,71,71,71,71,71,71,71,71,71,71,71,71,71,71,71,71,71,71],"relic_stats":{"counters":[10,32],"StoneCalendar":[98],"Turnip":[8],"Black Star":0,"obtain_stats":[{"NeowsBlessing":0,"StoneCalendar":7,"Thread and Needle":9,"Turnip":14,"Black Star":17,"Runic Capacitor":22,"Cracked Core":0},{"NeowsBlessing":0,"StoneCalendar":3,"Thread and Needle":3,"Turnip":6,"Black Star":7,"Runic Capacitor":9,"Cracked Core":0},{"NeowsBlessing":0,"StoneCalendar":4,"Thread and Needle":4,"Turnip":12,"Black Star":20,"Runic Capacitor":28,"Cracked Core":0}]},"card_choices":[{"not_picked":["Barrage","Streamline"],"picked":"Chill","floor":1.0},{"not_picked":["Hologram","Barrage","Melter"],"picked":"SKIP","floor":2.0},{"not_picked":["Heatsinks","Reinforced Body"],"picked":"Streamline","floor":7.0},{"not_picked":["Go for the Eyes","Beam Cell"],"picked":"Ball Lightning","floor":11.0},{"not_picked":["Tempest","Loop"],"picked":"Coolheaded","floor":13.0},{"not_picked":["White Noise","Hologram","Amplify"],"picked":"SKIP","floor":14.0},{"not_picked":["Rainbow","Creative AI"],"picked":"Core Surge","floor":16.0},{"not_picked":["Rebound","Ball Lightning","Doom and Gloom"],"picked":"SKIP","floor":18.0},{"not_picked":["Doom and Gloom","Streamline","Redo+1"],"picked":"SKIP","floor":21}],"player_experience":543471,"relics_obtained":[{"floor":7.0,"key":"StoneCalendar"},{"floor":9.0,"key":"Thread and Needle"},{"floor":14.0,"key":"Turnip"}],"event_choices":[{"cards_removed":["Strike_B"],"damage_healed":0.0,"max_hp_gain":0.0,"max_hp_loss":0.0,"gold_gain":0.0,"event_name":"The Cleric","player_choice":"Card Removal","floor":3.0,"gold_loss":75.0,"damage_taken":0.0},{"damage_healed":0.0,"max_hp_gain":0.0,"max_hp_loss":0.0,"gold_gain":0.0,"cards_transformed":["Strike_B"],"event_name":"Living Wall","player_choice":"Change","floor":4.0,"gold_loss":0.0,"damage_taken":0.0,"cards_obtained":["Steam"]},{"damage_healed":0.0,"max_hp_gain":0.0,"max_hp_loss":0.0,"gold_gain":0.0,"event_name":"Shining Light","player_choice":"Entered Light","floor":5.0,"gold_loss":0.0,"damage_taken":21.0,"cards_upgraded":["Defend_B","Zap"]},{"damage_healed":0.0,"max_hp_gain":0.0,"max_hp_loss":0.0,"gold_gain":50.0,"event_name":"Nest","player_choice":"Stole From Cult","floor":19.0,"gold_loss":0.0,"damage_taken":0.0},{"damage_healed":0.0,"max_hp_gain":0.0,"max_hp_loss":0.0,"gold_gain":0.0,"event_name":"Ghosts","player_choice":"Ignored","floor":20.0,"gold_loss":0.0,"damage_taken":0.0}],"is_beta":false,"boss_relics":[{"not_picked":["Cursed Key","Ectoplasm"],"picked":"Black Star"}],"items_purged_floors":[22],"is_endless":false,"potions_floor_spawned":[1,11,21],"killed_by":"Slavers","ascension_level":19}}