{"host":"3a1ypf1irl30q4k8","time":1607871553,"event":{"mods":["AchievementEnabler","BaseMod","Bestiary","Colored Map","Minty Spire (QoL Compilation)","Relic Stats"],"gold_per_floor":[115,15,15,32,46,46,71,46,117,147,147,147,167,177,177,282,282,293,303,314,314,49,61,94,114,114,114,132,132,132,151,151,151,151],"floor_reached":33,"playtime":1757,"items_purged":[],"score":402,"play_id":"0fa9a800-ee73-4735-92d0-187b5d446952","local_time":"20201213145913","is_ascension_mode":true,"campfire_choices":[{"data":"Rainbow","floor":6,"key":"SMITH"},{"data":"Conserve Battery","floor":12,"key":"SMITH"},{"floor":15,"key":"REST"},{"data":"Echo Form","floor":27,"key":"SMITH"},{"data":"Turbo","floor":32,"key":"SMITH"}],"circlet_count":0,"master_deck":["Defend_B","Defend_B","Defend_B","Defend_B","Zap","Dualcast","Shame","Rainbow+1","Chill","Redo","Conserve Battery+1","Barrage+1","Cold Snap","Reinforced Body","Turbo+1","Lockon+1","Barrage+1","Coolheaded+1","Redo+1","Darkness+1","Bite+1","Bite+1","Bite+1","Bite+1","Bite+1","Self Repair","Ball Lightning+1","Turbo+1","Echo Form+1","Go for the Eyes+1","Reprogram+1","Genetic Algorithm+1"],"relics":["Cracked Core","MealTicket","Molten Egg 2","Toxic Egg 2","SacredBark","ClockworkSouvenir","Vajra","Du-Vu Doll"],"acts_visited":["Exordium","TheCity"],"potions_floor_usage":[5,7,16,19,20,24,31,33,33],"damage_taken":[{"damage":0,"enemies":"2 Louse","floor":1,"turns":2},{"damage":0,"enemies":"Small Slimes","floor":4,"turns":3},{"damage":12,"enemies":"Jaw Worm","floor":5,"turns":2},{"damage":12,"enemies":"Gremlin Nob","floor":7,"turns":4},{"damage":9,"enemies":"Looter","floor":13,"turns":3},{"damage":35,"enemies":"Exordium Thugs","floor":14,"turns":5},{"damage":6,"enemies":"Slime Boss","floor":16,"turns":7},{"damage":0,"enemies":"Chosen","floor":18,"turns":4},{"damage":6,"enemies":"2 Thieves","floor":19,"turns":4},{"damage":25,"enemies":"Shelled Parasite and Fungi","floor":20,"turns":5},{"damage":3,"enemies":"Centurion and Healer","floor":23,"turns":5},{"damage":27,"enemies":"Slavers","floor":24,"turns":4},{"damage":15,"enemies":"Cultist and Chosen","floor":25,"turns":6},{"damage":12,"enemies":"Snecko","floor":28,"turns":5},{"damage":13,"enemies":"Chosen and Byrds","floor":31,"turns":5},{"damage":130,"enemies":"Collector","floor":33,"turns":9}],"seed_played":"1231832606282827149","potions_obtained":[{"floor":4,"key":"FearPotion"},{"floor":5,"key":"Block Potion"},{"floor":13,"key":"BlessingOfTheForge"},{"floor":14,"key":"Block Potion"},{"floor":16,"key":"Block Potion"},{"floor":18,"key":"LiquidBronze"},{"floor":23,"key":"AttackPotion"},{"floor":25,"key":"Regen Potion"},{"floor":28,"key":"Swift Potion"},{"floor":31,"key":"ColorlessPotion"}],"is_trial":false,"path_per_floor":["M","$","?","M","M","R","E","$","T","?","?","R","M","M","R","B",null,"M","M","M","?","$","M","E","M","T","R","M","?","?","M","R","B"],"character_chosen":"DEFECT","items_purchased":["Redo","Conserve Battery","Turbo","ClockworkSouvenir","Self Repair","Ball Lightning+1"],"campfire_rested":1,"item_purchase_floors":[2,2,8,22,22,22],"current_hp_per_floor":[68,68,65,65,53,53,41,56,56,56,56,56,47,12,34,28,63,63,57,32,32,47,52,37,38,38,38,39,39,62,62,62,0,0],"gold":151,"neow_bonus":"THREE_RARE_CARDS","is_daily":false,"chose_seed":false,"campfire_upgraded":4,"win_rate":0.0,"timestamp":1607871553,"path_taken":["M","$","?","M","M","R","E","$","T","?","?","R","M","M","R","BOSS","M","M","M","?","$","M","E","M","T","R","M","?","?","M","R","BOSS"],"items_purchased_type":["Card","Card","Card","Relic","Card","Card"],"build_version":"2020-11-30","purchased_purges":0,"victory":false,"max_hp_per_floor":[75,75,75,75,75,75,75,75,75,75,75,75,75,75,75,75,75,75,75,75,52,52,52,52,52,52,52,52,52,62,62,62,62,62],"relic_stats":{"counters":[16,73],"MealTicket":30,"obtain_stats":[{"Du-Vu Doll":26,"SacredBark":17,"Vajra":24,"MealTicket":3,"Molten Egg 2":7,"Toxic Egg 2":9,"Cracked Core":0,"ClockworkSouvenir":22},{"Du-Vu Doll":13,"SacredBark":7,"Vajra":12,"MealTicket":1,"Molten Egg 2":4,"Toxic Egg 2":4,"Cracked Core":0,"ClockworkSouvenir":10},{"Du-Vu Doll":54,"SacredBark":26,"Vajra":48,"MealTicket":2,"Molten Egg 2":11,"Toxic Egg 2":11,"Cracked Core":0,"ClockworkSouvenir":39}]},"card_choices":[{"not_picked":["Buffer","Amplify"],"picked":"Rainbow","floor":0},{"not_picked":["Stack","Fusion"],"picked":"Chill","floor":1},{"not_picked":["Coolheaded","Ball Lightning"],"picked":"Barrage","floor":4},{"not_picked":["Tempest","Ball Lightning"],"picked":"Cold Snap","floor":5},{"not_picked":["Rebound+1","All For One+1"],"picked":"Reinforced Body","floor":7},{"not_picked":["Stack+1","Beam Cell+1"],"picked":"Lockon+1","floor":13},{"not_picked":["Ball Lightning+1","Leap+1"],"picked":"Barrage+1","floor":14},{"not_picked":["Thunder Strike+1","Buffer"],"picked":"Seek+1","floor":16},{"not_picked":["Barrage+1","Storm"],"picked":"Coolheaded+1","floor":18},{"not_picked":["Cold Snap+1","Conserve Battery+1"],"picked":"Redo+1","floor":19},{"not_picked":["Undo+1","Conserve Battery+1"],"picked":"Darkness+1","floor":20},{"not_picked":["Rebound+1","Streamline+1"],"picked":"Turbo+1","floor":23},{"not_picked":["Fission+1","Leap+1"],"picked":"Echo Form","floor":24},{"not_picked":["Melter+1","Rebound+1"],"picked":"Go for the Eyes+1","floor":25},{"not_picked":["Heatsinks","Go for the Eyes+1"],"picked":"Reprogram+1","floor":28},{"not_picked":["Hello World","Gash+1"],"picked":"Genetic Algorithm+1","floor":31}],"player_experience":835963,"relics_obtained":[{"floor":7,"key":"Molten Egg 2"},{"floor":9,"key":"Toxic Egg 2"},{"floor":24,"key":"Vajra"},{"floor":26,"key":"Du-Vu Doll"}],"event_choices":[{"damage_healed":0,"gold_gain":0,"player_choice":"Success","damage_taken":3,"relics_obtained":["MealTicket"],"max_hp_gain":0,"max_hp_loss":0,"event_name":"Scrap Ooze","floor":3,"gold_loss":0},{"damage_healed":0,"gold_gain":30,"player_choice":"Searched \u00271\u0027 times","damage_taken":0,"max_hp_gain":0,"max_hp_loss":0,"event_name":"Dead Adventurer","floor":10,"gold_loss":0},{"damage_healed":0,"gold_gain":0,"player_choice":"Grow","damage_taken":0,"max_hp_gain":0,"max_hp_loss":0,"event_name":"Living Wall","floor":11,"gold_loss":0,"cards_upgraded":["Barrage"]},{"damage_healed":0,"gold_gain":0,"player_choice":"Became a vampire","damage_taken":0,"max_hp_gain":0,"max_hp_loss":23,"event_name":"Vampires","floor":21,"gold_loss":0,"cards_obtained":["Bite","Bite","Bite","Bite","Bite"]},{"damage_healed":0,"gold_gain":0,"player_choice":"Ignored","damage_taken":0,"max_hp_gain":0,"max_hp_loss":0,"event_name":"Ghosts","floor":29,"gold_loss":0},{"cards_removed":["Seek"],"damage_healed":13,"gold_gain":0,"player_choice":"Offered Rare","damage_taken":0,"max_hp_gain":10,"max_hp_loss":0,"event_name":"Bonfire Elementals","floor":30,"gold_loss":0}],"is_beta":false,"boss_relics":[{"not_picked":["SlaversCollar","Runic Dome"],"picked":"SacredBark"}],"items_purged_floors":[],"is_endless":false,"potions_floor_spawned":[4,5,13,14,16,18,23,25,28,31],"killed_by":"Collector","ascension_level":8}}