{"host":"qw1m3zcvi888b4j7","time":1607884307,"event":{"mods":["AchievementEnabler","BaseMod","Block Reminder","Colored Map","Colored Powertips","Consume Value Calculator","DeckTracker","Highlight Path","Minty Spire (QoL Compilation)","Quick Restart","Rare Cards Sparkle","Relic Sorter","Relic Stats"],"gold_per_floor":[117,117,128,128,145,172,172,206,206,241,55,55,69,88,88,88,88],"floor_reached":16,"playtime":535,"items_purged":[],"score":126,"play_id":"a2d4a79c-7c62-45b5-af86-96e53e531291","local_time":"20201213193147","is_ascension_mode":true,"campfire_choices":[{"floor":7,"key":"RECALL"},{"floor":15,"key":"REST"}],"circlet_count":0,"master_deck":["Strike_R","Strike_R","Strike_R","Strike_R","Strike_R","Defend_R","Defend_R","Defend_R","Bash","Perfected Strike+1","Bloodletting","Headbutt","Anger","Dropkick","Corruption","Whirlwind","Conserve Battery","Infernal Blade"],"relics":["Burning Blood","NeowsBlessing","Question Card","Anchor","Eternal Feather","Charon\u0027s Ashes","PrismaticShard"],"acts_visited":["Exordium"],"potions_floor_usage":[6,16],"damage_taken":[{"damage":0,"enemies":"Jaw Worm","floor":1,"turns":1},{"damage":0,"enemies":"Cultist","floor":3,"turns":1},{"damage":0,"enemies":"2 Louse","floor":5,"turns":1},{"damage":18,"enemies":"Gremlin Nob","floor":6,"turns":4},{"damage":29,"enemies":"Lagavulin","floor":8,"turns":5},{"damage":34,"enemies":"Gremlin Nob","floor":10,"turns":5},{"damage":3,"enemies":"Red Slaver","floor":13,"turns":2},{"damage":3,"enemies":"2 Fungi Beasts","floor":14,"turns":2},{"damage":56,"enemies":"The Guardian","floor":16,"turns":7}],"seed_played":"-316529138162498513","potions_obtained":[{"floor":1,"key":"Fire Potion"},{"floor":5,"key":"ColorlessPotion"},{"floor":13,"key":"DistilledChaos"}],"is_trial":false,"path_per_floor":["M","?","M","?","M","E","R","E","T","E","$","?","M","M","R","B"],"character_chosen":"IRONCLAD","items_purchased":["PrismaticShard","Whirlwind"],"campfire_rested":1,"item_purchase_floors":[11,11],"current_hp_per_floor":[80,80,80,80,80,68,68,45,45,17,17,10,13,16,49,0,0],"gold":88,"neow_bonus":"THREE_ENEMY_KILL","is_daily":false,"chose_seed":false,"campfire_upgraded":0,"win_rate":0.0,"timestamp":1607884307,"path_taken":["M","?","?","?","M","E","R","E","T","E","?","?","M","M","R","BOSS"],"items_purchased_type":["Relic","Card"],"build_version":"2020-11-30","purchased_purges":0,"victory":false,"max_hp_per_floor":[80,80,80,80,80,80,80,80,80,80,80,80,80,80,80,80,80],"relic_stats":{"counters":[9,28],"Eternal Feather":9,"Charon\u0027s Ashes":[30],"Question Card":6,"obtain_stats":[{"Anchor":6,"NeowsBlessing":0,"Eternal Feather":8,"Charon\u0027s Ashes":10,"Question Card":4,"PrismaticShard":11,"Burning Blood":0},{"Anchor":4,"NeowsBlessing":0,"Eternal Feather":5,"Charon\u0027s Ashes":6,"Question Card":2,"PrismaticShard":6,"Burning Blood":0},{"Anchor":7,"NeowsBlessing":0,"Eternal Feather":12,"Charon\u0027s Ashes":17,"Question Card":2,"PrismaticShard":17,"Burning Blood":0}],"Burning Blood":30},"card_choices":[{"not_picked":["Second Wind","Clothesline"],"picked":"Perfected Strike","floor":1},{"not_picked":["Armaments","Heavy Blade"],"picked":"Bloodletting","floor":3},{"not_picked":["Rage","Iron Wave","Feel No Pain"],"picked":"Headbutt","floor":5},{"not_picked":["Shockwave","Sword Boomerang","Flex"],"picked":"Anger","floor":6},{"not_picked":["Seeing Red","True Grit","Flex"],"picked":"Dropkick","floor":8},{"not_picked":["Warcry","Sword Boomerang","Rage"],"picked":"Corruption","floor":10},{"not_picked":["Quick Slash","Predator","Sucker Punch"],"picked":"Conserve Battery","floor":13},{"not_picked":["Flex","Slice","Stack"],"picked":"Infernal Blade","floor":14}],"player_experience":45113,"relics_obtained":[{"floor":6,"key":"Anchor"},{"floor":8,"key":"Eternal Feather"},{"floor":10,"key":"Charon\u0027s Ashes"}],"event_choices":[{"damage_healed":0,"gold_gain":0,"player_choice":"Upgraded","damage_taken":0,"max_hp_gain":0,"max_hp_loss":0,"event_name":"Upgrade Shrine","floor":2,"gold_loss":0,"cards_upgraded":["Perfected Strike"]},{"damage_healed":0,"gold_gain":0,"player_choice":"Gave Potion","damage_taken":0,"relics_obtained":["Question Card"],"max_hp_gain":0,"max_hp_loss":0,"event_name":"WeMeetAgain","floor":4,"gold_loss":0},{"cards_removed":["Defend_R"],"damage_healed":0,"gold_gain":0,"player_choice":"Card Removal","damage_taken":7,"max_hp_gain":0,"max_hp_loss":0,"event_name":"Golden Wing","floor":12,"gold_loss":0}],"is_beta":false,"boss_relics":[],"items_purged_floors":[],"is_endless":false,"potions_floor_spawned":[1,5,13],"killed_by":"The Guardian","ascension_level":1}}