{"host":"9upmmxurwkb1bpyr","time":1607833599,"event":{"mods":["2.2 Compatiblity","AchievementEnabler","BaseMod","Beaked The Cultist","CatGirl Mod","Colored Powertips","Custom Start","Downfall","Gremlin Mod","Hermit","Highlight Path","Infinite Spire","Jorbs\u0027s Wanderer Trilogy","Minty Spire (QoL Compilation)","Quick Restart","Replay The Spire","StSLib","Td1madao Mod","The Alterego","The Animator","The Bug Knight","The Cursed","The Hierophant","The Judge","The Runesmith","The Servant 0.9.4","TheSwordswoman","Yuri Mod"],"gold_per_floor":[99,99,99,24,51,63,88,105,30,57,69,69,87,107,127,127,127],"floor_reached":16,"playtime":873,"items_purged":[],"score":137,"play_id":"deda34a6-484f-4111-82af-aba87866f7a0","local_time":"20201212232639","is_ascension_mode":false,"campfire_choices":[{"floor":1.0,"key":"RECALL"},{"data":"champ:Taunt","floor":4.0,"key":"SMITH"},{"data":"champ:DefensiveShout","floor":9.0,"key":"SMITH"}],"circlet_count":0,"master_deck":["champ:Strike","champ:Strike","champ:Strike","champ:Strike","champ:Defend","champ:Defend","champ:Defend","champ:Defend","champ:Execute","champ:Taunt+1","Pain","champ:EnragedBash","champ:Riposte","champ:DefensiveShout+1","champ:FlashCut","champ:BringItOn","champ:StanceDance"],"relics":["champ:ChampionCrown","PreservedInsect","WarpedTongs","downfall:HeartBlessingRed","Mercury Hourglass","downfall:HeartBlessingBlue","Anchor"],"acts_visited":["Exordium"],"potions_floor_usage":[10,15],"damage_taken":[{"damage":32.0,"enemies":"Gremlin Nob","floor":5.0,"turns":4.0},{"damage":24.0,"enemies":"Small Slimes","floor":6.0,"turns":3.0},{"damage":10.0,"enemies":"Jaw Worm","floor":8.0,"turns":3.0},{"damage":29,"enemies":"Lagavulin","floor":10,"turns":6},{"damage":10,"enemies":"infinitespire:Voidling","floor":11,"turns":2},{"damage":1,"enemies":"3 Louse","floor":13,"turns":2},{"damage":16,"enemies":"2 Fungi Beasts","floor":14,"turns":3},{"damage":0,"enemies":"Lots of Slimes","floor":15,"turns":1},{"damage":53,"enemies":"downfall:Watcher","floor":16,"turns":8}],"seed_played":"-7772626052087099636","potions_obtained":[{"floor":5.0,"key":"Regen Potion"},{"floor":10,"key":"BlessingOfTheForge"},{"floor":11,"key":"Explosive Potion"},{"floor":13,"key":"Cursed Concoction"},{"floor":15,"key":"SpeedPotion"}],"is_trial":false,"path_per_floor":["R","?","?","R","E","M","T","M","R","E","M","?","M","M","M","B"],"character_chosen":"THE_CHAMP","items_purchased":[],"campfire_rested":0,"item_purchase_floors":[],"current_hp_per_floor":[99,99,99,99,72,55,55,52,62,55,52,57,56,47,47,0,0],"gold":127,"neow_bonus":"TEN_PERCENT_HP_BONUS","is_daily":false,"chose_seed":false,"campfire_upgraded":2,"win_rate":0.0,"timestamp":1607833599,"path_taken":["R","?","?","R","E","?","T","M","R","E","M","?","M","M","M","BOSS"],"items_purchased_type":[],"build_version":"2020-11-30","purchased_purges":0,"victory":false,"max_hp_per_floor":[99,99,99,99,99,99,99,99,109,109,109,114,114,114,114,114,114],"card_choices":[{"not_picked":["champ:CrookedStrike","champ:Haymaker"],"picked":"champ:EnragedBash","floor":5.0},{"not_picked":["champ:RapidStrikes","champ:FightOn"],"picked":"champ:Riposte","floor":6.0},{"not_picked":["champ:Encircle","champ:DeathBlow"],"picked":"champ:DefensiveShout","floor":8.0},{"not_picked":["champ:Haymaker","champ:IronFortress"],"picked":"champ:FlashCut","floor":10},{"not_picked":["champ:EnragedBash","champ:EnGarde","champ:ShieldWall"],"picked":"SKIP","floor":11},{"not_picked":["champ:FightOn","champ:LastStand","champ:BerserkersShout"],"picked":"SKIP","floor":13},{"not_picked":["champ:ShieldWall","champ:GladiatorsShout"],"picked":"champ:BringItOn","floor":14},{"not_picked":["champ:DeathBlow","champ:EnragedBash"],"picked":"champ:StanceDance","floor":15}],"player_experience":960860,"relics_obtained":[{"floor":2.0,"key":"PreservedInsect"},{"floor":5.0,"key":"Mercury Hourglass"},{"floor":10,"key":"Anchor"}],"event_choices":[{"damage_healed":0.0,"max_hp_gain":0.0,"max_hp_loss":0.0,"gold_gain":0.0,"event_name":"Accursed Blacksmith","player_choice":"Rummage","floor":3.0,"gold_loss":0.0,"damage_taken":0.0,"relics_obtained":["WarpedTongs"],"cards_obtained":["Pain"]},{"damage_healed":0,"gold_gain":0,"player_choice":"Donut","damage_taken":0,"max_hp_gain":5,"max_hp_loss":0,"event_name":"Big Fish","floor":12,"gold_loss":0}],"is_beta":false,"boss_relics":[],"items_purged_floors":[],"is_endless":false,"potions_floor_spawned":[5,10,11,13,15],"killed_by":"downfall:Watcher","ascension_level":0}}