{"host":"qwttrqaysb380yri","time":1607892182,"event":{"mods":["BaseMod","Custom Start","Minty Spire (QoL Compilation)","Puzzle Mod","Relic Stats","StSLib","The Cursed","The Hierophant"],"gold_per_floor":[117,130,147,147,167,167,192,192,237,222,232,236,236,267,267,318,318,304,320,320,334,334,334,349,130,176,189,196,191,191,210,210,190,190],"floor_reached":33,"playtime":993,"items_purged":["hierophant:Defend_Hierophant"],"score":550,"play_id":"872def1d-a8a1-40ec-b70a-4543090846cf","local_time":"20201213214302","is_ascension_mode":true,"campfire_choices":[{"data":"hierophant:HolyVerse","floor":6,"key":"SMITH"},{"data":"hierophant:Repentance","floor":8,"key":"SMITH"},{"data":"hierophant:Punish","floor":13,"key":"SMITH"},{"data":"hierophant:PassingBell","floor":15,"key":"SMITH"},{"data":"hierophant:Anathema","floor":23,"key":"SMITH"},{"floor":30,"key":"REST"},{"data":"hierophant:Martyrdom","floor":32,"key":"SMITH"}],"circlet_count":0,"master_deck":["AscendersBane","hierophant:Strike_Hierophant+1","hierophant:Punish+1","hierophant:Defend_Hierophant","hierophant:Defend_Hierophant","hierophant:Defend_Hierophant","hierophant:ChurchCoffers+1","hierophant:Smite+1","hierophant:Bribe","hierophant:HolyVerse+1","hierophant:Repentance+1","hierophant:Determination","hierophant:MorningPrayer","hierophant:PassingBell+1","hierophant:Anathema+1","hierophant:TollTheBells","hierophant:Shelter","hierophant:MorningPrayer","hierophant:Shelter","Enlightenment","hierophant:Martyrdom+1","hierophant:ThreeLashes","hierophant:HammerAndAnvil"],"relics":["hierophant:PropheticMaskRelic","Meat on the Bone","MealTicket","Bag of Marbles","Orichalcum","Philosopher\u0027s Stone","Whetstone","CeramicFish","Red Mask"],"acts_visited":["Exordium","TheCity"],"potions_floor_usage":[7,16,27,29,29],"damage_taken":[{"damage":4,"enemies":"Jaw Worm","floor":1,"turns":4},{"damage":6,"enemies":"Cultist","floor":2,"turns":3},{"damage":0,"enemies":"2 Louse","floor":3,"turns":1},{"damage":0,"enemies":"2 Fungi Beasts","floor":5,"turns":2},{"damage":15,"enemies":"Gremlin Nob","floor":7,"turns":3},{"damage":12,"enemies":"Looter","floor":10,"turns":4},{"damage":0,"enemies":"3 Louse","floor":11,"turns":1},{"damage":20,"enemies":"3 Sentries","floor":12,"turns":6},{"damage":10,"enemies":"Gremlin Nob","floor":14,"turns":3},{"damage":0,"enemies":"Slime Boss","floor":16,"turns":3},{"damage":12,"enemies":"2 Thieves","floor":18,"turns":2},{"damage":2,"enemies":"Chosen","floor":19,"turns":4},{"damage":0,"enemies":"Snecko","floor":21,"turns":2},{"damage":24,"enemies":"Snake Plant","floor":24,"turns":6},{"damage":16,"enemies":"Centurion and Healer","floor":27,"turns":6},{"damage":47,"enemies":"Book of Stabbing","floor":28,"turns":6},{"damage":2,"enemies":"Masked Bandits","floor":29,"turns":2},{"damage":17,"enemies":"Chosen and Byrds","floor":31,"turns":5},{"damage":25,"enemies":"Champ","floor":33,"turns":9}],"seed_played":"3816969396277555413","potions_obtained":[{"floor":2,"key":"LiquidMemories"},{"floor":3,"key":"SteroidPotion"},{"floor":7,"key":"LiquidBronze"},{"floor":12,"key":"PowerPotion"},{"floor":21,"key":"Strength Potion"},{"floor":28,"key":"Swift Potion"}],"is_trial":false,"path_per_floor":["M","M","M","?","M","R","E","R","T","M","M","E","R","E","R","B",null,"M","M","?","M","?","R","M","$","T","M","E","?","R","M","R","B"],"character_chosen":"HIEROPHANT","items_purchased":["hierophant:Shelter","Enlightenment"],"campfire_rested":1,"item_purchase_floors":[25,25],"current_hp_per_floor":[64,58,58,58,58,58,43,43,43,40,52,51,51,41,41,59,71,59,57,57,57,57,57,47,62,62,51,16,26,48,39,39,14,14],"gold":190,"neow_bonus":"UPGRADE_CARD","is_daily":false,"chose_seed":false,"campfire_upgraded":6,"win_rate":0.0,"timestamp":1607892182,"path_taken":["M","M","M","?","?","R","E","R","T","M","M","E","R","E","R","BOSS","M","M","?","M","?","R","M","$","T","M","E","?","R","M","R","BOSS"],"items_purchased_type":["Card","Card"],"build_version":"2020-11-30","purchased_purges":1,"victory":false,"max_hp_per_floor":[75,75,75,75,75,75,75,75,75,75,75,75,75,75,75,75,75,75,75,75,75,75,75,75,75,75,75,75,75,75,75,75,75,75],"relic_stats":{"counters":[19,72],"CeramicFish":18,"MealTicket":15,"Whetstone":["hierophant:Smite","hierophant:Strike_Hierophant"],"Orichalcum":[150],"obtain_stats":[{"hierophant:PropheticMaskRelic":0,"CeramicFish":28,"MealTicket":9,"Philosopher\u0027s Stone":17,"Bag of Marbles":12,"Red Mask":29,"Whetstone":26,"Orichalcum":14,"Meat on the Bone":7},{"hierophant:PropheticMaskRelic":0,"CeramicFish":16,"MealTicket":5,"Philosopher\u0027s Stone":10,"Bag of Marbles":8,"Red Mask":17,"Whetstone":14,"Orichalcum":9,"Meat on the Bone":5},{"hierophant:PropheticMaskRelic":0,"CeramicFish":56,"MealTicket":13,"Philosopher\u0027s Stone":30,"Bag of Marbles":24,"Red Mask":58,"Whetstone":44,"Orichalcum":27,"Meat on the Bone":13}],"Meat on the Bone":24},"card_choices":[{"not_picked":["hierophant:Doubloon","hierophant:Embezzle"],"picked":"hierophant:Smite","floor":1},{"not_picked":["hierophant:ConvertCurrency","hierophant:Shelter"],"picked":"hierophant:Bribe","floor":2},{"not_picked":["hierophant:ThreeLashes","hierophant:HammerAndAnvil"],"picked":"hierophant:HolyVerse","floor":3},{"not_picked":["hierophant:SealAway","hierophant:ThreeLashes"],"picked":"hierophant:Repentance","floor":5},{"not_picked":["hierophant:SealAway","hierophant:AuricForm"],"picked":"hierophant:Determination","floor":7},{"not_picked":["hierophant:AuricBeam","hierophant:MirrorShield","hierophant:Encroach"],"picked":"SKIP","floor":10},{"not_picked":["hierophant:RustyCrate","hierophant:Patience","hierophant:FlamingChariot"],"picked":"SKIP","floor":11},{"not_picked":["hierophant:PassingBell","hierophant:Encroach"],"picked":"hierophant:MorningPrayer","floor":12},{"not_picked":["hierophant:Community","hierophant:Mercenaries"],"picked":"hierophant:PassingBell","floor":14},{"not_picked":["hierophant:Determination","hierophant:LocustPlague"],"picked":"hierophant:Anathema","floor":16},{"not_picked":["hierophant:AuricShield","hierophant:Zeal","hierophant:Blessing"],"picked":"SKIP","floor":18},{"not_picked":["hierophant:RustyCrate","hierophant:EyeForCoin","hierophant:Alms"],"picked":"SKIP","floor":19},{"not_picked":["hierophant:Community+1","hierophant:Martyrdom","hierophant:FieryStrike"],"picked":"SKIP","floor":21},{"not_picked":["hierophant:Charity","hierophant:PassingBell","hierophant:Refuge"],"picked":"SKIP","floor":24},{"not_picked":["hierophant:Charity","hierophant:PassingBell","hierophant:Refuge"],"picked":"SKIP","floor":24},{"not_picked":["hierophant:SolarFlare","hierophant:Martyrdom","hierophant:Community"],"picked":"SKIP","floor":27},{"not_picked":["hierophant:SolarFlare","hierophant:Community"],"picked":"hierophant:Martyrdom","floor":27},{"not_picked":["hierophant:DisplayOfPower+1","hierophant:MorningPrayer"],"picked":"hierophant:ThreeLashes","floor":28},{"not_picked":["hierophant:FlamingChariot","hierophant:CoinFling"],"picked":"hierophant:HammerAndAnvil","floor":29},{"not_picked":["hierophant:MorningPrayer","hierophant:Martyrdom","hierophant:Dazzle"],"picked":"SKIP","floor":31}],"player_experience":1833405,"relics_obtained":[{"floor":7,"key":"Meat on the Bone"},{"floor":9,"key":"MealTicket"},{"floor":12,"key":"Bag of Marbles"},{"floor":14,"key":"Orichalcum"},{"floor":26,"key":"Whetstone"},{"floor":28,"key":"CeramicFish"},{"floor":29,"key":"Red Mask"}],"event_choices":[{"cards_removed":["hierophant:Strike_Hierophant"],"damage_healed":0,"gold_gain":0,"player_choice":"Purged","damage_taken":0,"max_hp_gain":0,"max_hp_loss":0,"event_name":"Purifier","floor":4,"gold_loss":0},{"damage_healed":0,"gold_gain":0,"cards_transformed":["hierophant:Strike_Hierophant","hierophant:Strike_Hierophant"],"player_choice":"Became Test Subject","damage_taken":0,"max_hp_gain":0,"max_hp_loss":0,"event_name":"Drug Dealer","floor":20,"gold_loss":0,"cards_obtained":["hierophant:TollTheBells","hierophant:Shelter"]},{"damage_healed":0,"gold_gain":0,"player_choice":"Read","damage_taken":0,"max_hp_gain":0,"max_hp_loss":0,"event_name":"The Library","floor":22,"gold_loss":0,"cards_obtained":["hierophant:MorningPrayer"]},{"damage_healed":0,"gold_gain":0,"player_choice":"Fought Bandits","damage_taken":0,"max_hp_gain":0,"max_hp_loss":0,"event_name":"Masked Bandits","floor":29,"gold_loss":0}],"is_beta":false,"boss_relics":[{"not_picked":["Cursed Key","Busted Crown"],"picked":"Philosopher\u0027s Stone"}],"items_purged_floors":[25],"is_endless":false,"potions_floor_spawned":[2,3,7,12,14,21,24,28],"killed_by":"Champ","ascension_level":15}}