{"host":"2s5c6uii15wgtvvf","time":1607899676,"event":{"mods":["Bard","BaseMod","Bestiary","CapriCore","Downfall","Friendly Minions","Hermit","HololiveMod","Jorbs\u0027s Wanderer Trilogy","Koishi","KomeijiMod","Lobotomy","LobotomyExtend","Marisa????????","Minty Spire (QoL Compilation)","Remilia??????","Robot Space Explorer","Shade Mod","StSLib","Td1madao Mod","The Animator","The Cursed","The Gatherer","The Hayseed","The Hierophant","The Immortal","The Mystic","The Necromancer","The Runesmith","The Servant 0.9.4","TheHeartMod","WarShipGirlsR/????R mod","Yohane!"],"gold_per_floor":[118,129,145,220,232,232,232],"floor_reached":6,"playtime":500,"items_purged":[],"score":38,"play_id":"9fde155c-99d9-4f6e-8ee7-3ef5eda6d71d","local_time":"20201213224756","is_ascension_mode":false,"campfire_choices":[],"circlet_count":0,"master_deck":["Strike_Komeiji","Strike_Komeiji","Strike_Komeiji","Strike_Komeiji","Defend_Komeiji","Defend_Komeiji","Defend_Komeiji","Defend_Komeiji","Dash_Komeiji","OSAHOGD","KinbakuJin+1","OldLady","SenseofElegance","CrumblingArmor","KoKei+1","Murderer","EverywhereHibernate"],"relics":["KomeijisEye","SpellCardsRule","MusicBox","CogitoBucket","LetterFromLob"],"acts_visited":["Exordium"],"potions_floor_usage":[],"damage_taken":[{"damage":0,"enemies":"Small Slimes","floor":1,"turns":6},{"damage":3,"enemies":"2 Louse","floor":2,"turns":2},{"damage":4,"enemies":"Cultist","floor":3,"turns":4},{"damage":4,"enemies":"Blue Slaver","floor":5,"turns":4},{"damage":34,"enemies":"Lagavulin","floor":6,"turns":6}],"seed_played":"-449891614448986533","potions_obtained":[{"floor":3,"key":"AttackPotion"},{"floor":5,"key":"BlessingOfTheForge"}],"is_trial":false,"path_per_floor":["M","M","M","?","M","E"],"character_chosen":"KomeijiSatori","items_purchased":[],"campfire_rested":0,"item_purchase_floors":[],"current_hp_per_floor":[50,47,43,32,28,0,0],"gold":232,"neow_bonus":"","is_daily":false,"chose_seed":false,"campfire_upgraded":0,"win_rate":0.0,"timestamp":1607899676,"path_taken":["M","M","M","?","M","E"],"items_purchased_type":[],"build_version":"2020-11-30","purchased_purges":0,"victory":false,"max_hp_per_floor":[50,50,50,50,50,50,50],"card_choices":[{"not_picked":["Alriune","ShyLook"],"picked":"OSAHOGD","floor":1},{"not_picked":["SeekerWire+1","HenyouMirume"],"picked":"KinbakuJin+1","floor":1},{"not_picked":["FairyFestival","BigBadWolf"],"picked":"OldLady","floor":2},{"not_picked":["OoedoNingyou+1","ShyakuBuku"],"picked":"SenseofElegance","floor":2},{"not_picked":["FairyFestival","BlackSwan"],"picked":"CrumblingArmor","floor":3},{"not_picked":["KinbakuJin+1","Melting"],"picked":"KoKei+1","floor":3},{"not_picked":["NakedNest","FairyFestival"],"picked":"Murderer","floor":5},{"not_picked":["Mishyaguji+1","DochyakuKami+1"],"picked":"EverywhereHibernate","floor":5}],"player_experience":103755,"relics_obtained":[{"floor":1,"key":"LetterFromLob"}],"event_choices":[{"damage_healed":0,"gold_gain":75,"player_choice":"Gather Gold","damage_taken":11,"max_hp_gain":0,"max_hp_loss":0,"event_name":"World of Goop","floor":4,"gold_loss":0}],"is_beta":false,"boss_relics":[],"items_purged_floors":[],"is_endless":false,"potions_floor_spawned":[3,5],"killed_by":"Lagavulin","ascension_level":0}}