{"host":"ow9msrs9p2ctkx99","time":1607842014,"event":{"mods":["AchievementEnabler","BaseMod","Colored Map","Colored Powertips","Minty Spire (QoL Compilation)","Permanent Neow","Quick Restart","SuperFastMode"],"gold_per_floor":[367,367,367,387,347,347,377,377,377,377,393,204,224,237,237,237,237],"floor_reached":16,"playtime":494,"items_purged":["Strike_B"],"score":150,"play_id":"8694b7fd-9ae4-459a-b680-1950a6363263","local_time":"20201213074654","is_ascension_mode":true,"campfire_choices":[{"floor":6.0,"key":"REST"},{"floor":8,"key":"REST"},{"data":"Seek","floor":10,"key":"SMITH"},{"floor":15,"key":"REST"}],"circlet_count":0,"master_deck":["AscendersBane","Strike_B","Strike_B","Strike_B","Defend_B","Defend_B+1","Defend_B+1","Defend_B","Zap","Dualcast","Reprogram+1","Compile Driver","Seek+1","Coolheaded","Capacitor","Sunder","Beam Cell","Aggregate"],"relics":["Cracked Core","PreservedInsect"],"acts_visited":["Exordium"],"potions_floor_usage":[7,7,16,16],"damage_taken":[{"damage":0.0,"enemies":"2 Louse","floor":1.0,"turns":3.0},{"damage":5.0,"enemies":"Small Slimes","floor":4.0,"turns":3.0},{"damage":40,"enemies":"Gremlin Nob","floor":7,"turns":5},{"damage":0,"enemies":"Cultist","floor":11,"turns":4},{"damage":16,"enemies":"3 Louse","floor":13,"turns":3},{"damage":4,"enemies":"Blue Slaver","floor":14,"turns":3},{"damage":43,"enemies":"Hexaghost","floor":16,"turns":10}],"seed_played":"6542286690771945838","potions_obtained":[{"floor":1.0,"key":"SpeedPotion"},{"floor":5.0,"key":"PowerPotion"},{"floor":5.0,"key":"SteroidPotion"},{"floor":11,"key":"GamblersBrew"}],"is_trial":false,"path_per_floor":["M","?","?","M","?","R","E","R","T","R","M","$","M","M","R","B"],"character_chosen":"DEFECT","items_purchased":["Capacitor","Sunder"],"campfire_rested":3,"item_purchase_floors":[12,12],"current_hp_per_floor":[50,50,35,30,30,52,12,34,34,34,34,34,18,14,36,0,0],"gold":237,"neow_bonus":"TWO_FIFTY_GOLD","is_daily":false,"chose_seed":false,"campfire_upgraded":1,"win_rate":0.0,"timestamp":1607842014,"path_taken":["M","?","?","M","?","R","E","R","T","R","M","$","M","?","R","BOSS"],"items_purchased_type":["Card","Card"],"build_version":"2020-11-30","purchased_purges":1,"victory":false,"max_hp_per_floor":[75,75,75,75,75,75,75,75,75,75,75,75,75,75,75,75,75],"card_choices":[{"not_picked":["Fusion","Gash"],"picked":"Reprogram","floor":1.0},{"not_picked":["Conserve Battery","Chaos"],"picked":"Compile Driver","floor":4.0},{"not_picked":["All For One","Hologram"],"picked":"Seek","floor":7},{"not_picked":["Chaos","Barrage"],"picked":"Coolheaded","floor":11},{"not_picked":["Recycle","Chill"],"picked":"Beam Cell","floor":13},{"not_picked":["Reinforced Body","Hologram"],"picked":"Aggregate","floor":14}],"player_experience":992927,"relics_obtained":[{"floor":7,"key":"PreservedInsect"}],"event_choices":[{"damage_healed":0.0,"max_hp_gain":0.0,"max_hp_loss":0.0,"gold_gain":0.0,"event_name":"Living Wall","player_choice":"Grow","floor":2.0,"gold_loss":0.0,"damage_taken":0.0,"cards_upgraded":["Reprogram"]},{"damage_healed":0.0,"max_hp_gain":0.0,"max_hp_loss":0.0,"gold_gain":0.0,"event_name":"Shining Light","player_choice":"Entered Light","floor":3.0,"gold_loss":0.0,"damage_taken":15.0,"cards_upgraded":["Defend_B","Defend_B"]},{"damage_healed":0.0,"max_hp_gain":0.0,"max_hp_loss":0.0,"gold_gain":0.0,"event_name":"The Woman in Blue","player_choice":"Bought 3 Potions","floor":5.0,"gold_loss":0.0,"damage_taken":0.0}],"is_beta":false,"boss_relics":[],"items_purged_floors":[12],"is_endless":false,"potions_floor_spawned":[1,11],"killed_by":"Hexaghost","ascension_level":10}}