{"host":"p7j7o00jacnw7qzt","time":1607847392,"event":{"mods":["BaseMod","Colored Map","Colored Powertips","DeckTracker","Highlight Path","Minty Spire (QoL Compilation)","Relic Stats"],"gold_per_floor":[113,128,128,140,140,168,179,214,259,154,188,211,118,129,129,206,206,224,242,242,260,535,535,564,564,589,322,349,349,364,42,42,114,114,133,83,83,96,107,122,122,155,233,264,264,264,299,315,315,315,315,315,315,42,71,71],"floor_reached":57,"playtime":4246,"items_purged":["Strike_R","Strike_R","Strike_R","Strike_R","Strike_R"],"score":3375,"play_id":"c6c0af9c-780f-488c-9569-ca31285eedc9","local_time":"20201213031632","is_ascension_mode":true,"campfire_choices":[{"floor":15.0,"key":"REST"},{"data":"Heavy Blade","floor":23.0,"key":"SMITH"},{"floor":25.0,"key":"REST"},{"floor":29.0,"key":"REST"},{"data":"Second Wind","floor":32.0,"key":"SMITH"},{"floor":41.0,"key":"REST"},{"floor":45.0,"key":"RECALL"},{"floor":49.0,"key":"REST"},{"floor":53.0,"key":"REST"}],"circlet_count":0,"master_deck":["AscendersBane","Defend_R","Defend_R","Defend_R+1","Defend_R","Bash","CurseOfTheBell","Second Wind+1","Shrug It Off+1","Regret","Shockwave+1","Feel No Pain","Armaments+1","Limit Break+1","Heavy Blade+1","Battle Trance+1","Shrug It Off+1","Warcry+1","Disarm+1","Warcry+1","Dark Embrace+1","Regret","True Grit+1","Fiend Fire","Offering+1","Offering+1","Feel No Pain","Dark Embrace","Dark Embrace","Bloodletting+1","Impervious+1"],"relics":["Calling Bell","Bronze Scales","Mummified Hand","Du-Vu Doll","Toxic Egg 2","Pear","Dream Catcher","Smiling Mask","MawBank","SlaversCollar","Bag of Marbles","Medical Kit","Orichalcum","War Paint","Busted Crown","Omamori","InkBottle","Bird Faced Urn","Art of War","OrangePellets","Lantern"],"acts_visited":["Exordium","TheCity","TheBeyond","TheEnding"],"potions_floor_usage":[56],"damage_taken":[{"damage":0.0,"enemies":"2 Louse","floor":1.0,"turns":3.0},{"damage":0.0,"enemies":"Cultist","floor":2.0,"turns":3.0},{"damage":0.0,"enemies":"Small Slimes","floor":4.0,"turns":2.0},{"damage":17.0,"enemies":"Lagavulin","floor":6.0,"turns":7.0},{"damage":15.0,"enemies":"Gremlin Gang","floor":7.0,"turns":3.0},{"damage":16.0,"enemies":"Gremlin Nob","floor":8.0,"turns":4.0},{"damage":7.0,"enemies":"Lagavulin","floor":11.0,"turns":6.0},{"damage":13.0,"enemies":"3 Louse","floor":12.0,"turns":3.0},{"damage":8.0,"enemies":"Exordium Thugs","floor":14.0,"turns":3.0},{"damage":8.0,"enemies":"Hexaghost","floor":16.0,"turns":7.0},{"damage":9.0,"enemies":"Chosen","floor":18.0,"turns":6.0},{"damage":7.0,"enemies":"2 Thieves","floor":19.0,"turns":4.0},{"damage":10.0,"enemies":"3 Cultists","floor":21.0,"turns":4.0},{"damage":20.0,"enemies":"Gremlin Leader","floor":24.0,"turns":5.0},{"damage":7.0,"enemies":"Book of Stabbing","floor":28.0,"turns":4.0},{"damage":42.0,"enemies":"Sentry and Sphere","floor":30.0,"turns":8.0},{"damage":6.0,"enemies":"Collector","floor":33.0,"turns":4.0},{"damage":13.0,"enemies":"3 Darklings","floor":35.0,"turns":3.0},{"damage":16.0,"enemies":"3 Shapes","floor":38.0,"turns":3.0},{"damage":3.0,"enemies":"Maw","floor":39.0,"turns":4.0},{"damage":14.0,"enemies":"Transient","floor":40.0,"turns":6.0},{"damage":8.0,"enemies":"Giant Head","floor":42.0,"turns":5.0},{"damage":15.0,"enemies":"Reptomancer","floor":44.0,"turns":4.0},{"damage":12.0,"enemies":"Nemesis","floor":47.0,"turns":1.0},{"damage":0.0,"enemies":"4 Shapes","floor":48.0,"turns":2.0},{"damage":15.0,"enemies":"Awakened One","floor":50.0,"turns":2.0},{"damage":24.0,"enemies":"Time Eater","floor":51.0,"turns":3.0},{"damage":12,"enemies":"Shield and Spear","floor":55,"turns":2},{"damage":58,"enemies":"The Heart","floor":56,"turns":6}],"seed_played":"-6340779834041832498","potions_obtained":[{"floor":1.0,"key":"DuplicationPotion"},{"floor":4.0,"key":"Explosive Potion"},{"floor":8.0,"key":"Strength Potion"},{"floor":16.0,"key":"EntropicBrew"},{"floor":21.0,"key":"Energy Potion"},{"floor":35.0,"key":"SneckoOil"},{"floor":38.0,"key":"SkillPotion"},{"floor":42.0,"key":"ColorlessPotion"},{"floor":46.0,"key":"Fruit Juice"},{"floor":46.0,"key":"SteroidPotion"},{"floor":47.0,"key":"PowerPotion"}],"is_trial":false,"path_per_floor":["M","M","?","M","?","E","M","E","T","$","E","M","$","M","R","B",null,"M","M","?","M","?","R","E","R","T","$","E","R","M","$","R","B",null,"M","$","?","M","M","M","R","E","T","E","R","?","E","M","R","B","B",null,"R","$","E","B",null],"character_chosen":"IRONCLAD","items_purchased":["Heavy Blade","Warcry+1","PowerPotion","Medical Kit","War Paint","Block Potion","Block Potion","FairyPotion","OrangePellets"],"campfire_rested":6,"item_purchase_floors":[10,13,27,27,31,31,31,54,54],"current_hp_per_floor":[68,68,68,68,68,61,46,30,30,30,23,10,10,2,27,19,69,60,53,47,37,37,37,17,42,42,42,35,60,18,18,18,12,67,54,54,54,38,35,21,46,38,38,23,23,28,22,34,61,50,34,76,90,90,86,36],"gold":71,"neow_bonus":"BOSS_RELIC","is_daily":false,"chose_seed":false,"campfire_upgraded":2,"win_rate":0.0,"timestamp":1607847392,"path_taken":["M","M","?","M","?","E","M","E","T","$","E","M","$","?","R","BOSS","M","M","?","?","?","R","E","R","T","?","E","R","M","$","R","BOSS","M","$","?","M","?","M","R","E","T","E","R","?","E","M","R","BOSS","BOSS","R","$","E","BOSS"],"items_purchased_type":["Card","Card","Potion","Relic","Relic","Potion","Potion","Potion","Relic"],"build_version":"2020-11-30","purchased_purges":5,"victory":true,"max_hp_per_floor":[75,75,75,75,75,85,85,85,85,85,85,85,85,85,85,85,85,85,85,85,85,85,85,85,85,85,85,85,85,85,85,85,85,85,85,85,85,85,85,85,85,85,85,85,85,90,90,90,90,90,90,90,90,90,90,90],"relic_stats":{"counters":[29,117],"Orichalcum":[12],"War Paint":["Defend_R","Shrug It Off"],"Smiling Mask":375,"MawBank":24,"Medical Kit":[6],"OrangePellets":[3],"Dream Catcher":6,"Busted Crown":24,"Mummified Hand":[80],"Bronze Scales":[317],"Bird Faced Urn":[46],"Art of War":[3],"obtain_stats":[{"Lantern":55,"Pear":6,"Omamori":42,"Orichalcum":28,"War Paint":31,"Smiling Mask":9,"MawBank":11,"Medical Kit":27,"Burning Blood":0,"Calling Bell":0,"Du-Vu Doll":0,"SlaversCollar":17,"OrangePellets":54,"Dream Catcher":8,"Busted Crown":34,"Mummified Hand":0,"Bronze Scales":0,"Bird Faced Urn":44,"Bag of Marbles":24,"Art of War":47,"Toxic Egg 2":3,"InkBottle":43},{"Lantern":28,"Pear":4,"Omamori":22,"Orichalcum":15,"War Paint":16,"Smiling Mask":6,"MawBank":7,"Medical Kit":14,"Burning Blood":0,"Calling Bell":0,"Du-Vu Doll":0,"SlaversCollar":10,"OrangePellets":27,"Dream Catcher":6,"Busted Crown":17,"Mummified Hand":0,"Bronze Scales":0,"Bird Faced Urn":23,"Bag of Marbles":14,"Art of War":24,"Toxic Egg 2":2,"InkBottle":22},{"Lantern":111,"Pear":15,"Omamori":97,"Orichalcum":64,"War Paint":72,"Smiling Mask":22,"MawBank":28,"Medical Kit":60,"Burning Blood":0,"Calling Bell":0,"Du-Vu Doll":0,"SlaversCollar":41,"OrangePellets":109,"Dream Catcher":22,"Busted Crown":76,"Mummified Hand":0,"Bronze Scales":0,"Bird Faced Urn":101,"Bag of Marbles":60,"Art of War":102,"Toxic Egg 2":6,"InkBottle":97}],"InkBottle":[15]},"card_choices":[{"not_picked":["Clash","Shockwave"],"picked":"Second Wind","floor":1.0},{"not_picked":["Ghostly Armor","Iron Wave"],"picked":"Shrug It Off","floor":2.0},{"not_picked":["Wild Strike","Inflame"],"picked":"Shockwave+1","floor":4.0},{"not_picked":["Infernal Blade+1","Pummel"],"picked":"Feel No Pain","floor":6.0},{"not_picked":["Body Slam","Headbutt"],"picked":"Armaments+1","floor":7.0},{"not_picked":["Flex+1","Combust"],"picked":"Limit Break+1","floor":8.0},{"not_picked":["Feel No Pain","Dual Wield+1"],"picked":"Battle Trance+1","floor":11.0},{"not_picked":["Havoc+1","Clash"],"picked":"Shrug It Off+1","floor":12.0},{"not_picked":["Havoc+1","Thunderclap"],"picked":"Disarm+1","floor":14.0},{"not_picked":["Clothesline","Disarm+1"],"picked":"Warcry+1","floor":15.0},{"not_picked":["Bludgeon","Brutality"],"picked":"Immolate","floor":16.0},{"not_picked":["Pummel","Wild Strike","Iron Wave"],"picked":"SKIP","floor":18.0},{"not_picked":["Pummel","Spot Weakness+1","Heavy Blade"],"picked":"SKIP","floor":19.0},{"not_picked":["Bloodletting+1","Rage+1"],"picked":"Dark Embrace+1","floor":21.0},{"not_picked":["Blood for Blood","Perfected Strike+1","Disarm+1"],"picked":"SKIP","floor":24.0},{"not_picked":["Sword Boomerang","Uppercut"],"picked":"True Grit+1","floor":25.0},{"not_picked":["Flame Barrier+1","Clothesline"],"picked":"Fiend Fire","floor":28.0},{"not_picked":["Second Wind+1","Metallicize"],"picked":"Offering+1","floor":30.0},{"not_picked":["Fiend Fire","Limit Break+1"],"picked":"Offering+1","floor":33.0},{"not_picked":["Perfected Strike"],"picked":"SKIP","floor":35.0},{"not_picked":[],"picked":"Dark Embrace","floor":38.0},{"not_picked":["Sword Boomerang"],"picked":"SKIP","floor":39.0},{"not_picked":["Clash+1"],"picked":"SKIP","floor":40.0},{"not_picked":["Clash+1"],"picked":"SKIP","floor":40.0},{"not_picked":[],"picked":"Dark Embrace","floor":42.0},{"not_picked":["Blood for Blood"],"picked":"SKIP","floor":44.0},{"not_picked":["Rupture"],"picked":"SKIP","floor":47.0},{"not_picked":["Inflame"],"picked":"SKIP","floor":48.0},{"not_picked":[],"picked":"Bloodletting+1","floor":49.0},{"not_picked":[],"picked":"Impervious+1","floor":55}],"player_experience":821631,"relics_obtained":[{"floor":0.0,"key":"Bronze Scales"},{"floor":0.0,"key":"Mummified Hand"},{"floor":0.0,"key":"Du-Vu Doll"},{"floor":6.0,"key":"Pear"},{"floor":8.0,"key":"Dream Catcher"},{"floor":9.0,"key":"Smiling Mask"},{"floor":11.0,"key":"MawBank"},{"floor":24.0,"key":"Bag of Marbles"},{"floor":28.0,"key":"Orichalcum"},{"floor":42.0,"key":"Omamori"},{"floor":43.0,"key":"InkBottle"},{"floor":44.0,"key":"Bird Faced Urn"},{"floor":47.0,"key":"Art of War"},{"floor":55,"key":"Lantern"}],"event_choices":[{"damage_healed":0.0,"max_hp_gain":0.0,"max_hp_loss":0.0,"gold_gain":0.0,"event_name":"Big Fish","player_choice":"Box","floor":3.0,"gold_loss":0.0,"damage_taken":0.0,"relics_obtained":["Toxic Egg 2"],"cards_obtained":["Regret"]},{"damage_healed":0.0,"max_hp_gain":0.0,"max_hp_loss":0.0,"gold_gain":0.0,"event_name":"Fountain of Cleansing","player_choice":"Ignored","floor":5.0,"gold_loss":0.0,"damage_taken":0.0},{"damage_healed":0.0,"max_hp_gain":0.0,"max_hp_loss":0.0,"gold_gain":0.0,"event_name":"Knowing Skull","player_choice":"","floor":20.0,"potions_obtained":[],"gold_loss":0.0,"damage_taken":6.0,"cards_obtained":[]},{"damage_healed":0.0,"max_hp_gain":0.0,"max_hp_loss":0.0,"gold_gain":275.0,"event_name":"Golden Shrine","player_choice":"Desecrate","floor":22.0,"gold_loss":0.0,"damage_taken":0.0,"cards_obtained":["Regret"]},{"damage_healed":0.0,"max_hp_gain":0.0,"max_hp_loss":0.0,"gold_gain":0.0,"cards_transformed":["Immolate"],"event_name":"Transmorgrifier","player_choice":"Transformed","floor":37.0,"gold_loss":0.0,"damage_taken":0.0,"cards_obtained":["Feel No Pain"]},{"damage_healed":0.0,"max_hp_gain":0.0,"max_hp_loss":0.0,"gold_gain":0.0,"event_name":"Lab","player_choice":"Got Potions","floor":46.0,"gold_loss":0.0,"damage_taken":0.0}],"is_beta":false,"boss_relics":[{"not_picked":["Snecko Eye","Pandora\u0027s Box"],"picked":"SlaversCollar"},{"not_picked":["Velvet Choker","Tiny House"],"picked":"Busted Crown"}],"items_purged_floors":[10,13,27,31,36],"is_endless":false,"potions_floor_spawned":[1,4,8,16,18,21,33,35,38,42,47],"ascension_level":20}}