{"host":"yk98keyoflza93y0","time":1607885457,"event":{"mods":["AchievementEnabler","BaseMod","BetterRewards","Card Forge","Colored Map","DeckTracker","Minty Spire (QoL Compilation)","Shop Mod","StSLib","SuperFastMode","The Poker Player"],"gold_per_floor":[113,127,2,177,177,177,202,220,302,330,180,193,227,237,237,340,340,358,183,203,203,203,238,238,272,295,295,305,332,349,366,366,466,516,531,23,23,37,56,88,88,112,112,160,192,192,192,220,220,220,220,220,33,63,63],"floor_reached":56,"playtime":2278,"items_purged":["PokerPlayerMod:Diamond1","PokerPlayerMod:Spade1","PokerPlayerMod:Club1","PokerPlayerMod:Diamond2","PokerPlayerMod:Club2","PokerPlayerMod:Diamond4"],"score":2314,"play_id":"d7a32964-aa3e-494f-959d-9a26e48075c0","local_time":"20201214035057","is_ascension_mode":true,"metric_token":734,"campfire_choices":[{"data":"PokerPlayerMod:BadJoker","floor":6.0,"key":"SMITH"},{"data":"PokerPlayerMod:CardBurn","floor":15.0,"key":"SMITH"},{"data":"PokerPlayerMod:Club9","floor":24,"key":"SMITH"},{"data":"PokerPlayerMod:ItsShowtime","floor":27,"key":"SMITH"},{"data":"PokerPlayerMod:Spade4","floor":32,"key":"SMITH"},{"floor":41,"key":"RECALL"},{"data":"PokerPlayerMod:Duplicate","floor":46,"key":"SMITH"},{"floor":49,"key":"REST"},{"floor":52,"key":"REST"}],"circlet_count":0,"master_deck":["PokerPlayerMod:TrumpStrike+1","PokerPlayerMod:Mulligan+1","PokerPlayerMod:ItsShowtime+1","PokerPlayerMod:Club10+","PokerPlayerMod:ItsShowtime+1","PokerPlayerMod:Diamond10+","PokerPlayerMod:Diamond10+","PokerPlayerMod:Duplicate+1","PokerPlayerMod:Spade10+","PokerPlayerMod:ItsShowtime+1"],"relics":["PokerPlayerMod:DeckCase","Hammer of Thor","Seething Fire","Anvil of the Gods","PokerPlayerMod:CoolBox","FossilizedHelix","Sundial","ClockworkSouvenir","PreservedInsect","StoneCalendar","Boot","Calipers","Sozu","Eternal Feather","PokerPlayerMod:ClubPass","Akabeko","Kunai","Tiny House","Strange Spoon","Happy Flower","Oddly Smooth Stone","Pantograph","Peace Pipe","Mercury Hourglass","PokerPlayerMod:FairLicense","OrangePellets","War Paint"],"acts_visited":["Exordium","TheCity","TheBeyond","TheEnding"],"potions_floor_usage":[16],"damage_taken":[{"damage":0.0,"enemies":"2 Louse","floor":1.0,"turns":1.0},{"damage":0.0,"enemies":"Jaw Worm","floor":2.0,"turns":2.0},{"damage":0.0,"enemies":"Gremlin Nob","floor":7.0,"turns":3.0},{"damage":0.0,"enemies":"Cultist","floor":8.0,"turns":2.0},{"damage":0.0,"enemies":"3 Sentries","floor":10.0,"turns":2.0},{"damage":0.0,"enemies":"2 Fungi Beasts","floor":12.0,"turns":2.0},{"damage":0.0,"enemies":"Lagavulin","floor":13.0,"turns":3.0},{"damage":0.0,"enemies":"Exordium Wildlife","floor":14.0,"turns":2.0},{"damage":16,"enemies":"The Guardian","floor":16,"turns":9},{"damage":0,"enemies":"Spheric Guardian","floor":18,"turns":3},{"damage":0,"enemies":"2 Thieves","floor":20,"turns":2},{"damage":0,"enemies":"Book of Stabbing","floor":23,"turns":2},{"damage":0,"enemies":"Gremlin Leader","floor":25,"turns":4},{"damage":0,"enemies":"Snake Plant","floor":28,"turns":1},{"damage":0,"enemies":"Slavers","floor":29,"turns":1},{"damage":0,"enemies":"Chosen and Byrds","floor":30,"turns":2},{"damage":0,"enemies":"3 Cultists","floor":31,"turns":1},{"damage":0,"enemies":"Collector","floor":33,"turns":6},{"damage":0,"enemies":"Orb Walker","floor":35,"turns":1},{"damage":0,"enemies":"3 Darklings","floor":38,"turns":1},{"damage":0,"enemies":"4 Shapes","floor":39,"turns":1},{"damage":0,"enemies":"Giant Head","floor":40,"turns":2},{"damage":0,"enemies":"2 Orb Walkers","floor":44,"turns":1},{"damage":0,"enemies":"Reptomancer","floor":45,"turns":2},{"damage":0,"enemies":"Nemesis","floor":48,"turns":1},{"damage":0,"enemies":"Awakened One","floor":50,"turns":3},{"damage":0,"enemies":"Shield and Spear","floor":54,"turns":1},{"damage":0,"enemies":"The Heart","floor":55,"turns":3}],"seed_played":"1391584753549359287","potions_obtained":[{"floor":2.0,"key":"AttackPotion"},{"floor":10.0,"key":"CultistPotion"},{"floor":13.0,"key":"LiquidBronze"},{"floor":14.0,"key":"Regen Potion"}],"is_trial":false,"path_per_floor":["M","M","$","?","?","R","E","M","T","E","$","M","E","M","R","B",null,"M","$","M","?","?","E","R","E","T","R","M","E","M","M","R","B",null,"M","$","?","M","M","E","R","T","T","?","E","R","?","E","R","B",null,"R","$","E","B",null],"character_chosen":"THE_POKER_PLAYER","items_purchased":["PokerPlayerMod:CoolBox","Sundial","ClockworkSouvenir","PokerPlayerMod:Diamond10+","Strange Spoon","PokerPlayerMod:CardPrinter","OrangePellets"],"campfire_rested":2,"item_purchase_floors":[0,0,0,36,36,53,53],"current_hp_per_floor":[52,52,52,52,52,52,52,52,52,52,52,52,52,52,52,36,52,52,52,52,44,49,49,55,55,55,57,57,57,57,57,57,57,62,62,62,62,62,62,62,62,62,62,62,62,62,52,52,62,62,62,62,62,62,62],"gold":63,"neow_bonus":"","is_daily":false,"chose_seed":false,"campfire_upgraded":6,"win_rate":0.0,"timestamp":1607885457,"path_taken":["M","M","$","?","?","R","E","M","T","E","?","M","E","M","R","BOSS","M","$","M","?","?","E","R","E","T","R","M","E","?","M","R","BOSS","M","$","?","M","M","E","R","?","T","?","E","R","?","E","R","BOSS","R","$","E","BOSS"],"items_purchased_type":["Relic","Relic","Relic","Undefined","Relic","Card","Relic"],"build_version":"2020-11-30","purchased_purges":6,"victory":true,"max_hp_per_floor":[52,52,52,52,52,52,52,52,52,52,52,52,52,52,52,52,52,52,52,52,57,57,57,57,57,57,57,57,57,57,57,57,57,62,62,62,62,62,62,62,62,62,62,62,62,62,62,62,62,62,62,62,62,62,62],"card_choices":[{"not_picked":["PokerPlayerMod:MagicTrick","PokerPlayerMod:Trickery","PokerPlayerMod:Diamond4"],"picked":"SKIP","floor":1.0},{"not_picked":["PokerPlayerMod:HiddenCard","PokerPlayerMod:Spade1","PokerPlayerMod:Club3"],"picked":"SKIP","floor":2.0},{"not_picked":["PokerPlayerMod:ClubsClub","PokerPlayerMod:Club3","PokerPlayerMod:Diamond1"],"picked":"SKIP","floor":7.0},{"not_picked":["PokerPlayerMod:Club5","PokerPlayerMod:Diamond4","PokerPlayerMod:MagicTrick"],"picked":"SKIP","floor":8.0},{"not_picked":["PokerPlayerMod:Diamond1","PokerPlayerMod:MagicTrick","PokerPlayerMod:Overdeal"],"picked":"SKIP","floor":10.0},{"not_picked":["PokerPlayerMod:Diamond5","PokerPlayerMod:ClubShade","PokerPlayerMod:JackOfSpades"],"picked":"SKIP","floor":12.0},{"not_picked":["PokerPlayerMod:Heart6","PokerPlayerMod:Spade1"],"picked":"PokerPlayerMod:CardBurn","floor":13.0},{"not_picked":["PokerPlayerMod:Diamond4","PokerPlayerMod:Sharpen","PokerPlayerMod:Heart2"],"picked":"SKIP","floor":14.0},{"not_picked":["PokerPlayerMod:FakeSymbols","PokerPlayerMod:Diamond9"],"picked":"PokerPlayerMod:ItsShowtime","floor":16},{"not_picked":["PokerPlayerMod:FlyingCard","PokerPlayerMod:CloakAndDiamond+1"],"picked":"PokerPlayerMod:Club8","floor":18},{"not_picked":["PokerPlayerMod:DiamondStrike","PokerPlayerMod:Spade2","PokerPlayerMod:Diamond1"],"picked":"SKIP","floor":20},{"not_picked":["PokerPlayerMod:Configure","PokerPlayerMod:Diamond4","PokerPlayerMod:HeartStrike"],"picked":"SKIP","floor":23},{"not_picked":["PokerPlayerMod:CardBurn","PokerPlayerMod:Diamond1"],"picked":"PokerPlayerMod:ItsShowtime","floor":25},{"not_picked":["PokerPlayerMod:SpadeStrike","PokerPlayerMod:MagicTrick","PokerPlayerMod:Diamond3"],"picked":"SKIP","floor":28},{"not_picked":["PokerPlayerMod:Club1","PokerPlayerMod:Diamond4","PokerPlayerMod:SecondChance+1"],"picked":"SKIP","floor":29},{"not_picked":["PokerPlayerMod:CardBurn+1","PokerPlayerMod:Diamond2","PokerPlayerMod:Heart1"],"picked":"SKIP","floor":30},{"not_picked":["PokerPlayerMod:Diamond3","PokerPlayerMod:Diamond5","PokerPlayerMod:DamnStraight+1"],"picked":"SKIP","floor":31},{"not_picked":["PokerPlayerMod:WasteCollection","PokerPlayerMod:Diamond7"],"picked":"PokerPlayerMod:Diamond10+","floor":33},{"not_picked":["PokerPlayerMod:Club4","PokerPlayerMod:Diamond1","PokerPlayerMod:CardBurn"],"picked":"SKIP","floor":35},{"not_picked":["PokerPlayerMod:DartThrow+1","PokerPlayerMod:Trickery+1","PokerPlayerMod:Heart3"],"picked":"SKIP","floor":38},{"not_picked":["PokerPlayerMod:Club6","PokerPlayerMod:Raise+1","PokerPlayerMod:CardBurn+1"],"picked":"SKIP","floor":39},{"not_picked":["PokerPlayerMod:Spade2","PokerPlayerMod:DiamondStrike+1","PokerPlayerMod:FlyingCard+1"],"picked":"SKIP","floor":40},{"not_picked":["PokerPlayerMod:Diamond2","PokerPlayerMod:DartThrow+1"],"picked":"PokerPlayerMod:Duplicate","floor":45},{"not_picked":["PokerPlayerMod:Diamond3","PokerPlayerMod:CardBurn","PokerPlayerMod:Spade4"],"picked":"SKIP","floor":48},{"not_picked":["PokerPlayerMod:MagicTrick+1","PokerPlayerMod:FlyingCard+1","PokerPlayerMod:HiddenCard"],"picked":"SKIP","floor":54}],"player_experience":1469181,"relics_obtained":[{"floor":7.0,"key":"StoneCalendar"},{"floor":10.0,"key":"Boot"},{"floor":13.0,"key":"Calipers"},{"floor":23,"key":"Eternal Feather"},{"floor":25,"key":"PokerPlayerMod:ClubPass"},{"floor":26,"key":"Akabeko"},{"floor":29,"key":"Kunai"},{"floor":40,"key":"Happy Flower"},{"floor":42,"key":"Oddly Smooth Stone"},{"floor":43,"key":"Pantograph"},{"floor":44,"key":"Peace Pipe"},{"floor":45,"key":"Mercury Hourglass"},{"floor":48,"key":"PokerPlayerMod:FairLicense"},{"floor":54,"key":"War Paint"}],"event_choices":[{"damage_healed":0.0,"max_hp_gain":0.0,"max_hp_loss":0.0,"gold_gain":175.0,"event_name":"Liars Game","player_choice":"AGREE","floor":4.0,"gold_loss":0.0,"damage_taken":0.0,"cards_obtained":["Doubt"]},{"damage_healed":0.0,"max_hp_gain":0.0,"max_hp_loss":0.0,"gold_gain":0.0,"event_name":"Big Fish","player_choice":"Box","floor":5.0,"gold_loss":0.0,"damage_taken":0.0,"relics_obtained":["PreservedInsect"],"cards_obtained":["Regret"]},{"damage_healed":0,"gold_gain":0,"player_choice":"Shed Blood","damage_taken":13,"max_hp_gain":5,"max_hp_loss":0,"event_name":"Forgotten Altar","floor":21,"gold_loss":0},{"cards_removed":["PokerPlayerMod:Spade2"],"damage_healed":5,"gold_gain":0,"player_choice":"Offered Special","damage_taken":0,"max_hp_gain":0,"max_hp_loss":0,"event_name":"Bonfire Elementals","floor":22,"gold_loss":0},{"cards_removed":["PokerPlayerMod:BadJoker"],"damage_healed":0,"gold_gain":0,"player_choice":"Removed Skill","damage_taken":0,"max_hp_gain":0,"max_hp_loss":0,"event_name":"Falling","floor":37,"gold_loss":0},{"damage_healed":0,"gold_gain":0,"player_choice":"Fight","damage_taken":0,"max_hp_gain":0,"max_hp_loss":0,"event_name":"Mysterious Sphere","floor":44,"gold_loss":0},{"damage_healed":0,"gold_gain":0,"player_choice":"Memory 3","damage_taken":10,"max_hp_gain":0,"max_hp_loss":0,"event_name":"SensoryStone","floor":47,"gold_loss":0}],"is_beta":false,"boss_relics":[{"not_picked":["Fusion Hammer","SlaversCollar"],"picked":"Sozu"},{"not_picked":["SacredBark","Calling Bell"],"picked":"Tiny House"}],"items_purged_floors":[0,0,3,11,19,36],"is_endless":false,"potions_floor_spawned":[2,10,13,14,20,28,31,33,38,39,40,54],"ascension_level":3}}