{"host":"v6z4ef7b9ohrfzi9","time":1607880975,"event":{"mods":["2.2 Compatiblity","Act Like it!","Aspiration","BaseMod","Better Altar","Better Match","Better Sensory Stone","Better Third Choice","BetterRewards","Conspire","Downfall","Gensokyo","Minty Spire (QoL Compilation)","Replay The Spire","Shade Mod","Shop Mod","Spicy Shops","StSLib","Swap Starting Deck Mod","The Administrix"],"gold_per_floor":[99,99,99,99,24,53,73,92,160,93,93,93,93,111,111,207,207,223,241,241,260,336,361,361,376,403,429,374,292,305,305,305,400,400,412,412,428,55,66,66,94,157,157,57,92,28,28,44,44,44,44],"floor_reached":50,"playtime":8318,"items_purged":["CommonCold"],"score":831,"play_id":"4666ac53-ed37-4b57-9cf9-c41534bd26ad","local_time":"20201213183615","is_ascension_mode":false,"campfire_choices":[{"data":"Regret","floor":32,"key":"PURGE"},{"data":"Shade:OminousRitual","floor":49,"key":"SMITH"}],"circlet_count":0,"master_deck":["Shade:Strike_Shade","Shade:Strike_Shade","Shade:Strike_Shade","Shade:Defend_Shade","Shade:Defend_Shade","Shade:Defend_Shade","Shade:AnimateDead","Shade:CarefulCut","Shade:SanguineRitual","Shade:OpenGraves","Shade:SelfBurial+1","Shade:Awaken","Shade:Brains","Shade:Trample","Shade:FleshToFlesh","Shade:AuraOfUnlife","Shade:FreshBones","Shade:Brains","Shade:AblativeArmor","Shade:FingerOfDeath","Shade:Bite_Shade","Shade:LastGasp","Shade:Premonition","Shade:RavenousHorde","Shade:Bonestorm","Shade:SkeletonArmy+1","Shade:FeralStrike","Shade:CommandSoldier+1","Shade:ScuttlingHand+1","Shade:ScuttlingHand","Shade:SkeletonHug","Shade:SelfBurial","Shade:DangerousRitual","Shade:SensePrey","Shade:AuraOfUnlife","Shade:AuraOfUnlife","Shade:FuneraryArmor","Shade:FingerOfDeath","Shade:SanguineRitual","expansioncontent:QuickStudy","Poisoned Strike","Shade:OminousRitual+1","Shade:OpenGraves+1","Toxin Wave","Deadly Poison","Die Die Die","Shade:FleshLikeOak+1","Shade:FuneraryArmor+1","Shade:AuraOfUnlife","ReplayTheSpireMod:IOU","ReplayTheSpireMod:IOU","ReplayTheSpireMod:IOU","ReplayTheSpireMod:IOU","ReplayTheSpireMod:IOU","ReplayTheSpireMod:IOU","ReplayTheSpireMod:IOU","Shade:StitchTogether","Poisoned Strike","Mind Blast","Replay:Bootleg Shield Generator","conspire:SpireCoStock","conspire:SpireCoStock","Shade:SensePrey","Shade:SensePrey"],"relics":["Shade:YorickSkull","Replay:Multitool","Orrery","downfall:HeartsMalice","aspiration:HummingbirdHeart","conspire:GiftBox","ReplayTheSpireMod:TigerMarble","Replay:Bottled Steam","Chameleon Ring","conspire:SlowCooker","Ring of Searing","ReplayTheSpireMod:Ring of Addiction","Potion Belt","SacredBark","Replay:Mystery Machine","Toy Ornithopter","Bronze Scales","PreservedInsect","conspire:RoyalGoblet","aspiration:FetidBarrel","Mercury Hourglass","Replay:Wax Seal","Darkstone Periapt","Blue Doll","ReplayTheSpireMod:ShopPack","Bottled Flame","conspire:BottledYoYo"],"acts_visited":["Exordium","TheCity","TheBeyond"],"potions_floor_usage":[16,16,21,23,33,39,45,48,50,50,50],"damage_taken":[{"damage":0,"enemies":"Cultist","floor":1,"turns":1},{"damage":0,"enemies":"2 Louse","floor":2,"turns":1},{"damage":0,"enemies":"conspire:RoseBush","floor":3,"turns":1},{"damage":13,"enemies":"Lagavulin","floor":6,"turns":8},{"damage":2,"enemies":"Looter","floor":7,"turns":5},{"damage":2,"enemies":"Gremlin Gang","floor":8,"turns":5},{"damage":12,"enemies":"Exordium Wildlife","floor":14,"turns":6},{"damage":11,"enemies":"The Guardian","floor":16,"turns":10},{"damage":6,"enemies":"3 Byrds","floor":18,"turns":5},{"damage":11,"enemies":"2 Thieves","floor":19,"turns":5},{"damage":29,"enemies":"Snake Plant","floor":21,"turns":5},{"damage":20,"enemies":"conspire:SneckoGhost","floor":23,"turns":6},{"damage":4,"enemies":"Sentry and Sphere","floor":25,"turns":4},{"damage":2,"enemies":"Slavers","floor":27,"turns":4},{"damage":9,"enemies":"Centurion and Healer","floor":30,"turns":2},{"damage":13,"enemies":"Collector","floor":33,"turns":6},{"damage":21,"enemies":"3 Darklings","floor":35,"turns":6},{"damage":0,"enemies":"Orb Walker","floor":37,"turns":3},{"damage":25,"enemies":"Maw","floor":39,"turns":5},{"damage":12,"enemies":"conspire:MimicChest","floor":41,"turns":6},{"damage":57,"enemies":"Giant Head","floor":45,"turns":7},{"damage":0,"enemies":"Sphere and 2 Shapes","floor":46,"turns":2},{"damage":0,"enemies":"4 Shapes","floor":48,"turns":3},{"damage":45,"enemies":"conspire:OrnateMirror","floor":50,"turns":1}],"seed_played":"-7452053981073010121","potions_obtained":[{"floor":6,"key":"Dexterity Potion"},{"floor":7,"key":"FairyPotion"},{"floor":8,"key":"Block Potion"},{"floor":16,"key":"Ancient Potion"},{"floor":20,"key":"DistilledChaos"},{"floor":20,"key":"Regen Potion"},{"floor":20,"key":"SteroidPotion"},{"floor":22,"key":"Cursed Concoction"},{"floor":23,"key":"Strength Potion"},{"floor":27,"key":"Elixir"},{"floor":39,"key":"sneckomod:MuddlingPotion"},{"floor":41,"key":"Milkshake"},{"floor":46,"key":"Adrenaline Potion"},{"floor":48,"key":"Weak Potion"}],"is_trial":false,"path_per_floor":["M","M","M","?","$","E","M","M","T","$","?","?","R","M","R","B",null,"M","M","?","M","?","E","R","M","T","E","$","$","M","?","R","B",null,"M","?","M","$","M","R","?","$","T","?","E","M","?","M","R","B"],"character_chosen":"SHADE","items_purchased":["Shade:SanguineRitual","Shade:OpenGraves","Orrery","Shade:AuraOfUnlife","Shade:FreshBones","Shade:Brains","conspire:GiftBox","Shade:SkeletonArmy","Shade:AuraOfUnlife","Shade:FuneraryArmor","Shade:FingerOfDeath","aspiration:FetidBarrel","Mercury Hourglass","Darkstone Periapt","Blue Doll","Shade:StitchTogether","ReplayTheSpireMod:ShopPack"],"campfire_rested":0,"item_purchase_floors":[0,0,0,0,0,0,5,10,28,29,29,38,38,42,42,42,42],"current_hp_per_floor":[34,34,34,34,34,27,27,27,27,27,27,27,27,17,36,27,65,61,52,52,47,31,13,32,28,28,26,26,26,19,19,19,11,59,40,40,40,40,22,39,27,57,57,57,5,5,5,10,10,0,0],"gold":44,"neow_bonus":"","is_daily":false,"chose_seed":false,"campfire_upgraded":1,"win_rate":0.0,"timestamp":1607880975,"path_taken":["M","?","M","?","$","E","M","?","T","$","?","?","R","M","R","BOSS","M","?","?","M","?","E","R","M","T","E","?","$","M","?","R","BOSS","M","?","M","$","M","R","?","$","T","?","E","M","?","M","R","BOSS"],"items_purchased_type":["Card","Card","Relic","Card","Card","Card","Relic","Card","Card","Card","Card","Relic","Relic","Relic","Relic","Card","Relic"],"build_version":"2020-11-30","purchased_purges":1,"victory":false,"max_hp_per_floor":[65,65,65,65,65,65,65,65,65,65,65,65,65,65,65,65,65,65,65,65,65,65,65,65,65,65,63,63,63,61,61,61,59,59,59,59,57,57,57,57,57,87,85,85,85,85,85,85,85,85,85],"card_choices":[{"not_picked":["Shade:OpenGraves","Shade:FeralStrike"],"picked":"Shade:SelfBurial","floor":0},{"not_picked":["Shade:FuneraryJewels","Shade:PotionOfRestlessness"],"picked":"Shade:Awaken","floor":0},{"not_picked":["Shade:FleshOffering","Shade:Frenzy"],"picked":"Shade:Brains","floor":0},{"not_picked":["Shade:SkeletonHug","Shade:PotionOfRestlessness"],"picked":"Shade:Trample","floor":0},{"not_picked":["Shade:FleshLikeOak","Shade:FeralStrike"],"picked":"Shade:FleshToFlesh","floor":0},{"not_picked":["Shade:Brains","Shade:ClawBack"],"picked":"Shade:AblativeArmor","floor":1},{"not_picked":["Shade:Bonestorm","Shade:FleshToFlesh"],"picked":"Shade:FingerOfDeath","floor":2},{"not_picked":["Shade:Trample","Shade:SanguineRitual"],"picked":"Shade:Bite_Shade","floor":3},{"not_picked":["Shade:MadHubris","Shade:Consume"],"picked":"Shade:LastGasp","floor":5},{"not_picked":["Shade:FuneraryArmor","Shade:GreyBargain"],"picked":"Shade:Premonition","floor":6},{"not_picked":["Shade:ExtraLimbs","Shade:AblativeArmor"],"picked":"Shade:RavenousHorde","floor":7},{"not_picked":["Shade:GoDigging","Shade:FleshLikeOak"],"picked":"Shade:Bonestorm","floor":8},{"not_picked":["Shade:Frenzy","Shade:BoneShards"],"picked":"Shade:CommandSoldier","floor":14},{"not_picked":["Shade:LoseControl","Shade:DarkOfNight"],"picked":"Shade:SelfBurial","floor":16},{"not_picked":["Shade:FingerOfDeath+1","Shade:ExtraLimbs+1","Shade:BoneShards"],"picked":"SKIP","floor":18},{"not_picked":["Shade:TouchOfTheGrave","Shade:FleshLikeOak"],"picked":"Shade:ScuttlingHand+1","floor":19},{"not_picked":["Shade:ExtraLimbs+1","Shade:AblativeArmor"],"picked":"Shade:ScuttlingHand","floor":21},{"not_picked":["Shade:Premonition+1","Shade:ClawBack"],"picked":"Shade:SkeletonHug","floor":22},{"not_picked":["Shade:CoffinDance","Shade:SkeletonHug"],"picked":"Shade:SelfBurial","floor":23},{"not_picked":["Shade:GreyBargain","Shade:FreshBones"],"picked":"Shade:DangerousRitual","floor":25},{"not_picked":["Shade:Haruspicy","Shade:CallOfTheGrave"],"picked":"Shade:SensePrey","floor":27},{"not_picked":["Shade:FeralStrike","Shade:Frenzy"],"picked":"Shade:SanguineRitual","floor":30},{"not_picked":["expansioncontent:Corrupt","ReplayTheSpireMod:Trickstab"],"picked":"expansioncontent:QuickStudy","floor":31},{"not_picked":["Replay:SS_forest_6","ReplayUltimateDefense"],"picked":"Poisoned Strike","floor":31},{"not_picked":["Shade:DarkOfNight","Shade:MadHubris"],"picked":"Shade:OminousRitual","floor":33},{"not_picked":["Shade:Brains","Shade:FeralStrike+1"],"picked":"Shade:OpenGraves+1","floor":35},{"not_picked":["Shade:Brains","Shade:CallOfTheGrave+1"],"picked":"Shade:FleshLikeOak+1","floor":37},{"not_picked":["Shade:BoneShards+1","Shade:GraveStillness+1"],"picked":"Shade:FuneraryArmor+1","floor":39},{"not_picked":["Shade:ExtraLimbs","Shade:CommandSoldier+1"],"picked":"Shade:AuraOfUnlife","floor":41},{"not_picked":["Metamorphosis","Panache"],"picked":"Poisoned Strike","floor":42},{"not_picked":["Bandage Up","expansioncontent:DefensiveStance"],"picked":"Mind Blast","floor":42},{"not_picked":["Discovery","expansioncontent:Flail"],"picked":"Replay:Bootleg Shield Generator","floor":42},{"not_picked":["Shade:FleshToFlesh+1","Shade:FreshBones"],"picked":"Shade:Awaken+1","floor":45},{"not_picked":["Shade:ClawBack","Shade:WallOfFlesh+1"],"picked":"Shade:SensePrey","floor":46},{"not_picked":["Shade:PressTheAttack","Shade:ExtraLimbs"],"picked":"Shade:SensePrey","floor":48}],"player_experience":1379357,"relics_obtained":[{"floor":6,"key":"ReplayTheSpireMod:TigerMarble"},{"floor":9,"key":"Replay:Bottled Steam"},{"floor":20,"key":"Ring of Searing"},{"floor":20,"key":"ReplayTheSpireMod:Ring of Addiction"},{"floor":20,"key":"Potion Belt"},{"floor":20,"key":"SacredBark"},{"floor":22,"key":"Replay:Mystery Machine"},{"floor":23,"key":"Toy Ornithopter"},{"floor":26,"key":"Bronze Scales"},{"floor":27,"key":"PreservedInsect"},{"floor":41,"key":"Replay:Wax Seal"},{"floor":43,"key":"Bottled Flame"},{"floor":45,"key":"conspire:BottledYoYo"}],"event_choices":[{"damage_healed":0,"gold_gain":0,"player_choice":"Upgraded","damage_taken":0,"max_hp_gain":0,"max_hp_loss":0,"event_name":"Upgrade Shrine","floor":4,"gold_loss":0,"cards_upgraded":["Shade:SelfBurial"]},{"damage_healed":0,"gold_gain":0,"player_choice":"Box","damage_taken":0,"relics_obtained":["Chameleon Ring"],"max_hp_gain":0,"max_hp_loss":0,"event_name":"Big Fish","floor":11,"gold_loss":0,"cards_obtained":["Regret"]},{"cards_removed":["Shade:Defend_Shade"],"damage_healed":0,"gold_gain":0,"player_choice":"Took Card","damage_taken":0,"max_hp_gain":0,"max_hp_loss":0,"event_name":"NoteForYourself","floor":12,"gold_loss":0,"cards_obtained":["Defend_G"]},{"damage_healed":0,"gold_gain":2,"player_choice":"1","damage_taken":0,"max_hp_gain":0,"max_hp_loss":0,"event_name":"betterStone:BetterStone","floor":31,"gold_loss":0},{"damage_healed":0,"gold_gain":0,"player_choice":"Invest 2","damage_taken":0,"max_hp_gain":0,"max_hp_loss":0,"event_name":"conspire:Investor","floor":44,"gold_loss":0},{"cards_removed":["Shade:Awaken"],"damage_healed":0,"gold_gain":0,"player_choice":"Removed Skill","damage_taken":0,"max_hp_gain":0,"max_hp_loss":0,"event_name":"Falling","floor":47,"gold_loss":0}],"is_beta":false,"boss_relics":[{"not_picked":["ReplayTheSpireMod:DimensionalGlitch","Philosopher\u0027s Stone"],"picked":"conspire:SlowCooker"},{"not_picked":["Runic Dome","Calling Bell"],"picked":"conspire:RoyalGoblet"}],"items_purged_floors":[42],"is_endless":false,"potions_floor_spawned":[6,7,8,16,23,25,27,30,39,41,46,48],"killed_by":"conspire:OrnateMirror","ascension_level":0}}