{"host":"ks12kfi5c4d9hdxy","time":1607883822,"event":{"mods":["BaseMod","Conspire","GifTheSpireLib","HololiveMod","Koishi","LagranYue(拉格朗・月)","Marisa（F雨　魔理沙）","Minty Spire (QoL Compilation)","Reimu（博丽灵梦）","Remilia（蕾米莉亚）","Replay The Spire","RumiaBox-露米娅的神秘盒子","StSLib","SuperFastMode","The Administrix","The Servant 0.9.4","Youmu（魂魄妖梦）","Yuyuko","【功能Mod】混沌之环修复补丁","【功能Mod】聪明的最终Boss","篝火指南"],"gold_per_floor":[118,118,58,75,91,121,121,45,45,45,55,205,234,254,254,254,254],"floor_reached":16,"playtime":483,"items_purged":[],"score":236,"play_id":"7a99aad0-9e44-40a1-98fb-c722c91662ba","local_time":"20201214022342","is_ascension_mode":true,"campfire_choices":[{"data":"MasterSpark","floor":7.0,"key":"SMITH"},{"data":"UpSweep","floor":10.0,"key":"SMITH"},{"data":"EscapeVelocity","floor":15,"key":"SMITH"}],"circlet_count":0,"master_deck":["AscendersBane","Strike_MRS","Strike_MRS","Strike_MRS","Strike_MRS","Defend_MRS","Defend_MRS","Defend_MRS","Defend_MRS","MasterSpark+1","UpSweep+1","PropBag","DragonMeteor+1","FairyDestructionRay","ShootingEcho","SuperPerseids","SuperPerseids","Doubt","EscapeVelocity+1"],"relics":["MiniHakkero","LagranYue:RandomDrawCardRelic","Philosopher\u0027s Stone","ChewingGum","conspire:Flyswatter","Blood Vial","Mastiff:ReiMu","Mummified Hand"],"acts_visited":["Exordium"],"potions_floor_usage":[13,16,16],"damage_taken":[{"damage":0.0,"enemies":"Small Slimes","floor":1.0,"turns":3.0},{"damage":0.0,"enemies":"Cultist","floor":4.0,"turns":3.0},{"damage":8.0,"enemies":"Jaw Worm","floor":5.0,"turns":3.0},{"damage":32.0,"enemies":"Lagavulin","floor":6.0,"turns":6.0},{"damage":18.0,"enemies":"Exordium Thugs","floor":11.0,"turns":2.0},{"damage":12,"enemies":"Gremlin Nob","floor":13,"turns":2},{"damage":4,"enemies":"2 Fungi Beasts","floor":14,"turns":2},{"damage":33,"enemies":"Fading Forest","floor":16,"turns":7}],"seed_played":"-1114018689452376940","potions_obtained":[{"floor":2.0,"key":"Death Potion"},{"floor":2.0,"key":"FairyPotion"},{"floor":13,"key":"Adrenaline Potion"},{"floor":14,"key":"LiquidMemories"}],"is_trial":false,"path_per_floor":["M","?","$","M","M","E","R","$","T","R","M","?","E","M","R","B"],"character_chosen":"MARISA","items_purchased":["DragonMeteor+1","SuperPerseids"],"campfire_rested":0,"item_purchase_floors":[3,8],"current_hp_per_floor":[63,63,63,63,55,23,23,23,23,23,7,7,21,19,19,0,0],"gold":254,"neow_bonus":"DOUBLE_BOSS_RELIC","is_daily":false,"chose_seed":false,"campfire_upgraded":3,"win_rate":0.0,"timestamp":1607883822,"path_taken":["M","?","?","M","M","E","R","$","T","R","M","?","E","?","R","BOSS"],"items_purchased_type":["Card","Card"],"build_version":"2020-11-30","purchased_purges":0,"victory":false,"max_hp_per_floor":[70,70,70,70,70,70,70,70,70,70,70,70,70,70,70,70,70],"card_choices":[{"not_picked":["DoubleSpark","ChargingUp"],"picked":"PropBag","floor":1.0},{"not_picked":["DC","NonDirectionalLaser"],"picked":"FairyDestructionRay","floor":4.0},{"not_picked":["IllusionStar","Occultation","AsteroidBelt"],"picked":"SKIP","floor":5.0},{"not_picked":["Acceleration","SuperPerseids"],"picked":"ShootingEcho","floor":6.0},{"not_picked":["ManaRampage","GalacticHalo"],"picked":"SuperPerseids","floor":11.0},{"not_picked":["GalacticHalo","ShootTheMoon","UnstableBomb"],"picked":"SKIP","floor":13},{"not_picked":["ShootTheMoon","GravityBeat"],"picked":"EscapeVelocity","floor":14}],"player_experience":448416,"relics_obtained":[{"floor":6.0,"key":"conspire:Flyswatter"},{"floor":9.0,"key":"Blood Vial"},{"floor":13,"key":"Mastiff:ReiMu"}],"event_choices":[{"damage_healed":0.0,"max_hp_gain":0.0,"max_hp_loss":0.0,"gold_gain":0.0,"event_name":"Lab","player_choice":"Got Potions","floor":2.0,"gold_loss":0.0,"damage_taken":0.0},{"damage_healed":0.0,"max_hp_gain":0.0,"max_hp_loss":0.0,"gold_gain":150.0,"event_name":"Liars Game","player_choice":"AGREE","floor":12.0,"gold_loss":0.0,"damage_taken":0.0,"cards_obtained":["Doubt"]}],"is_beta":false,"boss_relics":[],"items_purged_floors":[],"is_endless":false,"potions_floor_spawned":[5,6,13,14],"killed_by":"Fading Forest","ascension_level":15}}