{"host":"xr9kfrtt7uxz0mdc","time":1607885427,"event":{"mods":["AchievementEnabler","BaseMod","Highlight Path","Minty Spire (QoL Compilation)"],"gold_per_floor":[115,33,51,326,129,156,156,168,239,269,282,312,87,102,102,206,206,223,236,236,69,69,69,83,57,57,57,57,73,73,85,85,85,85],"floor_reached":33,"playtime":2204,"items_purged":["Defend_B","Regret"],"score":255,"play_id":"64d4b086-e844-4df1-b881-5c3c6f8fc45f","local_time":"20201213195027","is_ascension_mode":false,"campfire_choices":[{"floor":7,"key":"REST"},{"floor":15,"key":"REST"},{"floor":23,"key":"REST"},{"floor":27,"key":"REST"},{"floor":30,"key":"REST"},{"floor":32,"key":"REST"}],"circlet_count":0,"master_deck":["Zap+1","Dualcast","Leap","Doom and Gloom","Doom and Gloom","Redo","Conserve Battery","Conserve Battery","Capacitor","BootSequence","Skim","Electrodynamics","Defragment","Redo","Fission","Sunder","Stack","Barrage","Darkness","Reinforced Body","Leap","Streamline+1"],"relics":["Cracked Core","War Paint","Blood Vial","Question Card","Odd Mushroom","Pen Nib","Pandora\u0027s Box","Enchiridion","StoneCalendar","Sundial"],"acts_visited":["Exordium","TheCity"],"potions_floor_usage":[33,33],"damage_taken":[{"damage":0,"enemies":"Cultist","floor":1,"turns":4},{"damage":8,"enemies":"Small Slimes","floor":3,"turns":2},{"damage":21,"enemies":"3 Sentries","floor":6,"turns":4},{"damage":8,"enemies":"Jaw Worm","floor":8,"turns":3},{"damage":3,"enemies":"The Mushroom Lair","floor":10,"turns":2},{"damage":1,"enemies":"2 Fungi Beasts","floor":11,"turns":2},{"damage":14,"enemies":"Gremlin Nob","floor":12,"turns":4},{"damage":0,"enemies":"Blue Slaver","floor":14,"turns":3},{"damage":44,"enemies":"Slime Boss","floor":16,"turns":9},{"damage":23,"enemies":"Chosen","floor":18,"turns":5},{"damage":22,"enemies":"3 Byrds","floor":19,"turns":4},{"damage":22,"enemies":"Snake Plant","floor":24,"turns":7},{"damage":18,"enemies":"Centurion and Healer","floor":29,"turns":5},{"damage":29,"enemies":"Snecko","floor":31,"turns":6},{"damage":44,"enemies":"Champ","floor":33,"turns":9}],"seed_played":"795332191835185748","potions_obtained":[{"floor":8,"key":"FearPotion"},{"floor":12,"key":"DuplicationPotion"},{"floor":14,"key":"SkillPotion"},{"floor":16,"key":"Dexterity Potion"},{"floor":29,"key":"EntropicBrew"}],"is_trial":false,"path_per_floor":["M","$","M","?","$","E","R","M","T","?","M","E","$","M","R","B",null,"M","M","?","$","?","R","M","$","T","R","?","M","R","M","R","B"],"character_chosen":"DEFECT","items_purchased":["Doom and Gloom","Redo","War Paint","Capacitor","BootSequence","Reinforced Body","Leap"],"campfire_rested":6,"item_purchase_floors":[2,5,5,13,13,21,25],"current_hp_per_floor":[75,75,67,67,67,46,68,62,62,61,62,50,50,52,74,31,75,52,32,16,16,16,38,18,18,18,40,40,24,46,19,41,0,0],"gold":85,"neow_bonus":"THREE_CARDS","is_daily":false,"chose_seed":false,"campfire_upgraded":0,"win_rate":0.0,"timestamp":1607885427,"path_taken":["M","$","?","?","$","E","R","?","T","?","M","E","$","M","R","BOSS","M","M","?","$","?","R","?","$","T","R","?","M","R","M","R","BOSS"],"items_purchased_type":["Card","Card","Relic","Card","Card","Card","Card"],"build_version":"2020-11-30","purchased_purges":2,"victory":false,"max_hp_per_floor":[75,75,75,75,75,75,75,75,75,75,75,75,75,75,75,75,75,75,75,75,75,75,75,75,75,75,75,75,75,75,75,75,75,75],"card_choices":[{"not_picked":["Compile Driver","Go for the Eyes"],"picked":"Leap","floor":0},{"not_picked":["Ball Lightning","Sweeping Beam"],"picked":"Doom and Gloom","floor":1},{"not_picked":["Sweeping Beam","Cold Snap","Heatsinks"],"picked":"SKIP","floor":3},{"not_picked":["Doom and Gloom","Glacier","FTL"],"picked":"SKIP","floor":6},{"not_picked":["Chill","Stack"],"picked":"Conserve Battery","floor":8},{"not_picked":["Sunder","Stack","Beam Cell","Blizzard"],"picked":"SKIP","floor":11},{"not_picked":["Hologram","Force Field","Turbo"],"picked":"Conserve Battery","floor":12},{"not_picked":["Hologram","Conserve Battery","Buffer","Stack"],"picked":"SKIP","floor":14},{"not_picked":["Sweeping Beam","Aggregate","Steam"],"picked":"Barrage","floor":18},{"not_picked":["Coolheaded","Barrage","Blizzard+1"],"picked":"Darkness","floor":19},{"not_picked":["Coolheaded+1","Reprogram","Gash","Cold Snap+1"],"picked":"SKIP","floor":24},{"not_picked":["Fusion","Turbo","FTL"],"picked":"Streamline+1","floor":29},{"not_picked":["Blizzard","Melter+1","Gash+1","Aggregate"],"picked":"SKIP","floor":31}],"player_experience":73127,"relics_obtained":[{"floor":6,"key":"Blood Vial"},{"floor":9,"key":"Question Card"},{"floor":10,"key":"Odd Mushroom"},{"floor":12,"key":"Pen Nib"},{"floor":20,"key":"Enchiridion"},{"floor":26,"key":"Sundial"}],"event_choices":[{"damage_healed":0,"gold_gain":275,"player_choice":"Desecrate","damage_taken":0,"max_hp_gain":0,"max_hp_loss":0,"event_name":"Golden Shrine","floor":4,"gold_loss":0,"cards_obtained":["Regret"]},{"damage_healed":0,"gold_gain":0,"player_choice":"Fought Mushrooms","damage_taken":0,"max_hp_gain":0,"max_hp_loss":0,"event_name":"Mushrooms","floor":10,"gold_loss":0},{"damage_healed":0,"gold_gain":0,"player_choice":"Obtained Book","damage_taken":16,"max_hp_gain":0,"max_hp_loss":0,"event_name":"Cursed Tome","floor":20,"gold_loss":0},{"damage_healed":0,"gold_gain":0,"player_choice":"Gave Potion","damage_taken":0,"relics_obtained":["StoneCalendar"],"max_hp_gain":0,"max_hp_loss":0,"event_name":"WeMeetAgain","floor":22,"gold_loss":0},{"damage_healed":0,"gold_gain":0,"player_choice":"Ignored","damage_taken":0,"max_hp_gain":0,"max_hp_loss":0,"event_name":"Ghosts","floor":28,"gold_loss":0}],"is_beta":false,"boss_relics":[{"not_picked":["Inserter","Philosopher\u0027s Stone"],"picked":"Pandora\u0027s Box"}],"items_purged_floors":[13,21],"is_endless":false,"potions_floor_spawned":[8,12,14,16,18,29,31],"killed_by":"Champ","ascension_level":0}}