{"host":"mli1kjx8eh35fx4e","time":1607884317,"event":{"mods":["2.2 Compatiblity","Act Like it!","Aspiration","BaseMod","Better Altar","Better Match","Better Note","Better Sensory Stone","Better Skull","Better Third Choice","BetterRewards","CCEM","Colored Map","Conspire","Downfall","Elementarium","Gensokyo","GifTheSpireLib","Googly Eyes","Halation","Hallownest","Hermit","Hubris","Infinite Spire","Jedi Mod","JesterMod","Jorbs\u0027s Wanderer Trilogy","Mimic Mod","Minty Spire (QoL Compilation)","Pale of the Ancients","Permanent Neow","Railgun Mod","Replay The Spire","Robot Space Explorer","Shade Mod","Shop Mod","Spicy Shops","StSLib","Strawberry Spire","Stuff the Spire","SuperFastMode","The Blackbeard","The Bug Knight","The Cursed","The Death Knight","The Hierophant","The Jungle","The Necromancer","The Problem Sleuth","The Witch","[IsaacMod]????"],"gold_per_floor":[211,211,11,11,311,311,344,56,93,93,113,113,130,130,130,230,230,243,243,260,277,33,64,64,364,395,495,495,495,495,510,510,510,510,510],"floor_reached":33,"playtime":5462,"items_purged":["Decay","theSleuth:Ignore"],"score":309,"play_id":"2bb9120e-67f4-4139-8e2d-470b56738331","local_time":"20201213133157","is_ascension_mode":false,"campfire_choices":[{"data":"theSleuth:ThinkAhead","floor":6,"key":"SMITH"},{"floor":15,"key":"REST"},{"floor":30,"key":"REST"},{"floor":32,"key":"REST"}],"circlet_count":0,"master_deck":["theSleuth:Strike","theSleuth:Strike","theSleuth:Strike","theSleuth:Strike","theSleuth:Defend","theSleuth:Defend","theSleuth:Defend","theSleuth:KeyHandgun","theSleuth:TakeInventory","theSleuth:Diplomacy","theSleuth:CandyCorn","theSleuth:ThinkAhead+1","theSleuth:TruffleTrouble+1","theSleuth:CharismaBlast","theSleuth:KeyringTommygun","theSleuth:Frijolaegis","theSleuth:Supermassive+1","theSleuth:PezUzi","theSleuth:FlaskOfWhiskey","theSleuth:Pepperminthryl"],"relics":["theSleuth:Typewriter","HushsDoor","DoctorsRemote","Hallownest:DreamNailRelic","DeathBook","halation:EternalFortune","CCEMRelics:TinyMinotavrHorn","MerchantsRug","aspiration:Nostalgia","infinitespire:DarkRift","aspiration:ArtOfWarUpgrade","halation:PinkSoulGem","halation:Prosthetics","strawberrySpire:ShipInABottle","hubris:Icosahedron"],"acts_visited":["Hallownest:Greenpath","theJungle:Jungle"],"potions_floor_usage":[7,9,16,18,26,26,26],"damage_taken":[{"damage":4,"enemies":"Hallownest:2_MossCreeps","floor":1,"turns":6},{"damage":30,"enemies":"Hallownest:eliteMossKnight","floor":7,"turns":10},{"damage":0,"enemies":"2_ Uuma","floor":9,"turns":7},{"damage":0,"enemies":"2_ Uuma","floor":11,"turns":5},{"damage":0,"enemies":"Hallownest:monsterHuskGuard","floor":13,"turns":2},{"damage":0,"enemies":"Hallownest:monsterAspidMother","floor":14,"turns":4},{"damage":17,"enemies":"Hallownest:BossFalseKnight","floor":16,"turns":7},{"damage":7,"enemies":"Shell Parasite","floor":18,"turns":5},{"damage":25,"enemies":"theJungle:MUSHROOMGANG","floor":20,"turns":5},{"damage":8,"enemies":"theJungle:2_Snecko_Cultists","floor":21,"turns":5},{"damage":0,"enemies":"theJungle:2_Phrogs","floor":23,"turns":1},{"damage":0,"enemies":"theJungle:Snecko_Cultist_And_Trap","floor":26,"turns":3},{"damage":17,"enemies":"theJungle:Snecko_Cultist_And_Trap","floor":31,"turns":8},{"damage":46,"enemies":"theJungle:TotemBoss","floor":33,"turns":4}],"seed_played":"-7034520097709175047","potions_obtained":[{"floor":1,"key":"champ:CounterPotion"},{"floor":7,"key":"sneckomod:MuddlingPotion"},{"floor":13,"key":"jedi:tentaclejuice"},{"floor":16,"key":"Fire Potion"},{"floor":21,"key":"SteroidPotion"}],"is_trial":false,"path_per_floor":["M","?","$","?","?","R","E","$","MIM","?","M","R","M","M","R","B",null,"M","?","M","M","$","E","R","?","MIM","?","?","?","R","M","R","B"],"character_chosen":"THE_sleuth","items_purchased":["DeathBook","theSleuth:ThinkAhead","MerchantsRug","aspiration:Nostalgia","Regen Potion"],"campfire_rested":3,"item_purchase_floors":[3,3,8,8,22],"current_hp_per_floor":[69,69,69,72,72,72,45,45,45,45,45,45,45,45,68,51,44,37,37,12,7,7,7,7,7,34,34,34,34,47,30,44,0,0,0],"gold":510,"neow_bonus":"HUNDRED_GOLD","is_daily":false,"chose_seed":false,"campfire_upgraded":1,"win_rate":0.0,"timestamp":1607884317,"path_taken":["M","?","$","?","?","R","E","$","MIM","?","M","R","M","M","R","BOSS","M","?","M","M","$","E","R","?","MIM","?","?","?","R","M","R","BOSS"],"items_purchased_type":["Relic","Card","Relic","Relic","Potion"],"build_version":"2020-11-30","purchased_purges":2,"victory":false,"max_hp_per_floor":[73,73,73,76,76,76,79,79,79,79,79,79,79,79,79,79,44,44,44,44,47,47,47,47,47,47,47,47,47,47,47,47,47,47,47],"card_choices":[{"not_picked":["theSleuth:CandidBullets","theSleuth:Fortify"],"picked":"theSleuth:CandyCorn","floor":1},{"not_picked":["theSleuth:RetainReturn","theSleuth:TripleScuffle"],"picked":"theSleuth:TruffleTrouble","floor":7},{"not_picked":["theSleuth:ThinkAhead","theSleuth:BiteHardly"],"picked":"theSleuth:CharismaBlast","floor":9},{"not_picked":["theSleuth:WilsonBust","theSleuth:CandyLeather"],"picked":"theSleuth:KeyringTommygun","floor":11},{"not_picked":["theSleuth:KingpinBust","theSleuth:BellyOTheWhale"],"picked":"theSleuth:Frijolaegis","floor":13},{"not_picked":["theSleuth:Unscale","theSleuth:VictoryPose"],"picked":"theSleuth:OpportunityCost","floor":14},{"not_picked":["theSleuth:HairpinMachinegun","theSleuth:LeverageHeight"],"picked":"theSleuth:Supermassive","floor":16},{"not_picked":["theSleuth:Ogle","theSleuth:Unscale"],"picked":"theSleuth:Ignore","floor":18},{"not_picked":["theSleuth:FoolPlate","theSleuth:ForceDeck","theSleuth:TorsoFlail"],"picked":"SKIP","floor":20},{"not_picked":["theSleuth:VictoryPose+1","theSleuth:Ogle"],"picked":"theSleuth:PezUzi","floor":21},{"not_picked":["theSleuth:RetainReturn","theSleuth:Conjure","theSleuth:Pepperminthryl+1"],"picked":"SKIP","floor":23},{"not_picked":["theSleuth:HeroBust","theSleuth:BenStillerBust+1"],"picked":"theSleuth:FlaskOfWhiskey","floor":26},{"not_picked":["theSleuth:VictoryPose+1","theSleuth:BellyOTheWhale+1"],"picked":"theSleuth:Pepperminthryl","floor":31}],"player_experience":537283,"relics_obtained":[{"floor":7,"key":"halation:EternalFortune"},{"floor":7,"key":"CCEMRelics:TinyMinotavrHorn"},{"floor":9,"key":"Art of War"},{"floor":21,"key":"halation:EternalFortune"},{"floor":23,"key":"strawberrySpire:ShipInABottle"}],"event_choices":[{"damage_healed":0,"gold_gain":0,"player_choice":"Upgraded","damage_taken":0,"max_hp_gain":0,"max_hp_loss":0,"event_name":"Upgrade Shrine","floor":19,"gold_loss":0,"cards_upgraded":["theSleuth:Supermassive"]},{"damage_healed":0,"gold_gain":100,"player_choice":"Pray","damage_taken":0,"max_hp_gain":0,"max_hp_loss":0,"event_name":"Golden Shrine","floor":27,"gold_loss":0},{"damage_healed":0,"gold_gain":0,"player_choice":"Ignored","damage_taken":0,"max_hp_gain":0,"max_hp_loss":0,"event_name":"Purifier","floor":28,"gold_loss":0}],"is_beta":false,"boss_relics":[{"not_picked":["jesterMod:MachoBrace","StuffTheSpire:RunicHypercube"],"picked":"halation:Prosthetics"},{"not_picked":[]}],"items_purged_floors":[3,22],"is_endless":false,"potions_floor_spawned":[1,7,13,16,21],"killed_by":"theJungle:TotemBoss","ascension_level":0}}