{"host":"gk5m6v7zec9neb0j","time":1607852685,"event":{"mods":["AchievementEnabler","AlwaysNeverKeys","BaseMod","BetterRewards","Block Reminder","Minty Spire (QoL Compilation)","Rare Cards Sparkle","Relic Stats","StSLib"],"gold_per_floor":[113,125,2,16,16,16,91,91,115,132,207,218,232,64,64,165,165,179,191,208,9,26,26,52,151,151,151,168,188,198,61,61,164,164,175,175,175,175,175,175,63,79,79,7,20,38,38,38,38,38,38],"floor_reached":50,"playtime":1961,"items_purged":["Strike_B","Strike_B","Strike_B"],"score":604,"play_id":"5db14946-ad67-4ab9-ae9e-106fbef5ce2f","local_time":"20201213044445","is_ascension_mode":false,"campfire_choices":[{"floor":6.0,"key":"REST"},{"floor":8.0,"key":"REST"},{"floor":15.0,"key":"REST"},{"data":"Defragment","floor":23.0,"key":"SMITH"},{"floor":32.0,"key":"REST"},{"data":"Fission","floor":40.0,"key":"SMITH"},{"floor":47.0,"key":"REST"},{"floor":49.0,"key":"REST"}],"circlet_count":0,"master_deck":["Strike_B","Defend_B","Defend_B","Defend_B","Defend_B","Zap","Dualcast","Coolheaded","Conserve Battery","Sweeping Beam","Gash","Go for the Eyes","Loop","Turbo","Defragment+1","Reinforced Body","Gash","Multi-Cast","Beam Cell","FTL","Conserve Battery+1","Core Surge","Fission+1","Defragment","Outmaneuver+1","Blade Dance"],"relics":["Cracked Core","Ice Cream","Kunai","Calipers","Ginger","Happy Flower","Sozu","Membership Card","Lantern","Bottled Tornado","Ancient Tea Set","Chemical X","Black Star","PrismaticShard","Orrery"],"acts_visited":["Exordium","TheCity","TheBeyond"],"potions_floor_usage":[],"damage_taken":[{"damage":0.0,"enemies":"Small Slimes","floor":1.0,"turns":4.0},{"damage":3.0,"enemies":"2 Louse","floor":2.0,"turns":2.0},{"damage":0.0,"enemies":"Cultist","floor":4.0,"turns":4.0},{"damage":0.0,"enemies":"Large Slime","floor":10.0,"turns":5.0},{"damage":9.0,"enemies":"Exordium Wildlife","floor":12.0,"turns":5.0},{"damage":6.0,"enemies":"Gremlin Gang","floor":13.0,"turns":4.0},{"damage":36.0,"enemies":"Slime Boss","floor":16.0,"turns":13.0},{"damage":2.0,"enemies":"Spheric Guardian","floor":18.0,"turns":4.0},{"damage":5.0,"enemies":"3 Byrds","floor":19.0,"turns":3.0},{"damage":7.0,"enemies":"Centurion and Healer","floor":20.0,"turns":6.0},{"damage":5.0,"enemies":"Cultist and Chosen","floor":22.0,"turns":6.0},{"damage":13.0,"enemies":"Gremlin Leader","floor":24.0,"turns":8.0},{"damage":20.0,"enemies":"Snake Plant","floor":28.0,"turns":6.0},{"damage":6.0,"enemies":"Shelled Parasite and Fungi","floor":29.0,"turns":6.0},{"damage":9.0,"enemies":"Centurion and Healer","floor":30.0,"turns":7.0},{"damage":11.0,"enemies":"Automaton","floor":33.0,"turns":18.0},{"damage":11.0,"enemies":"3 Darklings","floor":35.0,"turns":10.0},{"damage":10.0,"enemies":"Orb Walker","floor":42.0,"turns":2.0},{"damage":35.0,"enemies":"Transient","floor":45.0,"turns":5.0},{"damage":18.0,"enemies":"Sphere and 2 Shapes","floor":46.0,"turns":11.0},{"damage":47,"enemies":"Awakened One","floor":50,"turns":3}],"seed_played":"5893176596386902742","potions_obtained":[{"floor":1.0,"key":"EssenceOfSteel"},{"floor":16.0,"key":"PowerPotion"}],"is_trial":false,"path_per_floor":["M","M","$","M","?","R","?","R","T","M","?","M","M","$","R","B",null,"M","M","M","$","M","R","E","?","T","T","M","M","M","$","R","B",null,"M","?","?","?","$","R","$","M","T","$","M","M","R","$","R","B"],"character_chosen":"DEFECT","items_purchased":["Kunai","Calipers","Coolheaded","Sweeping Beam","Defragment","Reinforced Body","Gash","Membership Card","Chemical X","Defragment","PrismaticShard","Orrery"],"campfire_rested":6,"item_purchase_floors":[0,0,0,3,14,14,14,21,31,41,41,44],"current_hp_per_floor":[29,26,26,26,26,48,37,59,59,59,52,43,37,37,59,23,75,73,68,61,61,56,56,43,43,43,43,23,17,8,8,30,19,75,64,64,64,64,64,64,64,54,54,54,19,1,23,23,45,0,0],"gold":38,"neow_bonus":"","is_daily":false,"chose_seed":false,"campfire_upgraded":2,"win_rate":0.0,"timestamp":1607852685,"path_taken":["M","M","$","M","?","R","?","R","T","M","?","M","?","$","R","BOSS","M","M","M","$","M","R","E","?","T","?","M","?","M","$","R","BOSS","M","?","?","?","?","R","$","M","T","?","M","M","R","$","R","BOSS"],"items_purchased_type":["Relic","Relic","Card","Card","Card","Card","Card","Relic","Relic","Card","Relic","Relic"],"build_version":"2020-11-30","purchased_purges":3,"victory":false,"max_hp_per_floor":[75,75,75,75,75,75,75,75,75,75,75,75,75,75,75,75,75,75,75,75,75,75,75,75,75,75,75,75,75,75,75,75,75,75,75,75,75,75,75,75,75,75,75,75,75,75,75,75,75,75,75],"relic_stats":{"Sozu":1,"Happy Flower":[40],"counters":[461,2437],"Black Star":0,"Kunai":[29],"Ginger":[20],"Chemical X":[19],"obtain_stats":[{"Whetstone":46,"Ginger":28,"Bottled Tornado":37,"Boot":17,"FrozenCore":17,"Blood Vial":53,"Sundial":7,"Necronomicon":31,"Kunai":17,"Pear":55,"Akabeko":29,"Cables":43,"SlaversCollar":34,"Bird Faced Urn":0,"MutagenicStrength":29,"StrikeDummy":9,"Unceasing Top":44,"Lantern":30,"Regal Pillow":45,"Torii":17,"Singing Bowl":31,"Bag of Preparation":43,"Smiling Mask":9,"Cursed Key":17,"Ancient Tea Set":43,"Shovel":0,"Matryoshka":0,"WingedGreaves":30,"Chemical X":11,"InkBottle":17,"Potion Belt":26,"Inserter":34,"Golden Idol":3,"Thread and Needle":0,"PreservedInsect":43,"Omamori":46,"Frozen Egg 2":0,"MawBank":24,"Nuclear Battery":34,"Busted Crown":34,"Ornamental Fan":42,"Bloody Idol":21,"Orrery":0,"Turnip":41,"Art of War":41,"Bottled Lightning":11,"Ice Cream":27,"Mark of the Bloom":46,"Calipers":39,"Gremlin Horn":12,"Nilry\u0027s Codex":27,"CeramicFish":26,"Vajra":12,"Runic Capacitor":0,"Sozu":34,"Centennial Puzzle":9,"Lizard Tail":0,"HornCleat":43,"FaceOfCleric":20,"DollysMirror":53,"Strawberry":0,"Prayer Wheel":0,"Toxic Egg 2":0,"Girya":0,"Happy Flower":17,"Dead Branch":0,"Oddly Smooth Stone":10,"War Paint":25,"Question Card":43,"WarpedTongs":0,"Du-Vu Doll":10,"OrangePellets":0,"Bottled Flame":54,"Shuriken":3,"Bronze Scales":29,"Molten Egg 2":17,"Black Star":34,"Symbiotic Virus":9,"Pocketwatch":54,"Meat on the Bone":9,"SacredBark":34,"Mango":43,"Juzu Bracelet":20,"Incense Burner":43,"Empty Cage":17,"PrismaticShard":41,"ClockworkSouvenir":20,"Frozen Eye":11,"Nunchaku":55,"Emotion Chip":6,"Dream Catcher":9,"Mummified Hand":26,"Pantograph":52,"Gambling Chip":0,"Tiny Chest":26,"Red Mask":38,"Cracked Core":0,"Runic Pyramid":17,"Orichalcum":9,"Calling Bell":17,"Peace Pipe":17,"Strange Spoon":21,"DataDisk":23,"Anchor":9,"Bag of Marbles":9,"Membership Card":22,"TungstenRod":8,"FossilizedHelix":0},{"Whetstone":86,"Ginger":148,"Bottled Tornado":83,"Boot":73,"FrozenCore":144,"Blood Vial":254,"Sundial":261,"Necronomicon":105,"Kunai":73,"Pear":184,"Akabeko":79,"Cables":179,"SlaversCollar":150,"Bird Faced Urn":91,"MutagenicStrength":104,"StrikeDummy":237,"Unceasing Top":132,"Lantern":149,"Regal Pillow":252,"Torii":99,"Singing Bowl":175,"Bag of Preparation":291,"Smiling Mask":187,"Cursed Key":190,"Ancient Tea Set":360,"Shovel":91,"Matryoshka":214,"WingedGreaves":105,"Chemical X":69,"InkBottle":99,"Potion Belt":124,"Inserter":128,"Golden Idol":186,"Thread and Needle":91,"PreservedInsect":85,"Omamori":435,"Frozen Egg 2":63,"MawBank":77,"Nuclear Battery":106,"Busted Crown":287,"Ornamental Fan":108,"Bloody Idol":348,"Orrery":63,"Turnip":108,"Art of War":179,"Bottled Lightning":262,"Ice Cream":103,"Mark of the Bloom":110,"Calipers":84,"Gremlin Horn":96,"Nilry\u0027s Codex":124,"CeramicFish":172,"Vajra":188,"Runic Capacitor":160,"Sozu":81,"Centennial Puzzle":95,"Lizard Tail":114,"HornCleat":131,"FaceOfCleric":211,"DollysMirror":135,"Strawberry":185,"Prayer Wheel":63,"Toxic Egg 2":137,"Girya":185,"Happy Flower":347,"Dead Branch":91,"Oddly Smooth Stone":207,"War Paint":103,"Question Card":155,"WarpedTongs":185,"Du-Vu Doll":96,"OrangePellets":91,"Bottled Flame":318,"Shuriken":115,"Bronze Scales":173,"Molten Egg 2":347,"Black Star":456,"Symbiotic Virus":217,"Pocketwatch":113,"Meat on the Bone":343,"SacredBark":197,"Mango":337,"Juzu Bracelet":75,"Incense Burner":108,"Empty Cage":120,"PrismaticShard":457,"ClockworkSouvenir":192,"Frozen Eye":391,"Nunchaku":90,"Emotion Chip":117,"Dream Catcher":164,"Mummified Hand":77,"Pantograph":112,"Gambling Chip":114,"Tiny Chest":194,"Red Mask":178,"Cracked Core":0,"Runic Pyramid":303,"Orichalcum":118,"Calling Bell":73,"Peace Pipe":73,"Strange Spoon":75,"DataDisk":102,"Anchor":390,"Bag of Marbles":68,"Membership Card":102,"TungstenRod":141,"FossilizedHelix":295},{"Whetstone":392,"Ginger":722,"Bottled Tornado":372,"Boot":315,"FrozenCore":705,"Blood Vial":1363,"Sundial":1401,"Necronomicon":486,"Kunai":315,"Pear":963,"Akabeko":350,"Cables":901,"SlaversCollar":736,"Bird Faced Urn":436,"MutagenicStrength":482,"StrikeDummy":1251,"Unceasing Top":642,"Lantern":727,"Regal Pillow":1350,"Torii":466,"Singing Bowl":874,"Bag of Preparation":1576,"Smiling Mask":978,"Cursed Key":993,"Ancient Tea Set":1954,"Shovel":436,"Matryoshka":1129,"WingedGreaves":486,"Chemical X":295,"InkBottle":466,"Potion Belt":572,"Inserter":623,"Golden Idol":976,"Thread and Needle":436,"PreservedInsect":383,"Omamori":2280,"Frozen Egg 2":274,"MawBank":340,"Nuclear Battery":493,"Busted Crown":1558,"Ornamental Fan":500,"Bloody Idol":1884,"Orrery":274,"Turnip":500,"Art of War":901,"Bottled Lightning":1407,"Ice Cream":479,"Mark of the Bloom":508,"Calipers":375,"Gremlin Horn":455,"Nilry\u0027s Codex":572,"CeramicFish":855,"Vajra":981,"Runic Capacitor":787,"Sozu":365,"Centennial Puzzle":449,"Lizard Tail":530,"HornCleat":637,"FaceOfCleric":1108,"DollysMirror":658,"Strawberry":973,"Prayer Wheel":274,"Toxic Egg 2":675,"Girya":973,"Happy Flower":1880,"Dead Branch":436,"Oddly Smooth Stone":1077,"War Paint":479,"Question Card":753,"WarpedTongs":973,"Du-Vu Doll":455,"OrangePellets":436,"Bottled Flame":1748,"Shuriken":533,"Bronze Scales":863,"Molten Egg 2":1880,"Black Star":2406,"Symbiotic Virus":1138,"Pocketwatch":517,"Meat on the Bone":1852,"SacredBark":1024,"Mango":1832,"Juzu Bracelet":323,"Incense Burner":500,"Empty Cage":556,"PrismaticShard":2416,"ClockworkSouvenir":999,"Frozen Eye":2094,"Nunchaku":433,"Emotion Chip":541,"Dream Catcher":800,"Mummified Hand":340,"Pantograph":515,"Gambling Chip":530,"Tiny Chest":1005,"Red Mask":896,"Cracked Core":0,"Runic Pyramid":1643,"Orichalcum":543,"Calling Bell":315,"Peace Pipe":315,"Strange Spoon":323,"DataDisk":476,"Anchor":2091,"Bag of Marbles":293,"Membership Card":476,"TungstenRod":690,"FossilizedHelix":1608}]},"card_choices":[{"not_picked":["Sweeping Beam","Turbo"],"picked":"Conserve Battery","floor":1.0},{"not_picked":["Static Discharge","Darkness","Steam Power"],"picked":"SKIP","floor":2.0},{"not_picked":["Ball Lightning","Go for the Eyes"],"picked":"Gash","floor":4.0},{"not_picked":["Storm","Blizzard"],"picked":"Go for the Eyes","floor":10.0},{"not_picked":["Heatsinks","Redo"],"picked":"Loop","floor":12.0},{"not_picked":["Stack","Rebound"],"picked":"Turbo","floor":13.0},{"not_picked":["Reboot","Hyperbeam"],"picked":"Multi-Cast","floor":16.0},{"not_picked":["Turbo+1","Go for the Eyes"],"picked":"Beam Cell","floor":18.0},{"not_picked":["Barrage+1","Gash"],"picked":"FTL","floor":19.0},{"not_picked":["Undo","Chaos+1"],"picked":"Conserve Battery+1","floor":20.0},{"not_picked":["Steam Power","Turbo","Rebound+1"],"picked":"SKIP","floor":22.0},{"not_picked":["Hello World","Leap+1"],"picked":"Core Surge","floor":24.0},{"not_picked":["Auto Shields+1","Leap","Steam"],"picked":"SKIP","floor":28.0},{"not_picked":["Darkness","Hello World","Beam Cell"],"picked":"SKIP","floor":29.0},{"not_picked":["Sweeping Beam+1","Static Discharge","Ball Lightning"],"picked":"SKIP","floor":30.0},{"not_picked":["Core Surge","Thunder Strike"],"picked":"Fission","floor":33.0},{"not_picked":["Aggregate","Ball Lightning+1","Static Discharge"],"picked":"SKIP","floor":35.0},{"not_picked":["Meditate+1","Pommel Strike","Glacier"],"picked":"SKIP","floor":42.0},{"not_picked":["Iron Wave+1","Sanctity+1"],"picked":"Outmaneuver+1","floor":44.0},{"not_picked":["Sanctity+1","Deflect"],"picked":"Blade Dance","floor":45.0},{"not_picked":["Swift Strike","Sweeping Beam","CrushJoints+1"],"picked":"SKIP","floor":46.0}],"player_experience":669520,"relics_obtained":[{"floor":9.0,"key":"Happy Flower"},{"floor":24.0,"key":"Lantern"},{"floor":26.0,"key":"Bottled Tornado"},{"floor":27.0,"key":"Ancient Tea Set"}],"event_choices":[{"damage_healed":0.0,"max_hp_gain":0.0,"max_hp_loss":0.0,"gold_gain":0.0,"event_name":"Golden Idol","player_choice":"Ignored","floor":5.0,"gold_loss":0.0,"damage_taken":0.0},{"damage_healed":0.0,"max_hp_gain":0.0,"max_hp_loss":0.0,"gold_gain":75.0,"event_name":"World of Goop","player_choice":"Gather Gold","floor":7.0,"gold_loss":0.0,"damage_taken":11.0},{"damage_healed":0.0,"max_hp_gain":0.0,"max_hp_loss":0.0,"gold_gain":75.0,"event_name":"FaceTrader","player_choice":"Touch","floor":11.0,"gold_loss":0.0,"damage_taken":7.0},{"damage_healed":0.0,"max_hp_gain":0.0,"max_hp_loss":0.0,"gold_gain":99.0,"event_name":"Nest","player_choice":"Stole From Cult","floor":25.0,"gold_loss":0.0,"damage_taken":0.0},{"damage_healed":0.0,"max_hp_gain":0.0,"max_hp_loss":0.0,"gold_gain":0.0,"event_name":"SensoryStone","player_choice":"Memory 1","floor":36.0,"gold_loss":0.0,"damage_taken":0.0},{"damage_healed":0.0,"max_hp_gain":0.0,"max_hp_loss":0.0,"gold_gain":0.0,"event_name":"Mysterious Sphere","player_choice":"Ignored","floor":37.0,"gold_loss":0.0,"damage_taken":0.0},{"damage_healed":0.0,"max_hp_gain":0.0,"max_hp_loss":0.0,"gold_gain":0.0,"event_name":"Tomb of Lord Red Mask","player_choice":"Ignored","floor":38.0,"gold_loss":0.0,"damage_taken":0.0}],"is_beta":false,"boss_relics":[{"not_picked":["Coffee Dripper","Fusion Hammer"],"picked":"Sozu"},{"not_picked":["Runic Dome","Busted Crown"],"picked":"Black Star"}],"items_purged_floors":[3,21,31],"is_endless":false,"potions_floor_spawned":[1,2,12,16,19,22,29,35,42],"killed_by":"Awakened One","ascension_level":0}}