{"host":"oumbqh1z6oj8ya5w","time":1607898482,"event":{"mods":["A Magickal Journey","AchievementEnabler","Act Like it!","Aspiration","Astrologer","BaseMod","Better Note","Conjunction","Gensokyo","Googly Eyes","Hallownest","Hyrulean Relics","Jedi Mod","Koishi","Marisa????????","Minty Spire (QoL Compilation)","Pale of the Ancients","Rare Cards Sparkle","Reimu??????","SCP261 Mod","SacredBarkPlus","StSLib","The Bladedancer","The Blue Laboratory","The Bug Knight","The Death Knight","The Forsaken","The Servant 0.9.4","The Spell Scribe","Uncapped"],"gold_per_floor":[13,27,37,56,83,128,128,8,8,8,8,8,53,72,72,72,72],"floor_reached":16,"playtime":580,"items_purged":[],"score":197,"play_id":"d55b54e8-40b7-4ea7-8caa-7805a9716cce","local_time":"20201213222802","is_ascension_mode":true,"campfire_choices":[{"floor":7,"key":"REST"},{"floor":12,"key":"REST"},{"floor":15,"key":"REST"}],"circlet_count":0,"master_deck":["AscendersBane","Strike_MRS","Strike_MRS","Strike_MRS","Strike_MRS","MasterSpark","UpSweep","BinaryStars","DoubleSpark","PowerUp","WitchOfGreed","ChargeUpSpray","PowerUp","MilkyWay","SuperNova","ShootingEcho","Hallownest:skillSlugHide","Hallownest:skillSlugHide","Hallownest:skillSlugHide","Hallownest:skillSlugHide","Hallownest:skillSlugHide","DeepEcoloBomb","MysteriousBeam","OrrerysSun"],"relics":["MiniHakkero","aspiration:HummingbirdHeart","HollowMod:StagPassRelic","Dream Catcher"],"acts_visited":["Exordium"],"potions_floor_usage":[5,6,16],"damage_taken":[{"damage":17,"enemies":"Hallownest:monsterHuskGuard","floor":1,"turns":5},{"damage":10,"enemies":"Hallownest:2_MossCreeps","floor":2,"turns":3},{"damage":3,"enemies":"Hallownest:monsterHuskWarrior","floor":3,"turns":3},{"damage":0,"enemies":"Hallownest:monsterMossCharger","floor":4,"turns":2},{"damage":0,"enemies":"Hallownest:monsterAspidMother","floor":5,"turns":4},{"damage":24,"enemies":"Hallownest:eliteMossKnight","floor":6,"turns":6},{"damage":11,"enemies":"Hallownest:eliteCrystalGuardian","floor":13,"turns":5},{"damage":23,"enemies":"Hallownest:MossCreep_and_Mosskin","floor":14,"turns":4},{"damage":46,"enemies":"Hallownest:BossHornet","floor":16,"turns":6}],"seed_played":"8544469570207880407","potions_obtained":[{"floor":1,"key":"blueLaboratory:PhilterOfMotion"},{"floor":4,"key":"DuplicationPotion"},{"floor":5,"key":"SCP261:BarrettColaPotion"},{"floor":6,"key":"blueLaboratory:PhilterOfMotion"}],"is_trial":false,"path_per_floor":["M","M","M","M","M","E","R","$","T","?","?","R","E","M","R","B"],"character_chosen":"MARISA","items_purchased":["SuperNova","ShootingEcho"],"campfire_rested":3,"item_purchase_floors":[8,8],"current_hp_per_floor":[51,41,38,38,38,14,36,36,36,36,36,58,47,24,46,0,0],"gold":72,"neow_bonus":"THREE_RARE_CARDS","is_daily":false,"chose_seed":false,"campfire_upgraded":0,"win_rate":0.0,"timestamp":1607898482,"path_taken":["M","M","?","M","M","E","R","$","T","?","?","R","E","M","R","BOSS"],"items_purchased_type":["Card","Card"],"build_version":"2020-11-30","purchased_purges":0,"victory":false,"max_hp_per_floor":[75,75,75,75,75,75,75,75,75,75,75,75,75,75,75,75,75],"card_choices":[{"not_picked":["MaximisePower","BigCrunch"],"picked":"BinaryStars","floor":0},{"not_picked":["MagicAbsorber","GalacticHalo"],"picked":"DoubleSpark","floor":1},{"not_picked":["StarlightTyphoon","ManaConvection"],"picked":"PowerUp","floor":2},{"not_picked":["IllusionStar","DragonMeteor"],"picked":"WitchOfGreed","floor":3},{"not_picked":["DoubleSpark","AsteroidBelt"],"picked":"ChargeUpSpray","floor":4},{"not_picked":["SatelliteIllusion","Occultation"],"picked":"PowerUp","floor":5},{"not_picked":["StarlightTyphoon","AsteroidBelt"],"picked":"MilkyWay","floor":6},{"not_picked":["SporeBomb","ShootingEcho"],"picked":"DeepEcoloBomb","floor":13},{"not_picked":["Orbital","Acceleration"],"picked":"MysteriousBeam","floor":14},{"not_picked":["DC","UnstableBomb"],"picked":"OrrerysSun","floor":15}],"player_experience":583009,"relics_obtained":[{"floor":6,"key":"aspiration:HummingbirdHeart"},{"floor":9,"key":"HollowMod:StagPassRelic"},{"floor":13,"key":"Dream Catcher"}],"event_choices":[],"is_beta":false,"boss_relics":[],"items_purged_floors":[],"is_endless":false,"potions_floor_spawned":[1,4],"killed_by":"Hallownest:BossHornet","ascension_level":13}}