{"host":"1hv1kueuvc4r3rdp","time":1607829594,"event":{"mods":["AchievementEnabler","BaseMod","DeckTracker","Highlight Path","Minty Spire (QoL Compilation)","Permanent Neow","StSLib"],"gold_per_floor":[109,122,136,146,157,157,185,185,235,262,136,151,151,51,51,151,151,169,143,154,164,92,92,119,219,219,232,249,249,249],"floor_reached":29,"playtime":2253,"items_purged":["Strike_G","Strike_G"],"score":355,"play_id":"bc2d1c7a-949d-42e4-a18d-0f0c8e2a0d9b","local_time":"20201212211954","is_ascension_mode":true,"campfire_choices":[{"data":"Dash","floor":6,"key":"SMITH"},{"data":"Predator","floor":8,"key":"SMITH"},{"floor":15,"key":"REST"},{"data":"Bullet Time","floor":23,"key":"SMITH"}],"circlet_count":0,"master_deck":["Strike_G","Strike_G","Strike_G","Defend_G","Defend_G","Defend_G","Defend_G","Defend_G","Survivor","Neutralize","Dash+1","Dagger Throw","Predator+1","Outmaneuver","Well Laid Plans","Bullet Time+1","Crippling Poison","Malaise","CurseOfTheBell","Acrobatics+1","Footwork"],"relics":["Black Star","Happy Flower","Eternal Feather","Anchor","Boot","Letter Opener","CultistMask","Calling Bell","Ancient Tea Set","Singing Bowl","Thread and Needle","PreservedInsect","Matryoshka","Snake Skull","The Specimen"],"acts_visited":["Exordium","TheCity"],"potions_floor_usage":[10,16,29],"damage_taken":[{"damage":0,"enemies":"Small Slimes","floor":1,"turns":4},{"damage":3,"enemies":"Cultist","floor":2,"turns":6},{"damage":0,"enemies":"2 Louse","floor":3,"turns":3},{"damage":14,"enemies":"Lots of Slimes","floor":4,"turns":5},{"damage":6,"enemies":"Exordium Thugs","floor":5,"turns":5},{"damage":25,"enemies":"3 Sentries","floor":7,"turns":9},{"damage":27,"enemies":"Gremlin Nob","floor":10,"turns":4},{"damage":0,"enemies":"Looter","floor":12,"turns":3},{"damage":6,"enemies":"Hexaghost","floor":16,"turns":11},{"damage":15,"enemies":"3 Byrds","floor":18,"turns":5},{"damage":4,"enemies":"2 Thieves","floor":19,"turns":5},{"damage":9,"enemies":"Snake Plant","floor":20,"turns":7},{"damage":9,"enemies":"Shelled Parasite and Fungi","floor":21,"turns":7},{"damage":0,"enemies":"Book of Stabbing","floor":24,"turns":7},{"damage":0,"enemies":"Centurion and Healer","floor":27,"turns":7},{"damage":8,"enemies":"Snecko","floor":28,"turns":5},{"damage":43,"enemies":"Gremlin Leader","floor":29,"turns":9}],"seed_played":"-1722319594241340762","potions_obtained":[{"floor":3,"key":"PowerPotion"},{"floor":5,"key":"Ancient Potion"},{"floor":7,"key":"EssenceOfSteel"},{"floor":16,"key":"Dexterity Potion"}],"is_trial":false,"path_per_floor":["M","M","M","M","M","R","E","R","T","E","$","M","?","$","R","B",null,"M","M","M","M","$","R","E","?","T","M","M","E"],"character_chosen":"THE_SILENT","items_purchased":["Block Potion","Footwork"],"campfire_rested":1,"item_purchase_floors":[11,22],"current_hp_per_floor":[70,67,67,53,47,47,22,31,31,4,4,4,4,4,34,28,60,47,45,36,29,29,41,43,43,43,45,39,0,0],"gold":249,"neow_bonus":"BOSS_RELIC","is_daily":false,"chose_seed":false,"campfire_upgraded":3,"win_rate":0.0,"timestamp":1607829594,"path_taken":["M","M","M","M","M","R","E","R","T","E","$","M","?","?","R","BOSS","M","M","M","M","$","R","E","?","T","M","M","E"],"items_purchased_type":["Potion","Card"],"build_version":"2020-11-30","purchased_purges":2,"victory":false,"max_hp_per_floor":[70,70,70,70,70,70,70,70,70,70,70,70,70,70,70,70,70,72,74,74,76,76,76,78,78,78,80,82,82,82],"card_choices":[{"not_picked":["Underhanded Strike","Finisher"],"picked":"Dash","floor":1},{"not_picked":["Reflex","Flying Knee"],"picked":"Dagger Throw","floor":2},{"not_picked":["Deadly Poison","Outmaneuver"],"picked":"Predator","floor":3},{"not_picked":["Deflect","Caltrops"],"picked":"Outmaneuver","floor":4},{"not_picked":["Terror","Bane"],"picked":"Well Laid Plans","floor":5},{"not_picked":["Prepared","Catalyst","Blade Dance"],"picked":"SKIP","floor":7},{"not_picked":["Bouncing Flask","Dodge and Roll"],"picked":"Bullet Time","floor":10},{"not_picked":["Outmaneuver","Blade Dance"],"picked":"Crippling Poison","floor":12},{"not_picked":["Glass Knife","Doppelganger"],"picked":"Malaise","floor":16},{"not_picked":["Dagger Throw","Concentrate","Bane"],"picked":"Singing Bowl","floor":18},{"not_picked":["Eviscerate","Quick Slash","Slice"],"picked":"Singing Bowl","floor":19},{"not_picked":["Dash","Quick Slash+1"],"picked":"Acrobatics+1","floor":20},{"not_picked":["Dodge and Roll","Endless Agony+1","Bane"],"picked":"Singing Bowl","floor":21},{"not_picked":["Storm of Steel","Dodge and Roll","Sucker Punch"],"picked":"Singing Bowl","floor":24},{"not_picked":["Acrobatics","Dagger Throw","Underhanded Strike"],"picked":"Singing Bowl","floor":27},{"not_picked":["Bane","Outmaneuver","All Out Attack"],"picked":"Singing Bowl","floor":28}],"player_experience":985813,"relics_obtained":[{"floor":7,"key":"Happy Flower"},{"floor":7,"key":"Eternal Feather"},{"floor":9,"key":"Anchor"},{"floor":10,"key":"Boot"},{"floor":10,"key":"Letter Opener"},{"floor":17,"key":"Ancient Tea Set"},{"floor":17,"key":"Singing Bowl"},{"floor":17,"key":"Thread and Needle"},{"floor":24,"key":"PreservedInsect"},{"floor":24,"key":"Matryoshka"},{"floor":26,"key":"Snake Skull"},{"floor":26,"key":"The Specimen"}],"event_choices":[{"damage_healed":0,"gold_gain":0,"player_choice":"Trade","damage_taken":0,"relics_obtained":["CultistMask"],"max_hp_gain":0,"max_hp_loss":0,"event_name":"FaceTrader","floor":13,"gold_loss":0},{"damage_healed":0,"gold_gain":100,"player_choice":"Pray","damage_taken":0,"max_hp_gain":0,"max_hp_loss":0,"event_name":"Golden Shrine","floor":25,"gold_loss":0}],"is_beta":false,"boss_relics":[{"not_picked":["Runic Pyramid","SacredBark"],"picked":"Calling Bell"}],"items_purged_floors":[11,14],"is_endless":false,"potions_floor_spawned":[3,5,7,16,18,20],"killed_by":"Gremlin Leader","ascension_level":5}}