{"host":"70hw88lpn0qjvurq","time":1607892005,"event":{"mods":["Act Like it!","BaseMod","BetterRewards","Colored Map","Colored Powertips","Hallownest","Infinite Spire","Minty Spire (QoL Compilation)","Replay The Spire","Shop Mod","Spicy Shops","StSLib","The Bug Knight","The Jungle"],"gold_per_floor":[119,146,164,175,175,204,204,204,231,249,249,0,0,0,0,100,100,113,113,132,132,148,181,181,181,181,211,211,229,10,10,10,112,112,131,131,148,148,53,53,71,81,81,167,167,181,209,222,222,222,222],"floor_reached":50,"playtime":2273,"items_purged":["CommonCold"],"score":608,"play_id":"95a5e30d-b0be-49fc-9e89-5a869a4753ea","local_time":"20201213144005","is_ascension_mode":false,"campfire_choices":[{"data":"HollowMod:ZotesMagnificence","floor":7,"key":"SMITH"},{"floor":11,"key":"REST"},{"data":"HollowMod:NewLastStag","floor":13,"key":"SMITH"},{"data":"HollowMod:DashSlash","floor":15,"key":"SMITH"},{"data":"HollowMod:SlysStrikes","floor":24,"key":"SMITH"},{"data":"HollowMod:SoulShaman","floor":32,"key":"SMITH"},{"floor":40,"key":"REST"},{"data":"Pot Of Greed","floor":45,"key":"SMITH"},{"data":"HollowMod:SoulSplash","floor":49,"key":"SMITH"}],"circlet_count":1,"master_deck":["HollowMod:NailStrikeStart","HollowMod:NailStrikeStart","HollowMod:NailStrikeStart","HollowMod:NailStrikeStart+1","HollowMod:QuickDashStart","HollowMod:QuickDashStart","HollowMod:QuickDashStart","HollowMod:QuickDashStart","HollowMod:FocusHealStart","HollowMod:PogoStrike+1","Pot Of Greed","HollowMod:DashSlash","Pot Of Greed","HollowMod:DashSlash+1","HollowMod:SoulShaman+1","HollowMod:CoiledNail+1","HollowMod:ZotesMagnificence+1","HollowMod:CycloneSlash","HollowMod:NewLastStag+1","HollowMod:PureVessel","HollowMod:CycloneSlash","AbeCurse","HollowMod:SlysStrikes+1","HollowMod:PerfectDash","HollowMod:HeavyBlow","Pot Of Greed","HollowMod:HuntersJournal+1","HollowMod:ChannelNail+1","HollowMod:PureVessel","HollowMod:SiblingsSouls","HollowMod:MonomonsArchive","HollowMod:GoodIntentions","HollowMod:BaldurShell+1","HollowMod:PureNailStrike","HollowMod:SiblingsSouls+1","HollowMod:VengefulSpirit","HollowMod:ElderbugsWisdom+1","HollowMod:CycloneSlash+1","Pot Of Greed+1","HollowMod:SiblingsSouls+1","HollowMod:SoulSplash+1"],"relics":["HollowMod:KingsSoulRelic","Grinning Jar","ReplayTheSpireMod:CursedCoin","Hallownest:DreamNailRelic","HollowMod:KingsBrand","Circlet","Dream Catcher","Abe\u0027s Treasure","infinitespire:Lychee Nut","Blood Vial","Bag of Marbles","Happy Flower","Replay:Rubber Ducky","Whetstone","ChewingGum","HornCleat","BargainBundle","Quantum Egg","Frozen Egg 2","Medical Kit","Pet Ghost","Oddly Smooth Stone"],"acts_visited":["Exordium","Hallownest:Greenpath","Hallownest:CityofTears"],"potions_floor_usage":[16,16,29,33,37,48,50,50,50,50],"damage_taken":[{"damage":2,"enemies":"2_ Uuma","floor":1,"turns":9},{"damage":0,"enemies":"Hallownest:2_Baldur","floor":3,"turns":4},{"damage":0,"enemies":"Hallownest:monsterHuskGuard","floor":4,"turns":4},{"damage":3,"enemies":"Hallownest:eliteVengeflyKing","floor":6,"turns":7},{"damage":4,"enemies":"Hallownest:MossCreep_and_Mosskin","floor":10,"turns":3},{"damage":54,"enemies":"Hallownest:BossFalseKnight","floor":16,"turns":11},{"damage":26,"enemies":"Hallownest:3_Youths","floor":18,"turns":6},{"damage":7,"enemies":"Hallownest:Guard_and_Sentry","floor":20,"turns":4},{"damage":11,"enemies":"Hallownest:2_Husk_Sentries","floor":22,"turns":5},{"damage":22,"enemies":"Hallownest:eliteSoulWarrior","floor":23,"turns":5},{"damage":6,"enemies":"Hallownest:Nosk","floor":27,"turns":5},{"damage":11,"enemies":"Hallownest:Warrior_and_Youth","floor":29,"turns":3},{"damage":45,"enemies":"Hallownest:BossGrimm","floor":33,"turns":10},{"damage":4,"enemies":"Hallownest:Shield_Heavy","floor":35,"turns":4},{"damage":53,"enemies":"Hallownest:3_Siblings","floor":37,"turns":8},{"damage":0,"enemies":"Hallownest:Slobbering_and_Violent","floor":41,"turns":7},{"damage":0,"enemies":"Hallownest:2_Great","floor":42,"turns":5},{"damage":6,"enemies":"Hallownest:monsterPrimalAspid","floor":46,"turns":4},{"damage":0,"enemies":"Hallownest:StalkingDevout","floor":47,"turns":6},{"damage":19,"enemies":"Hallownest:Xero_Hu_Marmu","floor":48,"turns":5},{"damage":59,"enemies":"Hallownest:BossHollowKnight","floor":50,"turns":7}],"seed_played":"-2710443923778749071","potions_obtained":[{"floor":6,"key":"Languid Potion"},{"floor":10,"key":"Toxic Potion"},{"floor":22,"key":"CultistPotion"},{"floor":27,"key":"Weak Potion"},{"floor":33,"key":"Adrenaline Potion"},{"floor":47,"key":"Fruit Juice"},{"floor":48,"key":"LiquidBronze"}],"is_trial":false,"path_per_floor":["M","$","M","M","?","E","R","?","T","M","R","?","R","?","R","B",null,"M","AVR","M","?","M","E","R","?","T","E","?","M","$","?","R","B",null,"M","T","M","?","$","R","M","M","T","?","R","M","E","M","R","B"],"character_chosen":"THE_BUGKNIGHT","items_purchased":["ReplayTheSpireMod:CursedCoin","HollowMod:DashSlash","Whetstone","Block Potion","BargainBundle","Quantum Egg","Frozen Egg 2","Medical Kit","LiquidMemories","HollowMod:GoodIntentions","HollowMod:BaldurShell+1","HollowMod:PureNailStrike"],"campfire_rested":2,"item_purchase_floors":[2,2,30,30,39,39,39,39,39,39,39,39],"current_hp_per_floor":[75,75,75,75,75,75,75,75,75,71,75,75,75,75,75,21,75,49,49,54,54,54,34,34,34,34,42,42,38,38,38,38,7,56,55,55,6,6,6,22,36,50,50,36,36,38,52,45,45,0,0],"gold":222,"neow_bonus":"RANDOM_COMMON_RELIC","is_daily":false,"chose_seed":false,"campfire_upgraded":7,"win_rate":0.0,"timestamp":1607892005,"path_taken":["M","$","?","M","?","E","R","?","T","?","R","?","R","?","R","BOSS","M","AVR","M","?","M","E","R","?","T","E","?","?","$","?","R","BOSS","M","?","M","?","$","R","M","?","T","?","R","M","E","M","R","BOSS"],"items_purchased_type":["Relic","Card","Relic","Potion","Relic","Relic","Relic","Relic","Potion","Card","Card","Card"],"build_version":"2020-11-30","purchased_purges":1,"victory":false,"max_hp_per_floor":[75,75,75,75,75,75,75,75,75,75,75,75,75,75,75,75,75,75,56,56,56,56,56,56,56,56,56,56,56,56,56,56,56,56,56,56,56,56,56,56,56,56,56,56,56,56,56,61,61,61,61],"card_choices":[{"not_picked":["HollowMod:LuriensSpire","HollowMod:GoodIntentions"],"picked":"HollowMod:DashSlash","floor":1},{"not_picked":["HollowMod:SoulVessel","HollowMod:BrokenVessel"],"picked":"HollowMod:SoulShaman","floor":3},{"not_picked":["HollowMod:SoulShaman","HollowMod:FastStrike"],"picked":"HollowMod:CoiledNail","floor":4},{"not_picked":["HollowMod:MothsMistake","HollowMod:NewLittleFool"],"picked":"HollowMod:ZotesMagnificence","floor":6},{"not_picked":["HollowMod:GoodIntentions","HollowMod:CycloneSlash","HollowMod:DreamGate"],"picked":"SKIP","floor":10},{"not_picked":["HollowMod:BrokenVessel","HollowMod:NewLittleFool"],"picked":"HollowMod:CycloneSlash","floor":11},{"not_picked":["HollowMod:Weaversong","HollowMod:SoulMaster"],"picked":"HollowMod:PureVessel","floor":16},{"not_picked":["HollowMod:VengefulVoid","HollowMod:SiblingsShadow+1"],"picked":"HollowMod:CycloneSlash","floor":18},{"not_picked":["HollowMod:MawleksShell","HollowMod:HeavyBlow"],"picked":"HollowMod:SlysStrikes","floor":20},{"not_picked":["HollowMod:NewJinnsSoul+1","HollowMod:GoodIntentions"],"picked":"HollowMod:PerfectDash","floor":22},{"not_picked":["HollowMod:SoulEater+1","HollowMod:NewJinnsSoul"],"picked":"HollowMod:HeavyBlow","floor":23},{"not_picked":["HollowMod:InfectionAssault","HollowMod:LuriensSpire","HollowMod:CycloneSlash"],"picked":"SKIP","floor":27},{"not_picked":["HollowMod:CycloneSlash+1","HollowMod:MothsMistake","HollowMod:HeavyBlow+1"],"picked":"SKIP","floor":29},{"not_picked":["HollowMod:LifebloodCore","HollowMod:QuirrelsAssistance+1"],"picked":"HollowMod:HuntersJournal+1","floor":31},{"not_picked":["HollowMod:HeavyBlow","HollowMod:SoulShaman"],"picked":"HollowMod:ChannelNail+1","floor":31},{"not_picked":["HollowMod:AwokenDreamNail","HollowMod:LordofShades"],"picked":"HollowMod:PureVessel","floor":33},{"not_picked":["HollowMod:TaintedHusks+1","HollowMod:MawleksShell"],"picked":"HollowMod:SiblingsSouls","floor":35},{"not_picked":["HollowMod:DescendingDark","HollowMod:CloakDash+1"],"picked":"HollowMod:MonomonsArchive","floor":37},{"not_picked":["HollowMod:InfectedCysts","HollowMod:CycloneSlash+1"],"picked":"HollowMod:SiblingsSouls+1","floor":40},{"not_picked":["HollowMod:SoulStrike","HollowMod:MothsMistake+1"],"picked":"HollowMod:VengefulSpirit","floor":41},{"not_picked":["HollowMod:SoulShaman+1","HollowMod:InfectedAttack+1"],"picked":"HollowMod:ElderbugsWisdom+1","floor":42},{"not_picked":["HollowMod:DoubleDash+1","HollowMod:SiblingsSouls+1"],"picked":"HollowMod:CycloneSlash+1","floor":44},{"not_picked":["HollowMod:FallenFury","HollowMod:BlackTendrils","HollowMod:DesolateDive"],"picked":"SKIP","floor":46},{"not_picked":["HollowMod:PerfectDash+1","HollowMod:MothsMistake+1"],"picked":"HollowMod:SiblingsSouls+1","floor":47},{"not_picked":["HollowMod:DashSlash","HollowMod:InfectedCysts+1"],"picked":"HollowMod:SoulSplash","floor":48}],"player_experience":180152,"relics_obtained":[{"floor":6,"key":"HollowMod:KingsBrand"},{"floor":9,"key":"Dream Catcher"},{"floor":23,"key":"Blood Vial"},{"floor":26,"key":"Happy Flower"},{"floor":27,"key":"Replay:Rubber Ducky"},{"floor":36,"key":"HornCleat"},{"floor":44,"key":"Pet Ghost"},{"floor":47,"key":"Oddly Smooth Stone"}],"event_choices":[],"is_beta":false,"boss_relics":[{"not_picked":["Runic Pyramid","Sozu"],"picked":"HollowMod:KingsSoulRelic"},{"not_picked":["Snecko Eye","HollowMod:VoidIdolRelic"],"picked":"ChewingGum"}],"items_purged_floors":[2],"is_endless":false,"potions_floor_spawned":[6,10,22,27,33,35,41,42,47,48],"killed_by":"Hallownest:BossHollowKnight","ascension_level":0}}