{"host":"m6aaltr68g9tvoay","time":1607826117,"event":{"mods":["AchievementEnabler","BaseMod","Colored Map","Downfall","Minty Spire (QoL Compilation)","StSLib"],"gold_per_floor":[99,99,128,128,128,128,128,158,175,175,190,204,28,13,31,132,132,132,151,169,185,185,211,234,234,259,259,168,186,206,116,128,224,224,224,236,246,246,257,257,311,161,174,174,174,187,187,204,215,215],"floor_reached":51,"playtime":5327,"items_purged":["champ:Defend"],"score":799,"play_id":"af24c646-2afe-482b-b713-6697a79888f4","local_time":"20201212182157","is_ascension_mode":false,"campfire_choices":[{"data":"champ:Execute","floor":1,"key":"SMITH"},{"data":"champ:GladiatorStyle","floor":5,"key":"SMITH"},{"data":"champ:Lariat","floor":10,"key":"SMITH"},{"data":"champ:IgnorePain","floor":18,"key":"SMITH"},{"data":"champ:ShieldWall","floor":22,"key":"SMITH"},{"floor":27,"key":"REST"},{"data":"champ:VampiricStrike","floor":35,"key":"SMITH"},{"data":"champ:VampiricStrike","floor":38,"key":"SMITH"},{"data":"champ:CrookedStrike","floor":40,"key":"SMITH"},{"data":"champ:IgnorePain","floor":44,"key":"SMITH"}],"circlet_count":0,"master_deck":["champ:Strike","champ:Strike","champ:Strike","champ:Strike","champ:Defend","champ:Defend","champ:Defend","champ:Execute+1","champ:Taunt+1","champ:Lariat+1","champ:GladiatorStyle+1","champ:DefensiveShout","champ:RecklessLeap","champ:TornadoPunch","champ:BringItOn","champ:BerserkersShout","champ:IgnorePain+1","champ:DefensiveStyle","champ:ShieldWall+1","champ:IgnorePain+1","champ:RisingSlash","champ:SkillfulDodge+1","RitualDagger","champ:VampiricStrike+1","champ:Duel+1","champ:CrookedStrike+1","champ:HoldFirm+1","champ:VampiricStrike+1","champ:EnGarde+1"],"relics":["champ:ChampionCrown","downfall:HeartsMalice","Happy Flower","champ:FightingForDummies","Tiny Chest","Philosopher\u0027s Stone","Toxic Egg 2","Centennial Puzzle","MealTicket","Busted Crown","Nunchaku","Thread and Needle"],"acts_visited":["Exordium","TheCity","TheBeyond"],"potions_floor_usage":[16,16,16,32,33,33,46],"damage_taken":[{"damage":0,"enemies":"Gremlin Nob","floor":3,"turns":1},{"damage":0,"enemies":"Cultist","floor":4,"turns":1},{"damage":0,"enemies":"Jaw Worm","floor":6,"turns":1},{"damage":13,"enemies":"3 Sentries","floor":8,"turns":10},{"damage":0,"enemies":"2 Louse","floor":9,"turns":3},{"damage":27,"enemies":"2 Fungi Beasts","floor":11,"turns":3},{"damage":9,"enemies":"Blue Slaver","floor":12,"turns":2},{"damage":25,"enemies":"downfall:FleeingMerchant","floor":13,"turns":4},{"damage":11,"enemies":"downfall:FleeingMerchant","floor":14,"turns":4},{"damage":11,"enemies":"Lots of Slimes","floor":15,"turns":4},{"damage":43,"enemies":"downfall:Silent","floor":16,"turns":10},{"damage":14,"enemies":"Chosen","floor":19,"turns":6},{"damage":35,"enemies":"Centurion and Healer","floor":20,"turns":8},{"damage":1,"enemies":"Snake Plant","floor":21,"turns":4},{"damage":47,"enemies":"Book of Stabbing","floor":23,"turns":7},{"damage":28,"enemies":"Gremlin Leader","floor":26,"turns":6},{"damage":40,"enemies":"downfall:FleeingMerchant","floor":28,"turns":4},{"damage":32,"enemies":"Sentry and Sphere","floor":29,"turns":5},{"damage":11,"enemies":"Cultist and Chosen","floor":30,"turns":6},{"damage":5,"enemies":"downfall:FleeingMerchant","floor":31,"turns":4},{"damage":33,"enemies":"Centurion and Healer","floor":32,"turns":8},{"damage":21,"enemies":"downfall:Ironclad","floor":33,"turns":7},{"damage":15,"enemies":"Orb Walker","floor":36,"turns":2},{"damage":27,"enemies":"3 Darklings","floor":37,"turns":5},{"damage":15,"enemies":"Maw","floor":39,"turns":8},{"damage":4,"enemies":"Transient","floor":43,"turns":5},{"damage":26,"enemies":"Sphere and 2 Shapes","floor":46,"turns":2},{"damage":26,"enemies":"3 Darklings","floor":48,"turns":4},{"damage":21,"enemies":"Spire Growth","floor":49,"turns":5},{"damage":27,"enemies":"downfall:Watcher","floor":50,"turns":9}],"seed_played":"-792545804724564231","potions_obtained":[{"floor":8,"key":"sneckomod:MuddlingPotion"},{"floor":9,"key":"champ:OpenerPotion"},{"floor":11,"key":"Swift Potion"},{"floor":15,"key":"PowerPotion"},{"floor":21,"key":"Fire Potion"},{"floor":29,"key":"CultistPotion"},{"floor":33,"key":"Explosive Potion"},{"floor":37,"key":"FearPotion"},{"floor":46,"key":"Weak Potion"}],"is_trial":false,"path_per_floor":["R","?","E","M","R","M","T","E","M","R","M","M","$","$","M","B",null,"R","M","M","M","R","E","T","?","E","R","$","M","M","$","M","B",null,"R","M","M","R","M","R","T","?","M","R","T","M","?","M","M","B",null],"character_chosen":"THE_CHAMP","items_purchased":["champ:IgnorePain","LiquidMemories"],"campfire_rested":1,"item_purchase_floors":[13,28],"current_hp_per_floor":[90,90,90,90,90,90,90,87,87,87,81,72,72,72,72,44,90,90,81,81,80,80,60,60,54,57,84,70,69,71,90,82,90,90,90,90,78,78,87,87,87,100,100,100,100,94,94,100,100,100],"gold":215,"neow_bonus":"THREE_ENEMY_KILL","is_daily":false,"chose_seed":false,"campfire_upgraded":9,"win_rate":0.0,"timestamp":1607826117,"path_taken":["R","?","E","?","R","M","T","E","M","R","M","M","?","$","M","BOSS","R","M","M","M","R","E","T","?","E","R","$","M","M","$","M","BOSS","R","M","M","R","M","R","T","?","M","R","?","M","?","?","M","BOSS"],"items_purchased_type":["Card","Potion"],"build_version":"2020-11-30","purchased_purges":1,"victory":true,"max_hp_per_floor":[90,90,90,90,90,90,90,90,90,90,90,90,90,90,90,90,90,90,90,90,90,90,90,90,90,90,90,90,90,90,90,90,90,90,90,90,90,90,90,90,90,100,100,100,100,100,100,100,100,100],"card_choices":[{"not_picked":["champ:AdrenalArmor","champ:FlashCut"],"picked":"champ:Lariat","floor":3},{"not_picked":["champ:BringItOn","champ:GladiatorsShout"],"picked":"champ:GladiatorStyle","floor":4},{"not_picked":["champ:EndlessRage","champ:Backstep"],"picked":"champ:DefensiveShout","floor":6},{"not_picked":["champ:TornadoPunch","champ:GladiatorStyle"],"picked":"champ:RecklessLeap","floor":8},{"not_picked":["champ:ShieldSlam","champ:GutPunch","champ:FocusedGladiator"],"picked":"SKIP","floor":9},{"not_picked":["champ:Circumvent","champ:FlashCut"],"picked":"champ:TornadoPunch","floor":11},{"not_picked":["champ:FlashCut","champ:CrookedStrike"],"picked":"champ:BringItOn","floor":12},{"not_picked":["champ:HoldFirm","champ:BringItOn"],"picked":"champ:BerserkersShout","floor":13},{"not_picked":["champ:GutPunch","champ:DefensiveShout"],"picked":"champ:DefensiveStyle","floor":14},{"not_picked":["champ:DefensiveShout","champ:BladeFlurry"],"picked":"champ:ShieldWall","floor":15},{"not_picked":["champ:ShieldThrow","champ:ShieldSlam"],"picked":"champ:IgnorePain","floor":16},{"not_picked":["champ:BringItOn","champ:AdrenalArmor+1"],"picked":"champ:RisingSlash","floor":19},{"not_picked":["champ:FlashCut","champ:FocusedBerserking","champ:FanOfKnives"],"picked":"SKIP","floor":20},{"not_picked":["champ:AdrenalArmor","champ:DefensiveShout"],"picked":"champ:SkillfulDodge+1","floor":21},{"not_picked":["champ:TornadoPunch","champ:FocusedBerserking+1","champ:Riposte+1"],"picked":"SKIP","floor":23},{"not_picked":["champ:FalseCounter+1","champ:PerfectedStrike"],"picked":"champ:VampiricStrike","floor":26},{"not_picked":["champ:FanOfKnives","champ:TornadoPunch+1"],"picked":"champ:Duel+1","floor":28},{"not_picked":["champ:Riposte+1","champ:AdrenalArmor+1","champ:PerfectedStrike+1"],"picked":"SKIP","floor":29},{"not_picked":["champ:BringItOn+1","champ:EndlessRage","champ:GladiatorsShout+1"],"picked":"SKIP","floor":30},{"not_picked":["champ:FaceSlap","champ:Shatter"],"picked":"champ:CrookedStrike","floor":31},{"not_picked":["champ:RapidStrikes","champ:EnragedBash"],"picked":"champ:HoldFirm+1","floor":32},{"not_picked":["champ:StrikeOfGenius","champ:DancingMaster"],"picked":"champ:VampiricStrike","floor":33},{"not_picked":["champ:Riposte+1"],"picked":"SKIP","floor":36},{"not_picked":["champ:Encircle"],"picked":"SKIP","floor":37},{"not_picked":["champ:AdrenalArmor+1"],"picked":"SKIP","floor":39},{"not_picked":["champ:CrookedStrike"],"picked":"SKIP","floor":43},{"not_picked":[],"picked":"champ:EnGarde+1","floor":46},{"not_picked":["champ:FanOfKnives+1"],"picked":"SKIP","floor":48},{"not_picked":["champ:BringItOn+1"],"picked":"SKIP","floor":49}],"player_experience":1586414,"relics_obtained":[{"floor":3,"key":"Happy Flower"},{"floor":7,"key":"champ:FightingForDummies"},{"floor":8,"key":"Tiny Chest"},{"floor":23,"key":"Toxic Egg 2"},{"floor":24,"key":"Centennial Puzzle"},{"floor":26,"key":"MealTicket"},{"floor":41,"key":"Nunchaku"},{"floor":45,"key":"Thread and Needle"}],"event_choices":[{"damage_healed":0,"gold_gain":0,"player_choice":"Upgraded","damage_taken":0,"max_hp_gain":0,"max_hp_loss":0,"event_name":"Upgrade Shrine","floor":2,"gold_loss":0,"cards_upgraded":["champ:Taunt"]},{"damage_healed":0,"gold_gain":0,"player_choice":"Ignored","damage_taken":0,"max_hp_gain":0,"max_hp_loss":0,"event_name":"NoteForYourself","floor":47,"gold_loss":0}],"is_beta":false,"boss_relics":[{"not_picked":["Snecko Eye","Ectoplasm"],"picked":"Philosopher\u0027s Stone"},{"not_picked":["Pandora\u0027s Box","Astrolabe"],"picked":"Busted Crown"}],"items_purged_floors":[31],"is_endless":false,"potions_floor_spawned":[8,9,11,12,15,21,29,30,33,37,46],"ascension_level":0}}