{"host":"Kdaddybrian","time":1607902733,"event":{"mods":["AchievementEnabler","BaseMod","Colored Powertips","Minty Spire (QoL Compilation)","Rare Cards Sparkle","Relic Stats","StSLib"],"gold_per_floor":[110,122,135,135,135,135,148,173,249,261,261,277,277,293,293,390,390,402,63,63,63,162,193,193,211,234,234,234,234,249,249,249,350,350,362,362,412,412,18,18,31,64,91,91,108,140,43,61,61,61,61,61,11,38,38,38],"floor_reached":55,"playtime":2691,"items_purged":["Doubt"],"score":1252,"play_id":"9c3297c5-a5cc-49a0-a50b-b12acc562f5c","local_time":"20201213183853","is_ascension_mode":true,"campfire_choices":[{"data":"Wraith Form v2","floor":6.0,"key":"SMITH"},{"floor":11.0,"key":"REST"},{"data":"Phantasmal Killer","floor":15.0,"key":"SMITH"},{"floor":24.0,"key":"REST"},{"floor":27.0,"key":"REST"},{"floor":29.0,"key":"REST"},{"data":"Wraith Form v2","floor":32.0,"key":"SMITH"},{"floor":44.0,"key":"RECALL"},{"data":"Wraith Form v2","floor":49.0,"key":"SMITH"},{"data":"Adrenaline","floor":52,"key":"SMITH"}],"circlet_count":0,"master_deck":["AscendersBane","Strike_G","Strike_G","Defend_G","Defend_G","Defend_G","Defend_G","Defend_G","Survivor","Neutralize","Wraith Form v2+1","Bane","Masterful Stab","Crippling Poison+1","Dagger Spray","Terror","Sucker Punch","Deadly Poison","Phantasmal Killer+1","Wraith Form v2+1","Backstab+1","Phantasmal Killer+1","Heel Hook+1","Footwork","Dagger Spray","J.A.X.","Blade Dance","Dagger Spray","Necronomicurse","Wraith Form v2+1","Adrenaline+1","Bouncing Flask","Footwork+1","Concentrate+1","Corpse Explosion","Deflect+1","Cloak And Dagger+1","Dark Shackles"],"relics":["Ring of the Snake","Torii","Juzu Bracelet","Shuriken","Astrolabe","Pen Nib","Pantograph","StrikeDummy","Art of War","Necronomicon","Frozen Egg 2","Snecko Eye","TungstenRod","HornCleat","PreservedInsect","MealTicket","Bag of Marbles"],"acts_visited":["Exordium","TheCity","TheBeyond","TheEnding"],"potions_floor_usage":[50,54,55],"damage_taken":[{"damage":2.0,"enemies":"Jaw Worm","floor":1.0,"turns":7.0},{"damage":0.0,"enemies":"2 Louse","floor":2.0,"turns":2.0},{"damage":0.0,"enemies":"Cultist","floor":3.0,"turns":3.0},{"damage":2.0,"enemies":"Blue Slaver","floor":7.0,"turns":4.0},{"damage":37.0,"enemies":"3 Sentries","floor":8.0,"turns":10.0},{"damage":1.0,"enemies":"Looter","floor":10.0,"turns":4.0},{"damage":12.0,"enemies":"Lots of Slimes","floor":12.0,"turns":2.0},{"damage":3.0,"enemies":"Large Slime","floor":14.0,"turns":6.0},{"damage":0.0,"enemies":"Slime Boss","floor":16.0,"turns":9.0},{"damage":3.0,"enemies":"Shell Parasite","floor":18.0,"turns":4.0},{"damage":32.0,"enemies":"Slavers","floor":23.0,"turns":4.0},{"damage":22.0,"enemies":"2 Thieves","floor":25.0,"turns":2.0},{"damage":11.0,"enemies":"Snecko","floor":30.0,"turns":3.0},{"damage":55.0,"enemies":"Automaton","floor":33.0,"turns":11.0},{"damage":28.0,"enemies":"3 Shapes","floor":35.0,"turns":9.0},{"damage":0.0,"enemies":"Mind Bloom Boss Battle","floor":37.0,"turns":6.0},{"damage":0.0,"enemies":"Orb Walker","floor":41.0,"turns":2.0},{"damage":0.0,"enemies":"Reptomancer","floor":42.0,"turns":4.0},{"damage":0.0,"enemies":"Jaw Worm Horde","floor":45.0,"turns":2.0},{"damage":0.0,"enemies":"Nemesis","floor":46.0,"turns":9.0},{"damage":0.0,"enemies":"4 Shapes","floor":48.0,"turns":5.0},{"damage":11,"enemies":"Donu and Deca","floor":50,"turns":9},{"damage":62,"enemies":"Shield and Spear","floor":54,"turns":4},{"damage":70,"enemies":"The Heart","floor":55,"turns":12}],"seed_played":"-7130593507454302095","potions_obtained":[{"floor":3.0,"key":"FearPotion"},{"floor":8.0,"key":"SpeedPotion"},{"floor":10.0,"key":"SpeedPotion"},{"floor":12.0,"key":"Energy Potion"},{"floor":16.0,"key":"GhostInAJar"},{"floor":30.0,"key":"ColorlessPotion"},{"floor":33.0,"key":"SteroidPotion"},{"floor":41.0,"key":"LiquidMemories"},{"floor":45.0,"key":"FairyPotion"},{"floor":48.0,"key":"FearPotion"}],"is_trial":false,"path_per_floor":["M","M","M","?","?","R","M","E","T","M","R","M","?","M","R","B",null,"M","$","?","?","?","E","R","M","T","R","?","R","M","T","R","B",null,"M","?","?","?","$","?","M","E","T","R","M","E","$","M","R","B",null,"R","$","E","B"],"character_chosen":"THE_SILENT","items_purchased":["Footwork","Pen Nib","Dagger Spray","BlessingOfTheForge","SpeedPotion","HornCleat","Footwork+1","Dark Shackles","SkillPotion"],"campfire_rested":4,"item_purchase_floors":[19,19,19,19,19,39,39,47,53],"current_hp_per_floor":[61,61,61,61,54,54,52,15,15,14,35,23,23,20,20,20,58,55,55,55,55,55,23,44,22,22,43,27,48,37,37,37,7,54,26,26,51,51,51,51,51,51,51,51,51,51,66,66,66,55,63,63,66,4,0,0],"gold":38,"neow_bonus":"ONE_RANDOM_RARE_CARD","is_daily":false,"chose_seed":false,"campfire_upgraded":5,"win_rate":0.0,"timestamp":1607902733,"path_taken":["M","M","M","?","?","R","M","E","T","M","R","M","?","M","R","BOSS","M","$","?","?","?","E","R","M","T","R","?","R","M","?","R","BOSS","M","?","?","?","$","?","M","E","T","R","M","E","$","M","R","BOSS","R","$","E","BOSS"],"items_purchased_type":["Card","Relic","Card","Potion","Potion","Relic","Card","Card","Potion"],"build_version":"2020-12-07","purchased_purges":1,"victory":false,"max_hp_per_floor":[70,70,70,70,70,70,70,70,70,70,70,70,70,70,70,70,70,70,70,70,70,70,70,70,70,70,70,70,70,70,70,70,70,70,70,70,70,70,70,66,66,66,66,66,66,66,66,66,66,66,66,66,66,66,66,66],"relic_stats":{"Torii":31,"counters":[24,133],"Astrolabe":["Backstab","Phantasmal Killer","Heel Hook"],"Pen Nib":[14],"PreservedInsect":127,"Juzu Bracelet":2,"Shuriken":[30],"Pantograph":75,"Snecko Eye":[91,115,107,113],"MealTicket":18,"Art of War":[17],"Necronomicon":[18],"obtain_stats":[{"Torii":5,"Astrolabe":17,"Pen Nib":19,"PreservedInsect":42,"Juzu Bracelet":8,"Frozen Egg 2":31,"HornCleat":39,"Shuriken":9,"Pantograph":20,"Snecko Eye":34,"MealTicket":46,"Art of War":26,"Necronomicon":28,"Bag of Marbles":54,"StrikeDummy":23,"TungstenRod":37,"Ring of the Snake":0},{"Torii":3,"Astrolabe":9,"Pen Nib":10,"PreservedInsect":18,"Juzu Bracelet":5,"Frozen Egg 2":13,"HornCleat":16,"Shuriken":5,"Pantograph":10,"Snecko Eye":14,"MealTicket":20,"Art of War":12,"Necronomicon":12,"Bag of Marbles":23,"StrikeDummy":11,"TungstenRod":16,"Ring of the Snake":0},{"Torii":12,"Astrolabe":47,"Pen Nib":51,"PreservedInsect":92,"Juzu Bracelet":26,"Frozen Egg 2":60,"HornCleat":86,"Shuriken":26,"Pantograph":51,"Snecko Eye":71,"MealTicket":103,"Art of War":57,"Necronomicon":57,"Bag of Marbles":121,"StrikeDummy":55,"TungstenRod":86,"Ring of the Snake":0}],"TungstenRod":120,"Ring of the Snake":[48]},"card_choices":[{"not_picked":["Tactician","Acrobatics"],"picked":"Bane","floor":1.0},{"not_picked":["Cloak And Dagger","Heel Hook"],"picked":"Masterful Stab","floor":2.0},{"not_picked":["Slice","Flying Knee"],"picked":"Crippling Poison","floor":3.0},{"not_picked":["Slice","Phantasmal Killer"],"picked":"Dagger Spray","floor":7.0},{"not_picked":["Prepared","Outmaneuver"],"picked":"Terror","floor":8.0},{"not_picked":["Poisoned Stab","Backflip"],"picked":"Sucker Punch","floor":10.0},{"not_picked":["Poisoned Stab","Skewer"],"picked":"Deadly Poison","floor":12.0},{"not_picked":["Underhanded Strike","Cloak And Dagger"],"picked":"Phantasmal Killer","floor":14.0},{"not_picked":["After Image","Die Die Die"],"picked":"Wraith Form v2","floor":16.0},{"not_picked":["Poisoned Stab+1","Reflex","Setup"],"picked":"SKIP","floor":18.0},{"not_picked":["Terror","Blur"],"picked":"Blade Dance","floor":23.0},{"not_picked":["Backflip","Flying Knee"],"picked":"Dagger Spray","floor":25.0},{"not_picked":["Deadly Poison","PiercingWail+1"],"picked":"Wraith Form v2","floor":30.0},{"not_picked":["Doppelganger","Corpse Explosion"],"picked":"Adrenaline","floor":33.0},{"not_picked":["Tactician","Dagger Throw","Reflex"],"picked":"SKIP","floor":35.0},{"not_picked":["Poisoned Stab+1","All Out Attack"],"picked":"Bouncing Flask","floor":37.0},{"not_picked":["Bane","Choke+1"],"picked":"Concentrate+1","floor":41.0},{"not_picked":["Setup+1","Dash+1"],"picked":"Corpse Explosion","floor":42.0},{"not_picked":["Backstab+1","Deadly Poison"],"picked":"Deflect+1","floor":45.0},{"not_picked":["Dagger Throw+1","Reflex+1"],"picked":"Cloak And Dagger+1","floor":46.0},{"not_picked":["Dagger Throw+1","Prepared+1","Riddle With Holes"],"picked":"SKIP","floor":48.0},{"not_picked":["Masterful Stab+1","Underhanded Strike","Bane+1"],"picked":"SKIP","floor":54}],"player_experience":2845712,"relics_obtained":[{"floor":8.0,"key":"Juzu Bracelet"},{"floor":9.0,"key":"Shuriken"},{"floor":23.0,"key":"StrikeDummy"},{"floor":26.0,"key":"Art of War"},{"floor":28.0,"key":"Necronomicon"},{"floor":31.0,"key":"Frozen Egg 2"},{"floor":37.0,"key":"TungstenRod"},{"floor":42.0,"key":"PreservedInsect"},{"floor":46.0,"key":"MealTicket"},{"floor":54,"key":"Bag of Marbles"}],"event_choices":[{"damage_healed":0.0,"max_hp_gain":0.0,"max_hp_loss":0.0,"gold_gain":0.0,"event_name":"Living Wall","player_choice":"Grow","floor":4.0,"gold_loss":0.0,"damage_taken":0.0,"cards_upgraded":["Crippling Poison"]},{"damage_healed":0.0,"max_hp_gain":0.0,"max_hp_loss":0.0,"gold_gain":0.0,"event_name":"Scrap Ooze","player_choice":"Success","floor":5.0,"gold_loss":0.0,"damage_taken":7.0,"relics_obtained":["Torii"]},{"damage_healed":0.0,"max_hp_gain":0.0,"max_hp_loss":0.0,"gold_gain":0.0,"event_name":"Shining Light","player_choice":"Ignored","floor":13.0,"gold_loss":0.0,"damage_taken":0.0},{"damage_healed":0.0,"max_hp_gain":0.0,"max_hp_loss":0.0,"gold_gain":0.0,"event_name":"Addict","player_choice":"Stole Relic","floor":20.0,"gold_loss":0.0,"damage_taken":0.0,"relics_obtained":["Pantograph"],"cards_obtained":["Shame"]},{"damage_healed":0.0,"max_hp_gain":0.0,"max_hp_loss":0.0,"gold_gain":0.0,"event_name":"Drug Dealer","player_choice":"Obtain J.A.X.","floor":21.0,"gold_loss":0.0,"damage_taken":0.0,"cards_obtained":["J.A.X."]},{"damage_healed":0.0,"max_hp_gain":0.0,"max_hp_loss":0.0,"gold_gain":99.0,"event_name":"Nest","player_choice":"Stole From Cult","floor":22.0,"gold_loss":0.0,"damage_taken":0.0},{"damage_healed":0.0,"max_hp_gain":0.0,"max_hp_loss":0.0,"gold_gain":0.0,"event_name":"Cursed Tome","player_choice":"Obtained Book","floor":28.0,"gold_loss":0.0,"damage_taken":16.0},{"damage_healed":0.0,"max_hp_gain":0.0,"max_hp_loss":0.0,"gold_gain":0.0,"event_name":"Tomb of Lord Red Mask","player_choice":"Ignored","floor":36.0,"gold_loss":0.0,"damage_taken":0.0},{"damage_healed":0.0,"max_hp_gain":0.0,"max_hp_loss":0.0,"gold_gain":0.0,"event_name":"MindBloom","player_choice":"Fight","floor":37.0,"gold_loss":0.0,"damage_taken":0.0},{"cards_removed":["Shame"],"damage_healed":0.0,"max_hp_gain":0.0,"max_hp_loss":0.0,"gold_gain":0.0,"event_name":"NoteForYourself","player_choice":"Took Card","floor":38.0,"gold_loss":0.0,"damage_taken":0.0,"cards_obtained":["Doubt"]},{"damage_healed":0.0,"max_hp_gain":0.0,"max_hp_loss":4.0,"gold_gain":0.0,"event_name":"Winding Halls","player_choice":"Max HP","floor":40.0,"gold_loss":0.0,"damage_taken":0.0}],"is_beta":true,"boss_relics":[{"not_picked":["Runic Dome","SlaversCollar"],"picked":"Astrolabe"},{"not_picked":["Ring of the Serpent","Coffee Dripper"],"picked":"Snecko Eye"}],"items_purged_floors":[39],"is_endless":false,"potions_floor_spawned":[3,8,10,12,16,30,33,41,45,48],"killed_by":"The Heart","ascension_level":10}}