{"host":"y76x98twjnyyxs83","time":1607897123,"event":{"mods":["BaseMod","Colored Powertips","Minty Spire (QoL Compilation)","Permanent Neow","Quick Restart","Rare Cards Sparkle","Relic Stats","StSLib"],"gold_per_floor":[169,186,196,196,212,246,246,278,278,311,311,91,66,78,78,155,155,168,54,64,114,125,159,159,188,188,188,221,231,77,127,127,127,127],"floor_reached":33,"playtime":1261,"items_purged":["Strike_R","Strike_R"],"score":598,"play_id":"61791241-2f92-49cc-a359-14d957241ec8","local_time":"20201214060523","is_ascension_mode":true,"campfire_choices":[{"data":"Immolate","floor":7.0,"key":"SMITH"},{"data":"True Grit","floor":11.0,"key":"SMITH"},{"data":"Disarm","floor":15.0,"key":"SMITH"},{"floor":24,"key":"REST"},{"floor":27,"key":"REST"},{"floor":32,"key":"REST"}],"circlet_count":0,"master_deck":["AscendersBane","Strike_R+1","Strike_R","Defend_R","Defend_R","Defend_R","Defend_R","Bash","Battle Trance","Immolate+1","Disarm+1","Hemokinesis","Corruption","Feel No Pain","Spot Weakness","Blood for Blood","True Grit+1","Sentinel","Shrug It Off","Anger","Offering","Disarm","Feel No Pain","Dual Wield","Flame Barrier","Second Wind+1"],"relics":["Tiny House","Boot","Mercury Hourglass","Sundial","Pantograph","Runic Dome","Charon\u0027s Ashes","Toxic Egg 2","Singing Bowl","StoneCalendar"],"acts_visited":["Exordium","TheCity"],"potions_floor_usage":[23,25,33],"damage_taken":[{"damage":1.0,"enemies":"2 Louse","floor":1.0,"turns":2.0},{"damage":0.0,"enemies":"Cultist","floor":2.0,"turns":3.0},{"damage":4.0,"enemies":"Small Slimes","floor":3.0,"turns":3.0},{"damage":17.0,"enemies":"Blue Slaver","floor":5.0,"turns":4.0},{"damage":12.0,"enemies":"Gremlin Nob","floor":6.0,"turns":3.0},{"damage":11.0,"enemies":"Lagavulin","floor":8.0,"turns":6.0},{"damage":15.0,"enemies":"3 Sentries","floor":10.0,"turns":4.0},{"damage":9.0,"enemies":"Exordium Thugs","floor":14.0,"turns":2.0},{"damage":9.0,"enemies":"Hexaghost","floor":16.0,"turns":10.0},{"damage":9,"enemies":"3 Byrds","floor":18,"turns":4},{"damage":11,"enemies":"Chosen","floor":20,"turns":6},{"damage":26,"enemies":"Centurion and Healer","floor":22,"turns":3},{"damage":12,"enemies":"Gremlin Leader","floor":23,"turns":7},{"damage":20,"enemies":"Book of Stabbing","floor":25,"turns":6},{"damage":17,"enemies":"Gremlin Leader","floor":28,"turns":5},{"damage":8,"enemies":"Snecko","floor":29,"turns":6},{"damage":66,"enemies":"Collector","floor":33,"turns":8}],"seed_played":"-8592349587262178428","potions_obtained":[{"floor":0.0,"key":"FearPotion"},{"floor":1.0,"key":"FearPotion"},{"floor":2.0,"key":"BlessingOfTheForge"},{"floor":14.0,"key":"AttackPotion"},{"floor":29,"key":"DistilledChaos"}],"is_trial":false,"path_per_floor":["M","M","M","?","M","E","R","E","T","E","R","$","$","M","R","B",null,"M","$","M","?","M","E","R","E","T","R","E","M","$","?","R","B"],"character_chosen":"IRONCLAD","items_purchased":["Energy Potion","Sentinel","Shrug It Off","Feel No Pain","Dual Wield","SkillPotion"],"campfire_rested":3,"item_purchase_floors":[12,12,13,19,19,30],"current_hp_per_floor":[72,72,68,68,51,39,39,28,28,13,13,13,13,4,4,20,65,56,56,45,45,19,7,31,11,11,35,20,14,14,14,39,0,0],"gold":127,"neow_bonus":"BOSS_RELIC","is_daily":false,"chose_seed":false,"campfire_upgraded":3,"win_rate":0.0,"timestamp":1607897123,"path_taken":["M","M","M","?","M","E","R","E","T","E","R","?","$","M","R","BOSS","M","?","M","?","M","E","R","E","T","R","E","M","$","?","R","BOSS"],"items_purchased_type":["Potion","Card","Card","Card","Card","Potion"],"build_version":"2020-11-30","purchased_purges":2,"victory":false,"max_hp_per_floor":[80,80,80,80,80,80,80,80,80,80,80,80,80,80,80,80,80,80,80,80,80,80,80,80,80,80,80,82,84,84,84,84,84,84],"relic_stats":{"Singing Bowl":4,"counters":[17,82],"Sundial":[6],"Pantograph":50,"StoneCalendar":[52],"Charon\u0027s Ashes":[131],"Boot":[6],"obtain_stats":[{"Runic Dome":17,"Tiny House":0,"Singing Bowl":26,"Sundial":9,"Pantograph":10,"StoneCalendar":28,"Charon\u0027s Ashes":23,"Toxic Egg 2":25,"Boot":6,"Burning Blood":0,"Mercury Hourglass":8},{"Runic Dome":9,"Tiny House":0,"Singing Bowl":14,"Sundial":6,"Pantograph":7,"StoneCalendar":15,"Charon\u0027s Ashes":13,"Toxic Egg 2":14,"Boot":5,"Burning Blood":0,"Mercury Hourglass":6},{"Runic Dome":37,"Tiny House":0,"Singing Bowl":63,"Sundial":21,"Pantograph":25,"StoneCalendar":68,"Charon\u0027s Ashes":57,"Toxic Egg 2":63,"Boot":15,"Burning Blood":0,"Mercury Hourglass":21}],"Mercury Hourglass":[264]},"card_choices":[{"not_picked":["Flex","Sword Boomerang"],"picked":"Battle Trance","floor":0.0},{"not_picked":["Thunderclap","Wild Strike"],"picked":"Immolate","floor":1.0},{"not_picked":["Clothesline","Cleave"],"picked":"Disarm","floor":2.0},{"not_picked":["Clash","Iron Wave"],"picked":"Hemokinesis","floor":3.0},{"not_picked":["Shockwave","Cleave"],"picked":"Feel No Pain","floor":5.0},{"not_picked":["Sword Boomerang","Perfected Strike"],"picked":"Spot Weakness","floor":6.0},{"not_picked":["Uppercut","Warcry"],"picked":"Blood for Blood","floor":8.0},{"not_picked":["Limit Break","Sword Boomerang"],"picked":"True Grit","floor":10.0},{"not_picked":["Wild Strike","Warcry"],"picked":"Anger","floor":14.0},{"not_picked":["Double Tap","Corruption"],"picked":"Offering","floor":16.0},{"not_picked":["Dark Embrace","Twin Strike"],"picked":"Disarm","floor":18},{"not_picked":["Sword Boomerang","Searing Blow","Dropkick"],"picked":"SKIP","floor":20},{"not_picked":["Sever Soul","Headbutt"],"picked":"Flame Barrier","floor":22},{"not_picked":["Cleave","Body Slam","Heavy Blade"],"picked":"SKIP","floor":23},{"not_picked":["Infernal Blade+1","Fire Breathing"],"picked":"Second Wind+1","floor":25},{"not_picked":["Dual Wield+1","Sever Soul","Uppercut"],"picked":"Singing Bowl","floor":28},{"not_picked":["Iron Wave","Armaments+1","Headbutt"],"picked":"Singing Bowl","floor":29}],"player_experience":1085772,"relics_obtained":[{"floor":6.0,"key":"Boot"},{"floor":8.0,"key":"Mercury Hourglass"},{"floor":9.0,"key":"Sundial"},{"floor":10.0,"key":"Pantograph"},{"floor":23,"key":"Charon\u0027s Ashes"},{"floor":25,"key":"Toxic Egg 2"},{"floor":26,"key":"Singing Bowl"},{"floor":28,"key":"StoneCalendar"}],"event_choices":[{"damage_healed":0.0,"max_hp_gain":0.0,"max_hp_loss":0.0,"gold_gain":0.0,"cards_transformed":["Strike_R"],"event_name":"Transmorgrifier","player_choice":"Transformed","floor":4.0,"gold_loss":0.0,"damage_taken":0.0,"cards_obtained":["Corruption"]},{"damage_healed":0,"gold_gain":50,"player_choice":"Stole From Cult","damage_taken":0,"max_hp_gain":0,"max_hp_loss":0,"event_name":"Nest","floor":21,"gold_loss":0},{"damage_healed":0,"gold_gain":50,"player_choice":"Pray","damage_taken":0,"max_hp_gain":0,"max_hp_loss":0,"event_name":"Golden Shrine","floor":31,"gold_loss":0}],"is_beta":false,"boss_relics":[{"not_picked":["Calling Bell","Coffee Dripper"],"picked":"Runic Dome"}],"items_purged_floors":[12,30],"is_endless":false,"potions_floor_spawned":[1,2,14,16,20,22,29],"killed_by":"Collector","ascension_level":17}}