{"host":"plbsiuh3vwan8ocg","time":1607846769,"event":{"mods":["AchievementEnabler","BaseMod","Minty Spire (QoL Compilation)","Quick Restart","StSLib"],"gold_per_floor":[119,41,41,41,55,80,80,80,105,105,280,314,326,344,344,344,344],"floor_reached":16,"playtime":695,"items_purged":[],"score":183,"play_id":"b05688e1-43ae-4fde-a767-b29cd792908f","local_time":"20201213030609","is_ascension_mode":true,"campfire_choices":[{"floor":7,"key":"REST"},{"floor":10,"key":"REST"},{"floor":15,"key":"REST"}],"circlet_count":0,"master_deck":["AscendersBane","Strike_B","Strike_B","Strike_B","Strike_B","Defend_B","Defend_B","Defend_B","Defend_B","Zap","Dualcast","Dramatic Entrance","Heatsinks","FTL","Coolheaded","Stack","Doubt","White Noise","Skim","Fusion"],"relics":["Cracked Core","Bag of Marbles","Spirit Poop","Juzu Bracelet","Gremlin Horn","Bag of Preparation","Nunchaku"],"acts_visited":["Exordium"],"potions_floor_usage":[12,16],"damage_taken":[{"damage":3,"enemies":"2 Louse","floor":1,"turns":2},{"damage":0,"enemies":"Cultist","floor":5,"turns":3},{"damage":46,"enemies":"Lagavulin","floor":6,"turns":7},{"damage":36,"enemies":"Gremlin Nob","floor":12,"turns":5},{"damage":0,"enemies":"Small Slimes","floor":13,"turns":3},{"damage":0,"enemies":"2 Fungi Beasts","floor":14,"turns":2},{"damage":46,"enemies":"Hexaghost","floor":16,"turns":9}],"seed_played":"8193348306254640483","potions_obtained":[{"floor":5,"key":"LiquidMemories"},{"floor":12,"key":"ColorlessPotion"}],"is_trial":false,"path_per_floor":["M","$","?","?","M","E","R","T","T","R","?","E","M","M","R","B"],"character_chosen":"DEFECT","items_purchased":["FTL"],"campfire_rested":3,"item_purchase_floors":[2],"current_hp_per_floor":[61,61,61,61,61,15,36,36,36,57,57,21,21,21,42,0,0],"gold":344,"neow_bonus":"RANDOM_COLORLESS","is_daily":false,"chose_seed":false,"campfire_upgraded":0,"win_rate":0.0,"timestamp":1607846769,"path_taken":["M","$","?","?","?","E","R","?","T","R","?","E","M","M","R","BOSS"],"items_purchased_type":["Card"],"build_version":"2020-11-30","purchased_purges":0,"victory":false,"max_hp_per_floor":[71,71,71,71,71,71,71,71,71,71,71,71,71,71,71,71,71],"card_choices":[{"not_picked":["Good Instincts","Bandage Up"],"picked":"Dramatic Entrance","floor":0},{"not_picked":["Compile Driver","Redo"],"picked":"Heatsinks","floor":1},{"not_picked":["Ball Lightning","Go for the Eyes"],"picked":"Coolheaded","floor":5},{"not_picked":["Steam","Amplify"],"picked":"Stack","floor":6},{"not_picked":["Undo","FTL"],"picked":"White Noise","floor":12},{"not_picked":["Barrage","Leap"],"picked":"Skim","floor":13},{"not_picked":["Steam","Barrage"],"picked":"Fusion","floor":14}],"player_experience":386042,"relics_obtained":[{"floor":6,"key":"Juzu Bracelet"},{"floor":8,"key":"Gremlin Horn"},{"floor":9,"key":"Bag of Preparation"},{"floor":12,"key":"Nunchaku"}],"event_choices":[{"damage_healed":0,"gold_gain":0,"player_choice":"Box","damage_taken":0,"relics_obtained":["Bag of Marbles"],"max_hp_gain":0,"max_hp_loss":0,"event_name":"Big Fish","floor":3,"gold_loss":0,"cards_obtained":["Regret"]},{"cards_removed":["Regret"],"damage_healed":0,"gold_gain":0,"player_choice":"Offered Curse","damage_taken":0,"relics_obtained":["Spirit Poop"],"max_hp_gain":0,"max_hp_loss":0,"event_name":"Bonfire Elementals","floor":4,"gold_loss":0},{"damage_healed":0,"gold_gain":175,"player_choice":"AGREE","damage_taken":0,"max_hp_gain":0,"max_hp_loss":0,"event_name":"Liars Game","floor":11,"gold_loss":0,"cards_obtained":["Doubt"]}],"is_beta":false,"boss_relics":[],"items_purged_floors":[],"is_endless":false,"potions_floor_spawned":[5,12],"killed_by":"Hexaghost","ascension_level":14}}