{"host":"hjw1ay65n7jm40lc","time":1607874269,"event":{"mods":["AchievementEnabler","BaseMod","Colored Map","Colored Powertips","Googly Eyes","Highlight Path","Minty Spire (QoL Compilation)","Quick Restart","Relic Stats"],"gold_per_floor":[112,112,125,90,100,131,131,160,160,160,190,190,224,236,236,236,236],"floor_reached":16,"playtime":725,"items_purged":[],"score":154,"play_id":"a8a953d8-2f44-4bfb-807b-54fa570dbe58","local_time":"20201213104429","is_ascension_mode":true,"campfire_choices":[{"data":"Sweeping Beam","floor":7,"key":"SMITH"},{"floor":12,"key":"REST"},{"data":"Static Discharge","floor":15,"key":"SMITH"}],"circlet_count":0,"master_deck":["Strike_B","Strike_B","Strike_B","Strike_B","Defend_B+1","Defend_B","Defend_B","Defend_B","Zap+1","Dualcast","Genetic Algorithm","Coolheaded","Sweeping Beam+1","Coolheaded","Melter","Static Discharge+1","Ball Lightning","Seek"],"relics":["Cracked Core","War Paint","Blue Candle","Kunai","Matryoshka","Strawberry","White Beast Statue","Shuriken","Bag of Marbles"],"acts_visited":["Exordium"],"potions_floor_usage":[6,13,16],"damage_taken":[{"damage":13,"enemies":"Small Slimes","floor":1,"turns":3},{"damage":0,"enemies":"2 Louse","floor":3,"turns":2},{"damage":0,"enemies":"Jaw Worm","floor":5,"turns":4},{"damage":22,"enemies":"Gremlin Nob","floor":6,"turns":4},{"damage":18,"enemies":"3 Sentries","floor":8,"turns":5},{"damage":21,"enemies":"Lagavulin","floor":11,"turns":8},{"damage":25,"enemies":"Gremlin Nob","floor":13,"turns":5},{"damage":0,"enemies":"Exordium Wildlife","floor":14,"turns":2},{"damage":28,"enemies":"The Guardian","floor":16,"turns":9}],"seed_played":"-4632011755361712495","potions_obtained":[{"floor":3,"key":"ColorlessPotion"},{"floor":11,"key":"GamblersBrew"},{"floor":13,"key":"LiquidMemories"},{"floor":14,"key":"Dexterity Potion"}],"is_trial":false,"path_per_floor":["M","?","M","?","M","E","R","E","T","?","E","R","E","M","R","B"],"character_chosen":"DEFECT","items_purchased":[],"campfire_rested":1,"item_purchase_floors":[],"current_hp_per_floor":[62,37,37,55,55,33,33,15,22,49,28,52,27,27,27,0,0],"gold":236,"neow_bonus":"RANDOM_COMMON_RELIC","is_daily":false,"chose_seed":false,"campfire_upgraded":2,"win_rate":0.0,"timestamp":1607874269,"path_taken":["M","?","M","?","M","E","R","E","T","?","E","R","E","M","R","BOSS"],"items_purchased_type":[],"build_version":"2020-11-30","purchased_purges":0,"victory":false,"max_hp_per_floor":[75,75,75,75,75,75,75,75,82,82,82,82,82,82,82,82,82],"relic_stats":{"counters":[9,42],"Shuriken":[1],"Blue Candle":[0],"Kunai":[2],"War Paint":["Defend_B","Zap"],"obtain_stats":[{"Matryoshka":8,"Shuriken":11,"Blue Candle":2,"Strawberry":9,"Bag of Marbles":13,"Kunai":6,"War Paint":0,"Cracked Core":0,"White Beast Statue":9},{"Matryoshka":5,"Shuriken":6,"Blue Candle":1,"Strawberry":5,"Bag of Marbles":7,"Kunai":4,"War Paint":0,"Cracked Core":0,"White Beast Statue":5},{"Matryoshka":18,"Shuriken":26,"Blue Candle":3,"Strawberry":18,"Bag of Marbles":31,"Kunai":13,"War Paint":0,"Cracked Core":0,"White Beast Statue":18}]},"card_choices":[{"not_picked":["Barrage","Sunder"],"picked":"Genetic Algorithm","floor":1},{"not_picked":["Recycle","Reinforced Body"],"picked":"Coolheaded","floor":3},{"not_picked":["Force Field","Consume"],"picked":"Sweeping Beam","floor":5},{"not_picked":["Fusion","Conserve Battery"],"picked":"Coolheaded","floor":6},{"not_picked":["Fusion","Stack"],"picked":"Melter","floor":8},{"not_picked":["Steam Power","Conserve Battery"],"picked":"Static Discharge","floor":11},{"not_picked":["Beam Cell","Steam"],"picked":"Ball Lightning","floor":13},{"not_picked":["Rebound","Barrage"],"picked":"Seek","floor":14}],"player_experience":193543,"relics_obtained":[{"floor":6,"key":"Kunai"},{"floor":8,"key":"Matryoshka"},{"floor":9,"key":"Strawberry"},{"floor":9,"key":"White Beast Statue"},{"floor":11,"key":"Shuriken"},{"floor":13,"key":"Bag of Marbles"}],"event_choices":[{"damage_healed":0,"gold_gain":0,"player_choice":"Success","damage_taken":25,"relics_obtained":["Blue Candle"],"max_hp_gain":0,"max_hp_loss":0,"event_name":"Scrap Ooze","floor":2,"gold_loss":0},{"damage_healed":18,"gold_gain":0,"player_choice":"Healed","damage_taken":0,"max_hp_gain":0,"max_hp_loss":0,"event_name":"The Cleric","floor":4,"gold_loss":35},{"damage_healed":27,"gold_gain":0,"player_choice":"Banana","damage_taken":0,"max_hp_gain":0,"max_hp_loss":0,"event_name":"Big Fish","floor":10,"gold_loss":0}],"is_beta":false,"boss_relics":[],"items_purged_floors":[],"is_endless":false,"potions_floor_spawned":[3,11,13,14],"killed_by":"The Guardian","ascension_level":4}}