{"host":"zekcc3vicrep0och","time":1607878520,"event":{"mods":["AchievementEnabler","BaseMod","Colored Map","Colored Powertips","Displayed Cursed Tome","Highlight Path","Minty Spire (QoL Compilation)","Quick Restart","Relic Stats","StSLib"],"gold_per_floor":[110,124,124,141,151,176,176,186,259,20,48,48,73,86,86,163,163,180,180,31,43,43,43,78,78,104,127,153,153,192,220,220,307,307,333,333,46,64,89,127,127,127,427,427,467,486,502,539,539,539],"floor_reached":51,"playtime":1864,"items_purged":["Defend_P"],"score":1873,"play_id":"219d6026-666e-4a9b-8bb0-4143f8b16c7c","local_time":"20201213195520","is_ascension_mode":true,"campfire_choices":[{"data":"Eruption","floor":7.0,"key":"SMITH"},{"data":"Tantrum","floor":15.0,"key":"SMITH"},{"data":"Judgement","floor":23.0,"key":"SMITH"},{"data":"Evaluate","floor":25.0,"key":"SMITH"},{"data":"TalkToTheHand","floor":29.0,"key":"SMITH"},{"data":"ClearTheMind","floor":32.0,"key":"SMITH"},{"floor":44.0,"key":"RECALL"},{"floor":49.0,"key":"REST"}],"circlet_count":0,"master_deck":["AscendersBane","Defend_P+1","Defend_P+1","Eruption+1","Vigilance+1","CurseOfTheBell","TalkToTheHand+1","EmptyFist","LikeWater","CutThroughFate+1","BowlingBash+1","Tantrum+1","Ragnarok+1","CrushJoints+1","Judgement+1","FollowUp+1","Bite+1","Bite+1","Bite+1","Bite+1","Bite+1","Evaluate+1","Perseverance+1","SashWhip+1","ClearTheMind+1","Omniscience","Evaluate+1","FearNoEvil+1","ThirdEye+1","Devotion+1"],"relics":["Calling Bell","Pen Nib","Eternal Feather","WingedGreaves","Pantograph","Lantern","Molten Egg 2","Yang","Oddly Smooth Stone","Philosopher\u0027s Stone","Membership Card","MutagenicStrength","GoldenEye","CeramicFish","Strawberry","TungstenRod","Fusion Hammer","Potion Belt","ClockworkSouvenir","Bag of Preparation","Juzu Bracelet","Old Coin","Frozen Egg 2","Art of War"],"acts_visited":["Exordium","TheCity","TheBeyond"],"potions_floor_usage":[50],"damage_taken":[{"damage":0.0,"enemies":"Cultist","floor":1.0,"turns":3.0},{"damage":3.0,"enemies":"Small Slimes","floor":2.0,"turns":5.0},{"damage":0.0,"enemies":"2 Louse","floor":4.0,"turns":2.0},{"damage":6.0,"enemies":"Blue Slaver","floor":5.0,"turns":4.0},{"damage":0.0,"enemies":"Lagavulin","floor":6.0,"turns":3.0},{"damage":1.0,"enemies":"Exordium Wildlife","floor":8.0,"turns":2.0},{"damage":10.0,"enemies":"3 Sentries","floor":11.0,"turns":4.0},{"damage":0.0,"enemies":"Gremlin Nob","floor":13.0,"turns":2.0},{"damage":11.0,"enemies":"Lots of Slimes","floor":14.0,"turns":3.0},{"damage":0.0,"enemies":"Slime Boss","floor":16.0,"turns":10.0},{"damage":0.0,"enemies":"Spheric Guardian","floor":18.0,"turns":2.0},{"damage":0.0,"enemies":"3 Byrds","floor":21.0,"turns":3.0},{"damage":30.0,"enemies":"Book of Stabbing","floor":24.0,"turns":4.0},{"damage":0.0,"enemies":"Snecko","floor":27.0,"turns":2.0},{"damage":20.0,"enemies":"Slavers","floor":28.0,"turns":7.0},{"damage":0.0,"enemies":"Gremlin Leader","floor":30.0,"turns":3.0},{"damage":14.0,"enemies":"Centurion and Healer","floor":31.0,"turns":4.0},{"damage":8.0,"enemies":"Automaton","floor":33.0,"turns":6.0},{"damage":19.0,"enemies":"3 Shapes","floor":35.0,"turns":4.0},{"damage":0.0,"enemies":"3 Darklings","floor":38.0,"turns":5.0},{"damage":0.0,"enemies":"Nemesis","floor":40.0,"turns":3.0},{"damage":0.0,"enemies":"Giant Head","floor":45.0,"turns":4.0},{"damage":3.0,"enemies":"Maw","floor":46.0,"turns":3.0},{"damage":0.0,"enemies":"4 Shapes","floor":47.0,"turns":3.0},{"damage":0.0,"enemies":"Reptomancer","floor":48.0,"turns":1.0},{"damage":0,"enemies":"Time Eater","floor":50,"turns":2}],"seed_played":"-1226098375764966425","potions_obtained":[{"floor":1.0,"key":"Ambrosia"},{"floor":4.0,"key":"FearPotion"},{"floor":5.0,"key":"SteroidPotion"},{"floor":16.0,"key":"StancePotion"},{"floor":28.0,"key":"SpeedPotion"},{"floor":30.0,"key":"AttackPotion"},{"floor":33.0,"key":"SteroidPotion"},{"floor":40.0,"key":"AttackPotion"},{"floor":48.0,"key":"Fire Potion"}],"is_trial":false,"path_per_floor":["M","M","T","M","M","E","R","M","T","$","E","?","E","M","R","B",null,"M","?","$","M","?","R","E","R","T","M","E","R","E","M","R","B",null,"M","?","$","M","T","E","?","?","T","R","E","M","M","E","R","B",null],"character_chosen":"WATCHER","items_purchased":["PowerPotion","Dexterity Potion","Ragnarok+1","Membership Card","Potion Belt","ClockworkSouvenir","SmokeBomb","SkillPotion","Weak Potion"],"campfire_rested":1,"item_purchase_floors":[10,10,10,20,37,37,37,37,37],"current_hp_per_floor":[61,58,58,58,52,52,61,60,60,60,50,50,50,39,51,68,68,68,47,47,47,47,47,17,32,32,35,40,54,54,52,54,49,53,40,40,40,49,49,52,52,52,52,54,54,51,54,54,54,54],"gold":539,"neow_bonus":"BOSS_RELIC","is_daily":false,"chose_seed":false,"campfire_upgraded":6,"win_rate":0.0,"timestamp":1607878520,"path_taken":["M","M","?","?","M","E","R","M","T","$","E","?","E","M","R","BOSS","M","?","$","M","?","R","E","R","T","M","E","R","E","M","R","BOSS","M","?","$","?","?","E","?","?","T","R","E","M","M","E","R","BOSS"],"items_purchased_type":["Potion","Potion","Card","Relic","Relic","Relic","Potion","Potion","Potion"],"build_version":"2020-11-30","purchased_purges":1,"victory":true,"max_hp_per_floor":[68,68,68,68,68,68,68,68,68,68,68,68,68,68,68,68,68,68,47,47,47,47,47,47,47,47,47,54,54,54,54,54,54,54,54,54,54,54,54,54,54,54,54,54,54,54,54,54,54,54],"relic_stats":{"counters":[26,94],"Pantograph":17,"CeramicFish":72,"Eternal Feather":54,"Yang":[161],"Pen Nib":[20],"Bag of Preparation":[12],"Juzu Bracelet":1,"Art of War":[0],"GoldenEye":[22],"obtain_stats":[{"Lantern":6,"CeramicFish":26,"Yang":11,"Bag of Preparation":39,"Juzu Bracelet":40,"ClockworkSouvenir":37,"Old Coin":43,"Pantograph":3,"Strawberry":28,"Philosopher\u0027s Stone":17,"WingedGreaves":0,"Fusion Hammer":34,"Potion Belt":37,"Oddly Smooth Stone":13,"Eternal Feather":0,"Pen Nib":0,"Frozen Egg 2":45,"GoldenEye":24,"Calling Bell":0,"MutagenicStrength":22,"Molten Egg 2":9,"Art of War":48,"Membership Card":20,"PureWater":0,"TungstenRod":30},{"Lantern":5,"CeramicFish":13,"Yang":7,"Bag of Preparation":20,"Juzu Bracelet":21,"ClockworkSouvenir":19,"Old Coin":21,"Pantograph":2,"Strawberry":15,"Philosopher\u0027s Stone":10,"WingedGreaves":0,"Fusion Hammer":18,"Potion Belt":19,"Oddly Smooth Stone":8,"Eternal Feather":0,"Pen Nib":0,"Frozen Egg 2":22,"GoldenEye":13,"Calling Bell":0,"MutagenicStrength":12,"Molten Egg 2":6,"Art of War":25,"Membership Card":11,"PureWater":0,"TungstenRod":16},{"Lantern":17,"CeramicFish":47,"Yang":23,"Bag of Preparation":78,"Juzu Bracelet":81,"ClockworkSouvenir":73,"Old Coin":81,"Pantograph":8,"Strawberry":56,"Philosopher\u0027s Stone":38,"WingedGreaves":0,"Fusion Hammer":69,"Potion Belt":73,"Oddly Smooth Stone":25,"Eternal Feather":0,"Pen Nib":0,"Frozen Egg 2":85,"GoldenEye":47,"Calling Bell":0,"MutagenicStrength":43,"Molten Egg 2":19,"Art of War":92,"Membership Card":40,"PureWater":0,"TungstenRod":59}],"TungstenRod":14},"card_choices":[{"not_picked":["Collect","Study"],"picked":"TalkToTheHand","floor":1.0},{"not_picked":["CarveReality","WaveOfTheHand"],"picked":"EmptyFist","floor":2.0},{"not_picked":["CutThroughFate","ClearTheMind"],"picked":"LikeWater","floor":4.0},{"not_picked":["Consecrate","Crescendo"],"picked":"CutThroughFate","floor":5.0},{"not_picked":["Pray","Adaptation"],"picked":"BowlingBash","floor":6.0},{"not_picked":["InnerPeace","Wireheading"],"picked":"Tantrum","floor":8.0},{"not_picked":["Nirvana","MasterReality","Meditate"],"picked":"SKIP","floor":11.0},{"not_picked":["Study","Conclude+1"],"picked":"LessonLearned+1","floor":13.0},{"not_picked":["DeceiveReality","EmptyFist+1"],"picked":"CrushJoints+1","floor":14.0},{"not_picked":["Devotion","Blasphemy"],"picked":"Judgement","floor":16.0},{"not_picked":["CrushJoints+1","Prostrate"],"picked":"FollowUp+1","floor":18.0},{"not_picked":["CrushJoints+1","Worship","SignatureMove+1"],"picked":"SKIP","floor":21.0},{"not_picked":["PathToVictory","Wireheading"],"picked":"Evaluate","floor":24.0},{"not_picked":["PathToVictory","SashWhip+1"],"picked":"Perseverance+1","floor":27.0},{"not_picked":["CrushJoints+1","Alpha","DeceiveReality"],"picked":"SKIP","floor":28.0},{"not_picked":["WindmillStrike+1","Nirvana"],"picked":"SashWhip+1","floor":30.0},{"not_picked":["Crescendo","EmptyFist+1"],"picked":"ClearTheMind","floor":31.0},{"not_picked":["LessonLearned+1","DeusExMachina"],"picked":"Omniscience","floor":33.0},{"not_picked":["SignatureMove+1","Perseverance"],"picked":"Evaluate+1","floor":35.0},{"not_picked":["BowlingBash+1","Pray","SignatureMove+1"],"picked":"SKIP","floor":38.0},{"not_picked":["FollowUp+1","ReachHeaven+1"],"picked":"FearNoEvil+1","floor":40.0},{"not_picked":["Protect","Tantrum+1"],"picked":"ThirdEye+1","floor":45.0},{"not_picked":["SashWhip+1","Study+1","PathToVictory"],"picked":"SKIP","floor":46.0},{"not_picked":["CrushJoints+1","EmptyMind","SignatureMove+1"],"picked":"SKIP","floor":47.0},{"not_picked":["BowlingBash+1","BattleHymn+1"],"picked":"Devotion+1","floor":48.0}],"player_experience":398175,"relics_obtained":[{"floor":0.0,"key":"Pen Nib"},{"floor":0.0,"key":"Eternal Feather"},{"floor":0.0,"key":"WingedGreaves"},{"floor":3.0,"key":"Pantograph"},{"floor":6.0,"key":"Lantern"},{"floor":9.0,"key":"Molten Egg 2"},{"floor":11.0,"key":"Yang"},{"floor":13.0,"key":"Oddly Smooth Stone"},{"floor":24.0,"key":"GoldenEye"},{"floor":26.0,"key":"CeramicFish"},{"floor":28.0,"key":"Strawberry"},{"floor":30.0,"key":"TungstenRod"},{"floor":39.0,"key":"Bag of Preparation"},{"floor":40.0,"key":"Juzu Bracelet"},{"floor":43.0,"key":"Old Coin"},{"floor":45.0,"key":"Frozen Egg 2"},{"floor":48.0,"key":"Art of War"}],"event_choices":[{"damage_healed":0.0,"max_hp_gain":0.0,"max_hp_loss":0.0,"gold_gain":0.0,"event_name":"Living Wall","player_choice":"Grow","floor":12.0,"gold_loss":0.0,"damage_taken":0.0,"cards_upgraded":["BowlingBash"]},{"damage_healed":0.0,"max_hp_gain":0.0,"max_hp_loss":21.0,"gold_gain":0.0,"event_name":"Vampires","player_choice":"Became a vampire","floor":19.0,"gold_loss":0.0,"damage_taken":0.0,"cards_obtained":["Bite","Bite","Bite","Bite","Bite"]},{"damage_healed":0.0,"max_hp_gain":0.0,"max_hp_loss":0.0,"gold_gain":0.0,"event_name":"Drug Dealer","player_choice":"Inject Mutagens","floor":22.0,"gold_loss":0.0,"damage_taken":0.0,"relics_obtained":["MutagenicStrength"]},{"damage_healed":0.0,"max_hp_gain":0.0,"max_hp_loss":0.0,"gold_gain":0.0,"event_name":"SecretPortal","player_choice":"Ignored","floor":36.0,"gold_loss":0.0,"damage_taken":0.0},{"cards_removed":["Defend_P"],"damage_healed":0.0,"max_hp_gain":0.0,"max_hp_loss":0.0,"gold_gain":0.0,"event_name":"Purifier","player_choice":"Purged","floor":41.0,"gold_loss":0.0,"damage_taken":0.0},{"cards_removed":["LessonLearned"],"damage_healed":0.0,"max_hp_gain":0.0,"max_hp_loss":0.0,"gold_gain":0.0,"event_name":"Falling","player_choice":"Removed Attack","floor":42.0,"gold_loss":0.0,"damage_taken":0.0}],"is_beta":false,"boss_relics":[{"not_picked":["Ectoplasm","Empty Cage"],"picked":"Philosopher\u0027s Stone"},{"not_picked":["Tiny House","Runic Pyramid"],"picked":"Fusion Hammer"}],"items_purged_floors":[37],"is_endless":false,"potions_floor_spawned":[1,4,5,16,18,28,30,33,38,40,48],"ascension_level":15}}