{"host":"x6tlfgqpy55vgxdn","time":1607868448,"event":{"mods":["AchievementEnabler","BaseMod","DeckTracker","Minty Spire (QoL Compilation)","Permanent Neow","StSLib","SuperFastMode"],"gold_per_floor":[369,369,43,53,66,102,102,136,160,60,86,36,73,96,96,201,201,249,249,285,243,69,126,126,193,219,219,419,419,486,486,486,619,646,692,692,710,763,838,889,889,938,986,584,630,414,414,9,9,9],"floor_reached":51,"playtime":2100,"items_purged":["Defend_P","Defend_P","Defend_P","Meditate","ThirdEye+1"],"score":1263,"play_id":"86329ac3-cea4-49ae-b368-24c5535914a6","local_time":"20201213230728","is_ascension_mode":true,"campfire_choices":[{"data":"Scrawl","floor":7.0,"key":"SMITH"},{"data":"CrushJoints","floor":15.0,"key":"SMITH"},{"floor":24.0,"key":"REST"},{"data":"Vault","floor":27.0,"key":"SMITH"},{"floor":29.0,"key":"REST"},{"data":"SpiritShield","floor":32.0,"key":"SMITH"},{"data":"Madness","floor":41.0,"key":"SMITH"},{"data":"Vigilance","floor":47,"key":"SMITH"},{"floor":49,"key":"REST"}],"circlet_count":0,"master_deck":["Eruption+1","Vigilance+1","Consecrate+1","Scrawl+1","SpiritShield+1","FlurryOfBlows+1","Wish+1","JustLucky+1","ClearTheMind+1","Vault+1","DevaForm+1","LessonLearned+1","Meditate+1","Ragnarok+1","TalkToTheHand+1","Madness+1","Madness+1","InnerPeace+1","Fasting2+1","Tantrum+1","Adaptation+1","Adaptation+1"],"relics":["PureWater","Mummified Hand","CeramicFish","Strawberry","Juzu Bracelet","Boot","Darkstone Periapt","VioletLotus","Centennial Puzzle","Molten Egg 2","Bag of Preparation","Frozen Egg 2","Ornamental Fan","Astrolabe","Prayer Wheel","Akabeko","Ancient Tea Set","HornCleat","OrangePellets","Happy Flower"],"acts_visited":["Exordium","TheCity","TheBeyond"],"potions_floor_usage":[50],"damage_taken":[{"damage":0.0,"enemies":"Jaw Worm","floor":1.0,"turns":3.0},{"damage":0.0,"enemies":"Cultist","floor":4.0,"turns":2.0},{"damage":0.0,"enemies":"2 Louse","floor":5.0,"turns":1.0},{"damage":2.0,"enemies":"Gremlin Nob","floor":6.0,"turns":3.0},{"damage":0.0,"enemies":"Lagavulin","floor":8.0,"turns":3.0},{"damage":0.0,"enemies":"Gremlin Nob","floor":11.0,"turns":2.0},{"damage":0.0,"enemies":"Lagavulin","floor":13.0,"turns":2.0},{"damage":0.0,"enemies":"2 Fungi Beasts","floor":14.0,"turns":1.0},{"damage":16.0,"enemies":"The Guardian","floor":16.0,"turns":7.0},{"damage":17.0,"enemies":"2 Thieves","floor":18.0,"turns":3.0},{"damage":7.0,"enemies":"Chosen","floor":20.0,"turns":3.0},{"damage":27.0,"enemies":"Book of Stabbing","floor":23.0,"turns":4.0},{"damage":22.0,"enemies":"Gremlin Leader","floor":25.0,"turns":3.0},{"damage":0.0,"enemies":"Book of Stabbing","floor":30.0,"turns":3.0},{"damage":8.0,"enemies":"Automaton","floor":33.0,"turns":10.0},{"damage":7.0,"enemies":"Orb Walker","floor":35.0,"turns":3.0},{"damage":1.0,"enemies":"3 Darklings","floor":38.0,"turns":5.0},{"damage":0.0,"enemies":"Mind Bloom Boss Battle","floor":39.0,"turns":6.0},{"damage":6.0,"enemies":"Nemesis","floor":40.0,"turns":4.0},{"damage":0.0,"enemies":"Jaw Worm Horde","floor":42.0,"turns":4.0},{"damage":0.0,"enemies":"Writhing Mass","floor":45.0,"turns":3.0},{"damage":0,"enemies":"Awakened One","floor":50,"turns":4}],"seed_played":"-1754232350652003965","potions_obtained":[{"floor":4.0,"key":"Strength Potion"},{"floor":6.0,"key":"StancePotion"},{"floor":14.0,"key":"Dexterity Potion"},{"floor":20.0,"key":"SteroidPotion"},{"floor":23.0,"key":"SteroidPotion"},{"floor":25.0,"key":"SkillPotion"},{"floor":33.0,"key":"PowerPotion"},{"floor":38.0,"key":"Fire Potion"}],"is_trial":false,"path_per_floor":["M","?","$","M","M","E","R","E","T","$","E","?","E","M","R","B",null,"M","?","M","?","$","E","R","E","T","R","?","R","E","T","R","B",null,"M","?","?","M","?","E","R","M","T","$","M","$","R","$","R","B",null],"character_chosen":"WATCHER","items_purchased":["Mummified Hand","PowerPotion","HornCleat","OrangePellets","Adaptation+1","Adaptation+1","Happy Flower","Energy Potion"],"campfire_rested":3,"item_purchase_floors":[3,22,44,46,46,48,48,48],"current_hp_per_floor":[65,65,65,65,65,63,63,70,70,70,70,70,70,70,70,54,68,51,51,44,44,44,17,38,16,16,16,16,37,37,37,37,29,61,54,54,45,44,44,38,38,38,38,38,38,38,38,38,59,59],"gold":9,"neow_bonus":"TWO_FIFTY_GOLD","is_daily":false,"chose_seed":false,"campfire_upgraded":6,"win_rate":0.0,"timestamp":1607868448,"path_taken":["M","?","$","M","?","E","R","E","T","?","E","?","E","M","R","BOSS","M","?","M","?","$","E","R","E","T","R","?","R","E","?","R","BOSS","M","?","?","M","?","E","R","M","T","$","M","?","R","$","R","BOSS"],"items_purchased_type":["Relic","Potion","Relic","Relic","Card","Card","Relic","Potion"],"build_version":"2020-11-30","purchased_purges":5,"victory":true,"max_hp_per_floor":[65,65,65,65,65,65,65,72,72,72,72,72,72,72,72,72,72,72,72,72,72,72,72,72,72,72,72,72,72,72,72,72,72,72,72,72,72,72,72,72,72,72,72,72,72,72,72,72,72,72],"card_choices":[{"not_picked":["EmptyBody","Sanctity"],"picked":"CrushJoints","floor":1.0},{"not_picked":["JustLucky","CutThroughFate"],"picked":"Consecrate","floor":4.0},{"not_picked":["FollowUp","Conclude"],"picked":"EmptyFist","floor":5.0},{"not_picked":["ThirdEye","BowlingBash"],"picked":"Scrawl","floor":6.0},{"not_picked":["EmptyBody","Crescendo","CutThroughFate"],"picked":"SKIP","floor":8.0},{"not_picked":["EmptyBody","Crescendo","CutThroughFate"],"picked":"SKIP","floor":8.0},{"not_picked":["ClearTheMind","LikeWater","FollowUp"],"picked":"SKIP","floor":11.0},{"not_picked":["PathToVictory","CrushJoints"],"picked":"SpiritShield","floor":13.0},{"not_picked":["EmptyBody","CutThroughFate"],"picked":"FlurryOfBlows","floor":14.0},{"not_picked":["MasterReality","Blasphemy"],"picked":"Wish","floor":16.0},{"not_picked":["PathToVictory","Wireheading"],"picked":"JustLucky+1","floor":18.0},{"not_picked":["SignatureMove+1","EmptyFist+1","Consecrate"],"picked":"SKIP","floor":20.0},{"not_picked":["FollowUp","SashWhip+1","BowlingBash"],"picked":"SKIP","floor":23.0},{"not_picked":["Wireheading","PathToVictory"],"picked":"Vault","floor":25.0},{"not_picked":["SashWhip+1","ForeignInfluence"],"picked":"DevaForm+1","floor":30.0},{"not_picked":["Alpha","MasterReality+1"],"picked":"LessonLearned+1","floor":33.0},{"not_picked":["Protect","Collect"],"picked":"TalkToTheHand+1","floor":35.0},{"not_picked":["ReachHeaven+1","CrushJoints+1"],"picked":"InnerPeace","floor":38.0},{"not_picked":["Protect+1","Prostrate+1","Wireheading+1"],"picked":"SKIP","floor":40.0},{"not_picked":["EmptyBody","SignatureMove+1"],"picked":"Fasting2+1","floor":42.0},{"not_picked":["BowlingBash+1","ClearTheMind+1","ForeignInfluence"],"picked":"SKIP","floor":42.0},{"not_picked":["Collect+1","Evaluate"],"picked":"Tantrum+1","floor":45.0},{"not_picked":["FlyingSleeves+1","ThirdEye+1","PathToVictory+1"],"picked":"SKIP","floor":45.0}],"player_experience":140853,"relics_obtained":[{"floor":6.0,"key":"CeramicFish"},{"floor":8.0,"key":"Strawberry"},{"floor":9.0,"key":"Juzu Bracelet"},{"floor":11.0,"key":"Boot"},{"floor":13.0,"key":"Darkstone Periapt"},{"floor":23.0,"key":"Centennial Puzzle"},{"floor":25.0,"key":"Molten Egg 2"},{"floor":26.0,"key":"Bag of Preparation"},{"floor":30.0,"key":"Frozen Egg 2"},{"floor":31.0,"key":"Ornamental Fan"},{"floor":39.0,"key":"Prayer Wheel"},{"floor":40.0,"key":"Akabeko"},{"floor":43.0,"key":"Ancient Tea Set"}],"event_choices":[{"damage_healed":0.0,"max_hp_gain":0.0,"max_hp_loss":0.0,"gold_gain":0.0,"event_name":"Upgrade Shrine","player_choice":"Upgraded","floor":2.0,"gold_loss":0.0,"damage_taken":0.0,"cards_upgraded":["Eruption"]},{"cards_removed":["Strike_P"],"damage_healed":0.0,"max_hp_gain":0.0,"max_hp_loss":0.0,"gold_gain":0.0,"event_name":"The Cleric","player_choice":"Card Removal","floor":12.0,"gold_loss":50.0,"damage_taken":0.0},{"damage_healed":0.0,"max_hp_gain":0.0,"max_hp_loss":0.0,"gold_gain":0.0,"event_name":"Vampires","player_choice":"Ignored","floor":19.0,"gold_loss":0.0,"damage_taken":0.0},{"damage_healed":0.0,"max_hp_gain":0.0,"max_hp_loss":0.0,"gold_gain":0.0,"cards_transformed":["Strike_P","EmptyFist"],"event_name":"Designer","player_choice":"Transformed Cards","floor":21.0,"gold_loss":60.0,"damage_taken":0.0,"cards_obtained":["ClearTheMind","Meditate"]},{"damage_healed":0.0,"max_hp_gain":0.0,"max_hp_loss":0.0,"gold_gain":250.0,"event_name":"The Joust","player_choice":"Bet on Owner","floor":28.0,"gold_loss":50.0,"damage_taken":0.0},{"cards_removed":["CrushJoints"],"damage_healed":0.0,"max_hp_gain":0.0,"max_hp_loss":0.0,"gold_gain":0.0,"event_name":"Falling","player_choice":"Removed Attack","floor":36.0,"gold_loss":0.0,"damage_taken":0.0},{"damage_healed":0.0,"max_hp_gain":0.0,"max_hp_loss":0.0,"gold_gain":0.0,"event_name":"Winding Halls","player_choice":"Embrace Madness","floor":37.0,"gold_loss":0.0,"damage_taken":9.0,"cards_obtained":["Madness","Madness"]},{"damage_healed":0.0,"max_hp_gain":0.0,"max_hp_loss":0.0,"gold_gain":0.0,"event_name":"MindBloom","player_choice":"Fight","floor":39.0,"gold_loss":0.0,"damage_taken":0.0}],"is_beta":false,"boss_relics":[{"not_picked":["HolyWater","Philosopher\u0027s Stone"],"picked":"VioletLotus"},{"not_picked":["Runic Pyramid","SacredBark"],"picked":"Astrolabe"}],"items_purged_floors":[3,10,22,44,48],"is_endless":false,"potions_floor_spawned":[4,6,14,20,23,25,33,38],"ascension_level":7}}