{"host":"kw4o7b3ro2ktmmbe","time":1607865903,"event":{"mods":["BaseMod","Minty Spire (QoL Compilation)","StSLib","The Death Knight","Treasure Hunter"],"gold_per_floor":[112,183,196,196,371,371,371,371,371,392,149,189,207,221,221,350,350,368,368,388,313,313,313],"floor_reached":22,"playtime":5198,"items_purged":["Doubt"],"score":212,"play_id":"b5ab91d9-3172-4cb3-ad21-d454a5e60d60","local_time":"20201214022503","is_ascension_mode":true,"campfire_choices":[{"data":"DeathKnight:Contagion","floor":6.0,"key":"SMITH"},{"floor":8.0,"key":"REST"},{"floor":15.0,"key":"REST"}],"circlet_count":0,"master_deck":["DeathKnight:Strike_DeathKnight","DeathKnight:Strike_DeathKnight","DeathKnight:Strike_DeathKnight","DeathKnight:Strike_DeathKnight","DeathKnight:Strike_DeathKnight","DeathKnight:Defend_DeathKnight","DeathKnight:Defend_DeathKnight","DeathKnight:Defend_DeathKnight","DeathKnight:Defend_DeathKnight","DeathKnight:Defend_DeathKnight","DeathKnight:RuneTap","DeathKnight:RuneStrike","CurseOfTheBell","DeathKnight:Contagion+1","TH:Mimic","DeathKnight:Contagion","TH:PixieDust","TH:CursedSword","DeathKnight:ReapingStrike","DeathKnight:BloodStrike+1"],"relics":["Calling Bell","Smiling Mask","Pantograph","Calipers","Vajra","Golden Idol","Sundial","Nunchaku","Boot","Cursed Key","Akabeko"],"acts_visited":["Exordium","TheCity"],"potions_floor_usage":[22],"damage_taken":[{"damage":3.0,"enemies":"Small Slimes","floor":1.0,"turns":5.0},{"damage":0.0,"enemies":"2 Louse","floor":3.0,"turns":2.0},{"damage":3.0,"enemies":"Jaw Worm","floor":10.0,"turns":4.0},{"damage":19.0,"enemies":"Gremlin Nob","floor":12.0,"turns":4.0},{"damage":13.0,"enemies":"Red Slaver","floor":13.0,"turns":4.0},{"damage":16.0,"enemies":"2 Fungi Beasts","floor":14.0,"turns":4.0},{"damage":28.0,"enemies":"Hexaghost","floor":16.0,"turns":9.0},{"damage":10.0,"enemies":"Shell Parasite","floor":18.0,"turns":6.0},{"damage":41,"enemies":"Spheric Guardian","floor":20,"turns":6},{"damage":28,"enemies":"Shelled Parasite and Fungi","floor":22,"turns":3}],"seed_played":"-5497769751684026031","potions_obtained":[{"floor":1.0,"key":"Explosive Potion"},{"floor":10.0,"key":"AttackPotion"},{"floor":20,"key":"Ancient Potion"}],"is_trial":false,"path_per_floor":["M","?","M","?","?","R","?","R","T","M","$","E","M","M","R","B",null,"M","?","M","?","M"],"character_chosen":"DEATH_KNIGHT","items_purchased":["DeathKnight:Contagion","Nunchaku"],"campfire_rested":2,"item_purchase_floors":[11,11],"current_hp_per_floor":[72,72,72,65,65,65,47,69,69,66,66,47,34,18,40,37,75,65,65,24,24,0,0],"gold":313,"neow_bonus":"BOSS_RELIC","is_daily":false,"chose_seed":false,"campfire_upgraded":1,"win_rate":0.0,"timestamp":1607865903,"path_taken":["M","?","M","?","?","R","?","R","T","?","$","E","M","M","R","BOSS","M","?","M","?","M"],"items_purchased_type":["Card","Relic"],"build_version":"2020-11-30","purchased_purges":1,"victory":false,"max_hp_per_floor":[75,75,75,75,75,75,75,75,75,75,75,75,75,75,75,75,75,75,75,75,75,75,75],"card_choices":[{"not_picked":["DeathKnight:Hysteria","DeathKnight:UnholyFrenzy"],"picked":"DeathKnight:Contagion","floor":1.0},{"not_picked":["DeathKnight:DeathGrip","DeathKnight:BloodTap","DeathKnight:ShatteringStrikes"],"picked":"SKIP","floor":3.0},{"not_picked":["TH:BikiniMail"],"picked":"TH:Mimic","floor":9.0},{"not_picked":["DeathKnight:MindFreeze","DeathKnight:BloodTap","DeathKnight:BludPresence"],"picked":"SKIP","floor":10.0},{"not_picked":["TH:EnergyPotion"],"picked":"TH:PixieDust","floor":12.0},{"not_picked":["DeathKnight:HartStrike","DeathKnight:BoneShield","DeathKnight:Parry"],"picked":"SKIP","floor":12.0},{"not_picked":["DeathKnight:DreadStrike","DeathKnight:MutagenicPlague","DeathKnight:RunicCorruption"],"picked":"SKIP","floor":13.0},{"not_picked":["DeathKnight:RuneShock","DeathKnight:IcyTouch","DeathKnight:BloodStrike"],"picked":"SKIP","floor":14.0},{"not_picked":["TH:PixieDust"],"picked":"TH:CursedSword","floor":16.0},{"not_picked":["DeathKnight:Outbreak","DeathKnight:VampiricBlood"],"picked":"DeathKnight:ReapingStrike","floor":16.0},{"not_picked":["DeathKnight:RunicCorruption","DeathKnight:BloodStrike","DeathKnight:MindFreeze"],"picked":"SKIP","floor":18.0},{"not_picked":["DeathKnight:Ossuary+1","DeathKnight:UnholyFrenzy"],"picked":"DeathKnight:BloodStrike+1","floor":20}],"player_experience":1776808,"relics_obtained":[{"floor":0.0,"key":"Smiling Mask"},{"floor":0.0,"key":"Pantograph"},{"floor":0.0,"key":"Calipers"},{"floor":9.0,"key":"Sundial"},{"floor":12.0,"key":"Boot"}],"event_choices":[{"damage_healed":0.0,"max_hp_gain":0.0,"max_hp_loss":0.0,"gold_gain":71.0,"event_name":"Golden Wing","player_choice":"Gained Gold","floor":2.0,"gold_loss":0.0,"damage_taken":0.0},{"damage_healed":0.0,"max_hp_gain":0.0,"max_hp_loss":0.0,"gold_gain":0.0,"event_name":"Scrap Ooze","player_choice":"Success","floor":4.0,"gold_loss":0.0,"damage_taken":7.0,"relics_obtained":["Vajra"]},{"damage_healed":0.0,"max_hp_gain":0.0,"max_hp_loss":0.0,"gold_gain":175.0,"event_name":"Liars Game","player_choice":"AGREE","floor":5.0,"gold_loss":0.0,"damage_taken":0.0,"cards_obtained":["Doubt"]},{"damage_healed":0.0,"max_hp_gain":0.0,"max_hp_loss":0.0,"gold_gain":0.0,"event_name":"Golden Idol","player_choice":"Take Damage","floor":7.0,"gold_loss":0.0,"damage_taken":18.0,"relics_obtained":["Golden Idol"]},{"damage_healed":0.0,"max_hp_gain":0.0,"max_hp_loss":0.0,"gold_gain":0.0,"event_name":"The Mausoleum","player_choice":"Opened","floor":19.0,"gold_loss":0.0,"damage_taken":0.0,"relics_obtained":["Akabeko"],"cards_obtained":["Writhe"]},{"cards_removed":["Writhe"],"damage_healed":0,"gold_gain":0,"player_choice":"Gave Gold","damage_taken":0,"max_hp_gain":0,"max_hp_loss":0,"event_name":"Beggar","floor":21,"gold_loss":75}],"is_beta":false,"boss_relics":[{"not_picked":["Runic Dome","Philosopher\u0027s Stone"],"picked":"Cursed Key"}],"items_purged_floors":[11],"is_endless":false,"potions_floor_spawned":[1,10,20],"killed_by":"Shelled Parasite and Fungi","ascension_level":3}}