{"host":"3jpcvpprzj9sjffh","time":1607860182,"event":{"mods":["AchievementEnabler","BaseMod","Colored Map","Minty Spire (QoL Compilation)","Rare Cards Sparkle","everything is the same but u backflip on backflip"],"gold_per_floor":[115,40,58,76,76,104,104,122,122,46,66,66,93,103,103,204,204,220,231,156,156,156,156,170,170,470,489,36,36,36,53,53,53,53],"floor_reached":33,"playtime":1668,"items_purged":["Strike_G","Defend_G"],"score":257,"play_id":"de46eeda-5d07-4840-933c-386ccfae80aa","local_time":"20201213204942","is_ascension_mode":false,"campfire_choices":[{"data":"Noxious Fumes","floor":7,"key":"SMITH"},{"floor":12,"key":"REST"},{"floor":15,"key":"REST"},{"data":"Envenom","floor":23,"key":"SMITH"},{"data":"Crippling Poison","floor":25,"key":"SMITH"},{"data":"Tactician","floor":32,"key":"SMITH"}],"circlet_count":0,"master_deck":["Strike_G","Strike_G","Strike_G","Defend_G","Defend_G","Defend_G","Survivor","Neutralize","Calculated Gamble","Noxious Fumes+1","Tactician+1","Prepared","Crippling Poison+1","Envenom+1","Bane","Corpse Explosion","Bouncing Flask","Poisoned Stab","Escape Plan"],"relics":["Ring of the Snake","Boot","Shuriken","Eternal Feather","Sozu","Old Coin","Incense Burner"],"acts_visited":["Exordium","TheCity"],"potions_floor_usage":[16,16,16],"damage_taken":[{"damage":2,"enemies":"Jaw Worm","floor":1,"turns":5},{"damage":2,"enemies":"Cultist","floor":3,"turns":4},{"damage":0,"enemies":"Small Slimes","floor":4,"turns":3},{"damage":33,"enemies":"3 Sentries","floor":6,"turns":9},{"damage":8,"enemies":"3 Louse","floor":8,"turns":3},{"damage":3,"enemies":"Looter","floor":11,"turns":4},{"damage":20,"enemies":"Lagavulin","floor":13,"turns":7},{"damage":11,"enemies":"Red Slaver","floor":14,"turns":5},{"damage":15,"enemies":"Hexaghost","floor":16,"turns":9},{"damage":15,"enemies":"Shell Parasite","floor":18,"turns":6},{"damage":0,"enemies":"3 Byrds","floor":19,"turns":3},{"damage":7,"enemies":"Snecko","floor":24,"turns":4},{"damage":12,"enemies":"3 Cultists","floor":27,"turns":4},{"damage":10,"enemies":"Centurion and Healer","floor":31,"turns":5},{"damage":65,"enemies":"Collector","floor":33,"turns":6}],"seed_played":"5724501488481875997","potions_obtained":[{"floor":1,"key":"LiquidBronze"},{"floor":5,"key":"Energy Potion"},{"floor":5,"key":"Block Potion"}],"is_trial":false,"path_per_floor":["M","$","M","M","?","E","R","M","T","$","M","R","E","M","R","B",null,"M","M","?","?","?","R","M","R","T","M","$","?","$","M","R","B"],"character_chosen":"THE_SILENT","items_purchased":["Crippling Poison","Poisoned Stab","Incense Burner"],"campfire_rested":2,"item_purchase_floors":[10,28,28],"current_hp_per_floor":[68,68,66,66,66,33,33,25,25,25,22,43,23,12,42,27,70,55,55,55,55,55,64,57,66,66,54,54,54,54,44,53,0,0],"gold":53,"neow_bonus":"TRANSFORM_CARD","is_daily":false,"chose_seed":false,"campfire_upgraded":4,"win_rate":0.0,"timestamp":1607860182,"path_taken":["M","$","M","M","?","E","R","M","T","$","?","R","E","M","R","BOSS","M","M","?","?","?","R","M","R","T","M","$","?","$","?","R","BOSS"],"items_purchased_type":["Card","Card","Relic"],"build_version":"2020-11-30","purchased_purges":2,"victory":false,"max_hp_per_floor":[70,70,70,70,70,70,70,70,70,70,70,70,70,70,70,70,70,70,70,70,70,70,70,70,70,70,70,70,70,70,70,70,70,70],"card_choices":[{"not_picked":["Calculated Gamble","Crippling Poison"],"picked":"Noxious Fumes","floor":1},{"not_picked":["Cloak And Dagger","Accuracy"],"picked":"Tactician","floor":3},{"not_picked":["Blur","Dodge and Roll","Sucker Punch"],"picked":"SKIP","floor":4},{"not_picked":["Expertise","Dodge and Roll"],"picked":"Prepared","floor":6},{"not_picked":["Heel Hook","Accuracy","Outmaneuver"],"picked":"SKIP","floor":8},{"not_picked":["Finisher","Well Laid Plans","Blade Dance"],"picked":"SKIP","floor":11},{"not_picked":["Calculated Gamble","Bane"],"picked":"Envenom","floor":13},{"not_picked":["Acrobatics","Masterful Stab"],"picked":"Bane","floor":14},{"not_picked":["After Image","Burst"],"picked":"Corpse Explosion","floor":16},{"not_picked":["Outmaneuver+1","Underhanded Strike","Acrobatics"],"picked":"SKIP","floor":18},{"not_picked":["Acrobatics+1","Dagger Throw"],"picked":"Bouncing Flask","floor":19},{"not_picked":["All Out Attack+1","Blade Dance","Backflip+1"],"picked":"SKIP","floor":24},{"not_picked":["Tactician","Acrobatics","Sucker Punch+1"],"picked":"SKIP","floor":27},{"not_picked":["Cloak And Dagger","PiercingWail+1"],"picked":"Escape Plan","floor":31}],"player_experience":146349,"relics_obtained":[{"floor":6,"key":"Boot"},{"floor":9,"key":"Shuriken"},{"floor":13,"key":"Eternal Feather"},{"floor":26,"key":"Old Coin"}],"event_choices":[{"damage_healed":0,"gold_gain":0,"player_choice":"Got Potions","damage_taken":0,"max_hp_gain":0,"max_hp_loss":0,"event_name":"Lab","floor":5,"gold_loss":0},{"cards_removed":["Strike_G"],"damage_healed":0,"gold_gain":0,"player_choice":"Gave Gold","damage_taken":0,"max_hp_gain":0,"max_hp_loss":0,"event_name":"Beggar","floor":20,"gold_loss":75},{"damage_healed":0,"gold_gain":0,"player_choice":"Ignored","damage_taken":0,"max_hp_gain":0,"max_hp_loss":0,"event_name":"Ghosts","floor":21,"gold_loss":0},{"damage_healed":0,"gold_gain":0,"player_choice":"Ignored","damage_taken":0,"max_hp_gain":0,"max_hp_loss":0,"event_name":"Cursed Tome","floor":22,"gold_loss":0},{"damage_healed":0,"gold_gain":0,"player_choice":"Ignored","damage_taken":0,"max_hp_gain":0,"max_hp_loss":0,"event_name":"Duplicator","floor":29,"gold_loss":0}],"is_beta":false,"boss_relics":[{"not_picked":["WristBlade","Snecko Eye"],"picked":"Sozu"}],"items_purged_floors":[2,28],"is_endless":false,"potions_floor_spawned":[1,6,8,18,24,31],"killed_by":"Collector","ascension_level":0}}