{"host":"7gewg82ormp6yt4e","time":1607838827,"event":{"mods":["BaseMod","Block Reminder","Colored Map","Colored Powertips","DeckTracker","Highlight Path","Minty Spire (QoL Compilation)","Relic Stats","StSLib"],"gold_per_floor":[117,117,34,50,50,84,84,103,103,103,103,129,129,147,147,225,225,241,50,65,65,65,65],"floor_reached":22,"playtime":795,"items_purged":[],"score":434,"play_id":"58704153-6e4d-409e-8743-f3c78d87ca58","local_time":"20201213145347","is_ascension_mode":true,"campfire_choices":[{"data":"Corpse Explosion","floor":7,"key":"SMITH"},{"data":"Deadly Poison","floor":11,"key":"SMITH"},{"data":"Noxious Fumes","floor":15,"key":"SMITH"}],"circlet_count":0,"master_deck":["AscendersBane","Strike_G","Strike_G","Strike_G","Strike_G","Strike_G","Defend_G","Defend_G","Defend_G","Defend_G","Defend_G","Survivor","Neutralize","Poisoned Stab","Corpse Explosion+1","Blade Dance","Deadly Poison+1","Predator","A Thousand Cuts","Noxious Fumes+1","Tools of the Trade","Acrobatics","Dagger Throw"],"relics":["Ring of the Snake","NeowsBlessing","Sundial","Oddly Smooth Stone","Eternal Feather","Unceasing Top","Pantograph","SlaversCollar","ClockworkSouvenir","SsserpentHead"],"acts_visited":["Exordium","TheCity"],"potions_floor_usage":[12,18,20,20,20,22],"damage_taken":[{"damage":0,"enemies":"Jaw Worm","floor":1,"turns":1},{"damage":0,"enemies":"Cultist","floor":4,"turns":1},{"damage":0,"enemies":"3 Sentries","floor":6,"turns":1},{"damage":0,"enemies":"2 Louse","floor":8,"turns":3},{"damage":23,"enemies":"Lagavulin","floor":12,"turns":4},{"damage":8,"enemies":"Blue Slaver","floor":14,"turns":4},{"damage":42,"enemies":"Hexaghost","floor":16,"turns":8},{"damage":15,"enemies":"Chosen","floor":18,"turns":5},{"damage":28,"enemies":"3 Byrds","floor":20,"turns":4},{"damage":21,"enemies":"Snake Plant","floor":22,"turns":4}],"seed_played":"7272305955975216617","potions_obtained":[{"floor":1,"key":"Swift Potion"},{"floor":6,"key":"Poison Potion"},{"floor":16,"key":"Block Potion"},{"floor":18,"key":"EntropicBrew"},{"floor":20,"key":"DistilledChaos"}],"is_trial":false,"path_per_floor":["M","?","$","M","$","E","R","M","T","?","R","E","T","M","R","B",null,"M","$","M","?","M"],"character_chosen":"THE_SILENT","items_purchased":["Corpse Explosion","ClockworkSouvenir","Dagger Throw"],"campfire_rested":0,"item_purchase_floors":[3,19,19],"current_hp_per_floor":[59,59,59,59,59,59,59,59,59,64,71,48,48,40,52,29,61,46,46,18,18,0,0],"gold":65,"neow_bonus":"THREE_ENEMY_KILL","is_daily":false,"chose_seed":false,"campfire_upgraded":3,"win_rate":0.0,"timestamp":1607838827,"path_taken":["M","?","$","M","?","E","R","M","T","?","R","E","?","M","R","BOSS","M","$","M","?","M"],"items_purchased_type":["Card","Relic","Card"],"build_version":"2020-11-30","purchased_purges":0,"victory":false,"max_hp_per_floor":[66,66,66,66,66,66,66,66,66,71,71,71,71,71,71,71,71,71,71,71,71,71,71],"relic_stats":{"SsserpentHead":0,"counters":[10,35],"Sundial":[4],"Pantograph":19,"Eternal Feather":19,"obtain_stats":[{"SlaversCollar":17,"SsserpentHead":21,"NeowsBlessing":0,"Sundial":2,"Pantograph":13,"Oddly Smooth Stone":6,"Eternal Feather":9,"Unceasing Top":12,"Ring of the Snake":0,"ClockworkSouvenir":19},{"SlaversCollar":7,"SsserpentHead":9,"NeowsBlessing":0,"Sundial":1,"Pantograph":5,"Oddly Smooth Stone":3,"Eternal Feather":4,"Unceasing Top":5,"Ring of the Snake":0,"ClockworkSouvenir":8},{"SlaversCollar":22,"SsserpentHead":31,"NeowsBlessing":0,"Sundial":1,"Pantograph":10,"Oddly Smooth Stone":3,"Eternal Feather":6,"Unceasing Top":10,"Ring of the Snake":0,"ClockworkSouvenir":27}],"Unceasing Top":[0],"Ring of the Snake":[20]},"card_choices":[{"not_picked":["Heel Hook","Underhanded Strike"],"picked":"Poisoned Stab","floor":1},{"not_picked":["PiercingWail","Deflect"],"picked":"Blade Dance","floor":4},{"not_picked":["Dodge and Roll","Flying Knee"],"picked":"Deadly Poison","floor":6},{"not_picked":["Prepared","Concentrate"],"picked":"Predator","floor":8},{"not_picked":["Concentrate","Outmaneuver"],"picked":"A Thousand Cuts","floor":12},{"not_picked":["Backstab","Flying Knee"],"picked":"Noxious Fumes","floor":14},{"not_picked":["Storm of Steel","Malaise"],"picked":"Tools of the Trade","floor":16},{"not_picked":["Eviscerate","Dodge and Roll"],"picked":"Acrobatics","floor":18},{"not_picked":["Concentrate","Underhanded Strike","Outmaneuver"],"picked":"SKIP","floor":20}],"player_experience":2335071,"relics_obtained":[{"floor":6,"key":"Oddly Smooth Stone"},{"floor":9,"key":"Eternal Feather"},{"floor":12,"key":"Unceasing Top"},{"floor":13,"key":"Pantograph"}],"event_choices":[{"damage_healed":0,"gold_gain":0,"player_choice":"Gave Potion","damage_taken":0,"relics_obtained":["Sundial"],"max_hp_gain":0,"max_hp_loss":0,"event_name":"WeMeetAgain","floor":2,"gold_loss":0},{"damage_healed":0,"gold_gain":0,"player_choice":"Donut","damage_taken":0,"max_hp_gain":5,"max_hp_loss":0,"event_name":"Big Fish","floor":10,"gold_loss":0},{"damage_healed":0,"gold_gain":0,"player_choice":"Trade","damage_taken":0,"relics_obtained":["SsserpentHead"],"max_hp_gain":0,"max_hp_loss":0,"event_name":"FaceTrader","floor":21,"gold_loss":0}],"is_beta":false,"boss_relics":[{"not_picked":["Velvet Choker","Philosopher\u0027s Stone"],"picked":"SlaversCollar"}],"items_purged_floors":[],"is_endless":false,"potions_floor_spawned":[1,6,16,18,20],"killed_by":"Snake Plant","ascension_level":20}}