{"host":"nk1hwk2qadwaubm5","time":1607867426,"event":{"mods":["BaseMod","Hermit","Infinite Spire","Minty Spire (QoL Compilation)","Replay The Spire","StSLib","The Animator","The Cursed","The Jungle","The Servant 0.9.4"],"gold_per_floor":[131,206,206,221,51,51,77,77,77,402,402,412,24,51,51,168,168,183,40,50,100,125,125,125,125,179,218,218,264,299,337,337,461,461,479,542,560,560,574,600,600,616,640,676,701,701,740,740,740,740,740],"floor_reached":50,"playtime":6830,"items_purged":["animator:Strike","animator:Strike","Spreading Infection","Decay"],"score":688,"play_id":"0724ccc6-9e72-4312-88ae-e43a640faa17","local_time":"20201213145026","is_ascension_mode":false,"campfire_choices":[{"data":"animator:QuestionMark","floor":6,"key":"SMITH"},{"data":"animator:YunYun","floor":8,"key":"SMITH"},{"data":"animator:YunYun","floor":11,"key":"SMITH"},{"floor":15,"key":"REST"},{"data":"animator:Megumin+1","floor":23,"key":"SMITH"},{"data":"animator:Megumin+3","floor":28,"key":"SMITH"},{"data":"animator:Aqua","floor":32,"key":"SMITH"},{"data":"Replay:Fractal Strike","floor":41,"key":"SMITH"},{"data":"animator:Saitama","floor":46,"key":"SMITH"},{"data":"animator:Verdia","floor":49,"key":"SMITH"}],"circlet_count":0,"master_deck":["animator:Strike_Konosuba","animator:Defend_Konosuba","animator:Strike","animator:Defend+1","animator:Defend+1","animator:Defend+1","animator:Kazuma","animator:Aqua+1","animator:QuestionMark+1","animator:YunYun+1","animator:YunYun+1","animator:Megumin+12","animator:MumenRider+1","animator:Verdia+1","animator:Melzalgald","Replay:Fractal Strike+1","Parasite","animator:MetalKnight","Hallucinations","animator:Saitama+1","animator:MumenRider+1","animator:FielNirvalen"],"relics":["animator:LivingPicture","animator:TheMissingPiece","NeowsBlessing","animator:WornHelmet","Happy Flower","Torii","Old Coin","Unceasing Top","Replay:Bottled Eggs","Runic Dome","Red Skull","Ring of Peace","Ring of Greed","MealTicket","Golden Idol","Garlic","Pet Ghost","Juzu Bracelet","Bag of Marbles","Empty Cage","Ginger","Orichalcum","Ancient Tea Set","Anchor"],"acts_visited":["Exordium","TheCity","TheBeyond"],"potions_floor_usage":[16,33,35,42,50],"damage_taken":[{"damage":0,"enemies":"Jaw Worm","floor":1,"turns":1},{"damage":0,"enemies":"Cultist","floor":4,"turns":1},{"damage":0,"enemies":"Replay:BlueRogue","floor":7,"turns":1},{"damage":24,"enemies":"Gremlin Nob","floor":10,"turns":5},{"damage":0,"enemies":"2 Louse","floor":12,"turns":1},{"damage":7,"enemies":"3 Sentries","floor":14,"turns":4},{"damage":0,"enemies":"Slime Boss","floor":16,"turns":7},{"damage":0,"enemies":"2 Thieves","floor":18,"turns":3},{"damage":6,"enemies":"Spheric Guardian","floor":20,"turns":4},{"damage":0,"enemies":"Centurion and Healer","floor":22,"turns":7},{"damage":0,"enemies":"Replay:Snechameleon","floor":27,"turns":9},{"damage":9,"enemies":"Sentry and Sphere","floor":30,"turns":4},{"damage":0,"enemies":"3 Cultists","floor":31,"turns":2},{"damage":32,"enemies":"Collector","floor":33,"turns":10},{"damage":2,"enemies":"3 Darklings","floor":35,"turns":4},{"damage":9,"enemies":"Mind Bloom Boss Battle","floor":36,"turns":12},{"damage":0,"enemies":"3 Shapes","floor":37,"turns":1},{"damage":2,"enemies":"Writhing Mass","floor":39,"turns":5},{"damage":0,"enemies":"3 Darklings","floor":40,"turns":1},{"damage":0,"enemies":"Maw","floor":42,"turns":5},{"damage":22,"enemies":"Giant Head","floor":44,"turns":8},{"damage":0,"enemies":"4 Shapes","floor":45,"turns":1},{"damage":0,"enemies":"R_Hoarder","floor":47,"turns":9},{"damage":54,"enemies":"Time Eater","floor":50,"turns":10}],"seed_played":"-3002203408870447252","potions_obtained":[{"floor":4,"key":"Energy Potion"},{"floor":12,"key":"Dexterity Potion"},{"floor":18,"key":"SpeedPotion"},{"floor":22,"key":"Ancient Potion"},{"floor":30,"key":"Adrenaline Potion"},{"floor":33,"key":"Adrenaline Potion"},{"floor":36,"key":"Dexterity Potion"},{"floor":39,"key":"ColorlessPotion"},{"floor":42,"key":"Doom Potion"}],"is_trial":false,"path_per_floor":["M","?","?","M","$","R","E","R","T","E","R","M","$","E","R","B",null,"M","$","M","?","M","R","?","AVR","T","E","R","T","M","M","R","B",null,"M","?","M","AVR","M","M","R","M","T","E","M","R","E","?","R","B"],"character_chosen":"THE_ANIMATOR","items_purchased":["animator:QuestionMark","Unceasing Top","Red Skull"],"campfire_rested":1,"item_purchase_floors":[5,13,19],"current_hp_per_floor":[66,55,55,55,55,55,56,56,56,34,34,36,36,31,51,53,67,67,67,62,62,64,64,64,64,64,66,66,66,59,61,61,32,68,66,60,63,63,64,67,67,69,69,48,48,48,51,51,51,0,0],"gold":740,"neow_bonus":"THREE_ENEMY_KILL","is_daily":false,"chose_seed":false,"campfire_upgraded":9,"win_rate":0.0,"timestamp":1607867426,"path_taken":["M","?","?","M","$","R","E","R","T","E","R","?","$","E","R","BOSS","M","$","M","?","M","R","?","AVR","T","E","R","?","M","M","R","BOSS","M","?","M","AVR","M","M","R","M","T","E","M","R","E","?","R","BOSS"],"items_purchased_type":["Card","Relic","Relic"],"build_version":"2020-11-30","purchased_purges":4,"victory":false,"max_hp_per_floor":[66,66,66,66,66,66,67,67,67,67,67,67,67,67,67,67,67,67,67,68,68,68,68,68,68,68,68,68,68,68,68,68,68,68,68,69,69,69,69,69,69,69,69,70,70,70,70,70,70,70,70],"card_choices":[{"not_picked":["animator:MetalKnight","animator:Kazuma"],"picked":"animator:YunYun","floor":1},{"not_picked":["animator:Tatsumaki","animator:Evileye","animator:Mitsuba"],"picked":"SKIP","floor":4},{"not_picked":["animator:Kaijin","animator:Sonic"],"picked":"animator:YunYun","floor":7},{"not_picked":["animator:Mitsurugi","animator:Verdia"],"picked":"animator:YunYun","floor":10},{"not_picked":["animator:Sebas","animator:Mikaela","animator:CrowleyEusford"],"picked":"SKIP","floor":12},{"not_picked":["animator:LeleiLaLalena","animator:Mitsuba","animator:Shiro"],"picked":"SKIP","floor":14},{"not_picked":["animator:Rimuru","animator:Shizu"],"picked":"animator:Hans","floor":16},{"not_picked":["animator:NarberalGamma","animator:Verdia","animator:Shigure"],"picked":"SKIP","floor":18},{"not_picked":["animator:Verdia","animator:Mitsurugi"],"picked":"animator:Megumin","floor":20},{"not_picked":["animator:Geryuganshoop","animator:Hakurou","animator:DwarfShaman"],"picked":"SKIP","floor":22},{"not_picked":["animator:Sebas","animator:Aqua","animator:YunYun"],"picked":"SKIP","floor":27},{"not_picked":["animator:Souei","animator:Benimaru"],"picked":"animator:MumenRider+1","floor":30},{"not_picked":["animator:Aqua","animator:Chris"],"picked":"animator:Verdia","floor":31},{"not_picked":["animator:Mitsurugi","animator:YunYun+1","animator:Shion"],"picked":"SKIP","floor":35},{"not_picked":["animator:Hakurou+1","animator:SilverFang+1"],"picked":"animator:Melzalgald","floor":36},{"not_picked":["animator:Yoichi+1","animator:Demiurge","animator:LizardPriest+1"],"picked":"SKIP","floor":37},{"not_picked":["animator:RoryMercury","animator:Arpeggio","animator:Guren"],"picked":"SKIP","floor":39},{"not_picked":["animator:RoryMercury","animator:Arpeggio","animator:Guren"],"picked":"SKIP","floor":39},{"not_picked":["animator:Tatsumaki","animator:MumenRider"],"picked":"animator:MetalKnight","floor":40},{"not_picked":["animator:HighElfArcher+1","animator:PandorasActor+1","animator:IzunaHatsuse"],"picked":"SKIP","floor":42},{"not_picked":["animator:Demiurge+1","animator:KrulTepes+1"],"picked":"animator:Saitama","floor":44},{"not_picked":["animator:Demiurge","animator:LizardPriest"],"picked":"animator:MumenRider+1","floor":45}],"player_experience":136230,"relics_obtained":[{"floor":7,"key":"Happy Flower"},{"floor":9,"key":"Torii"},{"floor":10,"key":"Old Coin"},{"floor":14,"key":"Replay:Bottled Eggs"},{"floor":21,"key":"Ring of Peace"},{"floor":21,"key":"Ring of Greed"},{"floor":21,"key":"MealTicket"},{"floor":21,"key":"Golden Idol"},{"floor":26,"key":"Pet Ghost"},{"floor":27,"key":"Juzu Bracelet"},{"floor":29,"key":"Bag of Marbles"},{"floor":36,"key":"Ginger"},{"floor":43,"key":"Orichalcum"},{"floor":44,"key":"Ancient Tea Set"},{"floor":47,"key":"Anchor"}],"event_choices":[{"damage_healed":0,"gold_gain":75,"player_choice":"Gather Gold","damage_taken":11,"max_hp_gain":0,"max_hp_loss":0,"event_name":"World of Goop","floor":2,"gold_loss":0},{"cards_removed":["animator:YunYun"],"damage_healed":0,"gold_gain":0,"player_choice":"Gave Card","damage_taken":0,"relics_obtained":["animator:WornHelmet"],"max_hp_gain":0,"max_hp_loss":0,"event_name":"WeMeetAgain","floor":3,"gold_loss":0},{"damage_healed":0,"gold_gain":0,"player_choice":"Ignored","damage_taken":0,"max_hp_gain":0,"max_hp_loss":0,"event_name":"Vampires","floor":24,"gold_loss":0},{"damage_healed":0,"gold_gain":0,"player_choice":"Fight","damage_taken":0,"max_hp_gain":0,"max_hp_loss":0,"event_name":"MindBloom","floor":36,"gold_loss":0},{"damage_healed":0,"gold_gain":0,"cards_transformed":["animator:Hans"],"player_choice":"Transformed","damage_taken":0,"max_hp_gain":0,"max_hp_loss":0,"event_name":"Transmorgrifier","floor":48,"gold_loss":0,"cards_obtained":["animator:FielNirvalen"]}],"is_beta":false,"boss_relics":[{"not_picked":["Velvet Choker","ReplayTheSpireMod:DimensionalGlitch"],"picked":"Runic Dome"},{"not_picked":["Ring of Chaos","Calling Bell"],"picked":"Empty Cage"}],"items_purged_floors":[5,13,25,38],"is_endless":false,"potions_floor_spawned":[4,12,14,18,22,30,33,36,39,42],"killed_by":"Time Eater","ascension_level":0}}