{"host":"mszes4kzl3qk0fcx","time":1607832102,"event":{"mods":["BaseMod","Minty Spire (QoL Compilation)","StSLib","The Administrix","The Animator"],"gold_per_floor":[126,126,201,201,36,36,50,50,50,67,67,10,10,46,46,178,178,201,238,238,238,238],"floor_reached":21,"playtime":1556,"items_purged":[],"score":175,"play_id":"67405fbb-0d5d-46ee-bb2f-7da7b40f78d3","local_time":"20201212230142","is_ascension_mode":true,"campfire_choices":[{"data":"animator:Demiurge","floor":6,"key":"SMITH"},{"data":"animator:Demiurge","floor":15,"key":"SMITH"}],"circlet_count":0,"master_deck":["animator:Strike_Overlord","animator:Defend_Overlord","animator:Strike","animator:Strike","animator:Strike","animator:Defend","animator:Defend","animator:Defend","animator:Cocytus","animator:Demiurge+1","animator:Emonzaemon","animator:Konayuki","animator:Demiurge+1","animator:GuildGirl","animator:Sebas","animator:Albedo","animator:Evileye+1","Writhe"],"relics":["animator:LivingPicture","animator:ColorlessFragment","The Courier","SlaversCollar","Tiny Chest"],"acts_visited":["Exordium","TheCity"],"potions_floor_usage":[16,16,21],"damage_taken":[{"damage":1,"enemies":"Jaw Worm","floor":1,"turns":3},{"damage":5,"enemies":"2 Louse","floor":7,"turns":3},{"damage":1,"enemies":"Cultist","floor":10,"turns":3},{"damage":2,"enemies":"3 Louse","floor":14,"turns":3},{"damage":26,"enemies":"Slime Boss","floor":16,"turns":12},{"damage":16,"enemies":"Chosen","floor":18,"turns":6},{"damage":38,"enemies":"2 Thieves","floor":19,"turns":5},{"damage":23,"enemies":"Snake Plant","floor":21,"turns":5}],"seed_played":"2110860426880548736","potions_obtained":[{"floor":7,"key":"SpeedPotion"},{"floor":10,"key":"LiquidMemories"},{"floor":19,"key":"GamblersBrew"}],"is_trial":false,"path_per_floor":["M","?","?","?","$","R","M","$","T","M","?","$","?","M","R","B",null,"M","M","?","M"],"character_chosen":"THE_ANIMATOR","items_purchased":["animator:ColorlessFragment","animator:GuildGirl"],"campfire_rested":0,"item_purchase_floors":[5,12],"current_hp_per_floor":[65,65,54,54,54,54,50,50,50,49,54,54,59,57,57,32,73,57,19,19,0,0],"gold":238,"neow_bonus":"THREE_CARDS","is_daily":false,"chose_seed":false,"campfire_upgraded":2,"win_rate":0.0,"timestamp":1607832102,"path_taken":["M","?","?","?","?","R","M","$","T","?","?","?","?","M","R","BOSS","M","M","?","M"],"items_purchased_type":["Relic","Card"],"build_version":"2020-11-30","purchased_purges":0,"victory":false,"max_hp_per_floor":[66,66,66,66,66,66,67,67,67,67,67,67,72,72,72,73,73,73,73,73,73,73],"card_choices":[{"not_picked":["animator:Kuribayashi","animator:Tatsumaki"],"picked":"animator:Emonzaemon","floor":0},{"not_picked":["animator:LeleiLaLalena","animator:Tyuule"],"picked":"animator:Emonzaemon","floor":1},{"not_picked":["animator:Gillette","animator:Hitei"],"picked":"animator:Konayuki","floor":7},{"not_picked":["animator:AcuraTooru","animator:Tyuule"],"picked":"animator:Demiurge","floor":10},{"not_picked":["animator:PandorasActor","animator:Demiurge"],"picked":"animator:Sebas","floor":14},{"not_picked":["animator:HigakiRinne","animator:Saitama"],"picked":"animator:Albedo","floor":16},{"not_picked":["animator:ZankiKiguchi","animator:Ciel","animator:Rena"],"picked":"SKIP","floor":18},{"not_picked":["animator:Chung","animator:Demiurge"],"picked":"animator:Evileye+1","floor":19}],"player_experience":499720,"relics_obtained":[{"floor":9,"key":"The Courier"}],"event_choices":[{"damage_healed":0,"gold_gain":0,"player_choice":"Ignored","damage_taken":0,"max_hp_gain":0,"max_hp_loss":0,"event_name":"Golden Wing","floor":2,"gold_loss":0},{"damage_healed":0,"gold_gain":75,"player_choice":"Gather Gold","damage_taken":11,"max_hp_gain":0,"max_hp_loss":0,"event_name":"World of Goop","floor":3,"gold_loss":0},{"damage_healed":0,"gold_gain":0,"player_choice":"Ignored","damage_taken":0,"max_hp_gain":0,"max_hp_loss":0,"event_name":"Liars Game","floor":4,"gold_loss":0},{"cards_removed":["animator:Emonzaemon"],"damage_healed":5,"gold_gain":0,"player_choice":"Offered Common","damage_taken":0,"max_hp_gain":0,"max_hp_loss":0,"event_name":"Bonfire Elementals","floor":11,"gold_loss":0},{"cards_removed":["animator:Emonzaemon"],"damage_healed":5,"gold_gain":0,"player_choice":"Offered Special","damage_taken":0,"max_hp_gain":0,"max_hp_loss":0,"event_name":"Bonfire Elementals","floor":11,"gold_loss":0},{"damage_healed":0,"gold_gain":0,"player_choice":"Donut","damage_taken":0,"max_hp_gain":5,"max_hp_loss":0,"event_name":"Big Fish","floor":13,"gold_loss":0},{"damage_healed":0,"gold_gain":0,"player_choice":"Opened","damage_taken":0,"relics_obtained":["Tiny Chest"],"max_hp_gain":0,"max_hp_loss":0,"event_name":"The Mausoleum","floor":20,"gold_loss":0,"cards_obtained":["Writhe"]}],"is_beta":false,"boss_relics":[{"not_picked":["Cursed Key","Calling Bell"],"picked":"SlaversCollar"}],"items_purged_floors":[],"is_endless":false,"potions_floor_spawned":[7,10,19],"killed_by":"Snake Plant","ascension_level":1}}