{"host":"2ccem01eblg14btk","time":1607889306,"event":{"mods":["BaseMod","Colored Map","Downfall","Minty Spire (QoL Compilation)","Quick Restart","StSLib"],"gold_per_floor":[0,12,12,30,130,147,147,247,247,276,286,300,750,64,78,78,78],"floor_reached":16,"playtime":724,"items_purged":["Guardian:Aged"],"score":102,"play_id":"4abcd0e0-fbee-4ce5-9cb1-69e28bad7ebc","local_time":"20201213205506","is_ascension_mode":false,"campfire_choices":[{"data":"Apotheosis","floor":1.0,"key":"SMITH"},{"data":"champ:Duel","floor":9,"key":"SMITH"}],"circlet_count":0,"master_deck":["champ:Strike","champ:Strike","champ:Strike","champ:Strike","champ:Defend","champ:Defend","champ:Defend","champ:Defend","champ:Execute","champ:Taunt","Apotheosis+1","champ:Balance","champ:Circumvent","champ:Duel+1","champ:StrikeOfGenius","champ:Aggression","champ:BringItOn","champ:Taunt","Jack Of All Trades","champ:DefensiveShout","champ:Riposte","champ:Improvising","Slimebound:Icky","Slimebound:Icky","Slimebound:Icky","champ:Circumvent","expansioncontent:DashGenerateEvil","champ:PreciseThrust"],"relics":["champ:ChampionCrown","Strawberry","downfall:GremlinSack","Eternal Feather","Ancient Tea Set","HornCleat","Toolbox"],"acts_visited":["Exordium"],"potions_floor_usage":[],"damage_taken":[{"damage":5.0,"enemies":"Cultist","floor":2.0,"turns":3.0},{"damage":5.0,"enemies":"Small Slimes","floor":4.0,"turns":4.0},{"damage":27.0,"enemies":"Small Slimes","floor":5.0,"turns":5.0},{"damage":2,"enemies":"Red Slaver","floor":6,"turns":3},{"damage":36,"enemies":"3 Sentries","floor":10,"turns":6},{"damage":19,"enemies":"Exordium Wildlife","floor":11,"turns":3},{"damage":13,"enemies":"2 Fungi Beasts","floor":12,"turns":4},{"damage":3,"enemies":"downfall:FleeingMerchant","floor":14,"turns":4},{"damage":0,"enemies":"Blue Slaver","floor":15,"turns":3},{"damage":45,"enemies":"downfall:Defect","floor":16,"turns":5}],"seed_played":"-4620333057586335392","potions_obtained":[{"floor":4.0,"key":"champ:CounterPotion"},{"floor":6,"key":"Energy Potion"},{"floor":11,"key":"sneckomod:MuddlingPotion"},{"floor":15,"key":"PowerPotion"}],"is_trial":false,"path_per_floor":["R","M","?","M","?","M","T","?","R","E","M","M","?","$","M","B"],"character_chosen":"THE_CHAMP","items_purchased":["HornCleat","Toolbox","expansioncontent:DashGenerateEvil"],"campfire_rested":0,"item_purchase_floors":[14,14,14],"current_hp_per_floor":[90,90,90,90,73,88,88,88,97,66,52,45,45,42,42,0,0],"gold":78,"neow_bonus":"RANDOM_COLORLESS_2","is_daily":false,"chose_seed":false,"campfire_upgraded":2,"win_rate":0.0,"timestamp":1607889306,"path_taken":["R","?","?","M","?","M","T","?","R","E","M","M","?","$","M","BOSS"],"items_purchased_type":["Relic","Relic","Card"],"build_version":"2020-11-30","purchased_purges":1,"victory":false,"max_hp_per_floor":[90,90,97,97,97,97,97,97,97,97,97,97,97,97,97,97,97],"card_choices":[{"not_picked":["Panache","Master of Strategy"],"picked":"Apotheosis","floor":0.0},{"not_picked":["champ:Circumvent","champ:ArenaPreparation"],"picked":"champ:Balance","floor":2.0},{"not_picked":["champ:BringItOn","champ:AdrenalArmor"],"picked":"champ:Circumvent","floor":4.0},{"not_picked":["champ:Backstep","champ:Encircle"],"picked":"champ:Duel","floor":5},{"not_picked":["champ:BringItOn","champ:BladeFlurry"],"picked":"champ:DefensiveShout","floor":6},{"not_picked":["champ:BerserkerStyle","champ:Balance"],"picked":"champ:Riposte","floor":10},{"not_picked":["champ:BladeFlurry","champ:PerfectedStrike","champ:ViciousMockery"],"picked":"SKIP","floor":11},{"not_picked":["champ:HeartStrike","champ:PerfectedStrike"],"picked":"champ:Improvising","floor":12},{"not_picked":["champ:ViciousMockery","champ:SwordSigil"],"picked":"champ:Circumvent","floor":14},{"not_picked":["champ:Shatter","champ:AdrenalArmor"],"picked":"champ:PreciseThrust","floor":15}],"player_experience":118615,"relics_obtained":[{"floor":5,"key":"downfall:GremlinSack"},{"floor":7,"key":"Eternal Feather"},{"floor":10,"key":"Ancient Tea Set"}],"event_choices":[{"damage_healed":0.0,"max_hp_gain":0.0,"max_hp_loss":0.0,"gold_gain":0.0,"event_name":"Scrap Ooze","player_choice":"Success","floor":3.0,"gold_loss":0.0,"damage_taken":7.0,"relics_obtained":["Strawberry"]}],"is_beta":false,"boss_relics":[],"items_purged_floors":[14],"is_endless":false,"potions_floor_spawned":[4,6,11,15],"killed_by":"downfall:Defect","ascension_level":0}}