{"host":"u0f5uy314yz7olfc","time":1607875578,"event":{"mods":["AchievementEnabler","Aspiration","BaseMod","Bestiary","Better Altar","Better Match","Better Note","Better Sensory Stone","Better Skull","Better Synergies","Better Third Choice","Better Vampires","BetterRewards","Block Reminder","Colored Map","Colored Powertips","Dota2Spire","Emptier Cage","Energized Spire","Friendly Minions","GifTheSpireLib","Gold Saver","Highlight Path","Hubris","Infinite Spire","Ironclad Rager","Marked Mod","Minty Spire (QoL Compilation)","Permanent Neow","Quick Restart","Rare Cards Sparkle","Relic Stats","Replay The Spire","Retaliation","Shop Mod","StSLib","The Bladedancer","Watcher Patcher"],"gold_per_floor":[12,12,23,23,23,23,23],"floor_reached":6,"playtime":448,"items_purged":[],"score":34,"play_id":"c657ad71-5396-4967-8e8b-0c6984e6e845","local_time":"20201213230618","is_ascension_mode":false,"campfire_choices":[],"circlet_count":0,"master_deck":["Strike_P","Strike_P","Strike_P","Strike_P","Defend_P","Defend_P","Defend_P","Defend_P","Eruption","Vigilance","Adaptation","Prostrate","Prostrate","Searing Blow","MentalFortress","FlyingSleeves"],"relics":["PureWater","Regal Pillow","aspiration:TomeofQuesting","Golden Idol"],"acts_visited":["Exordium"],"potions_floor_usage":[6,6,6],"damage_taken":[{"damage":11,"enemies":"Cultist","floor":1,"turns":4},{"damage":21,"enemies":"Small Slimes","floor":3,"turns":5},{"damage":23,"enemies":"Gremlin Nob","floor":6,"turns":3}],"seed_played":"-5508549294501507744","potions_obtained":[{"floor":5,"key":"Cursed Concoction"},{"floor":5,"key":"Dexterity Potion"},{"floor":5,"key":"Adrenaline Potion"}],"is_trial":false,"path_per_floor":["M","?","M","?","?","E"],"character_chosen":"WATCHER","items_purchased":["Regal Pillow","Adaptation","Prostrate","Searing Blow"],"campfire_rested":0,"item_purchase_floors":[0,0,0,0],"current_hp_per_floor":[49,49,28,28,28,5,5],"gold":23,"neow_bonus":"","is_daily":false,"chose_seed":false,"campfire_upgraded":0,"win_rate":0.0,"timestamp":1607875578,"path_taken":["M","?","M","?","?","E"],"items_purchased_type":["Relic","Card","Card","Card"],"build_version":"2020-11-30","purchased_purges":0,"victory":false,"max_hp_per_floor":[72,72,72,67,67,67,67],"relic_stats":{"Regal Pillow":0,"counters":[22,115],"Golden Idol":44,"obtain_stats":[{"Regal Pillow":0,"Golden Idol":14,"Nilry\u0027s Codex":24,"Replay:Grab Bag":17,"hubris:SphereOfDissonance":7,"energizedSpire:EnergizedDie":17,"aspiration:TomeofQuesting":0,"ReplayTheSpireMod:SealedPack":17,"Cursed Key":17,"SsserpentHead":4,"HornCleat":13,"hubris:Spice":0,"betterThird:SlimedRelic":3,"Onion Ring":26,"PureWater":0,"Runic Pyramid":17},{"Regal Pillow":19,"Golden Idol":12,"Nilry\u0027s Codex":16,"Replay:Grab Bag":13,"hubris:SphereOfDissonance":4,"energizedSpire:EnergizedDie":13,"aspiration:TomeofQuesting":19,"ReplayTheSpireMod:SealedPack":13,"Cursed Key":13,"SsserpentHead":8,"HornCleat":12,"hubris:Spice":0,"betterThird:SlimedRelic":8,"Onion Ring":17,"PureWater":0,"Runic Pyramid":13},{"Regal Pillow":103,"Golden Idol":62,"Nilry\u0027s Codex":91,"Replay:Grab Bag":73,"hubris:SphereOfDissonance":26,"energizedSpire:EnergizedDie":73,"aspiration:TomeofQuesting":103,"ReplayTheSpireMod:SealedPack":73,"Cursed Key":73,"SsserpentHead":41,"HornCleat":62,"hubris:Spice":0,"betterThird:SlimedRelic":41,"Onion Ring":95,"PureWater":0,"Runic Pyramid":73}]},"card_choices":[{"not_picked":["Rage","Heatsinks"],"picked":"MentalFortress","floor":1},{"not_picked":["Indignation","EmptyBody"],"picked":"FlyingSleeves","floor":3}],"player_experience":294563,"relics_obtained":[],"event_choices":[{"damage_healed":0,"gold_gain":0,"player_choice":"Lose Max HP","damage_taken":0,"relics_obtained":["Golden Idol"],"max_hp_gain":0,"max_hp_loss":5,"event_name":"Golden Idol","floor":4,"gold_loss":0},{"damage_healed":0,"gold_gain":0,"player_choice":"Got Potions","damage_taken":0,"max_hp_gain":0,"max_hp_loss":0,"event_name":"Lab","floor":5,"gold_loss":0}],"is_beta":false,"boss_relics":[],"items_purged_floors":[],"is_endless":false,"potions_floor_spawned":[],"killed_by":"Gremlin Nob","ascension_level":0}}