{"host":"51dweoxrcspgw6ri","time":1607881168,"event":{"mods":["BaseMod","Colored Map","Colored Powertips","Minty Spire (QoL Compilation)","Rare Cards Sparkle","Relic Stats","StSLib","SuperFastMode","The Bug Knight"],"gold_per_floor":[115,290,304,319,332,332,358,358,358,358,368,368,378,396,396,491,491,510,529,542,222,0,0,0,0],"floor_reached":24,"playtime":1236,"items_purged":["Pain"],"score":200,"play_id":"825abf42-d68a-4146-abd6-54405033dc8f","local_time":"20201213183928","is_ascension_mode":false,"campfire_choices":[{"data":"HollowMod:GoodIntentions","floor":6.0,"key":"SMITH"},{"floor":8.0,"key":"REST"},{"data":"HollowMod:VengefulSpirit","floor":12.0,"key":"SMITH"},{"data":"HollowMod:SiblingsSouls","floor":15.0,"key":"SMITH"},{"data":"Doubt","floor":23,"key":"PURGE"}],"circlet_count":0,"master_deck":["HollowMod:NailStrikeStart","HollowMod:NailStrikeStart","HollowMod:NailStrikeStart","HollowMod:NailStrikeStart","HollowMod:QuickDashStart","HollowMod:QuickDashStart","HollowMod:QuickDashStart","HollowMod:QuickDashStart","HollowMod:FocusHealStart","HollowMod:PogoStrike","HollowMod:HowlingWraiths","HollowMod:GoodIntentions+1","HollowMod:NewLittleFool","HollowMod:HeavyBlow","HollowMod:VengefulSpirit+1","HollowMod:DashSlash","HollowMod:CycloneSlash","HollowMod:SiblingsSouls+1","HollowMod:Hiveblood","CurseOfTheBell","HollowMod:SiblingsSouls","HollowMod:SoulVessel+1","Mayhem+1"],"relics":["HollowMod:VesselMask","Bird Faced Urn","Darkstone Periapt","Lizard Tail","WarpedTongs","Calling Bell","MealTicket","Frozen Egg 2","Peace Pipe","HollowMod:LifeEnderRelic"],"acts_visited":["Exordium","TheCity"],"potions_floor_usage":[24],"damage_taken":[{"damage":0.0,"enemies":"2 Louse","floor":1.0,"turns":3.0},{"damage":1.0,"enemies":"Jaw Worm","floor":3.0,"turns":3.0},{"damage":3.0,"enemies":"Cultist","floor":4.0,"turns":5.0},{"damage":10.0,"enemies":"2 Fungi Beasts","floor":5.0,"turns":4.0},{"damage":46.0,"enemies":"Lagavulin","floor":7.0,"turns":9.0},{"damage":4.0,"enemies":"Exordium Thugs","floor":11.0,"turns":4.0},{"damage":9.0,"enemies":"Looter","floor":13.0,"turns":4.0},{"damage":7.0,"enemies":"Exordium Wildlife","floor":14.0,"turns":2.0},{"damage":59.0,"enemies":"Hexaghost","floor":16.0,"turns":16.0},{"damage":53.0,"enemies":"Spheric Guardian","floor":18.0,"turns":8.0},{"damage":49.0,"enemies":"Shell Parasite","floor":19.0,"turns":8.0},{"damage":38.0,"enemies":"Chosen and Byrds","floor":20.0,"turns":5.0},{"damage":42,"enemies":"Slavers","floor":24,"turns":3}],"seed_played":"5731559742530124866","potions_obtained":[{"floor":3.0,"key":"Energy Potion"},{"floor":11.0,"key":"Weak Potion"},{"floor":16.0,"key":"Dexterity Potion"},{"floor":19.0,"key":"SkillPotion"},{"floor":20.0,"key":"PowerPotion"}],"is_trial":false,"path_per_floor":["M","?","M","M","M","R","E","R","T","?","M","R","M","M","R","B",null,"M","M","M","$","?","R","E"],"character_chosen":"THE_BUGKNIGHT","items_purchased":["HollowMod:SoulVessel+1","Mayhem+1"],"campfire_rested":1,"item_purchase_floors":[21,21],"current_hp_per_floor":[68,68,67,64,54,54,18,38,38,44,40,40,37,30,30,28,80,41,51,22,37,37,37,0,0],"gold":0,"neow_bonus":"ONE_RARE_RELIC","is_daily":false,"chose_seed":false,"campfire_upgraded":3,"win_rate":0.0,"timestamp":1607881168,"path_taken":["M","?","M","M","M","R","E","R","T","?","?","R","M","M","R","BOSS","M","M","M","$","?","R","E"],"items_purchased_type":["Card","Card"],"build_version":"2020-11-30","purchased_purges":1,"victory":false,"max_hp_per_floor":[68,68,68,68,68,68,68,68,68,74,74,74,74,74,74,74,80,80,80,80,80,80,80,80,80],"relic_stats":{"Darkstone Periapt":12,"Peace Pipe":1,"Lizard Tail":37,"counters":[13,74],"Bird Faced Urn":[4],"MealTicket":15,"obtain_stats":[{"Darkstone Periapt":7,"Calling Bell":17,"Peace Pipe":17,"Lizard Tail":9,"HollowMod:LifeEnderRelic":22,"Bird Faced Urn":0,"HollowMod:VesselMask":0,"MealTicket":17,"Frozen Egg 2":17,"WarpedTongs":10},{"Darkstone Periapt":5,"Calling Bell":9,"Peace Pipe":9,"Lizard Tail":5,"HollowMod:LifeEnderRelic":12,"Bird Faced Urn":0,"HollowMod:VesselMask":0,"MealTicket":9,"Frozen Egg 2":9,"WarpedTongs":5},{"Darkstone Periapt":24,"Calling Bell":50,"Peace Pipe":50,"Lizard Tail":24,"HollowMod:LifeEnderRelic":71,"Bird Faced Urn":0,"HollowMod:VesselMask":0,"MealTicket":50,"Frozen Egg 2":50,"WarpedTongs":24}],"WarpedTongs":[47]},"card_choices":[{"not_picked":["HollowMod:NewLittleFool","HollowMod:DashSlash"],"picked":"HollowMod:HowlingWraiths","floor":1.0},{"not_picked":["HollowMod:SoulEater","HollowMod:NewGlowingWomb"],"picked":"HollowMod:GoodIntentions","floor":3.0},{"not_picked":["HollowMod:SharpenedShadows","HollowMod:WraithStrike"],"picked":"HollowMod:NewLittleFool","floor":4.0},{"not_picked":["HollowMod:ShapeofUnn","HollowMod:Grubsong"],"picked":"HollowMod:HeavyBlow","floor":5.0},{"not_picked":["HollowMod:GoodIntentions","HollowMod:SoulSplash"],"picked":"HollowMod:VengefulSpirit","floor":7.0},{"not_picked":["HollowMod:LifebloodCocoon","HollowMod:SiblingsShadow"],"picked":"HollowMod:DashSlash","floor":11.0},{"not_picked":["HollowMod:DoubleDash","HollowMod:NewLittleFool"],"picked":"HollowMod:CycloneSlash","floor":13.0},{"not_picked":["HollowMod:SoulSplash","HollowMod:InfectionAssault"],"picked":"HollowMod:SiblingsSouls","floor":14.0},{"not_picked":["HollowMod:PureVessel","HollowMod:ElderbugsWisdom"],"picked":"HollowMod:Hiveblood","floor":16.0},{"not_picked":["HollowMod:NewJinnsSoul","HollowMod:InfectionAssault","HollowMod:WraithStrike"],"picked":"SKIP","floor":18.0},{"not_picked":["HollowMod:DesolateDive","HollowMod:GoodIntentions"],"picked":"HollowMod:SiblingsSouls","floor":19.0},{"not_picked":["HollowMod:InfectedAttack","HollowMod:GoodIntentions","HollowMod:DoubleDash"],"picked":"SKIP","floor":20.0}],"player_experience":518030,"relics_obtained":[{"floor":7.0,"key":"Darkstone Periapt"},{"floor":9.0,"key":"Lizard Tail"},{"floor":17.0,"key":"MealTicket"},{"floor":17.0,"key":"Frozen Egg 2"},{"floor":17.0,"key":"Peace Pipe"}],"event_choices":[{"damage_healed":0.0,"max_hp_gain":0.0,"max_hp_loss":0.0,"gold_gain":175.0,"event_name":"Liars Game","player_choice":"AGREE","floor":2.0,"gold_loss":0.0,"damage_taken":0.0,"cards_obtained":["Doubt"]},{"damage_healed":0.0,"max_hp_gain":0.0,"max_hp_loss":0.0,"gold_gain":0.0,"event_name":"Accursed Blacksmith","player_choice":"Rummage","floor":10.0,"gold_loss":0.0,"damage_taken":0.0,"relics_obtained":["WarpedTongs"],"cards_obtained":["Pain"]}],"is_beta":false,"boss_relics":[{"not_picked":["SlaversCollar","HollowMod:KingsSoulRelic"],"picked":"Calling Bell"}],"items_purged_floors":[21],"is_endless":false,"potions_floor_spawned":[3,11,16,19,20],"killed_by":"Slavers","ascension_level":0}}