{"host":"sabve5zmqufxyc5o","time":1607841981,"event":{"mods":["2.2 Compatiblity","AchievementEnabler","Act Like it!","BaseMod","Block Reminder","Colored Map","Colored Powertips","DeckTracker","KOR Keyword Fix","Keyboard Shortcuts","Minty Spire (QoL Compilation)","Quick Restart","Rare Cards Sparkle","Relic Stats","StSLib","SuperFastMode"],"gold_per_floor":[115,132,142,158,158,189,189,189,189],"floor_reached":8,"playtime":232,"items_purged":[],"score":113,"play_id":"2dca010e-7dde-4e6f-8e8c-9b1e3edc014f","local_time":"20201213154621","is_ascension_mode":true,"campfire_choices":[{"floor":7.0,"key":"REST"}],"circlet_count":0,"master_deck":["AscendersBane","Strike_B","Strike_B","Strike_B","Strike_B","Defend_B","Defend_B","Defend_B","Defend_B","Zap","Dualcast","Mind Blast","Compile Driver","Leap","Beam Cell","Genetic Algorithm","Self Repair"],"relics":["Cracked Core","Golden Idol","Molten Egg 2"],"acts_visited":["Exordium"],"potions_floor_usage":[],"damage_taken":[{"damage":1.0,"enemies":"Cultist","floor":1.0,"turns":3.0},{"damage":3.0,"enemies":"2 Louse","floor":2.0,"turns":2.0},{"damage":1.0,"enemies":"Small Slimes","floor":3.0,"turns":4.0},{"damage":6.0,"enemies":"Looter","floor":4.0,"turns":2.0},{"damage":8.0,"enemies":"Gremlin Nob","floor":6.0,"turns":3.0},{"damage":49,"enemies":"Lagavulin","floor":8,"turns":8}],"seed_played":"-9002996910613523722","potions_obtained":[{"floor":1.0,"key":"DistilledChaos"},{"floor":4.0,"key":"Fire Potion"}],"is_trial":false,"path_per_floor":["M","M","M","M","?","E","R","E"],"character_chosen":"DEFECT","items_purchased":[],"campfire_rested":1,"item_purchase_floors":[],"current_hp_per_floor":[63,60,59,53,53,45,64,15,15],"gold":189,"neow_bonus":"RANDOM_COLORLESS","is_daily":false,"chose_seed":false,"campfire_upgraded":0,"win_rate":0.0,"timestamp":1607841981,"path_taken":["M","M","M","M","?","E","R","E"],"items_purchased_type":[],"build_version":"2020-11-30","purchased_purges":0,"victory":false,"max_hp_per_floor":[71,71,71,71,64,64,64,64,64],"relic_stats":{"counters":[6,22],"Golden Idol":6,"obtain_stats":[{"Golden Idol":5,"Molten Egg 2":6,"Cracked Core":0},{"Golden Idol":4,"Molten Egg 2":5,"Cracked Core":0},{"Golden Idol":11,"Molten Egg 2":14,"Cracked Core":0}]},"card_choices":[{"not_picked":["Impatience","Swift Strike"],"picked":"Mind Blast","floor":0.0},{"not_picked":["Leap","Sweeping Beam"],"picked":"Compile Driver","floor":1.0},{"not_picked":["Hello World","Double Energy"],"picked":"Leap","floor":2.0},{"not_picked":["Go for the Eyes","Hologram"],"picked":"Beam Cell","floor":3.0},{"not_picked":["Turbo","Steam"],"picked":"Genetic Algorithm","floor":4.0},{"not_picked":["Stack","Compile Driver+1"],"picked":"Self Repair","floor":6.0}],"player_experience":774809,"relics_obtained":[{"floor":6.0,"key":"Molten Egg 2"}],"event_choices":[{"damage_healed":0.0,"max_hp_gain":0.0,"max_hp_loss":7.0,"gold_gain":0.0,"event_name":"Golden Idol","player_choice":"Lose Max HP","floor":5.0,"gold_loss":0.0,"damage_taken":0.0,"relics_obtained":["Golden Idol"]}],"is_beta":false,"boss_relics":[],"items_purged_floors":[],"is_endless":false,"potions_floor_spawned":[1,4],"killed_by":"Lagavulin","ascension_level":19}}