{"host":"tpad8qsc9e0g0pa5","time":1607845395,"event":{"mods":["BaseMod","Minty Spire (QoL Compilation)","Quick Restart","StSLib","The Bug Knight","The Servant 0.9.4"],"gold_per_floor":[112,112,124,124,138,138,154,183,208,219,252,263,324,340,340,438,438,456,456,12,28,38,38,52,52,52,78,78,90,16,27,27,132,132,148,148,165,185,185,185,215,215,215,231,231,241,254,274,274,274,274,274,25,52,52,52],"floor_reached":55,"playtime":7187,"items_purged":["Strike_R","Parasite"],"score":810,"play_id":"c90eae6d-1fcb-42e0-992e-3e8cb8591901","local_time":"20201213154315","is_ascension_mode":false,"campfire_choices":[{"data":"Luminosity","floor":6.0,"key":"SMITH"},{"data":"DualDimension","floor":15.0,"key":"SMITH"},{"data":"KillingDoll","floor":23.0,"key":"SMITH"},{"data":"BestPractice","floor":25,"key":"SMITH"},{"data":"TheWorld","floor":28,"key":"SMITH"},{"floor":32,"key":"REST"},{"floor":40,"key":"REST"},{"floor":49,"key":"RECALL"},{"data":"Secret Technique","floor":52,"key":"SMITH"}],"circlet_count":2,"master_deck":["Strike_S+1","Strike_S","Strike_S+1","Defend_S","Defend_S","Defend_S","KidneyShot","Exchange","TimeWarp","Luminosity+1","Sabotage","Alleviate","Starlight","DualDimension+1","Potential","Comet","Rearm","TheWorld+1","Mayhem","Flash of Steel","Secret Technique+1","KillingDoll+1","BottledTime","BestPractice+1","Manipulate+1","InstantArmor","ForgedInTime","DualDimension+1","Collapse+1","TimeWarp+1","StarChef+1","Reset"],"relics":["SplendidAttire","Vajra","Pocketwatch","Whetstone","Mango","Circlet","InkBottle","StoneMask","Meat on the Bone","Orichalcum","Medical Kit"],"acts_visited":["Exordium","TheCity","TheBeyond","TheEnding"],"potions_floor_usage":[24,29,29,48,50,50,50],"damage_taken":[{"damage":0.0,"enemies":"2 Louse","floor":1.0,"turns":3.0},{"damage":0.0,"enemies":"Cultist","floor":3.0,"turns":3.0},{"damage":0.0,"enemies":"Small Slimes","floor":5.0,"turns":3.0},{"damage":0.0,"enemies":"2 Fungi Beasts","floor":7.0,"turns":3.0},{"damage":0.0,"enemies":"Gremlin Nob","floor":8.0,"turns":3.0},{"damage":9.0,"enemies":"Large Slime","floor":10.0,"turns":4.0},{"damage":8.0,"enemies":"Lagavulin","floor":11.0,"turns":8.0},{"damage":0.0,"enemies":"Blue Slaver","floor":12.0,"turns":4.0},{"damage":5.0,"enemies":"3 Sentries","floor":13.0,"turns":5.0},{"damage":0.0,"enemies":"Red Slaver","floor":14.0,"turns":2.0},{"damage":11.0,"enemies":"The Guardian","floor":16.0,"turns":9.0},{"damage":4.0,"enemies":"Shell Parasite","floor":18.0,"turns":3.0},{"damage":0.0,"enemies":"Chosen","floor":21.0,"turns":3.0},{"damage":0.0,"enemies":"Snake Plant","floor":22.0,"turns":3.0},{"damage":5,"enemies":"Shelled Parasite and Fungi","floor":24,"turns":6},{"damage":6,"enemies":"Gremlin Leader","floor":27,"turns":6},{"damage":20,"enemies":"Centurion and Healer","floor":29,"turns":2},{"damage":0,"enemies":"Snecko","floor":31,"turns":7},{"damage":1,"enemies":"Champ","floor":33,"turns":13},{"damage":24,"enemies":"3 Darklings","floor":35,"turns":5},{"damage":12,"enemies":"3 Shapes","floor":37,"turns":3},{"damage":41,"enemies":"Sphere and 2 Shapes","floor":38,"turns":6},{"damage":8,"enemies":"Reptomancer","floor":41,"turns":7},{"damage":22,"enemies":"3 Darklings","floor":44,"turns":5},{"damage":0,"enemies":"Writhing Mass","floor":46,"turns":6},{"damage":0,"enemies":"Maw","floor":47,"turns":6},{"damage":13,"enemies":"3 Darklings","floor":48,"turns":4},{"damage":0,"enemies":"Donu and Deca","floor":50,"turns":9},{"damage":80,"enemies":"Shield and Spear","floor":54,"turns":10},{"damage":63,"enemies":"The Heart","floor":55,"turns":3}],"seed_played":"-1262340274358397614","potions_obtained":[{"floor":1.0,"key":"Languid Potion"},{"floor":3.0,"key":"Fruit Juice"},{"floor":5.0,"key":"AttackPotion"},{"floor":11.0,"key":"DuplicationPotion"},{"floor":14.0,"key":"Regen Potion"},{"floor":16.0,"key":"GamblersBrew"},{"floor":21.0,"key":"Swift Potion"},{"floor":24,"key":"Ancient Potion"},{"floor":38,"key":"Energy Potion"},{"floor":46,"key":"Regen Potion"},{"floor":47,"key":"PowerPotion"},{"floor":48,"key":"Swift Potion"}],"is_trial":false,"path_per_floor":["M","?","M","T","M","R","M","E","T","M","E","M","?","M","R","B",null,"M","?","$","M","M","R","M","R","T","E","R","M","$","M","R","B",null,"M","?","M","M","?","R","E","?","T","M","?","M","M","M","R","B",null,"R","$","E","B"],"character_chosen":"THE_SERVANT","items_purchased":["ReplayTheSpireMod:ShopPack","InkBottle","InstantArmor","Medical Kit"],"campfire_rested":2,"item_purchase_floors":[20,20,30,53],"current_hp_per_floor":[65,65,65,65,65,65,70,70,70,61,67,67,62,62,62,51,84,80,80,80,80,80,80,84,84,84,78,78,58,58,58,83,82,84,63,63,60,28,28,55,50,50,50,43,81,82,83,73,73,86,86,86,83,21,0,0],"gold":52,"neow_bonus":"RANDOM_EVENT","is_daily":false,"chose_seed":false,"campfire_upgraded":6,"win_rate":0.0,"timestamp":1607845395,"path_taken":["M","?","?","?","M","R","M","E","T","M","E","M","?","M","R","BOSS","M","?","$","M","M","R","M","R","T","E","R","M","$","M","R","BOSS","M","?","M","M","?","R","E","?","T","M","?","M","?","M","R","BOSS","R","$","E","BOSS"],"items_purchased_type":["Undefined","Relic","Card","Relic"],"build_version":"2020-11-30","purchased_purges":2,"victory":false,"max_hp_per_floor":[65,65,65,65,65,65,70,70,70,70,84,84,84,84,84,84,84,84,84,84,84,84,84,84,84,84,84,84,84,84,84,84,84,84,85,85,88,91,91,91,92,92,92,93,81,82,83,84,84,86,86,86,83,85,85,85],"card_choices":[{"not_picked":["Read","MoonPhase"],"picked":"Luminosity","floor":1.0},{"not_picked":["Replace","Revamp"],"picked":"Sabotage","floor":3.0},{"not_picked":["FastForward","DoubleEdge"],"picked":"Alleviate","floor":5.0},{"not_picked":["DoubleEdge","Spin"],"picked":"Starlight","floor":7.0},{"not_picked":["RealityMarble","Unruled","Revamp"],"picked":"SKIP","floor":8.0},{"not_picked":["Unruled","DoubleEdge","Rewind"],"picked":"SKIP","floor":10.0},{"not_picked":["ShatteredReality","FanOfKnives"],"picked":"DualDimension","floor":11.0},{"not_picked":["Moonlight","WasteNot"],"picked":"Potential","floor":12.0},{"not_picked":["FastForward","Starlight"],"picked":"Comet","floor":13.0},{"not_picked":["FlawlessForm","BottledTime"],"picked":"Rearm","floor":14.0},{"not_picked":["FloweringNight","KillingDoll"],"picked":"TheWorld","floor":16.0},{"not_picked":["DoubleEdge+1","MoonPhase+1"],"picked":"Hightail+1","floor":18.0},{"not_picked":["Metamorphosis","Magnetism"],"picked":"Mayhem","floor":20.0},{"not_picked":["Forethought","Dark Shackles"],"picked":"Flash of Steel","floor":20.0},{"not_picked":["ReplayTheSpireMod:Uncanny Aura","Discovery"],"picked":"Secret Technique","floor":20.0},{"not_picked":["BottledTime+1","Ricochet"],"picked":"KillingDoll","floor":21.0},{"not_picked":["Moondial","Misdirection"],"picked":"BottledTime","floor":22.0},{"not_picked":["Unruled","ShiftingGears+1"],"picked":"BestPractice","floor":24},{"not_picked":["FloweringNight","Gouge","Spin"],"picked":"SKIP","floor":27},{"not_picked":["Luminosity+1","GearUp"],"picked":"Manipulate+1","floor":29},{"not_picked":["Read+1","Potential+1","Alleviate"],"picked":"SKIP","floor":31},{"not_picked":["LightFlow","FloweringNight"],"picked":"ForgedInTime","floor":33},{"not_picked":["Spin","Defy"],"picked":"DualDimension+1","floor":35},{"not_picked":["FastForward+1","MoonPhase+1","DoubleEdge"],"picked":"SKIP","floor":37},{"not_picked":["Rewind+1","FastForward+1","Comet"],"picked":"SKIP","floor":38},{"not_picked":["Luminosity+1","DoubleEdge+1"],"picked":"Collapse+1","floor":41},{"not_picked":["FanOfKnives+1","Rewind"],"picked":"TimeWarp+1","floor":44},{"not_picked":["Snipe","FastForward+1","Moondial+1"],"picked":"SKIP","floor":46},{"not_picked":["Snipe","FastForward+1","Moondial+1"],"picked":"SKIP","floor":46},{"not_picked":["DoubleEdge+1","Reset+1"],"picked":"StarChef+1","floor":47},{"not_picked":["Reset","Revamp+1","InstantArmor+1"],"picked":"SKIP","floor":48},{"not_picked":["Manipulate+1","DoubleEdge+1"],"picked":"Reset","floor":54}],"player_experience":218349,"relics_obtained":[{"floor":4.0,"key":"Vajra"},{"floor":8.0,"key":"Pocketwatch"},{"floor":9.0,"key":"Whetstone"},{"floor":11.0,"key":"Mango"},{"floor":13.0,"key":"ReplayTheSpireMod:TigerMarble"},{"floor":27,"key":"Circlet"},{"floor":41,"key":"Meat on the Bone"},{"floor":43,"key":"Orichalcum"},{"floor":54,"key":"Circlet"}],"event_choices":[{"damage_healed":0.0,"max_hp_gain":0.0,"max_hp_loss":0.0,"gold_gain":0.0,"cards_transformed":["Defend_S"],"event_name":"Living Wall","player_choice":"Change","floor":0.0,"gold_loss":0.0,"damage_taken":0.0,"cards_obtained":["TimeWarp"]},{"cards_removed":["Strike_S"],"damage_healed":0.0,"max_hp_gain":0.0,"max_hp_loss":0.0,"gold_gain":0.0,"event_name":"NoteForYourself","player_choice":"Took Card","floor":2.0,"gold_loss":0.0,"damage_taken":0.0,"cards_obtained":["Strike_R"]},{"damage_healed":0.0,"max_hp_gain":0.0,"max_hp_loss":0.0,"gold_gain":0.0,"event_name":"Dead Adventurer","player_choice":"Searched \u00271\u0027 times","floor":13.0,"gold_loss":0.0,"damage_taken":0.0},{"cards_removed":["Hightail"],"damage_healed":0,"gold_gain":0,"player_choice":"Removed Skill","damage_taken":0,"max_hp_gain":0,"max_hp_loss":0,"event_name":"Falling","floor":36,"gold_loss":0},{"damage_healed":0,"gold_gain":0,"player_choice":"Memory 1","damage_taken":0,"max_hp_gain":0,"max_hp_loss":0,"event_name":"SensoryStone","floor":39,"gold_loss":0},{"damage_healed":0,"gold_gain":0,"player_choice":"Ignored","damage_taken":0,"max_hp_gain":0,"max_hp_loss":0,"event_name":"Mysterious Sphere","floor":42,"gold_loss":0},{"damage_healed":81,"gold_gain":0,"player_choice":"Heal","damage_taken":0,"max_hp_gain":0,"max_hp_loss":12,"event_name":"The Moai Head","floor":45,"gold_loss":0}],"is_beta":false,"boss_relics":[{"not_picked":["Coffee Dripper","Runic Dome"],"picked":"SplendidAttire"},{"not_picked":["Circlet","Fusion Hammer"],"picked":"StoneMask"}],"items_purged_floors":[20,53],"is_endless":false,"potions_floor_spawned":[1,3,5,11,14,16,21,24,38,46,47,48],"killed_by":"The Heart","ascension_level":0}}