{"host":"bnbc66jny2i0hx0x","time":1607839827,"event":{"mods":["AchievementEnabler","BaseMod","Minty Spire (QoL Compilation)","Relic Sorter","StSLib"],"gold_per_floor":[117,136,154,154,204,204,231,231,258,292,292,336,365,386,386,468,477,504,189,248,298,348,348],"floor_reached":22,"playtime":636,"items_purged":["Strike_B"],"score":397,"play_id":"5afc2cd6-42e8-4610-bd8d-e35a79057752","local_time":"20201212221027","is_ascension_mode":true,"campfire_choices":[{"data":"Lockon","floor":6,"key":"SMITH"},{"floor":8,"key":"REST"},{"data":"Tempest","floor":11,"key":"SMITH"},{"floor":15,"key":"REST"}],"circlet_count":0,"master_deck":["AscendersBane","Strike_B","Strike_B","Strike_B","Defend_B","Defend_B","Defend_B","Defend_B","Zap","Dualcast","Gash","Lockon+1","Tempest+1","Cold Snap","Scrape","Gash","Hologram","Seek","CurseOfTheBell","Go for the Eyes","Self Repair","Chill","RitualDagger"],"relics":["Cracked Core","Juzu Bracelet","SsserpentHead","Bag of Preparation","Lantern","Kunai","CeramicFish","Calling Bell","PreservedInsect","InkBottle","Ice Cream","Pen Nib"],"acts_visited":["Exordium","TheCity"],"potions_floor_usage":[10,16],"damage_taken":[{"damage":7,"enemies":"Small Slimes","floor":1,"turns":4},{"damage":1,"enemies":"Cultist","floor":2,"turns":3},{"damage":0,"enemies":"2 Louse","floor":3,"turns":1},{"damage":37,"enemies":"Lagavulin","floor":7,"turns":7},{"damage":0,"enemies":"Gremlin Nob","floor":10,"turns":2},{"damage":21,"enemies":"3 Sentries","floor":12,"turns":6},{"damage":1,"enemies":"Looter","floor":13,"turns":2},{"damage":12,"enemies":"3 Louse","floor":14,"turns":2},{"damage":24,"enemies":"Slime Boss","floor":16,"turns":8},{"damage":16,"enemies":"Shell Parasite","floor":18,"turns":5}],"seed_played":"6045882240007184467","potions_obtained":[{"floor":3,"key":"LiquidBronze"},{"floor":7,"key":"Fire Potion"},{"floor":14,"key":"Regen Potion"},{"floor":16,"key":"Fire Potion"},{"floor":18,"key":"LiquidMemories"}],"is_trial":false,"path_per_floor":["M","M","M","?","?","R","E","R","T","E","R","E","M","M","R","B",null,"M","$","?","?","?"],"character_chosen":"DEFECT","items_purchased":["Self Repair","Pen Nib","Chill"],"campfire_rested":2,"item_purchase_floors":[19,19,19],"current_hp_per_floor":[57,56,56,56,61,61,24,46,46,46,46,25,24,12,34,25,63,47,47,41,41,41,41],"gold":348,"neow_bonus":"RANDOM_COMMON_RELIC","is_daily":false,"chose_seed":false,"campfire_upgraded":2,"win_rate":0.0,"timestamp":1607839827,"path_taken":["M","M","M","?","?","R","E","R","T","E","R","E","M","M","R","BOSS","M","$","?","?","?"],"items_purchased_type":["Card","Relic","Card"],"build_version":"2020-11-30","purchased_purges":1,"victory":false,"max_hp_per_floor":[71,71,71,71,76,76,76,76,76,76,76,76,76,76,76,76,76,76,76,76,76,76,76],"card_choices":[{"not_picked":["Storm","Loop"],"picked":"Gash","floor":1},{"not_picked":["Conserve Battery","Recycle","Streamline"],"picked":"SKIP","floor":2},{"not_picked":["Streamline","Blizzard"],"picked":"Lockon","floor":3},{"not_picked":["Leap","Conserve Battery"],"picked":"Tempest","floor":7},{"not_picked":["Static Discharge","Reboot"],"picked":"Cold Snap","floor":10},{"not_picked":["Reinforced Body","Steam Power"],"picked":"Scrape","floor":12},{"not_picked":["Loop","Turbo"],"picked":"Gash","floor":13},{"not_picked":["Heatsinks","Stack"],"picked":"Hologram","floor":14},{"not_picked":["Thunder Strike","Biased Cognition"],"picked":"Seek","floor":16},{"not_picked":["Chaos","Consume"],"picked":"Go for the Eyes","floor":18}],"player_experience":1241629,"relics_obtained":[{"floor":7,"key":"Bag of Preparation"},{"floor":9,"key":"Lantern"},{"floor":10,"key":"Kunai"},{"floor":12,"key":"CeramicFish"},{"floor":17,"key":"PreservedInsect"},{"floor":17,"key":"InkBottle"},{"floor":17,"key":"Ice Cream"}],"event_choices":[{"damage_healed":0,"gold_gain":0,"player_choice":"Trade","damage_taken":0,"relics_obtained":["SsserpentHead"],"max_hp_gain":0,"max_hp_loss":0,"event_name":"FaceTrader","floor":4,"gold_loss":0},{"damage_healed":0,"gold_gain":0,"player_choice":"Donut","damage_taken":0,"max_hp_gain":5,"max_hp_loss":0,"event_name":"Big Fish","floor":5,"gold_loss":0},{"damage_healed":0,"gold_gain":0,"player_choice":"Joined the Cult","damage_taken":6,"max_hp_gain":0,"max_hp_loss":0,"event_name":"Nest","floor":20,"gold_loss":0,"cards_obtained":["RitualDagger"]},{"damage_healed":0,"gold_gain":0,"player_choice":"Ignored","damage_taken":0,"max_hp_gain":0,"max_hp_loss":0,"event_name":"Vampires","floor":21,"gold_loss":0}],"is_beta":false,"boss_relics":[{"not_picked":["SlaversCollar","Empty Cage"],"picked":"Calling Bell"}],"items_purged_floors":[19],"is_endless":false,"potions_floor_spawned":[3,7,14,16,18],"ascension_level":15}}