{"host":"p084pgp93u1tv48k","time":1607888749,"event":{"mods":["AchievementEnabler","BaseMod","Bestiary","Colored Map","Hermit","Lobotomy","LobotomyExtend","Minty Spire (QoL Compilation)","Quick Restart","StSLib"],"gold_per_floor":[109,129,142,142,152,152,179,196,196,196,196,21,21,31,31,127,127,138,38,38,38,137,137,163,163,188,222,222,222,222,239,239,335,335,349,364,364,164,164,164,191,191,191,202,202,202],"floor_reached":45,"playtime":2013,"items_purged":["Strike_R","Strike_R","Shame"],"score":552,"play_id":"648f8708-2e5f-490e-a1a2-3f12029c6ba8","local_time":"20201213151549","is_ascension_mode":true,"campfire_choices":[{"data":"Barricade","floor":6,"key":"SMITH"},{"data":"Body Slam","floor":15,"key":"SMITH"},{"data":"1","floor":23,"key":"LIFT"},{"data":"2","floor":25,"key":"LIFT"},{"floor":32,"key":"REST"},{"data":"3","floor":40,"key":"LIFT"},{"floor":42,"key":"REST"}],"circlet_count":0,"master_deck":["Defend_R","Shrug It Off","Scorched","Barricade+1","Body Slam+1","BigBadWolf","Shrug It Off","Flame Barrier+1","Dual Wield","Body Slam","Parasite"],"relics":["Burning Blood","CogitoBucket","LetterFromLob","Art of War","Shuriken","Girya","Self Forming Clay","Fusion Hammer","WingedGreaves","Red Skull","Bronze Scales","MealTicket","Turnip","LaetitiaHeart","Cursed Key","Gaze_r","Potion Belt","Darkstone Periapt","AtMidnight"],"acts_visited":["Exordium","TheCity","TheBeyond"],"potions_floor_usage":[8,8,16,16,31,33,41,44],"damage_taken":[{"damage":18,"enemies":"Small Slimes","floor":1,"turns":4},{"damage":6,"enemies":"2 Louse","floor":2,"turns":3},{"damage":7,"enemies":"Jaw Worm","floor":3,"turns":2},{"damage":4,"enemies":"3 Louse","floor":5,"turns":2},{"damage":32,"enemies":"Lagavulin","floor":7,"turns":6},{"damage":11,"enemies":"Exordium Wildlife","floor":8,"turns":4},{"damage":3,"enemies":"Blue Slaver","floor":14,"turns":3},{"damage":4,"enemies":"The Guardian","floor":16,"turns":6},{"damage":12,"enemies":"3 Byrds","floor":18,"turns":5},{"damage":7,"enemies":"Slavers","floor":24,"turns":4},{"damage":0,"enemies":"Gremlin Leader","floor":27,"turns":4},{"damage":0,"enemies":"Chosen","floor":30,"turns":1},{"damage":8,"enemies":"Chosen","floor":31,"turns":2},{"damage":46,"enemies":"Collector","floor":33,"turns":11},{"damage":20,"enemies":"3 Shapes","floor":35,"turns":5},{"damage":6,"enemies":"Orb Walker","floor":36,"turns":3},{"damage":0,"enemies":"Orb Walker","floor":37,"turns":3},{"damage":45,"enemies":"Nemesis","floor":41,"turns":13},{"damage":7,"enemies":"Writhing Mass","floor":44,"turns":6},{"damage":64,"enemies":"Transient","floor":45,"turns":2}],"seed_played":"-4370704848938698017","potions_obtained":[{"floor":3,"key":"EssenceOfSteel"},{"floor":7,"key":"Weak Potion"},{"floor":8,"key":"Swift Potion"},{"floor":14,"key":"HeartOfIron"},{"floor":24,"key":"Block Potion"},{"floor":31,"key":"DistilledChaos"},{"floor":33,"key":"ColorlessPotion"},{"floor":35,"key":"SteroidPotion"},{"floor":41,"key":"ColorlessPotion"}],"is_trial":false,"path_per_floor":["M","M","M","?","M","R","E","M","T","?","?","$","?","M","R","B",null,"M","$","?","?","?","R","E","R","T","E","T","T","M","M","R","B",null,"M","M","?","$","?","R","E","R","T","M","M"],"character_chosen":"IRONCLAD","items_purchased":["HeartOfIron","Dual Wield"],"campfire_rested":2,"item_purchase_floors":[12,38],"current_hp_per_floor":[68,68,67,60,62,62,36,31,31,31,6,6,26,29,29,31,80,74,74,74,74,74,74,73,73,73,79,79,79,45,43,67,27,80,66,66,75,80,76,76,37,59,59,58,0,0],"gold":202,"neow_bonus":"","is_daily":false,"chose_seed":false,"campfire_upgraded":2,"win_rate":0.0,"timestamp":1607888749,"path_taken":["M","M","M","?","M","R","E","M","T","?","?","?","?","M","R","BOSS","M","$","?","?","?","R","E","R","T","E","?","?","M","?","R","BOSS","M","M","?","$","?","R","E","R","T","M","M"],"items_purchased_type":["Potion","Card"],"build_version":"2020-11-30","purchased_purges":3,"victory":false,"max_hp_per_floor":[80,80,80,80,80,80,80,80,80,80,80,80,80,80,80,80,80,80,80,80,80,80,80,80,80,80,80,80,80,80,80,80,80,80,80,80,80,80,76,76,76,76,76,76,76,76],"card_choices":[{"not_picked":["QueenOfHatred","SpiderBud"],"picked":"CherryBlossoms","floor":1},{"not_picked":["Dropkick","Armaments"],"picked":"Spot Weakness","floor":1},{"not_picked":["Disarm","Pommel Strike"],"picked":"Shrug It Off","floor":2},{"not_picked":["Murderer","MeatLantern"],"picked":"Scorched","floor":2},{"not_picked":["Entrench","Pommel Strike","Armaments"],"picked":"SKIP","floor":3},{"not_picked":["Iron Wave","Flame Barrier"],"picked":"Barricade","floor":5},{"not_picked":["Reckless Charge","Evolve"],"picked":"Body Slam","floor":7},{"not_picked":["Rage","True Grit"],"picked":"Body Slam","floor":8},{"not_picked":["Cleave","Carnage","Rage"],"picked":"SKIP","floor":14},{"not_picked":["SnowQueen","NakedNest"],"picked":"BigBadWolf","floor":16},{"not_picked":["Headbutt","Searing Blow"],"picked":"Flame Barrier","floor":18},{"not_picked":["Cleave+1","Berserk","Power Through"],"picked":"SKIP","floor":24},{"not_picked":["Feel No Pain+1","Clothesline","Clash"],"picked":"SKIP","floor":27},{"not_picked":["Feel No Pain+1","Clothesline","Clash"],"picked":"SKIP","floor":27},{"not_picked":["Wild Strike+1","Bloodletting"],"picked":"Shrug It Off","floor":31},{"not_picked":["Dark Embrace","Iron Wave","Wild Strike+1"],"picked":"SKIP","floor":35},{"not_picked":["Dark Embrace","Iron Wave","Wild Strike+1"],"picked":"SKIP","floor":35},{"not_picked":["Cleave","True Grit+1"],"picked":"Flame Barrier+1","floor":36},{"not_picked":["Clothesline","Fire Breathing"],"picked":"Body Slam","floor":41},{"not_picked":["Battle Trance","Sever Soul+1","Heavy Blade+1"],"picked":"SKIP","floor":44}],"player_experience":118691,"relics_obtained":[{"floor":1,"key":"LetterFromLob"},{"floor":7,"key":"Art of War"},{"floor":9,"key":"Shuriken"},{"floor":24,"key":"Red Skull"},{"floor":26,"key":"Bronze Scales"},{"floor":27,"key":"MealTicket"},{"floor":29,"key":"Turnip"},{"floor":41,"key":"Potion Belt"},{"floor":43,"key":"Darkstone Periapt"},{"floor":44,"key":"AtMidnight"}],"event_choices":[{"cards_removed":["Bash"],"damage_healed":0,"gold_gain":0,"player_choice":"Card Removal","damage_taken":7,"max_hp_gain":0,"max_hp_loss":0,"event_name":"Golden Wing","floor":4,"gold_loss":0},{"damage_healed":0,"gold_gain":0,"player_choice":"Searched \u00271\u0027 times","damage_taken":0,"relics_obtained":["Girya"],"max_hp_gain":0,"max_hp_loss":0,"event_name":"Dead Adventurer","floor":10,"gold_loss":0},{"damage_healed":0,"gold_gain":0,"player_choice":"Success","damage_taken":25,"relics_obtained":["Self Forming Clay"],"max_hp_gain":0,"max_hp_loss":0,"event_name":"Scrap Ooze","floor":11,"gold_loss":0},{"damage_healed":0,"gold_gain":0,"player_choice":"Stole Relic","damage_taken":0,"relics_obtained":["WingedGreaves"],"max_hp_gain":0,"max_hp_loss":0,"event_name":"Addict","floor":20,"gold_loss":0,"cards_obtained":["Shame"]},{"damage_healed":0,"gold_gain":0,"player_choice":"Ignored","damage_taken":0,"max_hp_gain":0,"max_hp_loss":0,"event_name":"Cursed Tome","floor":21,"gold_loss":0},{"damage_healed":0,"gold_gain":99,"player_choice":"Stole From Cult","damage_taken":0,"max_hp_gain":0,"max_hp_loss":0,"event_name":"Nest","floor":22,"gold_loss":0},{"damage_healed":0,"gold_gain":0,"player_choice":"Max HP","damage_taken":0,"max_hp_gain":0,"max_hp_loss":4,"event_name":"Winding Halls","floor":39,"gold_loss":0}],"is_beta":false,"boss_relics":[{"not_picked":["SacredBark","Calling Bell"],"picked":"Fusion Hammer"},{"not_picked":["Black Star","Empty Cage"],"picked":"Cursed Key"}],"items_purged_floors":[12,19,38],"is_endless":false,"potions_floor_spawned":[3,7,8,14,24,30,31,33,35,37,41],"killed_by":"Transient","ascension_level":2}}