{"host":"ysalv62a05e493y4","time":1607858823,"event":{"mods":["AchievementEnabler","BaseMod","BetterRewards","Colored Map","Colored Powertips","Hero for Fun","Minty Spire (QoL Compilation)","Quick Restart","Railgun Mod","StSLib","The Necromancer","???????????mod"],"gold_per_floor":[140,159,10,0,0,31,31,51,97,97,97,122,87,87,87,184,184,195,195,210,225,225,225,225,236,236,11,43,53,53,65,65,160,160,171,171,171,171,171],"floor_reached":38,"playtime":1594,"items_purged":[],"score":475,"play_id":"e1d3a74a-3d7c-4d38-82f2-12a73d103a9f","local_time":"20201213122703","is_ascension_mode":false,"campfire_choices":[{"floor":11,"key":"REST"},{"floor":15,"key":"REST"},{"data":"Observe_purple_1","floor":23,"key":"SMITH"},{"floor":32,"key":"REST"}],"circlet_count":0,"master_deck":["AT_purpleEX","AT_purpleEX","AT_purpleEX","AT_purpleEX+1","Defend_purpleEX","Defend_purpleEX","Observe_purple_1+1","Observe_purple_2","Shallow_ocean_purpleEX+1","ExistenceContinue_purple","Line_surface_state_purple","Shallow_ocean_purpleEX","Worldmountain_purple","WangLiang_OokamiKakushi_purple","CurseOfTheBell","StretchesForeverDream_purple+1","Monsters_DoubleDeathButterfly_purple","Charmbait_purple","WangLiang_LineAndCurveDreams_purple","BarrageBoundary_PipeDream_purple","Mirror_TwoAndThreeElementRealm_purple","OmniscientAndOmnipotent_Monster_purple","Dark Shackles","Mirror_FourBoundary_purple+1","WatchEChange_purple","Umbrella_purple","WangLiang_OokamiKakushi_purple","Shallow_ocean_purpleEX+1","Madness","Madness","Mind Blast","Blind","Forethought"],"relics":["Boundary_crack","Memoryfragments_purpleEX","NeowsBlessing","Vajra","Bag of Marbles","Regal Pillow","Pen Nib","Calling Bell","Strawberry","HornCleat","Mango","Nloth\u0027s Gift","Pear","WingedGreaves","Membership Card","Ice Cream","Busted Crown"],"acts_visited":["Exordium","TheCity","TheBeyond"],"potions_floor_usage":[33,38,38,38],"damage_taken":[{"damage":0,"enemies":"2 Louse","floor":1,"turns":2},{"damage":0,"enemies":"Small Slimes","floor":2,"turns":1},{"damage":21,"enemies":"3 Sentries","floor":6,"turns":2},{"damage":0,"enemies":"Cultist","floor":8,"turns":3},{"damage":34,"enemies":"Gremlin Nob","floor":12,"turns":4},{"damage":40,"enemies":"Hexaghost","floor":16,"turns":8},{"damage":15,"enemies":"2 Thieves","floor":18,"turns":3},{"damage":13,"enemies":"Spheric Guardian","floor":20,"turns":4},{"damage":1,"enemies":"Centurion and Healer","floor":21,"turns":5},{"damage":0,"enemies":"3 Cultists","floor":25,"turns":3},{"damage":49,"enemies":"Slavers","floor":28,"turns":4},{"damage":21,"enemies":"Snake Plant","floor":29,"turns":2},{"damage":14,"enemies":"Snecko","floor":31,"turns":6},{"damage":54,"enemies":"Collector","floor":33,"turns":9},{"damage":10,"enemies":"3 Darklings","floor":35,"turns":2},{"damage":84,"enemies":"3 Darklings","floor":38,"turns":11}],"seed_played":"-5011745777212335824","potions_obtained":[{"floor":6,"key":"SpeedPotion"},{"floor":8,"key":"DistilledChaos"},{"floor":16,"key":"PowerPotion"},{"floor":18,"key":"SpeedPotion"},{"floor":35,"key":"LiquidMemories"}],"is_trial":false,"path_per_floor":["M","M","$","?","$","E","?","M","T","?","R","E","?","?","R","B",null,"M","?","M","M","T","R","?","M","T","$","E","M","?","M","R","B",null,"M","?","?","?"],"character_chosen":"Youkari","items_purchased":["Vajra","OmniscientAndOmnipotent_Monster_purple","Membership Card","Dark Shackles"],"campfire_rested":3,"item_purchase_floors":[3,27,27,27],"current_hp_per_floor":[70,70,70,70,70,50,35,36,36,29,65,32,49,49,70,30,91,78,78,66,67,77,77,77,77,77,77,56,57,57,43,88,34,101,101,88,78,0,0],"gold":171,"neow_bonus":"THREE_ENEMY_KILL","is_daily":false,"chose_seed":false,"campfire_upgraded":1,"win_rate":0.0,"timestamp":1607858823,"path_taken":["M","M","$","?","$","E","?","M","T","?","R","E","?","?","R","BOSS","M","?","M","?","?","R","?","M","T","?","E","M","?","M","R","BOSS","M","?","?","?"],"items_purchased_type":["Relic","Card","Relic","Card"],"build_version":"2020-11-30","purchased_purges":0,"victory":false,"max_hp_per_floor":[70,70,70,70,70,70,70,70,70,70,70,70,70,70,70,70,91,91,91,91,91,101,101,101,101,101,101,101,101,101,101,101,101,101,101,101,101,101,101],"card_choices":[{"not_picked":["RuleDissolution_purple","Extrememeaning_purpleEX"],"picked":"Shallow_ocean_purpleEX","floor":1},{"not_picked":["RuleDissolution_purple","Mirror_FormAndEmptin_purple"],"picked":"ExistenceContinue_purple","floor":2},{"not_picked":["OmniscientAndOmnipotent_Monster_purple","AdvanceAttack_purple"],"picked":"Line_surface_state_purple","floor":6},{"not_picked":["SharpContractionReality_purple","Charmbait_purple"],"picked":"Shallow_ocean_purpleEX","floor":8},{"not_picked":["ProofOfUnderstanding_purple","OpenedBox_purple"],"picked":"Worldmountain_purple","floor":12},{"not_picked":["MagicEyes_LaplaceDemon_purple","Boundary_LifeAndDeath_purple"],"picked":"WangLiang_OokamiKakushi_purple","floor":16},{"not_picked":["CommonSense_AntiCommonSense_purple+1","ButterflyHabitatTemple_purple+1"],"picked":"StretchesForeverDream_purple+1","floor":18},{"not_picked":["StateDuplicate_purple","Mirror_FormAndEmptin_purple"],"picked":"Monsters_DoubleDeathButterfly_purple","floor":20},{"not_picked":["StateDuplicate_purple+1","Realm_recovery_purpleEX"],"picked":"Charmbait_purple","floor":21},{"not_picked":["Line_surface_state_purple","RuleDissolution_purple"],"picked":"Mirror_TwoAndThreeElementRealm_purple","floor":25},{"not_picked":["Computing_the_future_purpleEX","Charmbait_purple"],"picked":"Mirror_FourBoundary_purple+1","floor":28},{"not_picked":["Worldmountain_purple","Realm_recovery_purpleEX"],"picked":"WatchEChange_purple","floor":29},{"not_picked":["SharpContractionReality_purple","DimensionStaggered_purple"],"picked":"Umbrella_purple","floor":31},{"not_picked":["LoveAcrossDimensions_purple","Monsters_DoubleDeathButterfly_purple"],"picked":"WangLiang_OokamiKakushi_purple","floor":33},{"not_picked":[],"picked":"Shallow_ocean_purpleEX+1","floor":35},{"not_picked":[],"picked":"Mind Blast","floor":37},{"not_picked":[],"picked":"Blind","floor":37},{"not_picked":[],"picked":"Forethought","floor":37}],"player_experience":16835,"relics_obtained":[{"floor":6,"key":"Whetstone"},{"floor":9,"key":"Bag of Marbles"},{"floor":12,"key":"Pen Nib"},{"floor":17,"key":"Strawberry"},{"floor":17,"key":"HornCleat"},{"floor":17,"key":"Mango"},{"floor":22,"key":"Pear"},{"floor":26,"key":"WingedGreaves"},{"floor":28,"key":"Ice Cream"}],"event_choices":[{"damage_healed":0,"gold_gain":0,"player_choice":"Left Gold","damage_taken":0,"max_hp_gain":0,"max_hp_loss":0,"event_name":"World of Goop","floor":4,"gold_loss":10},{"damage_healed":0,"gold_gain":0,"player_choice":"Success","damage_taken":7,"relics_obtained":["Regal Pillow"],"max_hp_gain":0,"max_hp_loss":0,"event_name":"Scrap Ooze","floor":10,"gold_loss":0},{"damage_healed":17,"gold_gain":0,"player_choice":"Healed","damage_taken":0,"max_hp_gain":0,"max_hp_loss":0,"event_name":"The Cleric","floor":13,"gold_loss":35},{"damage_healed":0,"gold_gain":0,"player_choice":"Ignored","damage_taken":0,"max_hp_gain":0,"max_hp_loss":0,"event_name":"Liars Game","floor":14,"gold_loss":0},{"damage_healed":0,"gold_gain":0,"player_choice":"Traded Relic","damage_taken":0,"relics_obtained":["Nloth\u0027s Gift"],"max_hp_gain":0,"max_hp_loss":0,"event_name":"N\u0027loth","floor":19,"relics_lost":["Whetstone"],"gold_loss":0},{"damage_healed":0,"gold_gain":0,"cards_transformed":["Defend_purpleEX","Defend_purpleEX"],"player_choice":"Became Test Subject","damage_taken":0,"max_hp_gain":0,"max_hp_loss":0,"event_name":"Drug Dealer","floor":24,"gold_loss":0,"cards_obtained":["WangLiang_LineAndCurveDreams_purple","BarrageBoundary_PipeDream_purple"]},{"damage_healed":0,"gold_gain":0,"player_choice":"Ignored","damage_taken":0,"max_hp_gain":0,"max_hp_loss":0,"event_name":"Ghosts","floor":30,"gold_loss":0},{"damage_healed":0,"gold_gain":0,"player_choice":"Embrace Madness","damage_taken":13,"max_hp_gain":0,"max_hp_loss":0,"event_name":"Winding Halls","floor":36,"gold_loss":0,"cards_obtained":["Madness","Madness"]},{"damage_healed":0,"gold_gain":0,"player_choice":"Memory 3","damage_taken":10,"max_hp_gain":0,"max_hp_loss":0,"event_name":"SensoryStone","floor":37,"gold_loss":0}],"is_beta":false,"boss_relics":[{"not_picked":["Runic Dome","Fusion Hammer"],"picked":"Calling Bell"},{"not_picked":["SlaversCollar","Cursed Key"],"picked":"Busted Crown"}],"items_purged_floors":[],"is_endless":false,"potions_floor_spawned":[6,8,16,18,31,35],"killed_by":"3 Darklings","ascension_level":0}}