{"host":"x0ovlu53kkkog8rv","time":1607836815,"event":{"mods":["BaseMod","Colored Map","Minty Spire (QoL Compilation)","Quick Restart","SuperFastMode"],"gold_per_floor":[117,131,81,101,112,112,37,37,60,79,79,89,115,134,134,134,134],"floor_reached":16,"playtime":670,"items_purged":["Defend_P"],"score":109,"play_id":"5e39c608-c756-46fc-9953-6f8506fdbddf","local_time":"20201213142015","is_ascension_mode":true,"campfire_choices":[{"floor":6,"key":"REST"},{"floor":15,"key":"REST"}],"circlet_count":0,"master_deck":["Strike_P","Strike_P","Strike_P","Defend_P","Defend_P","Defend_P","Eruption","Vigilance","PathToVictory","Pray","Wish","InnerPeace"],"relics":["PureWater","Toy Ornithopter","Nunchaku","Bag of Preparation"],"acts_visited":["Exordium"],"potions_floor_usage":[13],"damage_taken":[{"damage":14,"enemies":"Cultist","floor":1,"turns":5},{"damage":0,"enemies":"Small Slimes","floor":2,"turns":3},{"damage":3,"enemies":"Jaw Worm","floor":4,"turns":5},{"damage":28,"enemies":"Lots of Slimes","floor":5,"turns":6},{"damage":23,"enemies":"Large Slime","floor":10,"turns":7},{"damage":3,"enemies":"Red Slaver","floor":12,"turns":5},{"damage":44,"enemies":"3 Sentries","floor":13,"turns":9},{"damage":4,"enemies":"Blue Slaver","floor":14,"turns":5},{"damage":27,"enemies":"The Guardian","floor":16,"turns":2}],"seed_played":"1125326070448730054","potions_obtained":[{"floor":10,"key":"Fire Potion"},{"floor":13,"key":"Explosive Potion"},{"floor":14,"key":"Regen Potion"}],"is_trial":false,"path_per_floor":["M","M","?","M","M","R","$","?","T","M","$","M","E","M","R","B"],"character_chosen":"WATCHER","items_purchased":[],"campfire_rested":2,"item_purchase_floors":[],"current_hp_per_floor":[58,58,58,55,27,48,48,72,72,49,49,46,7,3,24,0,0],"gold":134,"neow_bonus":"RANDOM_COMMON_RELIC","is_daily":false,"chose_seed":false,"campfire_upgraded":0,"win_rate":0.0,"timestamp":1607836815,"path_taken":["M","?","?","M","M","R","$","?","T","M","?","?","E","M","R","BOSS"],"items_purchased_type":[],"build_version":"2020-11-30","purchased_purges":1,"victory":false,"max_hp_per_floor":[72,72,72,72,72,72,72,72,72,72,72,72,72,72,72,72,72],"card_choices":[{"not_picked":["EmptyBody","ReachHeaven"],"picked":"PathToVictory","floor":1},{"not_picked":["Fasting2","Consecrate","BowlingBash"],"picked":"SKIP","floor":2},{"not_picked":["Perseverance","CrushJoints","BattleHymn"],"picked":"SKIP","floor":4},{"not_picked":["Consecrate","Halt"],"picked":"Pray","floor":5},{"not_picked":["EmptyFist","Perseverance","EmptyBody"],"picked":"SKIP","floor":10},{"not_picked":["JustLucky","Crescendo","BowlingBash"],"picked":"SKIP","floor":12},{"not_picked":["TalkToTheHand","FlyingSleeves"],"picked":"Wish","floor":13},{"not_picked":["FlurryOfBlows","Study"],"picked":"InnerPeace","floor":14}],"player_experience":197108,"relics_obtained":[{"floor":9,"key":"Nunchaku"},{"floor":13,"key":"Bag of Preparation"}],"event_choices":[{"cards_removed":["Strike_P"],"damage_healed":0,"gold_gain":0,"player_choice":"Card Removal","damage_taken":0,"max_hp_gain":0,"max_hp_loss":0,"event_name":"The Cleric","floor":3,"gold_loss":50},{"damage_healed":24,"gold_gain":0,"player_choice":"Banana","damage_taken":0,"max_hp_gain":0,"max_hp_loss":0,"event_name":"Big Fish","floor":8,"gold_loss":0}],"is_beta":false,"boss_relics":[],"items_purged_floors":[7],"is_endless":false,"potions_floor_spawned":[10,13,14],"killed_by":"The Guardian","ascension_level":1}}