{"host":"ks12kfi5c4d9hdxy","time":1607886956,"event":{"mods":["BaseMod","Conspire","GifTheSpireLib","HololiveMod","Koishi","LagranYue(拉格朗・月)","Marisa（F雨　魔理沙）","Minty Spire (QoL Compilation)","Reimu（博丽灵梦）","Remilia（蕾米莉亚）","Replay The Spire","RumiaBox-露米娅的神秘盒子","StSLib","SuperFastMode","The Administrix","The Servant 0.9.4","Youmu（魂魄妖梦）","Yuyuko","【功能Mod】混沌之环修复补丁","【功能Mod】聪明的最终Boss","篝火指南"],"gold_per_floor":[117,117,117,134,154,186,186,218,218,233,279,31,58,73,73,73,73],"floor_reached":16,"playtime":427,"items_purged":[],"score":214,"play_id":"54cb3b99-3729-4a8d-a058-1ea6f44f051b","local_time":"20201214031556","is_ascension_mode":true,"campfire_choices":[{"data":"EarthLightRay","floor":7,"key":"SMITH"},{"floor":15,"key":"REST"}],"circlet_count":0,"master_deck":["AscendersBane","Strike_MRS","Strike_MRS","Strike_MRS","Strike_MRS","Defend_MRS","Defend_MRS","Defend_MRS","Defend_MRS","MasterSpark+1","UpSweep+1","EnergyFlow","EarthLightRay+1","AsteroidBelt","WitchOfGreed","WitchOfGreed"],"relics":["MiniHakkero","LagranYue:RandomDrawCardRelic","NeowsBlessing","Boot","SproutingBranch","Pear","LagranYue:GuidanceLightRelic","ReplayTheSpireMod:Ninjato"],"acts_visited":["Exordium"],"potions_floor_usage":[6,11,14],"damage_taken":[{"damage":0.0,"enemies":"Jaw Worm","floor":1.0,"turns":1.0},{"damage":0,"enemies":"Small Slimes","floor":4,"turns":1},{"damage":0,"enemies":"Cultist","floor":5,"turns":1},{"damage":18,"enemies":"Gremlin Nob","floor":6,"turns":3},{"damage":20,"enemies":"Lagavulin","floor":8,"turns":7},{"damage":13,"enemies":"3 Louse","floor":10,"turns":4},{"damage":21,"enemies":"3 Sentries","floor":11,"turns":9},{"damage":64,"enemies":"Exordium Wildlife","floor":13,"turns":9},{"damage":38,"enemies":"2 Fungi Beasts","floor":14,"turns":7},{"damage":0,"enemies":"The Guardian","floor":16,"turns":1}],"seed_played":"8957260409485329870","potions_obtained":[{"floor":1.0,"key":"FairyPotion"},{"floor":5,"key":"FearPotion"},{"floor":10,"key":"Elixir"},{"floor":11,"key":"Block Potion"},{"floor":11,"key":"Fruit Juice"},{"floor":13,"key":"ZuzhouPotion:ReiMu"}],"is_trial":false,"path_per_floor":["M","?","?","M","M","E","R","E","T","M","E","$","M","M","R","B"],"character_chosen":"MARISA","items_purchased":["ReplayTheSpireMod:Ninjato"],"campfire_rested":1,"item_purchase_floors":[12],"current_hp_per_floor":[63,63,63,63,63,49,49,35,45,50,55,55,24,13,38,38,38],"gold":73,"neow_bonus":"THREE_ENEMY_KILL","is_daily":false,"chose_seed":false,"campfire_upgraded":1,"win_rate":0.0,"timestamp":1607886956,"path_taken":["M","?","?","M","?","E","R","E","T","M","E","$","M","M","R","BOSS"],"items_purchased_type":["Relic"],"build_version":"2020-11-30","purchased_purges":0,"victory":false,"max_hp_per_floor":[70,70,70,70,70,70,70,70,80,80,85,85,85,85,85,85,85],"card_choices":[{"not_picked":["PowerUp","DarkMatter"],"picked":"EnergyFlow","floor":1.0},{"not_picked":["SporeBomb","WitchOfGreed","DoubleSpark"],"picked":"SKIP","floor":4},{"not_picked":["NonDirectionalLaser","6A"],"picked":"EarthLightRay","floor":5},{"not_picked":["Orbital","CasketOfStar","StarlightTyphoon"],"picked":"SKIP","floor":6},{"not_picked":["ShootingEcho","WitchOfGreed"],"picked":"AsteroidBelt","floor":8},{"not_picked":["ManaConvection","DoubleSpark"],"picked":"WitchOfGreed","floor":10},{"not_picked":["BlazeAway","StarDustReverie","NonDirectionalLaser"],"picked":"SKIP","floor":11},{"not_picked":["BlazeAway","StarDustReverie","NonDirectionalLaser"],"picked":"SKIP","floor":11},{"not_picked":["GravityBeat","DC","PowerUp"],"picked":"SKIP","floor":13},{"not_picked":["GravityBeat","MagicAbsorber"],"picked":"WitchOfGreed","floor":14}],"player_experience":451282,"relics_obtained":[{"floor":6,"key":"Boot"},{"floor":8,"key":"SproutingBranch"},{"floor":9,"key":"Pear"},{"floor":11,"key":"LagranYue:GuidanceLightRelic"}],"event_choices":[{"damage_healed":0,"gold_gain":0,"player_choice":"Grow","damage_taken":0,"max_hp_gain":0,"max_hp_loss":0,"event_name":"Living Wall","floor":2,"gold_loss":0,"cards_upgraded":["MasterSpark"]},{"damage_healed":0,"gold_gain":0,"player_choice":"Forge","damage_taken":0,"max_hp_gain":0,"max_hp_loss":0,"event_name":"Accursed Blacksmith","floor":3,"gold_loss":0,"cards_upgraded":["UpSweep"]}],"is_beta":false,"boss_relics":[],"items_purged_floors":[],"is_endless":false,"potions_floor_spawned":[1,5,10,11,13],"killed_by":"The Guardian","ascension_level":15}}