{"host":"n529wyrjhujcvty3","time":1607849196,"event":{"mods":["Act Like it!","BaseMod","Better Third Choice","Marisa¡]Ãú«B¡@Å]²z¨F¡^","Minty Spire (QoL Compilation)","Shop Mod","StSLib","Td1madao Mod","The Runesmith","Yuyuko"],"gold_per_floor":[109,128,53,73,28,28,28,63,63],"floor_reached":8,"playtime":791,"items_purged":["Fantasy Butterflies"],"score":56,"play_id":"cd2c469c-c2cb-4544-919c-1a439f6abe08","local_time":"20201213164636","is_ascension_mode":false,"campfire_choices":[{"data":"Full Inky Sakura","floor":6,"key":"SMITH"}],"circlet_count":0,"master_deck":["Fantasy Butterflies","Fantasy Butterflies","Fantasy Butterflies","Fantasy Butterflies","Dreamy Sakura","Dreamy Sakura","Dreamy Sakura","Dreamy Sakura","Dreamy Sakura","Deathly Ground","Faramita\u0027s Temptation","Linger over Flower","Immigrant Phantom","Bloom","Full Inky Sakura+1"],"relics":["Coronal","Yuyuko\u0027s fan","NeowsBlessing","Matryoshka"],"acts_visited":["Exordium"],"potions_floor_usage":[],"damage_taken":[{"damage":1,"enemies":"Cultist","floor":1,"turns":1},{"damage":1,"enemies":"Small Slimes","floor":2,"turns":1},{"damage":6,"enemies":"2 Louse","floor":4,"turns":1},{"damage":33,"enemies":"Looter","floor":5,"turns":5},{"damage":72,"enemies":"3 Sentries","floor":8,"turns":8}],"seed_played":"6001304529171230146","potions_obtained":[{"floor":2,"key":"EssenceOfSteel"}],"is_trial":false,"path_per_floor":["M","M","$","M","M","R","$","E"],"character_chosen":"YUYOKO","items_purchased":[],"campfire_rested":0,"item_purchase_floors":[],"current_hp_per_floor":[39,39,39,34,33,33,33,6,6],"gold":63,"neow_bonus":"THREE_ENEMY_KILL","is_daily":false,"chose_seed":false,"campfire_upgraded":1,"win_rate":0.0,"timestamp":1607849196,"path_taken":["M","?","?","M","?","R","$","E"],"items_purchased_type":[],"build_version":"2020-11-30","purchased_purges":1,"victory":false,"max_hp_per_floor":[40,40,40,40,40,40,40,40,40],"card_choices":[{"not_picked":["Reverse The Screen","Gather the Spring"],"picked":"Linger over Flower","floor":1},{"not_picked":["Ghostdom Sakura","End of Faramita"],"picked":"Immigrant Phantom","floor":2},{"not_picked":["Stifle","Dancing Butterflies"],"picked":"Bloom","floor":4},{"not_picked":["Gone","Spear of Papilio"],"picked":"Full Inky Sakura","floor":5}],"player_experience":327253,"relics_obtained":[{"floor":8,"key":"Matryoshka"}],"event_choices":[],"is_beta":false,"boss_relics":[],"items_purged_floors":[3],"is_endless":false,"potions_floor_spawned":[2],"killed_by":"3 Sentries","ascension_level":0}}