{"host":"gq0g4q0qeejb9tkd","time":1607853850,"event":{"mods":["Act Like it!","Ascension Reborn","Aspiration","Bard","BaseMod","Better-Laid Plans","FutureSeer","Gensokyo","Hallownest","Jedi Mod","LagranYue(拉格朗・月)","Marked Mod","Minty Spire (QoL Compilation)","Replay The Spire","RumiaBox-露米娅的神秘盒子","Spicy Shops","StSLib","The Bug Knight","The Cursed","vexMod"],"gold_per_floor":[417,417,5,5,180,215,226,226,273,300,325,204,220,59,59,161,161,180,900,915,929,183,183,215,215,215,235,235,262,282,308,380,477,477,487,487,499,248,223,223,243,257,283,317,5,5,39,238,238,238,238,238,10,35,35],"floor_reached":56,"playtime":3649,"items_purged":["TheCursedMod:CursedWand"],"score":1479,"play_id":"bd96ffb3-23be-43f3-a2e7-3806223a75e7","local_time":"20201213180410","is_ascension_mode":true,"campfire_choices":[{"floor":8,"key":"RECALL"},{"data":"TheCursedMod:DemonicPact","floor":15,"key":"SMITH"},{"data":"TheCursedMod:NeowsMight","floor":23,"key":"SMITH"},{"floor":25,"key":"REST"},{"data":"TheCursedMod:RavingStaff","floor":28,"key":"SMITH"},{"data":"TheCursedMod:ManaCirculation","floor":40,"key":"SMITH"},{"data":"TheCursedMod:ManaCirculation","floor":46,"key":"SMITH"},{"floor":49,"key":"DIG"},{"data":"TheCursedMod:OutForBlood","floor":52,"key":"SMITH"}],"circlet_count":0,"master_deck":["TheCursedMod:Strike_TheCursed","TheCursedMod:Strike_TheCursed","TheCursedMod:Strike_TheCursed","TheCursedMod:Strike_TheCursed","TheCursedMod:Defend_TheCursed","TheCursedMod:Defend_TheCursed","TheCursedMod:Defend_TheCursed","TheCursedMod:Defend_TheCursed","TheCursedMod:CleanUpWorkshop","TheCursedMod:Dregs","TheCursedMod:RapidMovement","TheCursedMod:RavingStaff","TheCursedMod:RavingStaff+1","Regret","Doubt","TheCursedMod:DemonicPact+1","TheCursedMod:Grudge","TheCursedMod:FleshFromBone","TheCursedMod:CursedBlade","TheCursedMod:CircleOfBlood","TheCursedMod:NeowsMight+1","TheCursedMod:CursedBlade","Replay:Parry","Blind","TheCursedMod:LuckyCharm+1","TheCursedMod:CircleOfFlame","TheCursedMod:HellsGateOpen","TheCursedMod:SpreadPlague+1","TheCursedMod:ReleasedKnowledge+1","TheCursedMod:FleshFromBone","TheCursedMod:ManaCirculation+1","TheCursedMod:ManaCirculation+1","CurseOfTheBell","TheCursedMod:CircleOfFocus+1","TheCursedMod:CursedStaff","TheCursedMod:SpitefulStrike+1","TheCursedMod:CircleOfBlood+1","TheCursedMod:CursedBlade+1","ReplayTheSpireMod:Splinters","TheCursedMod:OutForBlood+1","TheCursedMod:BlessingInDisguise+1"],"relics":["TheCursedMod:BlackMagic101","LagranYue:RandomDrawCardRelic","NeowsBlessing","GodSword5","Blood Vial","GodSword7","InkBottle","Omamori","jedi:HeartOfTheCards","ReplayFunnel","LagranYue:ReturningEmperorRelic","ReplayTheSpireMod:CursedCoin","SSSystem","Blue Doll","vexMod:BigBerry","HandDrill","aspiration:StickyExplosives_weak","GodSword4","Orichalcum","Happy Flower","Replay:Bottled Steam","Bottled Tornado","Onion Ring","Calling Bell","jedi:arcanewood","HornCleat","Strawberry","HollowMod:PaleOreRelic","aspiration:HiddenCompartment","Baka2","Pondfish Scales","PlanX","The Courier","aspiration:Lifesprig","MagicDraw4","Lantern"],"acts_visited":["Exordium","TheCity","TheBeyond","TheEnding"],"potions_floor_usage":[18,55,55],"damage_taken":[{"damage":0,"enemies":"Jaw Worm","floor":1,"turns":1},{"damage":0,"enemies":"3 Sentries","floor":6,"turns":1},{"damage":0,"enemies":"Small Slimes","floor":7,"turns":1},{"damage":0,"enemies":"HollowMod:MossKnight","floor":10,"turns":6},{"damage":12,"enemies":"Replay:BlueRogue","floor":11,"turns":9},{"damage":0,"enemies":"2 Louse","floor":13,"turns":1},{"damage":17,"enemies":"Fading Forest","floor":16,"turns":11},{"damage":10,"enemies":"2 Thieves","floor":18,"turns":3},{"damage":5,"enemies":"Spheric Guardian","floor":20,"turns":3},{"damage":0,"enemies":"Snake Plant","floor":21,"turns":5},{"damage":19,"enemies":"HollowMod:Nosk","floor":24,"turns":4},{"damage":0,"enemies":"3 Cultists","floor":27,"turns":2},{"damage":15,"enemies":"Book of Stabbing","floor":29,"turns":4},{"damage":0,"enemies":"Snecko","floor":30,"turns":2},{"damage":8,"enemies":"HollowMod:Nosk","floor":31,"turns":4},{"damage":0,"enemies":"Champ","floor":33,"turns":9},{"damage":0,"enemies":"3 Darklings","floor":35,"turns":2},{"damage":5,"enemies":"Orb Walker","floor":37,"turns":3},{"damage":0,"enemies":"Writhing Mass","floor":41,"turns":3},{"damage":5,"enemies":"4 Shapes","floor":42,"turns":3},{"damage":0,"enemies":"Reptomancer","floor":44,"turns":2},{"damage":0,"enemies":"R_Hoarder","floor":47,"turns":4},{"damage":0,"enemies":"Replay:Hell Engine","floor":50,"turns":7},{"damage":0,"enemies":"Shield and Spear","floor":54,"turns":1},{"damage":59,"enemies":"The Heart","floor":55,"turns":6}],"seed_played":"-145077734681189637","potions_obtained":[{"floor":6,"key":"TheCursedMod:DregsPotion"},{"floor":13,"key":"Energy Potion"},{"floor":16,"key":"jedi:tentaclejuice"},{"floor":18,"key":"Toxic Potion"},{"floor":29,"key":"jedi:wingpotion"},{"floor":33,"key":"Adrenaline Potion"},{"floor":35,"key":"Death Potion"}],"is_trial":false,"path_per_floor":["M","?","$","?","?","E","M","R","T","E","E","$","M","$","R","B",null,"M","?","M","M","$","R","E","R","T","M","R","E","M","E","R","B",null,"M","?","M","$","?","R","M","M","T","E","$","R","E","?","R","B",null,"R","$","E","B",null],"character_chosen":"THE_CURSED","items_purchased":["Blood Vial","GodSword7","TheCursedMod:RavingStaff","LagranYue:ReturningEmperorRelic","ReplayTheSpireMod:CursedCoin","SSSystem","Blue Doll","HandDrill","aspiration:StickyExplosives_weak","GodSword4","TheCursedMod:HellsGateOpen","TheCursedMod:SpitefulStrike+1","HollowMod:PaleOreRelic","PlanX","MagicDraw4","TheCursedMod:BlessingInDisguise+1"],"campfire_rested":1,"item_purchase_floors":[3,3,3,12,14,14,14,22,22,22,22,38,38,45,53,53],"current_hp_per_floor":[150,138,138,138,138,140,142,142,142,144,134,134,136,136,136,137,180,170,75,78,92,92,92,81,148,148,155,155,142,144,140,140,144,180,187,187,182,182,182,182,184,182,182,187,187,187,187,187,187,187,187,187,187,187,130],"gold":35,"neow_bonus":"THREE_ENEMY_KILL","is_daily":false,"chose_seed":false,"campfire_upgraded":6,"win_rate":0.0,"timestamp":1607853850,"path_taken":["M","?","$","?","?","E","?","R","T","E","E","?","?","$","R","BOSS","M","?","?","M","$","R","E","R","T","M","R","E","M","E","R","BOSS","M","?","M","$","?","R","?","M","T","E","$","?","E","?","R","BOSS","R","$","E","BOSS"],"items_purchased_type":["Relic","Relic","Card","Relic","Relic","Relic","Relic","Relic","Relic","Relic","Card","Card","Relic","Relic","Relic","Card"],"build_version":"2020-11-30","purchased_purges":1,"victory":true,"max_hp_per_floor":[150,150,150,150,150,150,150,150,150,150,150,150,150,150,150,150,180,180,180,180,180,180,180,180,180,180,180,180,180,180,180,180,180,180,187,187,187,187,187,187,187,187,187,187,187,187,187,187,187,187,187,187,187,187,187],"card_choices":[{"not_picked":["TheCursedMod:AshesToAshes","TheCursedMod:SpitefulPlan"],"picked":"TheCursedMod:RapidMovement","floor":1},{"not_picked":["TheCursedMod:SpitefulPray","TheCursedMod:AntiAging"],"picked":"TheCursedMod:DemonicPact","floor":6},{"not_picked":["TheCursedMod:EmpowerCircles","TheCursedMod:RavingStaff"],"picked":"TheCursedMod:Grudge","floor":7},{"not_picked":["TheCursedMod:Mangle","TheCursedMod:Stretching"],"picked":"TheCursedMod:FleshFromBone","floor":10},{"not_picked":["TheCursedMod:CursedMace","TheCursedMod:TroublousMinions"],"picked":"TheCursedMod:CursedBlade","floor":11},{"not_picked":["TheCursedMod:CursedBlade","TheCursedMod:RapidMovement"],"picked":"TheCursedMod:CircleOfBlood","floor":13},{"not_picked":["TheCursedMod:ShockAndAwe","TheCursedMod:DemonicPact"],"picked":"TheCursedMod:NeowsMight","floor":16},{"not_picked":["TheCursedMod:VitalStrike","TheCursedMod:RavingStaff"],"picked":"TheCursedMod:CursedBlade","floor":18},{"not_picked":["TheCursedMod:SurpriseAttack","TheCursedMod:CircleOfCorruption+1"],"picked":"TheCursedMod:LuckyCharm+1","floor":20},{"not_picked":["TheCursedMod:CursedAmulet","TheCursedMod:PrepareRite"],"picked":"TheCursedMod:CircleOfFlame","floor":21},{"not_picked":["TheCursedMod:WearCloak","TheCursedMod:Torture"],"picked":"TheCursedMod:SpreadPlague+1","floor":24},{"not_picked":["TheCursedMod:CursedShiv","TheCursedMod:CursedBlade","TheCursedMod:VitalStrike"],"picked":"SKIP","floor":27},{"not_picked":["TheCursedMod:CursedArmor","TheCursedMod:CursedShiv"],"picked":"TheCursedMod:ReleasedKnowledge+1","floor":29},{"not_picked":["TheCursedMod:HellsGateOpen","TheCursedMod:RapidMovement"],"picked":"TheCursedMod:FleshFromBone","floor":30},{"not_picked":["TheCursedMod:WearCloak","TheCursedMod:CircleOfWindfury"],"picked":"TheCursedMod:ManaCirculation","floor":31},{"not_picked":["TheCursedMod:StunningStrike","TheCursedMod:AntiAging"],"picked":"TheCursedMod:ManaCirculation","floor":33},{"not_picked":["TheCursedMod:CursedBoomerang+1","TheCursedMod:CircleOfFlame+1"],"picked":"TheCursedMod:CircleOfFocus+1","floor":35},{"not_picked":["TheCursedMod:TroublousMinions+1","TheCursedMod:RavingStaff"],"picked":"TheCursedMod:CursedStaff","floor":37},{"not_picked":["TheCursedMod:CursedAmulet+1","TheCursedMod:RavingStaff+1","TheCursedMod:CursedShiv+1"],"picked":"SKIP","floor":41},{"not_picked":["TheCursedMod:SpitefulPlan+1","TheCursedMod:Mangle"],"picked":"TheCursedMod:CircleOfBlood+1","floor":42},{"not_picked":["TheCursedMod:ReleasedKnowledge","TheCursedMod:SpitefulStrike+1"],"picked":"TheCursedMod:CursedBlade+1","floor":44},{"not_picked":["TheCursedMod:Torture+1","TheCursedMod:CursedMace+1","TheCursedMod:UltimatePain"],"picked":"SKIP","floor":47},{"not_picked":["TheCursedMod:Stigma+1","TheCursedMod:BlessingInDisguise+1"],"picked":"TheCursedMod:ParallelWorld","floor":54}],"player_experience":320369,"relics_obtained":[{"floor":1,"key":"Baka"},{"floor":6,"key":"Omamori"},{"floor":10,"key":"jedi:HeartOfTheCards"},{"floor":11,"key":"ReplayFunnel"},{"floor":24,"key":"Orichalcum"},{"floor":26,"key":"Happy Flower"},{"floor":29,"key":"Replay:Bottled Steam"},{"floor":29,"key":"Bottled Tornado"},{"floor":31,"key":"Onion Ring"},{"floor":34,"key":"jedi:arcanewood"},{"floor":34,"key":"HornCleat"},{"floor":35,"key":"Strawberry"},{"floor":43,"key":"aspiration:HiddenCompartment"},{"floor":44,"key":"Baka2"},{"floor":44,"key":"Pondfish Scales"},{"floor":47,"key":"The Courier"},{"floor":49,"key":"aspiration:Lifesprig"},{"floor":54,"key":"Lantern"}],"event_choices":[{"damage_healed":0,"gold_gain":0,"player_choice":"Success","damage_taken":12,"relics_obtained":["GodSword5"],"max_hp_gain":0,"max_hp_loss":0,"event_name":"Scrap Ooze","floor":2,"gold_loss":0},{"damage_healed":0,"gold_gain":0,"player_choice":"Box","damage_taken":0,"relics_obtained":["InkBottle"],"max_hp_gain":0,"max_hp_loss":0,"event_name":"Big Fish","floor":4,"gold_loss":0,"cards_obtained":["Regret"]},{"damage_healed":0,"gold_gain":175,"player_choice":"AGREE","damage_taken":0,"max_hp_gain":0,"max_hp_loss":0,"event_name":"Liars Game","floor":5,"gold_loss":0,"cards_obtained":["Doubt"]},{"damage_healed":0,"gold_gain":720,"player_choice":"GOLD GOLD GOLD GOLD GOLD GOLD GOLD GOLD CARD CARD ","damage_taken":95,"max_hp_gain":0,"max_hp_loss":0,"event_name":"Knowing Skull","floor":19,"potions_obtained":[],"gold_loss":0,"cards_obtained":["Replay:Parry","Blind"]},{"damage_healed":47,"gold_gain":0,"player_choice":"Writhe","damage_taken":0,"max_hp_gain":0,"max_hp_loss":0,"event_name":"Winding Halls","floor":36,"gold_loss":0,"cards_obtained":["Writhe"]}],"is_beta":false,"boss_relics":[{"not_picked":["vexMod:MegatonBomb","Empty Cage"],"picked":"vexMod:BigBerry"},{"not_picked":["aspiration:RunicSpoon","TheCursedMod:BlackMagicAdvanced"],"picked":"Calling Bell"}],"items_purged_floors":[38],"is_endless":false,"potions_floor_spawned":[6,13,16,18,29,31,33,35],"ascension_level":0}}