{"host":"1lcvmslm5dvu1wk7","time":1607836475,"event":{"mods":["BaseMod","Colored Powertips","Minty Spire (QoL Compilation)","Remilia£®¿Ÿ√◊¿Ú—«£©","Shop Mod","StSLib"],"gold_per_floor":[110,127,139,151,25,25,55,55,55,55,66,37,68,83,83,162,162,178,191,203,15,15,15,48,60,60,94,105,125,125,157,157,234,234,247,46,46,61,80,80,105,105,105,123,148,163,163,163,163,163],"floor_reached":51,"playtime":4912,"items_purged":["Defend_RM","Defend_RM","RedMoon"],"score":1873,"play_id":"b451e8d3-f118-4887-b63d-d9ae3f6f77b2","local_time":"20201213131435","is_ascension_mode":true,"campfire_choices":[{"data":"GlobalNightmare","floor":6.0,"key":"SMITH"},{"data":"BloodyMagicSquare","floor":8.0,"key":"SMITH"},{"floor":10.0,"key":"REST"},{"data":"BloodyTrap","floor":15.0,"key":"SMITH"},{"data":"ScarletImprint","floor":23.0,"key":"SMITH"},{"data":"ScarletImprint","floor":30.0,"key":"SMITH"},{"data":"ScarletImprint","floor":32.0,"key":"SMITH"},{"data":"CurseOfVladTepes","floor":40.0,"key":"SMITH"},{"data":"SuperhumanBloodyKnife","floor":42.0,"key":"SMITH"},{"data":"BloodyMagicSquare","floor":47,"key":"SMITH"},{"data":"SuperhumanBloodyKnife","floor":49,"key":"SMITH"}],"circlet_count":0,"master_deck":["AscendersBane","ScarletShoot","GlobalNightmare+1","BlasphemousPunishment","DiffusionOfMisfortune","BloodyMagicSquare+1","RedRainbow","VampireKiss","ScarletImprint+1","ScarletImprint+1","BloodyTrap+1","EndlessAdversity","BloodyTrap","BloodyTrap","TransientEternity","BloodAndWine","ScarletImprint+1","UnderTheZenith","CurseOfVladTepes+1","SuperhumanBloodyKnife+1","ScarletImprint+1","SuperhumanBloodyKnife","Bandage Up","Bandage Up","RedMagic+1","VampireKiss+1","UnderTheZenith+1","SuperhumanBloodyKnife+1","VampireKiss","BloodyMagicSquare+1"],"relics":["ScarletHat","Bronze Scales","Bag of Preparation","Sundial","Empty Cage","PreservedInsect","AntiCross","Blood Vial","Art of War","Pandora\u0027s Box","Anchor","Letter Opener","Bird Faced Urn"],"acts_visited":["Exordium","TheCity","TheBeyond"],"potions_floor_usage":[50,50],"damage_taken":[{"damage":0.0,"enemies":"2 Louse","floor":1.0,"turns":3.0},{"damage":10.0,"enemies":"Cultist","floor":2.0,"turns":2.0},{"damage":11.0,"enemies":"Jaw Worm","floor":3.0,"turns":2.0},{"damage":10.0,"enemies":"2 Fungi Beasts","floor":4.0,"turns":3.0},{"damage":18.0,"enemies":"3 Sentries","floor":7.0,"turns":5.0},{"damage":9.0,"enemies":"3 Louse","floor":11.0,"turns":4.0},{"damage":32.0,"enemies":"Lagavulin","floor":13.0,"turns":3.0},{"damage":10.0,"enemies":"Blue Slaver","floor":14.0,"turns":2.0},{"damage":7.0,"enemies":"Hexaghost","floor":16.0,"turns":8.0},{"damage":17.0,"enemies":"2 Thieves","floor":18.0,"turns":4.0},{"damage":13.0,"enemies":"Chosen","floor":19.0,"turns":6.0},{"damage":10.0,"enemies":"Snecko","floor":20.0,"turns":3.0},{"damage":24.0,"enemies":"Slavers","floor":24.0,"turns":3.0},{"damage":14.0,"enemies":"Sentry and Sphere","floor":25.0,"turns":3.0},{"damage":10.0,"enemies":"Gremlin Leader","floor":27.0,"turns":2.0},{"damage":8.0,"enemies":"Chosen and Byrds","floor":28.0,"turns":3.0},{"damage":20.0,"enemies":"Snake Plant","floor":29.0,"turns":2.0},{"damage":21.0,"enemies":"Book of Stabbing","floor":31.0,"turns":3.0},{"damage":12.0,"enemies":"Collector","floor":33.0,"turns":6.0},{"damage":17.0,"enemies":"Orb Walker","floor":35.0,"turns":3.0},{"damage":42.0,"enemies":"3 Shapes","floor":38.0,"turns":3.0},{"damage":9.0,"enemies":"Jaw Worm Horde","floor":39.0,"turns":2.0},{"damage":18.0,"enemies":"Reptomancer","floor":41.0,"turns":2.0},{"damage":6,"enemies":"Transient","floor":44,"turns":6},{"damage":30,"enemies":"Mind Bloom Boss Battle","floor":45,"turns":3},{"damage":31,"enemies":"3 Darklings","floor":46,"turns":3},{"damage":44,"enemies":"Time Eater","floor":50,"turns":6}],"seed_played":"-7815342654785947636","potions_obtained":[{"floor":2.0,"key":"DestinyDice"},{"floor":3.0,"key":"GamblersBrew"},{"floor":13.0,"key":"Fire Potion"},{"floor":16.0,"key":"GamblersBrew"},{"floor":18.0,"key":"Regen Potion"},{"floor":24.0,"key":"LiquidBronze"},{"floor":28.0,"key":"DuplicationPotion"},{"floor":29.0,"key":"Regen Potion"},{"floor":39.0,"key":"Explosive Potion"},{"floor":41.0,"key":"Energy Potion"},{"floor":45,"key":"Strength Potion"}],"is_trial":false,"path_per_floor":["M","M","M","M","$","R","E","R","T","R","M","$","E","M","R","B",null,"M","M","M","$","?","R","E","M","T","E","M","M","R","E","R","B",null,"M","$","?","M","M","R","E","R","T","M","?","M","R","?","R","B",null],"character_chosen":"REMILIA","items_purchased":["RedRainbow","ScarletImprint","BloodyTrap","SuperhumanBloodyKnife"],"campfire_rested":1,"item_purchase_floors":[5,12,21,36],"current_hp_per_floor":[65,57,46,36,36,36,18,18,18,39,43,43,15,8,8,14,56,48,42,36,36,36,36,28,17,17,13,22,10,10,1,1,28,60,48,48,43,15,17,17,23,23,23,35,41,34,34,34,34,29],"gold":163,"neow_bonus":"TRANSFORM_CARD","is_daily":false,"chose_seed":false,"campfire_upgraded":10,"win_rate":0.0,"timestamp":1607836475,"path_taken":["M","M","M","M","$","R","E","R","T","R","M","$","E","M","R","BOSS","M","M","M","$","?","R","E","?","T","E","M","M","R","E","R","BOSS","M","$","?","M","M","R","E","R","T","M","?","M","R","?","R","BOSS"],"items_purchased_type":["Card","Card","Card","Card"],"build_version":"2020-11-30","purchased_purges":3,"victory":true,"max_hp_per_floor":[70,70,70,70,70,70,70,70,70,70,70,70,70,70,70,70,70,70,70,70,70,70,70,70,70,70,70,70,70,70,70,70,70,70,70,70,70,70,70,70,70,70,70,70,70,70,70,70,70,70],"card_choices":[{"not_picked":["CharismaGuard","ScarletImprint"],"picked":"BlasphemousPunishment","floor":1.0},{"not_picked":["StarOfDavid","VampireFantasy"],"picked":"DiffusionOfMisfortune","floor":2.0},{"not_picked":["Stigmanizer","AfternoonTea","UnderTheZenith"],"picked":"SKIP","floor":3.0},{"not_picked":["UnderTheZenith","UnstableMagic"],"picked":"BloodyMagicSquare","floor":4.0},{"not_picked":["BlasphemousPunishment","BloodHunter"],"picked":"VampireKiss","floor":7.0},{"not_picked":["CharismaGuard","NightLord"],"picked":"ScarletImprint","floor":11.0},{"not_picked":["ForecastOfChange","MastersStateliness"],"picked":"BloodyTrap","floor":13.0},{"not_picked":["RedNightlessCastle","UnderTheZenith","CharismaGuard"],"picked":"SKIP","floor":14.0},{"not_picked":["BloodyHallows","KillingBlow"],"picked":"EquivalentExchange","floor":16.0},{"not_picked":["BombardNight","RedMagic"],"picked":"EndlessAdversity","floor":18.0},{"not_picked":["FavorOfDestiny","UnstableMagic","DiffusionOfMisfortune"],"picked":"SKIP","floor":19.0},{"not_picked":["ScarletDevil","VampireClaw","VampireFantasy"],"picked":"SKIP","floor":20.0},{"not_picked":["UltimateOffering","ScarletDevilSign"],"picked":"TransientEternity","floor":24.0},{"not_picked":["BombardNight","StarOfDavid+1","FavorOfDestiny+1"],"picked":"SKIP","floor":25.0},{"not_picked":["CurseOfVladTepes","Maim+1"],"picked":"BloodAndWine","floor":27.0},{"not_picked":["BloodHunter+1","DiffusionOfMisfortune","Stigmanizer"],"picked":"SKIP","floor":28.0},{"not_picked":["StarOfDavid","EternalNight+1","Maim"],"picked":"SKIP","floor":29.0},{"not_picked":["DiffusionOfMisfortune","Septette"],"picked":"ScarletImprint","floor":31.0},{"not_picked":["RedRainbow","GlobalNightmare"],"picked":"ScarletImprint+1","floor":35.0},{"not_picked":["Secret Technique","Dramatic Entrance"],"picked":"Bandage Up","floor":37.0},{"not_picked":["Purity","Madness"],"picked":"Bandage Up","floor":37.0},{"not_picked":["SuperhumanBloodyKnife","UltimateOffering"],"picked":"RedMagic+1","floor":38.0},{"not_picked":["MastersStateliness","EndlessAdversity"],"picked":"VampireKiss+1","floor":39.0},{"not_picked":["VampireClaw","BloodHunter"],"picked":"UnderTheZenith+1","floor":41.0},{"not_picked":["BlasphemousPunishment","CharismaGuard"],"picked":"SuperhumanBloodyKnife","floor":44},{"not_picked":["MillenniumVampire+1","Stigmanizer"],"picked":"VampireKiss","floor":45},{"not_picked":["StarOfDavid","ScarletDevil+1"],"picked":"BloodyMagicSquare","floor":46}],"player_experience":201834,"relics_obtained":[{"floor":7.0,"key":"Bronze Scales"},{"floor":9.0,"key":"Bag of Preparation"},{"floor":13.0,"key":"Sundial"},{"floor":24.0,"key":"PreservedInsect"},{"floor":26.0,"key":"AntiCross"},{"floor":27.0,"key":"Blood Vial"},{"floor":31.0,"key":"Art of War"},{"floor":41.0,"key":"Anchor"},{"floor":43.0,"key":"Letter Opener"},{"floor":45,"key":"Bird Faced Urn"}],"event_choices":[{"damage_healed":0.0,"max_hp_gain":0.0,"max_hp_loss":0.0,"gold_gain":0.0,"cards_transformed":["EquivalentExchange"],"event_name":"Transmorgrifier","player_choice":"Transformed","floor":22.0,"gold_loss":0.0,"damage_taken":0.0,"cards_obtained":["BloodyTrap"]},{"damage_healed":0.0,"max_hp_gain":0.0,"max_hp_loss":0.0,"gold_gain":0.0,"event_name":"SensoryStone","player_choice":"Memory 2","floor":37.0,"gold_loss":0.0,"damage_taken":5.0},{"damage_healed":0,"gold_gain":0,"player_choice":"Fight","damage_taken":0,"max_hp_gain":0,"max_hp_loss":0,"event_name":"MindBloom","floor":45,"gold_loss":0},{"damage_healed":0,"gold_gain":0,"player_choice":"Ignored","damage_taken":0,"max_hp_gain":0,"max_hp_loss":0,"event_name":"The Moai Head","floor":48,"gold_loss":0}],"is_beta":false,"boss_relics":[{"not_picked":["SlaversCollar","Black Star"],"picked":"Empty Cage"},{"not_picked":["Velvet Choker","Busted Crown"],"picked":"Pandora\u0027s Box"}],"items_purged_floors":[5,21,36],"is_endless":false,"potions_floor_spawned":[2,3,13,16,18,24,28,29,39,41,45],"ascension_level":17}}