{"host":"qwttrqaysb380yri","time":1607826748,"event":{"mods":["BaseMod","Custom Start","Minty Spire (QoL Compilation)","Puzzle Mod","Relic Stats","StSLib","The Cursed","The Hierophant"],"gold_per_floor":[111,151,56,56,90,143,6,6,6,58,58,110,178,241,241,331,331,382,382,382,442,482,482],"floor_reached":22,"playtime":832,"items_purged":["hierophant:Strike_Hierophant"],"score":382,"play_id":"dc3da126-5eb2-4100-a76d-5f343a69c314","local_time":"20201213033228","is_ascension_mode":true,"campfire_choices":[{"data":"hierophant:Remorse","floor":8,"key":"SMITH"},{"floor":15,"key":"REST"}],"circlet_count":0,"master_deck":["AscendersBane","hierophant:Strike_Hierophant","hierophant:Punish","hierophant:Defend_Hierophant","hierophant:Defend_Hierophant","hierophant:Defend_Hierophant","hierophant:Defend_Hierophant","hierophant:ChurchCoffers","hierophant:ThreeLashes","hierophant:SecretStash","hierophant:FieryStrike","hierophant:RepressedViolence","hierophant:SealAway","hierophant:FlamingChariot","hierophant:Remorse+1","hierophant:Doubloon","hierophant:RustyCrate","hierophant:Doubloon","hierophant:Doubloon","hierophant:ThreeLashes","hierophant:MorningPrayer","hierophant:Doubloon","hierophant:RustyCrate","hierophant:Doubloon","hierophant:Doubloon","hierophant:Embezzle","hierophant:OrnateBuckler","hierophant:Alms"],"relics":["hierophant:PropheticMaskRelic","The Courier","Kunai","Mummified Hand","Prayer Wheel","Philosopher\u0027s Stone"],"acts_visited":["Exordium","TheCity"],"potions_floor_usage":[6,12,13,16,18,21],"damage_taken":[{"damage":1,"enemies":"Small Slimes","floor":1,"turns":4},{"damage":6,"enemies":"Cultist","floor":2,"turns":4},{"damage":3,"enemies":"2 Louse","floor":5,"turns":2},{"damage":16,"enemies":"Gremlin Nob","floor":6,"turns":3},{"damage":26,"enemies":"Lagavulin","floor":10,"turns":6},{"damage":10,"enemies":"3 Sentries","floor":12,"turns":5},{"damage":0,"enemies":"Looter","floor":13,"turns":1},{"damage":3,"enemies":"3 Louse","floor":14,"turns":4},{"damage":7,"enemies":"Slime Boss","floor":16,"turns":9},{"damage":30,"enemies":"Shell Parasite","floor":18,"turns":5},{"damage":10,"enemies":"3 Byrds","floor":21,"turns":4},{"damage":22,"enemies":"Snake Plant","floor":22,"turns":1}],"seed_played":"2725345626614547028","potions_obtained":[{"floor":1,"key":"Weak Potion"},{"floor":10,"key":"BlessingOfTheForge"},{"floor":12,"key":"Fire Potion"},{"floor":14,"key":"Strength Potion"},{"floor":16,"key":"FearPotion"},{"floor":20,"key":"ColorlessPotion"},{"floor":21,"key":"Strength Potion"}],"is_trial":false,"path_per_floor":["M","M","$","?","M","E","$","R","T","E","?","E","M","M","R","B",null,"M","?","?","M","M"],"character_chosen":"HIEROPHANT","items_purchased":["hierophant:RepressedViolence","Fire Potion","hierophant:Remorse","hierophant:RustyCrate"],"campfire_rested":1,"item_purchase_floors":[3,3,7,7],"current_hp_per_floor":[67,61,61,61,58,42,42,42,42,16,16,6,6,3,25,18,61,31,31,31,21,0,0],"gold":482,"neow_bonus":"TRANSFORM_CARD","is_daily":false,"chose_seed":false,"campfire_upgraded":1,"win_rate":0.0,"timestamp":1607826748,"path_taken":["M","M","$","?","M","E","?","R","T","E","?","E","M","M","R","BOSS","M","?","?","M","M"],"items_purchased_type":["Card","Potion","Card","Card"],"build_version":"2020-11-30","purchased_purges":1,"victory":false,"max_hp_per_floor":[75,75,75,75,75,75,75,75,75,75,75,75,75,75,75,75,75,75,75,75,75,75,75],"relic_stats":{"counters":[12,48],"Mummified Hand":[0],"Prayer Wheel":4,"Kunai":[14],"obtain_stats":[{"Mummified Hand":10,"hierophant:PropheticMaskRelic":0,"Prayer Wheel":12,"Philosopher\u0027s Stone":17,"The Courier":6,"Kunai":9},{"Mummified Hand":5,"hierophant:PropheticMaskRelic":0,"Prayer Wheel":6,"Philosopher\u0027s Stone":9,"The Courier":4,"Kunai":4},{"Mummified Hand":19,"hierophant:PropheticMaskRelic":0,"Prayer Wheel":24,"Philosopher\u0027s Stone":38,"The Courier":13,"Kunai":13}]},"card_choices":[{"not_picked":["hierophant:RecallFunds","hierophant:Smite"],"picked":"hierophant:SecretStash","floor":1},{"not_picked":["hierophant:Encroach","hierophant:MorningPrayer"],"picked":"hierophant:FieryStrike","floor":2},{"not_picked":["hierophant:Racketeering","hierophant:ThreeLashes"],"picked":"hierophant:SealAway","floor":5},{"not_picked":["hierophant:Exaltation","hierophant:DisplayOfPower"],"picked":"hierophant:FlamingChariot","floor":6},{"not_picked":["hierophant:Determination","hierophant:LocustPlague","hierophant:DisplayOfPower"],"picked":"SKIP","floor":10},{"not_picked":["hierophant:SealAway","hierophant:Dazzle"],"picked":"hierophant:ThreeLashes","floor":12},{"not_picked":["hierophant:Blessing","hierophant:CursedGold"],"picked":"hierophant:MorningPrayer","floor":13},{"not_picked":["hierophant:Upheaval","hierophant:ThreeLashes"],"picked":"hierophant:Doubloon","floor":13},{"not_picked":["hierophant:Repentance","hierophant:SecretStash"],"picked":"hierophant:RustyCrate","floor":14},{"not_picked":["hierophant:Shelter","hierophant:Zeal"],"picked":"hierophant:Embezzle","floor":14},{"not_picked":["hierophant:AuricBeam","hierophant:DisplayOfPower"],"picked":"hierophant:OrnateBuckler","floor":18},{"not_picked":["hierophant:Upheaval","hierophant:SolarFlare"],"picked":"hierophant:Alms","floor":18},{"not_picked":["hierophant:FaithHealing","hierophant:Purify","hierophant:Invocation"],"picked":"SKIP","floor":21},{"not_picked":["hierophant:PristineSoul","hierophant:RepressedViolence","hierophant:Sermon"],"picked":"SKIP","floor":21}],"player_experience":1818909,"relics_obtained":[{"floor":6,"key":"The Courier"},{"floor":9,"key":"Kunai"},{"floor":10,"key":"Mummified Hand"},{"floor":12,"key":"Prayer Wheel"}],"event_choices":[{"cards_removed":["hierophant:Strike_Hierophant"],"damage_healed":0,"gold_gain":0,"player_choice":"Offered Basic","damage_taken":0,"max_hp_gain":0,"max_hp_loss":0,"event_name":"Bonfire Elementals","floor":4,"gold_loss":0},{"damage_healed":0,"gold_gain":0,"player_choice":"Ignored","damage_taken":0,"max_hp_gain":0,"max_hp_loss":0,"event_name":"Liars Game","floor":11,"gold_loss":0},{"damage_healed":0,"gold_gain":0,"player_choice":"Ignored","damage_taken":0,"max_hp_gain":0,"max_hp_loss":0,"event_name":"Vampires","floor":19,"gold_loss":0},{"damage_healed":0,"gold_gain":0,"player_choice":"Got Potions","damage_taken":0,"max_hp_gain":0,"max_hp_loss":0,"event_name":"Lab","floor":20,"gold_loss":0}],"is_beta":false,"boss_relics":[{"not_picked":["Ectoplasm","Tiny House"],"picked":"Philosopher\u0027s Stone"}],"items_purged_floors":[7],"is_endless":false,"potions_floor_spawned":[1,10,12,14,16,21],"killed_by":"Snake Plant","ascension_level":15}}