{"host":"ysalv62a05e493y4","time":1607869156,"event":{"mods":["AchievementEnabler","BaseMod","BetterRewards","Colored Map","Colored Powertips","Downfall","Lobotomy","Minty Spire (QoL Compilation)","Quick Restart","StSLib"],"gold_per_floor":[99,156,156,456,456,456,456,474,507,507,507,517,31,52,72,171,171,171,31,31,31,57,57,57,57,83,83,83,98,11,31,45,45,45],"floor_reached":33,"playtime":1501,"items_purged":["Regret"],"score":302,"play_id":"ecab2735-bb5a-497b-acbe-b2ee5515a5c2","local_time":"20201213151916","is_ascension_mode":false,"campfire_choices":[{"floor":1,"key":"RECALL"},{"floor":3,"key":"REST"},{"data":"Slimebound:Split","floor":10,"key":"SMITH"},{"data":"Slimebound:CorrosiveSpit","floor":18,"key":"SMITH"},{"floor":21,"key":"REST"},{"data":"Slimebound:Nibble","floor":25,"key":"SMITH"},{"floor":27,"key":"REST"}],"circlet_count":0,"master_deck":["Slimebound:Strike_Slimebound","Slimebound:Strike_Slimebound","Slimebound:Strike_Slimebound","Slimebound:Tackle","Slimebound:Defend_Slimebound","Slimebound:Defend_Slimebound","Slimebound:Defend_Slimebound","Slimebound:Defend_Slimebound","Slimebound:Split+1","Slimebound:CorrosiveSpit+1","Slimebound:Nibble+1","Slimebound:FlameTackle","Slimebound:TongueLash","Slimebound:RejuvenatingLick","Slimebound:MegaLick","Slimebound:SlimeBrawl","Slimebound:SpikyOuterGoop","Slimebound:RejuvenatingLick","Slimebound:OneTwoCombo","Slimebound:SplitAcid","Slimebound:LeadByExample","Slimebound:GoopTackle","Slimebound:LeechingTouch","Slimebound:SlimeSpikes","Slimebound:OneTwoCombo","Slimebound:SlimeSlap","Slimebound:SamplingLick+1","Slimebound:PressTheAttack","Shame","Slimebound:TongueLash","Slimebound:GoopSpray+1","Slimebound:SlimeSpikes","Slimebound:GrowthPunch","Slimebound:SlimeSpikes","Slimebound:SplitMire","Slimebound:GrowthPunch","Slimebound:LeechEnergy","Slimebound:GoopSpray+1","Slimebound:Replication+1","Slimebound:GoopTackle"],"relics":["Slimebound:AbsorbEndCombat","downfall:HeartsMalice","MealTicket","Old Coin","Prayer Wheel","Sling","Odd Mushroom","Busted Crown","InkBottle","Lantern","Matryoshka","Juzu Bracelet"],"acts_visited":["Exordium","TheCity"],"potions_floor_usage":[9,16,16,16,26,26,33,33],"damage_taken":[{"damage":0,"enemies":"Gremlin Nob","floor":2,"turns":1},{"damage":0,"enemies":"Small Slimes","floor":5,"turns":1},{"damage":0,"enemies":"2 Louse","floor":6,"turns":1},{"damage":21,"enemies":"Jaw Worm","floor":8,"turns":3},{"damage":31,"enemies":"Gremlin Nob","floor":9,"turns":4},{"damage":4,"enemies":"2 Fungi Beasts","floor":12,"turns":3},{"damage":10,"enemies":"downfall:FleeingMerchant","floor":13,"turns":4},{"damage":25,"enemies":"The Mushroom Lair","floor":14,"turns":3},{"damage":25,"enemies":"Blue Slaver","floor":15,"turns":3},{"damage":25,"enemies":"downfall:Ironclad","floor":16,"turns":6},{"damage":31,"enemies":"downfall:FleeingMerchant","floor":19,"turns":4},{"damage":43,"enemies":"Slavers","floor":22,"turns":3},{"damage":29,"enemies":"Book of Stabbing","floor":26,"turns":3},{"damage":22,"enemies":"Spheric Guardian","floor":29,"turns":3},{"damage":17,"enemies":"downfall:FleeingMerchant","floor":30,"turns":4},{"damage":30,"enemies":"Shell Parasite","floor":31,"turns":5},{"damage":15,"enemies":"3 Cultists","floor":32,"turns":3},{"damage":61,"enemies":"downfall:Defect","floor":33,"turns":6}],"seed_played":"-1954007878835664346","potions_obtained":[{"floor":2,"key":"EssenceOfSteel"},{"floor":8,"key":"Slimebound:SlimyTonguePotion"},{"floor":12,"key":"Block Potion"},{"floor":15,"key":"EssenceOfSteel"},{"floor":16,"key":"champ:CounterPotion"},{"floor":22,"key":"SteroidPotion"},{"floor":29,"key":"Slimebound:SlimedPotion"},{"floor":32,"key":"DistilledChaos"}],"is_trial":false,"path_per_floor":["R","?","R","?","M","M","T","M","E","R","?","M","$","?","M","B",null,"R","$","?","R","E","?","T","R","E","R","?","M","$","M","M","B"],"character_chosen":"SLIMEBOUND","items_purchased":["Slimebound:OneTwoCombo","Slimebound:SplitAcid","Slimebound:LeadByExample","Sling","Slimebound:GoopTackle","Slimebound:PressTheAttack","Slimebound:SplitMire","Slimebound:GrowthPunch"],"campfire_rested":3,"item_purchase_floors":[13,13,13,13,13,19,30,30],"current_hp_per_floor":[60,60,60,60,60,60,60,47,30,30,30,36,60,39,24,31,60,60,49,49,60,37,37,37,37,28,46,46,42,49,33,30,0,0],"gold":45,"neow_bonus":"THREE_ENEMY_KILL","is_daily":false,"chose_seed":false,"campfire_upgraded":3,"win_rate":0.0,"timestamp":1607869156,"path_taken":["R","?","R","?","M","M","T","M","E","R","?","M","?","?","M","BOSS","R","$","?","R","E","?","T","R","E","R","?","M","$","M","M","BOSS"],"items_purchased_type":["Card","Card","Card","Relic","Card","Card","Card","Card"],"build_version":"2020-11-30","purchased_purges":1,"victory":false,"max_hp_per_floor":[60,60,60,60,60,60,60,60,60,60,60,60,60,60,60,60,60,60,60,60,60,60,60,60,60,60,60,60,60,60,60,60,60,60],"card_choices":[{"not_picked":["Slimebound:Grow","Slimebound:FormOfPuddle"],"picked":"Slimebound:Nibble","floor":2},{"not_picked":["Slimebound:BestDefense","Slimebound:SlimeBarrage"],"picked":"Slimebound:FlameTackle","floor":5},{"not_picked":["Slimebound:LeechEnergy","Slimebound:ComboTackle"],"picked":"Slimebound:TongueLash","floor":6},{"not_picked":["Slimebound:SamplingLick","Slimebound:FirmFortitude"],"picked":"Slimebound:RejuvenatingLick","floor":8},{"not_picked":["Slimebound:LeechingTouch","Slimebound:SamplingLick"],"picked":"Slimebound:MegaLick","floor":9},{"not_picked":["Slimebound:ComboTackle","Slimebound:LeechEnergy"],"picked":"Slimebound:SlimeBrawl","floor":12},{"not_picked":["Slimebound:SamplingLick","Slimebound:GrowthPunch"],"picked":"Slimebound:SpikyOuterGoop","floor":12},{"not_picked":["Slimebound:LeechingTouch","Slimebound:FinishingTackle"],"picked":"Slimebound:RejuvenatingLick","floor":13},{"not_picked":["Slimebound:LeechEnergy","Slimebound:FinishingTackle"],"picked":"Slimebound:LeechingTouch","floor":14},{"not_picked":["Slimebound:LeechingTouch","Slimebound:SlimeBrawl"],"picked":"Slimebound:SlimeSpikes","floor":15},{"not_picked":["Slimebound:PressTheAttack","Slimebound:LeechingTouch"],"picked":"Slimebound:OneTwoCombo","floor":15},{"not_picked":["Slimebound:Overexert","Slimebound:DouseInSlime"],"picked":"Slimebound:SlimeSlap","floor":16},{"not_picked":[],"picked":"Slimebound:SamplingLick+1","floor":19},{"not_picked":[],"picked":"Slimebound:TongueLash","floor":22},{"not_picked":[],"picked":"Slimebound:GoopSpray+1","floor":26},{"not_picked":[],"picked":"Slimebound:SlimeSpikes","floor":29},{"not_picked":[],"picked":"Slimebound:GrowthPunch","floor":29},{"not_picked":[],"picked":"Slimebound:SlimeSpikes","floor":30},{"not_picked":[],"picked":"Slimebound:LeechEnergy","floor":31},{"not_picked":[],"picked":"Slimebound:GoopSpray+1","floor":31},{"not_picked":[],"picked":"Slimebound:Replication+1","floor":32},{"not_picked":[],"picked":"Slimebound:GoopTackle","floor":32}],"player_experience":16835,"relics_obtained":[{"floor":2,"key":"MealTicket"},{"floor":9,"key":"Prayer Wheel"},{"floor":14,"key":"Odd Mushroom"},{"floor":22,"key":"Lantern"},{"floor":24,"key":"Matryoshka"},{"floor":26,"key":"Juzu Bracelet"}],"event_choices":[{"damage_healed":0,"gold_gain":0,"player_choice":"Box","damage_taken":0,"relics_obtained":["Old Coin"],"max_hp_gain":0,"max_hp_loss":0,"event_name":"Big Fish","floor":4,"gold_loss":0,"cards_obtained":["Regret"]},{"damage_healed":0,"gold_gain":0,"player_choice":"Fought Mushrooms","damage_taken":0,"max_hp_gain":0,"max_hp_loss":0,"event_name":"Mushrooms","floor":14,"gold_loss":0},{"damage_healed":0,"gold_gain":0,"player_choice":"Stole Relic","damage_taken":0,"relics_obtained":["InkBottle"],"max_hp_gain":0,"max_hp_loss":0,"event_name":"Addict","floor":20,"gold_loss":0,"cards_obtained":["Shame"]},{"damage_healed":0,"gold_gain":0,"player_choice":"Ignored","damage_taken":0,"max_hp_gain":0,"max_hp_loss":0,"event_name":"Vampires","floor":23,"gold_loss":0}],"is_beta":false,"boss_relics":[{"not_picked":["SlaversCollar","Coffee Dripper"],"picked":"Busted Crown"}],"items_purged_floors":[19],"is_endless":false,"potions_floor_spawned":[2,8,12,15,16,22,29,32],"killed_by":"downfall:Defect","ascension_level":0}}