{"host":"n3yraofadl2d9nwo","time":1607894890,"event":{"mods":["BaseMod","Friendly Minions","Marisa????????","Minty Spire (QoL Compilation)","StSLib","The Animator"],"gold_per_floor":[13,23,37,37,37,37,69,69,69,87,87,105,117,135,135,236,236,249,249,268,48,61,76,76,88,111,125,125,125],"floor_reached":28,"playtime":1981,"items_purged":["Defend_MRS"],"score":251,"play_id":"f9e4a0c7-1cf5-4add-8b2b-4f9dcf5e25e1","local_time":"20201213222810","is_ascension_mode":false,"campfire_choices":[{"data":"MasterSpark","floor":6,"key":"SMITH"},{"data":"SuperNova","floor":8,"key":"SMITH"},{"data":"DarkMatter","floor":15,"key":"SMITH"},{"data":"Defend_MRS","floor":24,"key":"PURGE"}],"circlet_count":0,"master_deck":["Strike_MRS","Strike_MRS","Defend_MRS","Defend_MRS","MasterSpark+1","UpSweep","SuperNova+1","GasGiant","AlicesGift","StarBarrage","DoubleSpark","6A+1","DarkMatter+1","TreasureHunter+1","SuperPerseids","UltimateShortwave","GasGiant","GasGiant","GasGiant","Acceleration","NonDirectionalLaser+1"],"relics":["MiniHakkero","AmplifyWand","Peace Pipe","Molten Egg 2","Black Star","TheAbacus"],"acts_visited":["Exordium","TheCity"],"potions_floor_usage":[16,16,20,28,28],"damage_taken":[{"damage":1,"enemies":"Cultist","floor":1,"turns":4},{"damage":0,"enemies":"Small Slimes","floor":2,"turns":3},{"damage":1,"enemies":"Jaw Worm","floor":3,"turns":3},{"damage":9,"enemies":"Lagavulin","floor":7,"turns":7},{"damage":0,"enemies":"Looter","floor":10,"turns":3},{"damage":6,"enemies":"3 Louse","floor":12,"turns":3},{"damage":12,"enemies":"Large Slime","floor":13,"turns":5},{"damage":4,"enemies":"Gremlin Gang","floor":14,"turns":5},{"damage":4,"enemies":"The Guardian","floor":16,"turns":10},{"damage":8,"enemies":"Shell Parasite","floor":18,"turns":4},{"damage":10,"enemies":"3 Byrds","floor":20,"turns":6},{"damage":7,"enemies":"Centurion and Healer","floor":22,"turns":11},{"damage":11,"enemies":"Sentry and Sphere","floor":23,"turns":4},{"damage":15,"enemies":"Snecko","floor":25,"turns":6},{"damage":11,"enemies":"3 Cultists","floor":27,"turns":7},{"damage":16,"enemies":"Book of Stabbing","floor":28,"turns":5}],"seed_played":"44922455424461934","potions_obtained":[{"floor":3,"key":"Weak Potion"},{"floor":7,"key":"BlessingOfTheForge"},{"floor":10,"key":"BottledSpark"},{"floor":18,"key":"Energy Potion"},{"floor":20,"key":"SneckoOil"},{"floor":25,"key":"Fire Potion"}],"is_trial":false,"path_per_floor":["M","M","M","$","?","R","E","R","T","M","?","M","M","M","R","B",null,"M","?","M","$","M","M","R","M","T","M","E"],"character_chosen":"MARISA","items_purchased":["TheAbacus"],"campfire_rested":0,"item_purchase_floors":[21],"current_hp_per_floor":[74,74,73,73,55,55,46,46,46,46,46,40,28,24,24,20,75,67,67,57,57,50,39,39,24,24,13,0,0],"gold":125,"neow_bonus":"THREE_RARE_CARDS","is_daily":false,"chose_seed":false,"campfire_upgraded":3,"win_rate":0.0,"timestamp":1607894890,"path_taken":["M","M","?","$","?","R","E","R","T","M","?","M","M","M","R","BOSS","M","?","M","$","M","M","R","M","T","M","E"],"items_purchased_type":["Relic"],"build_version":"2020-11-30","purchased_purges":1,"victory":false,"max_hp_per_floor":[75,75,75,75,75,75,75,75,75,75,75,75,75,75,75,75,75,75,75,75,75,75,75,75,75,75,75,75,75],"card_choices":[{"not_picked":["EscapeVelocity","CollectingQuirk"],"picked":"SuperNova","floor":0},{"not_picked":["Acceleration","IllusionStar"],"picked":"GasGiant","floor":1},{"not_picked":["GravityBeat","DC"],"picked":"AlicesGift","floor":2},{"not_picked":["MeteoricShower","ShootingEcho"],"picked":"StarBarrage","floor":3},{"not_picked":["MilkyWay","OortCloud"],"picked":"DoubleSpark","floor":7},{"not_picked":["PulseMagic","Acceleration"],"picked":"6A+1","floor":10},{"not_picked":["ChargingUp","GalacticHalo"],"picked":"DarkMatter","floor":12},{"not_picked":["ShootingEcho+1","DC+1"],"picked":"TreasureHunter+1","floor":13},{"not_picked":["SporeBomb","MilkyWay"],"picked":"SuperPerseids","floor":14},{"not_picked":["MaximisePower","BlazingStar+1"],"picked":"UltimateShortwave","floor":16},{"not_picked":["LuminesStrike+1","EarthLightRay"],"picked":"GasGiant","floor":18},{"not_picked":["SporeBomb+1","PulseMagic"],"picked":"GasGiant","floor":20},{"not_picked":["NonDirectionalLaser+1","LuminesStrike+1","DoubleSpark+1"],"picked":"SKIP","floor":22},{"not_picked":["MachineGunSpark+1","PowerUp+1"],"picked":"GasGiant","floor":23},{"not_picked":["MaximisePower","AlicesGift+1"],"picked":"Acceleration","floor":25},{"not_picked":["DeepEcoloBomb+1","DoubleSpark+1"],"picked":"NonDirectionalLaser+1","floor":27}],"player_experience":823901,"relics_obtained":[{"floor":7,"key":"Peace Pipe"},{"floor":9,"key":"Molten Egg 2"}],"event_choices":[{"damage_healed":0,"gold_gain":0,"player_choice":"Success","damage_taken":18,"relics_obtained":["AmplifyWand"],"max_hp_gain":0,"max_hp_loss":0,"event_name":"Scrap Ooze","floor":5,"gold_loss":0},{"cards_removed":["Strike_MRS"],"damage_healed":0,"gold_gain":0,"player_choice":"Forget","damage_taken":0,"max_hp_gain":0,"max_hp_loss":0,"event_name":"Living Wall","floor":11,"gold_loss":0},{"cards_removed":["Strike_MRS"],"damage_healed":0,"gold_gain":0,"player_choice":"Elegance","damage_taken":0,"max_hp_gain":0,"max_hp_loss":0,"event_name":"Back to Basics","floor":19,"gold_loss":0}],"is_beta":false,"boss_relics":[{"not_picked":["Runic Pyramid","SacredBark"],"picked":"Black Star"}],"items_purged_floors":[21],"is_endless":false,"potions_floor_spawned":[3,7,10,18,20,25],"killed_by":"Book of Stabbing","ascension_level":0}}