{"host":"plbsiuh3vwan8ocg","time":1607851288,"event":{"mods":["AchievementEnabler","BaseMod","Minty Spire (QoL Compilation)","Permanent Neow","Quick Restart","StSLib"],"gold_per_floor":[111,111,111,129,179,194,223,243,243,243,54,54,66,13,13,92,92,106,126,144,155,70,70,82,82,105,105,105,105,0,0,0,0,0],"floor_reached":33,"playtime":1607,"items_purged":[],"score":417,"play_id":"8fbe0d80-6d28-4b4b-abe5-4bfcbe0f9b5b","local_time":"20201213042128","is_ascension_mode":true,"campfire_choices":[{"floor":10,"key":"REST"},{"floor":15,"key":"REST"},{"floor":23,"key":"REST"},{"floor":25,"key":"REST"},{"floor":32,"key":"REST"}],"circlet_count":0,"master_deck":["AscendersBane","Strike_B","Strike_B","Strike_B","Defend_B","Defend_B","Defend_B","Defend_B","Zap","Dualcast","Madness","Conserve Battery","Streamline","Cold Snap","Cold Snap+1","Blizzard+1","Rip and Tear+1","Defragment","Echo Form","Loop","Consume","Redo","Hologram+1","Conserve Battery+1","J.A.X."],"relics":["Cracked Core","Molten Egg 2","Incense Burner","Sling","Gambling Chip","Nuclear Battery","Cables","Toy Ornithopter","Bag of Marbles"],"acts_visited":["Exordium","TheCity"],"potions_floor_usage":[7,16,19,24],"damage_taken":[{"damage":7,"enemies":"Small Slimes","floor":1,"turns":3},{"damage":0,"enemies":"Cultist","floor":4,"turns":4},{"damage":0,"enemies":"2 Louse","floor":6,"turns":2},{"damage":28,"enemies":"Gremlin Nob","floor":7,"turns":4},{"damage":13,"enemies":"Looter","floor":8,"turns":3},{"damage":27,"enemies":"Exordium Thugs","floor":13,"turns":5},{"damage":13,"enemies":"Slime Boss","floor":16,"turns":10},{"damage":27,"enemies":"2 Thieves","floor":18,"turns":4},{"damage":4,"enemies":"Shell Parasite","floor":19,"turns":3},{"damage":20,"enemies":"Snake Plant","floor":20,"turns":5},{"damage":25,"enemies":"Centurion and Healer","floor":21,"turns":7},{"damage":0,"enemies":"3 Cultists","floor":24,"turns":6},{"damage":73,"enemies":"Collector","floor":33,"turns":5}],"seed_played":"-2439440423584746907","potions_obtained":[{"floor":2,"key":"CultistPotion"},{"floor":2,"key":"FairyPotion"},{"floor":13,"key":"EssenceOfSteel"},{"floor":16,"key":"Energy Potion"},{"floor":18,"key":"EssenceOfDarkness"},{"floor":21,"key":"GamblersBrew"}],"is_trial":false,"path_per_floor":["M","?","$","M","?","M","E","M","T","R","$","?","M","?","R","B",null,"M","M","M","M","?","R","M","R","T","$","T","?","?","$","R","B"],"character_chosen":"DEFECT","items_purchased":["Sling","Rip and Tear+1"],"campfire_rested":5,"item_purchase_floors":[11,11],"current_hp_per_floor":[57,57,57,57,57,57,29,16,16,37,37,37,10,10,31,18,58,31,27,7,3,3,24,24,45,45,45,45,45,45,45,66,0,0],"gold":0,"neow_bonus":"RANDOM_COLORLESS","is_daily":false,"chose_seed":false,"campfire_upgraded":0,"win_rate":0.0,"timestamp":1607851288,"path_taken":["M","?","$","?","?","M","E","M","T","R","$","?","?","?","R","BOSS","M","M","M","?","?","R","M","R","T","?","?","?","?","$","R","BOSS"],"items_purchased_type":["Relic","Card"],"build_version":"2020-11-30","purchased_purges":0,"victory":false,"max_hp_per_floor":[71,71,71,71,71,71,71,71,71,71,71,71,71,71,71,71,71,71,71,71,71,71,71,71,71,71,71,71,71,71,71,71,71,71],"card_choices":[{"not_picked":["Deep Breath","Forethought"],"picked":"Madness","floor":0},{"not_picked":["Redo","Coolheaded"],"picked":"Conserve Battery","floor":1},{"not_picked":["Sunder","Gash"],"picked":"Streamline","floor":4},{"not_picked":["Leap","Chill"],"picked":"Cold Snap","floor":6},{"not_picked":["Barrage+1","Steam"],"picked":"Cold Snap+1","floor":7},{"not_picked":["Beam Cell+1","Steam Power"],"picked":"Blizzard+1","floor":8},{"not_picked":["Undo","Leap"],"picked":"Defragment","floor":13},{"not_picked":["Seek","Creative AI"],"picked":"Echo Form","floor":16},{"not_picked":["Ball Lightning+1","Conserve Battery"],"picked":"Loop","floor":18},{"not_picked":["Auto Shields","Force Field"],"picked":"Consume","floor":19},{"not_picked":["Force Field","Aggregate"],"picked":"Redo","floor":20},{"not_picked":["Genetic Algorithm","Streamline+1"],"picked":"Hologram+1","floor":21},{"not_picked":["Leap","Compile Driver+1"],"picked":"Conserve Battery+1","floor":24}],"player_experience":388803,"relics_obtained":[{"floor":7,"key":"Molten Egg 2"},{"floor":9,"key":"Incense Burner"},{"floor":26,"key":"Toy Ornithopter"},{"floor":28,"key":"Bag of Marbles"}],"event_choices":[{"damage_healed":0,"gold_gain":0,"player_choice":"Got Potions","damage_taken":0,"max_hp_gain":0,"max_hp_loss":0,"event_name":"Lab","floor":2,"gold_loss":0},{"damage_healed":0,"gold_gain":50,"player_choice":"Gained Gold","damage_taken":0,"max_hp_gain":0,"max_hp_loss":0,"event_name":"Golden Wing","floor":5,"gold_loss":0},{"cards_removed":["Strike_B"],"damage_healed":0,"gold_gain":0,"player_choice":"Offered Basic","damage_taken":0,"max_hp_gain":0,"max_hp_loss":0,"event_name":"Bonfire Elementals","floor":12,"gold_loss":0},{"damage_healed":0,"gold_gain":0,"player_choice":"Paid Gold","damage_taken":0,"relics_obtained":["Gambling Chip"],"max_hp_gain":0,"max_hp_loss":0,"event_name":"WeMeetAgain","floor":14,"gold_loss":53},{"damage_healed":0,"gold_gain":0,"player_choice":"Obtained Relic","damage_taken":0,"relics_obtained":["Cables"],"max_hp_gain":0,"max_hp_loss":0,"event_name":"Addict","floor":22,"gold_loss":85},{"damage_healed":0,"gold_gain":0,"player_choice":"Obtain J.A.X.","damage_taken":0,"max_hp_gain":0,"max_hp_loss":0,"event_name":"Drug Dealer","floor":29,"gold_loss":0,"cards_obtained":["J.A.X."]},{"damage_healed":0,"gold_gain":0,"player_choice":"Paid Fearfully","damage_taken":0,"max_hp_gain":0,"max_hp_loss":0,"event_name":"Masked Bandits","floor":30,"gold_loss":105}],"is_beta":false,"boss_relics":[{"not_picked":["Astrolabe","Runic Dome"],"picked":"Nuclear Battery"}],"items_purged_floors":[],"is_endless":false,"potions_floor_spawned":[6,13,16,18,21],"killed_by":"Collector","ascension_level":14}}