{"host":"ekstrfwlhr7rhfvs","time":1607862808,"event":{"mods":["BaseMod","Minty Spire (QoL Compilation)","Quick Restart","Replay The Spire","StSLib"],"gold_per_floor":[114,114,114,128,53,89,107,7,34,54,54,68,68,86,86,86,86],"floor_reached":16,"playtime":534,"items_purged":["Strike_R","Strike_R"],"score":184,"play_id":"fc9e81cc-d637-4224-a848-94c450a0b1cc","local_time":"20201213203328","is_ascension_mode":true,"campfire_choices":[{"data":"Pommel Strike","floor":15,"key":"SMITH"}],"circlet_count":0,"master_deck":["Strike_R","Strike_R","Strike_R","Defend_R","Defend_R","Defend_R","Defend_R","Bash","Pommel Strike+1","Dropkick","Spot Weakness"],"relics":["Burning Blood","NeowsBlessing","Golden Idol","Bag of Preparation","Replay:Rubber Ducky","Happy Flower"],"acts_visited":["Exordium"],"potions_floor_usage":[10],"damage_taken":[{"damage":0,"enemies":"Jaw Worm","floor":1,"turns":1},{"damage":0,"enemies":"Small Slimes","floor":4,"turns":1},{"damage":0,"enemies":"Gremlin Nob","floor":6,"turns":1},{"damage":0,"enemies":"2 Louse","floor":7,"turns":3},{"damage":15,"enemies":"Lots of Slimes","floor":10,"turns":4},{"damage":7,"enemies":"Looter","floor":12,"turns":3},{"damage":1,"enemies":"2 Fungi Beasts","floor":14,"turns":4},{"damage":74,"enemies":"Fading Forest","floor":16,"turns":9}],"seed_played":"1305974179313979279","potions_obtained":[{"floor":7,"key":"ColorlessPotion"},{"floor":10,"key":"SneckoOil"},{"floor":14,"key":"Venom Potion"}],"is_trial":false,"path_per_floor":["M","?","?","M","$","E","M","$","T","M","$","M","?","M","R","B"],"character_chosen":"IRONCLAD","items_purchased":[],"campfire_rested":0,"item_purchase_floors":[],"current_hp_per_floor":[78,58,55,61,61,67,73,73,73,64,64,63,63,68,68,0,0],"gold":86,"neow_bonus":"THREE_ENEMY_KILL","is_daily":false,"chose_seed":false,"campfire_upgraded":1,"win_rate":0.0,"timestamp":1607862808,"path_taken":["M","?","?","M","$","E","M","?","T","M","$","M","?","M","R","BOSS"],"items_purchased_type":[],"build_version":"2020-11-30","purchased_purges":2,"victory":false,"max_hp_per_floor":[80,80,80,80,80,80,80,80,80,80,80,80,80,80,80,80,80],"card_choices":[{"not_picked":["Infernal Blade","ReplayTheSpireMod:Muscle Training"],"picked":"Pommel Strike","floor":1},{"not_picked":["Headbutt","Pommel Strike"],"picked":"Dropkick","floor":4},{"not_picked":["Infernal Blade","Anger","Abandon"],"picked":"SKIP","floor":6},{"not_picked":["Armaments","Shockwave","Headbutt"],"picked":"SKIP","floor":7},{"not_picked":["Body Slam","Flex","Infernal Blade"],"picked":"SKIP","floor":10},{"not_picked":["Twin Strike","Headbutt","Body Slam"],"picked":"SKIP","floor":12},{"not_picked":["Body Slam","Armaments"],"picked":"Spot Weakness","floor":14}],"player_experience":415686,"relics_obtained":[{"floor":6,"key":"Replay:Rubber Ducky"},{"floor":9,"key":"Happy Flower"}],"event_choices":[{"damage_healed":0,"gold_gain":0,"player_choice":"Take Damage","damage_taken":20,"relics_obtained":["Golden Idol"],"max_hp_gain":0,"max_hp_loss":0,"event_name":"Golden Idol","floor":2,"gold_loss":0},{"damage_healed":0,"gold_gain":0,"player_choice":"Success","damage_taken":3,"relics_obtained":["Bag of Preparation"],"max_hp_gain":0,"max_hp_loss":0,"event_name":"Scrap Ooze","floor":3,"gold_loss":0},{"damage_healed":0,"gold_gain":0,"player_choice":"0 cards matched","damage_taken":0,"max_hp_gain":0,"max_hp_loss":0,"event_name":"Match and Keep!","floor":13,"gold_loss":0,"cards_obtained":[]}],"is_beta":false,"boss_relics":[],"items_purged_floors":[5,8],"is_endless":false,"potions_floor_spawned":[7,10,14],"killed_by":"Fading Forest","ascension_level":9}}