{"host":"zxd2l8an9de7z7b9","time":1607875567,"event":{"mods":["2.2 Compatiblity","BaseMod","CapriCore","Colored Map","Colored Powertips","Hermit","Koishi","Lobotomy","Marisa£¨Ùöéë¡¡Øª×âÞÞ£©","Minty Spire (QoL Compilation)","Rare Cards Sparkle","StSLib","The Cursed","The Dragon Tamer","The Gatherer","The Hierophant","The Immortal","The Poker Player","The Runesmith","WarShipGirlsR/??á´Ò³R mod"],"gold_per_floor":[110,185,200,219,219,219,237,167,167,167,179,179,179,196,196,295,295,309,323,323,323,10,10,26,57,57,71,71,81,99,122,122,122,122],"floor_reached":33,"playtime":1178,"items_purged":[],"score":259,"play_id":"b28d335c-fe3c-42bf-9589-f743a255cd69","local_time":"20201214010607","is_ascension_mode":false,"campfire_choices":[{"data":"hermit:Malice","floor":6,"key":"SMITH"},{"data":"hermit:Quickdraw","floor":10,"key":"SMITH"},{"data":"hermit:Misfire","floor":13,"key":"SMITH"},{"data":"hermit:Roulette","floor":15,"key":"SMITH"},{"data":"1","floor":23,"key":"LIFT"},{"floor":28,"key":"REST"},{"floor":32,"key":"REST"}],"circlet_count":0,"master_deck":["hermit:Strike_Hermit","hermit:Strike_Hermit","hermit:Strike_Hermit+1","hermit:Strike_Hermit","hermit:Defend_Hermit","hermit:Defend_Hermit","hermit:Defend_Hermit","hermit:Defend_Hermit","hermit:Snapshot+1","hermit:Covet","hermit:Roulette+1","hermit:Ricochet+1","hermit:Malice+1","hermit:Quickdraw+1","hermit:SprayPray","hermit:Misfire+1","hermit:Horror","hermit:ItchyTrigger","hermit:GoldenBullet+1","hermit:Headshot","hermit:Reprieve+1","hermit:Grudge","hermit:SprayPray+1","Writhe","hermit:CalledShot+1","hermit:GhostlyPresence","hermit:Glare","hermit:Cheat+1","hermit:BigShot+1"],"relics":["hermit:Momento","Bottled Flame","SlaversCollar","Girya","hermit:CharredGlove","Runesmith:AutoHammer","Mummified Hand","Strawberry"],"acts_visited":["Exordium","TheCity"],"potions_floor_usage":[11,19,25,25,25,27],"damage_taken":[{"damage":6,"enemies":"Jaw Worm","floor":1,"turns":2},{"damage":0,"enemies":"2 Louse","floor":3,"turns":1},{"damage":0,"enemies":"Small Slimes","floor":4,"turns":2},{"damage":8,"enemies":"Red Slaver","floor":7,"turns":2},{"damage":0,"enemies":"Exordium Wildlife","floor":11,"turns":2},{"damage":0,"enemies":"2 Fungi Beasts","floor":14,"turns":2},{"damage":32,"enemies":"Slime Boss","floor":16,"turns":6},{"damage":18,"enemies":"3 Byrds","floor":18,"turns":4},{"damage":21,"enemies":"Shell Parasite","floor":19,"turns":3},{"damage":6,"enemies":"Snecko","floor":24,"turns":3},{"damage":3,"enemies":"Book of Stabbing","floor":25,"turns":2},{"damage":11,"enemies":"Centurion and Healer","floor":27,"turns":5},{"damage":29,"enemies":"Sentry and Sphere","floor":29,"turns":5},{"damage":10,"enemies":"Cultist and Chosen","floor":30,"turns":4},{"damage":36,"enemies":"Automaton","floor":33,"turns":6}],"seed_played":"6301723037901009238","potions_obtained":[{"floor":3,"key":"FearPotion"},{"floor":4,"key":"EntropicBrew"},{"floor":11,"key":"Fruit Juice"},{"floor":14,"key":"GamblersBrew"},{"floor":29,"key":"EssenceOfSteel"}],"is_trial":false,"path_per_floor":["M","?","M","M","?","R","M","?","T","R","M","?","R","M","R","B",null,"M","M","?","?","$","R","M","E","T","M","R","M","M","T","R","B"],"character_chosen":"HERMIT","items_purchased":["hermit:CharredGlove"],"campfire_rested":2,"item_purchase_floors":[22],"current_hp_per_floor":[69,58,58,58,58,58,50,50,50,50,55,39,39,39,39,7,80,62,41,41,41,41,41,35,32,32,21,45,24,18,25,51,27,27],"gold":122,"neow_bonus":"UPGRADE_CARD","is_daily":false,"chose_seed":false,"campfire_upgraded":4,"win_rate":0.0,"timestamp":1607875567,"path_taken":["M","?","M","M","?","R","M","?","T","R","M","?","R","M","R","BOSS","M","M","?","?","$","R","M","E","T","M","R","M","?","?","R","BOSS"],"items_purchased_type":["Relic"],"build_version":"2020-11-30","purchased_purges":0,"victory":false,"max_hp_per_floor":[75,75,75,75,75,75,75,75,75,75,80,80,80,80,80,80,80,80,80,80,80,80,80,80,80,80,80,80,80,80,87,87,87,87],"card_choices":[{"not_picked":["hermit:Glare","hermit:Shortfuse"],"picked":"hermit:Roulette","floor":1},{"not_picked":["hermit:NoHoldsBarred","hermit:Misfire"],"picked":"hermit:Ricochet","floor":3},{"not_picked":["hermit:LowProfile","hermit:Coalescence"],"picked":"hermit:Malice","floor":4},{"not_picked":["hermit:Roulette","hermit:Desperado"],"picked":"hermit:Quickdraw","floor":7},{"not_picked":[],"picked":"hermit:SprayPray","floor":8},{"not_picked":[],"picked":"hermit:Misfire","floor":8},{"not_picked":[],"picked":"hermit:Horror","floor":8},{"not_picked":[],"picked":"hermit:ItchyTrigger","floor":8},{"not_picked":["hermit:FlashPowder","hermit:TrackingShot"],"picked":"hermit:GoldenBullet","floor":11},{"not_picked":["hermit:ItchyTrigger","hermit:Roulette"],"picked":"hermit:Headshot","floor":14},{"not_picked":["hermit:DeadOrAlive","hermit:Gambit"],"picked":"hermit:Reprieve","floor":16},{"not_picked":["hermit:Manifest","hermit:Maintenance"],"picked":"hermit:Grudge","floor":18},{"not_picked":["hermit:TrackingShot","hermit:Dive"],"picked":"hermit:SprayPray+1","floor":19},{"not_picked":["hermit:HoleUp","hermit:FullyLoaded"],"picked":"hermit:CalledShot+1","floor":24},{"not_picked":["hermit:FullyLoaded+1","hermit:Snipe"],"picked":"hermit:GhostlyPresence","floor":25},{"not_picked":["hermit:HoleUp","hermit:Scavenge"],"picked":"hermit:Glare","floor":27},{"not_picked":["hermit:Manifest+1","hermit:Vantage"],"picked":"hermit:Cheat+1","floor":29},{"not_picked":["hermit:Gestalt","hermit:Showdown+1"],"picked":"hermit:BigShot+1","floor":30}],"player_experience":387811,"relics_obtained":[{"floor":9,"key":"Bottled Flame"},{"floor":25,"key":"Runesmith:AutoHammer"},{"floor":26,"key":"Mummified Hand"},{"floor":31,"key":"Strawberry"}],"event_choices":[{"damage_healed":0,"gold_gain":75,"player_choice":"Gather Gold","damage_taken":11,"max_hp_gain":0,"max_hp_loss":0,"event_name":"World of Goop","floor":2,"gold_loss":0},{"damage_healed":0,"gold_gain":0,"player_choice":"Grow","damage_taken":0,"max_hp_gain":0,"max_hp_loss":0,"event_name":"Living Wall","floor":5,"gold_loss":0,"cards_upgraded":["hermit:Ricochet"]},{"damage_healed":0,"gold_gain":0,"player_choice":"Entered Light","damage_taken":16,"max_hp_gain":0,"max_hp_loss":0,"event_name":"Shining Light","floor":12,"gold_loss":0,"cards_upgraded":["hermit:Strike_Hermit","hermit:GoldenBullet"]},{"damage_healed":0,"gold_gain":0,"player_choice":"Opened","damage_taken":0,"relics_obtained":["Girya"],"max_hp_gain":0,"max_hp_loss":0,"event_name":"The Mausoleum","floor":20,"gold_loss":0,"cards_obtained":["Writhe"]},{"damage_healed":0,"gold_gain":0,"player_choice":"Upgraded","damage_taken":0,"max_hp_gain":0,"max_hp_loss":0,"event_name":"Upgrade Shrine","floor":21,"gold_loss":0,"cards_upgraded":["hermit:Reprieve"]}],"is_beta":false,"boss_relics":[{"not_picked":["Philosopher\u0027s Stone","Sozu"],"picked":"SlaversCollar"}],"items_purged_floors":[],"is_endless":false,"potions_floor_spawned":[3,4,11,14,29],"killed_by":"Automaton","ascension_level":0}}