{"host":"e9x02d116nyd6j9y","time":1607836380,"event":{"mods":["BaseMod","Minty Spire (QoL Compilation)","SuperFastMode","everything is the same but u backflip on backflip"],"gold_per_floor":[111,111,111,211,225,225,256,135,135,149,149,174,174,198,198,198,198],"floor_reached":16,"playtime":616,"items_purged":[],"score":100,"play_id":"16861eec-124e-4276-8f67-54893f453a74","local_time":"20201213141300","is_ascension_mode":false,"campfire_choices":[{"data":"Cleave","floor":6,"key":"SMITH"},{"data":"Shrug It Off","floor":11,"key":"SMITH"},{"data":"Body Slam","floor":15,"key":"SMITH"}],"circlet_count":0,"master_deck":["Strike_R","Strike_R","Strike_R","Strike_R","Defend_R","Defend_R","Defend_R","Defend_R","Bash","Cleave+1","Pommel Strike","Shrug It Off+1","Cleave","Armaments","Headbutt","Clash","Body Slam+1"],"relics":["Burning Blood","Golden Idol","Calipers","White Beast Statue"],"acts_visited":["Exordium"],"potions_floor_usage":[16],"damage_taken":[{"damage":12,"enemies":"Small Slimes","floor":1,"turns":3},{"damage":6,"enemies":"Jaw Worm","floor":5,"turns":4},{"damage":35,"enemies":"3 Sentries","floor":7,"turns":8},{"damage":0,"enemies":"Cultist","floor":10,"turns":3},{"damage":12,"enemies":"Looter","floor":12,"turns":4},{"damage":0,"enemies":"Lots of Slimes","floor":14,"turns":1},{"damage":44,"enemies":"Hexaghost","floor":16,"turns":10}],"seed_played":"4795904774015778601","potions_obtained":[{"floor":1,"key":"EntropicBrew"},{"floor":7,"key":"SpeedPotion"},{"floor":10,"key":"SteroidPotion"},{"floor":12,"key":"LiquidMemories"},{"floor":14,"key":"Explosive Potion"}],"is_trial":false,"path_per_floor":["M","?","?","?","M","R","E","$","T","M","R","M","?","M","R","B"],"character_chosen":"IRONCLAD","items_purchased":["Shrug It Off","Cleave","Armaments"],"campfire_rested":0,"item_purchase_floors":[8,8,8],"current_hp_per_floor":[66,66,66,66,66,66,37,37,37,43,43,37,37,43,43,0,0],"gold":198,"neow_bonus":"TWENTY_PERCENT_HP_BONUS","is_daily":false,"chose_seed":false,"campfire_upgraded":3,"win_rate":0.0,"timestamp":1607836380,"path_taken":["M","?","?","?","M","R","E","$","T","?","R","M","?","?","R","BOSS"],"items_purchased_type":["Card","Card","Card"],"build_version":"2020-11-30","purchased_purges":0,"victory":false,"max_hp_per_floor":[96,96,89,89,89,89,89,89,89,89,89,89,89,89,89,89,89],"card_choices":[{"not_picked":["Shockwave","Clash"],"picked":"Cleave","floor":1},{"not_picked":["Whirlwind","Metallicize","Shockwave"],"picked":"SKIP","floor":5},{"not_picked":["True Grit","Intimidate"],"picked":"Pommel Strike","floor":7},{"not_picked":["Twin Strike","Shockwave"],"picked":"Headbutt","floor":10},{"not_picked":["Infernal Blade","Feel No Pain"],"picked":"Clash","floor":12},{"not_picked":["Clash","Dual Wield"],"picked":"Body Slam","floor":14}],"player_experience":3168,"relics_obtained":[{"floor":7,"key":"Calipers"},{"floor":9,"key":"White Beast Statue"}],"event_choices":[{"damage_healed":0,"gold_gain":0,"player_choice":"Ignored","damage_taken":0,"max_hp_gain":0,"max_hp_loss":0,"event_name":"Shining Light","floor":2,"gold_loss":0},{"damage_healed":0,"gold_gain":0,"player_choice":"Lose Max HP","damage_taken":0,"relics_obtained":["Golden Idol"],"max_hp_gain":0,"max_hp_loss":7,"event_name":"Golden Idol","floor":3,"gold_loss":0},{"damage_healed":0,"gold_gain":100,"player_choice":"Pray","damage_taken":0,"max_hp_gain":0,"max_hp_loss":0,"event_name":"Golden Shrine","floor":4,"gold_loss":0},{"cards_removed":["Strike_R"],"damage_healed":0,"gold_gain":0,"player_choice":"Purged","damage_taken":0,"max_hp_gain":0,"max_hp_loss":0,"event_name":"Purifier","floor":13,"gold_loss":0}],"is_beta":false,"boss_relics":[],"items_purged_floors":[],"is_endless":false,"potions_floor_spawned":[1,7,10,12,14],"killed_by":"Hexaghost","ascension_level":0}}