{"host":"1","time":1607869768,"event":{"mods":["Act Like it!","BaseMod","Better Third Choice","Hubris","Jorbs\u0027s Wanderer Trilogy","Minty Spire (QoL Compilation)","Replay The Spire","Shade Mod","StSLib","The Cursed","The Mystic","Wandering Minibosses"],"gold_per_floor":[110,90,100,112,122,122,155,174,174,187,187,202,202,219,219,322,322,333,333,243,254,270,270,305,305,331,331,331,331,84,104,104,203,203,215,265,283,42,42,42],"floor_reached":39,"playtime":1652,"items_purged":["Strike_G"],"score":403,"play_id":"a22a9919-c4cf-4106-94f4-ff9fc2bcc819","local_time":"20201213172928","is_ascension_mode":false,"campfire_choices":[{"floor":6,"key":"REST"},{"floor":11,"key":"REST"},{"data":"Neutralize","floor":13,"key":"SMITH"},{"floor":23,"key":"REST"},{"floor":25,"key":"REST"},{"data":"Envenom","floor":28,"key":"SMITH"}],"circlet_count":0,"master_deck":["Strike_G+1","Strike_G","Strike_G","Defend_G","Defend_G","Defend_G","Defend_G","Defend_G","Survivor","Neutralize+1","Deadly Poison+1","Blur","Hidden Blade","Backstab","After Image","hubris:Sniper+1","Slice+1","Quick Slash+1","Infinite Blades","Envenom+1","Blade Dance+1","Flying Knee+1","Dagger Throw+1","Burst","ReplayTheSpireMod:Scrap Shanks","Slice+1","Prepared","Tools of the Trade","hubris:NaturalOne","PiercingWail","Outmaneuver+1","hubris:SlightOfHand+1","Well Laid Plans","Prepared"],"relics":["Ring of the Serpent","Ancient Tea Set","hubris:SphereOfDissonance","Molten Egg 2","hubris:Icosahedron","Gremlin Food","Oddly Smooth Stone","hubris:Towel","MutagenicStrength","SacredBark","Incense Burner","Centennial Puzzle"],"acts_visited":["Exordium","TheCity","TheBeyond"],"potions_floor_usage":[7,8,12,16,16,16,22,31,32,33,33,33,33,36,36,37],"damage_taken":[{"damage":1,"enemies":"2 Louse","floor":1,"turns":4},{"damage":0,"enemies":"Cultist","floor":3,"turns":3},{"damage":2,"enemies":"Small Slimes","floor":4,"turns":4},{"damage":31,"enemies":"Exordium Thugs","floor":5,"turns":9},{"damage":18,"enemies":"Gremlin Nob","floor":7,"turns":4},{"damage":8,"enemies":"3 Louse","floor":8,"turns":3},{"damage":0,"enemies":"Blue Slaver","floor":10,"turns":3},{"damage":0,"enemies":"Large Slime","floor":12,"turns":5},{"damage":2,"enemies":"Exordium Wildlife","floor":14,"turns":4},{"damage":20,"enemies":"Hexaghost","floor":16,"turns":6},{"damage":11,"enemies":"Shell Parasite","floor":18,"turns":5},{"damage":23,"enemies":"3 Byrds","floor":21,"turns":6},{"damage":27,"enemies":"Centurion and Healer","floor":22,"turns":5},{"damage":20,"enemies":"Book of Stabbing","floor":24,"turns":4},{"damage":2,"enemies":"Cultist and Chosen","floor":31,"turns":4},{"damage":29,"enemies":"Champ","floor":33,"turns":7},{"damage":10,"enemies":"Orb Walker","floor":35,"turns":2},{"damage":3,"enemies":"Mind Bloom Boss Battle","floor":36,"turns":4},{"damage":49,"enemies":"3 Darklings","floor":37,"turns":5},{"damage":53,"enemies":"Sphere and 2 Shapes","floor":39,"turns":4}],"seed_played":"2576005106719100276","potions_obtained":[{"floor":2,"key":"Milkshake"},{"floor":5,"key":"Fire Potion"},{"floor":7,"key":"LiquidMemories"},{"floor":8,"key":"Venom Potion"},{"floor":10,"key":"SkillPotion"},{"floor":12,"key":"Strength Potion"},{"floor":18,"key":"Swift Potion"},{"floor":31,"key":"Regen Potion"},{"floor":32,"key":"ColorlessPotion"},{"floor":32,"key":"Fruit Juice"},{"floor":33,"key":"Regen Potion"},{"floor":35,"key":"Poison Potion"}],"is_trial":false,"path_per_floor":["M","?","M","M","M","R","E","M","T","M","R","M","R","M","R","B",null,"M","?","?","M","M","R","E","R","T","?","R","?","$","M","R","B",null,"M","?","M","$","M"],"character_chosen":"THE_SILENT","items_purchased":["ReplayTheSpireMod:Scrap Shanks","AttackPotion","Slice+1","Well Laid Plans","Centennial Puzzle","Prepared"],"campfire_rested":4,"item_purchase_floors":[30,30,30,38,38,38],"current_hp_per_floor":[69,69,69,67,36,57,39,31,31,31,52,52,52,50,70,50,70,59,59,59,36,9,30,50,70,70,70,70,70,70,68,73,44,75,65,62,51,51,0,0],"gold":42,"neow_bonus":"RANDOM_COMMON_RELIC","is_daily":false,"chose_seed":false,"campfire_upgraded":2,"win_rate":0.0,"timestamp":1607869768,"path_taken":["M","?","?","M","M","R","E","M","T","M","R","M","R","?","R","BOSS","M","?","?","M","?","R","E","R","T","?","R","?","$","M","R","BOSS","M","?","M","$","M"],"items_purchased_type":["Card","Potion","Card","Card","Relic","Card"],"build_version":"2020-11-17","purchased_purges":1,"victory":false,"max_hp_per_floor":[70,70,70,70,70,70,70,70,70,70,70,70,70,70,70,70,70,70,70,70,70,70,70,70,70,70,70,70,70,70,70,75,75,75,75,75,75,75,75,75],"card_choices":[{"not_picked":["Dagger Throw","Escape Plan"],"picked":"Deadly Poison","floor":1},{"not_picked":["Slice","Sucker Punch"],"picked":"Blur","floor":3},{"not_picked":["Fluid Movement","hubris:Sniper"],"picked":"Hidden Blade","floor":4},{"not_picked":["Dagger Spray","Flying Knee"],"picked":"Backstab","floor":5},{"not_picked":["Infinite Blades","Dash"],"picked":"After Image","floor":7},{"not_picked":["Sucker Punch","Bouncing Flask"],"picked":"hubris:Sniper","floor":8},{"not_picked":["Eviscerate+1","Underhanded Strike+1"],"picked":"Slice+1","floor":10},{"not_picked":["Dodge and Roll","Backstab+1"],"picked":"Quick Slash+1","floor":12},{"not_picked":["Dagger Spray+1","Flying Knee+1"],"picked":"Infinite Blades","floor":14},{"not_picked":["Doppelganger","Night Terror"],"picked":"Envenom","floor":16},{"not_picked":["Backstab+1","hubris:Sniper"],"picked":"Blade Dance+1","floor":18},{"not_picked":["Dagger Spray+1","PiercingWail"],"picked":"Flying Knee+1","floor":21},{"not_picked":["All Out Attack+1","PiercingWail"],"picked":"Dagger Throw+1","floor":22},{"not_picked":["Bane+1","Noxious Fumes"],"picked":"Burst","floor":24},{"not_picked":["Dagger Throw+1","hubris:SlightOfHand+1"],"picked":"Prepared","floor":31},{"not_picked":["Night Terror","Doppelganger"],"picked":"Tools of the Trade","floor":33},{"not_picked":["Sneak Up","Flechettes+1"],"picked":"PiercingWail","floor":35},{"not_picked":["Sucker Punch+1","Bouncing Flask+1"],"picked":"Outmaneuver+1","floor":36},{"not_picked":["Poisoned Stab+1","Flying Knee+1"],"picked":"hubris:SlightOfHand+1","floor":37}],"player_experience":53711,"relics_obtained":[{"floor":7,"key":"hubris:SphereOfDissonance"},{"floor":9,"key":"Molten Egg 2"},{"floor":24,"key":"Gremlin Food"},{"floor":26,"key":"Oddly Smooth Stone"},{"floor":36,"key":"Incense Burner"}],"event_choices":[{"damage_healed":0,"gold_gain":0,"player_choice":"Bought 1 Potion","damage_taken":0,"max_hp_gain":0,"max_hp_loss":0,"event_name":"The Woman in Blue","floor":2,"gold_loss":0},{"cards_removed":["Strike_G"],"damage_healed":0,"gold_gain":0,"player_choice":"Upgrade and Remove","damage_taken":0,"max_hp_gain":0,"max_hp_loss":0,"event_name":"Designer","floor":20,"gold_loss":90,"cards_upgraded":["hubris:Sniper"]},{"damage_healed":0,"gold_gain":0,"player_choice":"Inject Mutagens","damage_taken":0,"relics_obtained":["MutagenicStrength"],"max_hp_gain":0,"max_hp_loss":0,"event_name":"Drug Dealer","floor":29,"gold_loss":0},{"damage_healed":0,"gold_gain":0,"player_choice":"Fight","damage_taken":0,"max_hp_gain":0,"max_hp_loss":0,"event_name":"MindBloom","floor":36,"gold_loss":0}],"is_beta":true,"boss_relics":[{"not_picked":["Busted Crown","Replay:Bronze Core"],"picked":"Ring of the Serpent"},{"not_picked":["ReplayTheSpireMod:DimensionalGlitch","Astrolabe"],"picked":"SacredBark"}],"items_purged_floors":[30],"is_endless":false,"potions_floor_spawned":[5,7,8,10,12,18,31,33,35],"killed_by":"Sphere and 2 Shapes","ascension_level":0}}