{"host":"udzsrhbqdxqtlypj","time":1607877647,"event":{"mods":["BaseMod","Minty Spire (QoL Compilation)","Relic Stats"],"gold_per_floor":[19,33,47,47,59,59,59,73,97,172,203,203,235,235,235,332,332,352,367,381,381,396,396,396],"floor_reached":23,"playtime":1498,"items_purged":[],"score":342,"play_id":"1c575339-4bba-47b6-90ee-cb8951fd5285","local_time":"20201213104047","is_ascension_mode":true,"campfire_choices":[{"data":"Neutralize","floor":6.0,"key":"SMITH"},{"data":"The Bomb","floor":12.0,"key":"SMITH"},{"data":"Backflip","floor":15.0,"key":"SMITH"}],"circlet_count":0,"master_deck":["AscendersBane","Strike_G+1","Strike_G","Strike_G+1","Strike_G","Strike_G","Defend_G","Defend_G","Defend_G","Defend_G","Defend_G","Survivor","Neutralize+1","The Bomb+1","Backflip+1","Dagger Throw","Predator","Adrenaline","Blur+1","Writhe"],"relics":["Ring of the Snake","MealTicket","Centennial Puzzle","Tiny Chest","Darkstone Periapt","Snecko Eye","Ancient Tea Set"],"acts_visited":["Exordium","TheCity"],"potions_floor_usage":[],"damage_taken":[{"damage":4.0,"enemies":"Cultist","floor":1.0,"turns":3.0},{"damage":0.0,"enemies":"Jaw Worm","floor":2.0,"turns":4.0},{"damage":1.0,"enemies":"Small Slimes","floor":3.0,"turns":3.0},{"damage":0.0,"enemies":"2 Fungi Beasts","floor":5.0,"turns":5.0},{"damage":0.0,"enemies":"Large Slime","floor":8.0,"turns":3.0},{"damage":5.0,"enemies":"3 Sentries","floor":11.0,"turns":3.0},{"damage":0.0,"enemies":"Lagavulin","floor":13.0,"turns":6.0},{"damage":12.0,"enemies":"Hexaghost","floor":16.0,"turns":9.0},{"damage":0.0,"enemies":"Chosen","floor":18.0,"turns":3.0},{"damage":5.0,"enemies":"Spheric Guardian","floor":19.0,"turns":4.0},{"damage":0.0,"enemies":"Cultist and Chosen","floor":20.0,"turns":4.0},{"damage":45.0,"enemies":"3 Cultists","floor":22.0,"turns":5.0},{"damage":0,"enemies":"Centurion and Healer","floor":23,"turns":1}],"seed_played":"4032771627062699917","potions_obtained":[{"floor":2.0,"key":"ColorlessPotion"},{"floor":5.0,"key":"LiquidMemories"},{"floor":8.0,"key":"LiquidBronze"},{"floor":11.0,"key":"Explosive Potion"}],"is_trial":false,"path_per_floor":["M","M","M","?","M","R","?","M","T","?","E","R","E","?","R","B",null,"M","M","M","?","M","M"],"character_chosen":"THE_SILENT","items_purchased":[],"campfire_rested":0,"item_purchase_floors":[],"current_hp_per_floor":[59,59,58,63,63,63,48,48,48,37,32,32,32,14,14,2,57,57,52,52,58,13,13,13],"gold":396,"neow_bonus":"RANDOM_COLORLESS_2","is_daily":false,"chose_seed":false,"campfire_upgraded":3,"win_rate":0.0,"timestamp":1607877647,"path_taken":["M","M","?","?","M","R","?","M","T","?","E","R","E","?","R","BOSS","M","M","M","?","M","M"],"items_purchased_type":[],"build_version":"2020-11-30","purchased_purges":0,"victory":false,"max_hp_per_floor":[70,70,70,75,75,75,75,75,75,75,75,75,75,75,75,75,75,75,75,75,81,81,81,81],"relic_stats":{"Darkstone Periapt":6,"Centennial Puzzle":[9],"counters":[13,53],"Snecko Eye":[31,35,36,44],"MealTicket":0,"Tiny Chest":0,"obtain_stats":[{"Darkstone Periapt":14,"Centennial Puzzle":11,"Snecko Eye":17,"MealTicket":9,"Tiny Chest":13,"Ancient Tea Set":21,"Ring of the Snake":0},{"Darkstone Periapt":7,"Centennial Puzzle":6,"Snecko Eye":8,"MealTicket":5,"Tiny Chest":7,"Ancient Tea Set":11,"Ring of the Snake":0},{"Darkstone Periapt":27,"Centennial Puzzle":21,"Snecko Eye":36,"MealTicket":18,"Tiny Chest":27,"Ancient Tea Set":47,"Ring of the Snake":0}],"Ring of the Snake":[26]},"card_choices":[{"not_picked":["Chrysalis","Metamorphosis"],"picked":"The Bomb","floor":0.0},{"not_picked":["Cloak And Dagger","Dagger Spray","Outmaneuver"],"picked":"SKIP","floor":1.0},{"not_picked":["Terror","Blade Dance"],"picked":"Backflip","floor":2.0},{"not_picked":["Riddle With Holes","Prepared","Poisoned Stab"],"picked":"SKIP","floor":3.0},{"not_picked":["Dodge and Roll","Endless Agony"],"picked":"Dagger Throw","floor":5.0},{"not_picked":["Dagger Spray","Flying Knee","Slice"],"picked":"SKIP","floor":8.0},{"not_picked":["Accuracy","Quick Slash"],"picked":"Predator","floor":11.0},{"not_picked":["Infinite Blades","Slice","Outmaneuver"],"picked":"SKIP","floor":13.0},{"not_picked":["Storm of Steel","Corpse Explosion"],"picked":"Adrenaline","floor":16.0},{"not_picked":["Cloak And Dagger","Deadly Poison","Backflip"],"picked":"SKIP","floor":18.0},{"not_picked":["Skewer","Heel Hook"],"picked":"Blur+1","floor":19.0},{"not_picked":["Cloak And Dagger","Heel Hook","Slice"],"picked":"SKIP","floor":20.0},{"not_picked":["Dodge and Roll","Blade Dance","Setup"],"picked":"SKIP","floor":22.0}],"player_experience":2597647,"relics_obtained":[{"floor":9.0,"key":"MealTicket"},{"floor":11.0,"key":"Centennial Puzzle"},{"floor":13.0,"key":"Tiny Chest"}],"event_choices":[{"damage_healed":0.0,"max_hp_gain":5.0,"max_hp_loss":0.0,"gold_gain":0.0,"event_name":"Big Fish","player_choice":"Donut","floor":4.0,"gold_loss":0.0,"damage_taken":0.0},{"damage_healed":0.0,"max_hp_gain":0.0,"max_hp_loss":0.0,"gold_gain":0.0,"event_name":"Shining Light","player_choice":"Entered Light","floor":7.0,"gold_loss":0.0,"damage_taken":15.0,"cards_upgraded":["Strike_G","Strike_G"]},{"damage_healed":0.0,"max_hp_gain":0.0,"max_hp_loss":0.0,"gold_gain":75.0,"event_name":"World of Goop","player_choice":"Gather Gold","floor":10.0,"gold_loss":0.0,"damage_taken":11.0},{"damage_healed":0.0,"max_hp_gain":0.0,"max_hp_loss":0.0,"gold_gain":0.0,"event_name":"Scrap Ooze","player_choice":"Success","floor":14.0,"gold_loss":0.0,"damage_taken":18.0,"relics_obtained":["Darkstone Periapt"]},{"damage_healed":0.0,"max_hp_gain":0.0,"max_hp_loss":0.0,"gold_gain":0.0,"event_name":"The Mausoleum","player_choice":"Opened","floor":21.0,"gold_loss":0.0,"damage_taken":0.0,"relics_obtained":["Ancient Tea Set"],"cards_obtained":["Writhe"]}],"is_beta":false,"boss_relics":[{"not_picked":["Busted Crown","Ectoplasm"],"picked":"Snecko Eye"}],"items_purged_floors":[],"is_endless":false,"potions_floor_spawned":[2,5,8,11],"killed_by":"Centurion and Healer","ascension_level":10}}