{"host":"ehwj6oc29l3x8nvc","time":1607822867,"event":{"mods":["BaseMod","BetterRewards","Colored Map","Colored Powertips","Minty Spire (QoL Compilation)","StSLib","Transform Curses"],"gold_per_floor":[216,216,216,232,256,275,275,291,591,616,616,636,657,657,657,777,777,798,821,821,834,0,0,0],"floor_reached":23,"playtime":1130,"items_purged":[],"score":187,"play_id":"33a3c9ca-b449-4261-9275-756f34fa2d43","local_time":"20201212182747","is_ascension_mode":false,"campfire_choices":[{"data":"Anger","floor":7,"key":"SMITH"},{"floor":15,"key":"REST"}],"circlet_count":0,"master_deck":["Strike_R","Strike_R","Strike_R","Strike_R","Strike_R","Defend_R","Defend_R","Defend_R","Defend_R","Bash","Anger+1","Thunderclap","Anger","Warcry","Inflame","Anger","Berserk","Seeing Red","Shrug It Off"],"relics":["Black Blood","Bloody Idol","Old Coin"],"acts_visited":["Exordium","TheCity"],"potions_floor_usage":[10,16,16,16],"damage_taken":[{"damage":16,"enemies":"2 Louse","floor":1,"turns":3},{"damage":4,"enemies":"Jaw Worm","floor":4,"turns":4},{"damage":1,"enemies":"Cultist","floor":5,"turns":3},{"damage":7,"enemies":"3 Louse","floor":6,"turns":3},{"damage":0,"enemies":"Large Slime","floor":8,"turns":5},{"damage":10,"enemies":"Looter","floor":10,"turns":3},{"damage":20,"enemies":"Exordium Thugs","floor":12,"turns":3},{"damage":8,"enemies":"Red Slaver","floor":13,"turns":2},{"damage":95,"enemies":"The Guardian","floor":16,"turns":8},{"damage":24,"enemies":"Spheric Guardian","floor":18,"turns":5},{"damage":53,"enemies":"2 Thieves","floor":19,"turns":5},{"damage":31,"enemies":"Snecko","floor":21,"turns":5},{"damage":27,"enemies":"Gremlin Leader","floor":23,"turns":1}],"seed_played":"327692491518033001","potions_obtained":[{"floor":5,"key":"PowerPotion"},{"floor":8,"key":"DistilledChaos"},{"floor":10,"key":"Fruit Juice"},{"floor":12,"key":"BloodPotion"},{"floor":21,"key":"LiquidBronze"}],"is_trial":false,"path_per_floor":["M","?","?","M","M","M","R","M","T","M","?","M","M","?","R","B",null,"M","M","?","M","?","E"],"character_chosen":"IRONCLAD","items_purchased":[],"campfire_rested":1,"item_purchase_floors":[],"current_hp_per_floor":[70,70,70,72,77,76,76,80,80,81,81,67,65,70,90,19,90,78,37,37,23,23,0,0],"gold":0,"neow_bonus":"HUNDRED_GOLD","is_daily":false,"chose_seed":false,"campfire_upgraded":1,"win_rate":0.0,"timestamp":1607822867,"path_taken":["M","?","?","M","M","M","R","M","T","M","?","?","M","?","R","BOSS","M","M","?","M","?","E"],"items_purchased_type":[],"build_version":"2020-11-30","purchased_purges":0,"victory":false,"max_hp_per_floor":[80,80,80,80,80,80,80,80,80,85,85,85,85,90,90,90,90,90,90,90,90,90,90,90],"card_choices":[{"not_picked":["Clash","Warcry"],"picked":"Anger","floor":1},{"not_picked":["True Grit","Uppercut","Hemokinesis"],"picked":"SKIP","floor":4},{"not_picked":["Rampage","Entrench"],"picked":"Thunderclap","floor":5},{"not_picked":["Twin Strike","Heavy Blade","Warcry"],"picked":"SKIP","floor":6},{"not_picked":["Cleave","Hemokinesis"],"picked":"Anger","floor":8},{"not_picked":["Reckless Charge","Sword Boomerang"],"picked":"Warcry","floor":10},{"not_picked":["Thunderclap","Body Slam"],"picked":"Inflame","floor":12},{"not_picked":["Thunderclap","Sword Boomerang"],"picked":"Anger","floor":13},{"not_picked":["Corruption","Fiend Fire"],"picked":"Berserk","floor":16},{"not_picked":["Clothesline","Clash","Iron Wave"],"picked":"SKIP","floor":18},{"not_picked":["Cleave","Sword Boomerang"],"picked":"Seeing Red","floor":19},{"not_picked":["Flex","Perfected Strike+1"],"picked":"Shrug It Off","floor":21}],"player_experience":16634,"relics_obtained":[{"floor":9,"key":"Old Coin"}],"event_choices":[{"damage_healed":0,"gold_gain":0,"player_choice":"Ignored","damage_taken":0,"max_hp_gain":0,"max_hp_loss":0,"event_name":"Liars Game","floor":2,"gold_loss":0},{"damage_healed":0,"gold_gain":0,"player_choice":"Take Wound","damage_taken":0,"relics_obtained":["Golden Idol"],"max_hp_gain":0,"max_hp_loss":0,"event_name":"Golden Idol","floor":3,"gold_loss":0,"cards_obtained":["Injury"]},{"cards_removed":["Injury"],"damage_healed":0,"gold_gain":0,"player_choice":"Removed Curses","damage_taken":0,"max_hp_gain":0,"max_hp_loss":0,"event_name":"Fountain of Cleansing","floor":11,"gold_loss":0},{"damage_healed":0,"gold_gain":0,"player_choice":"Donut","damage_taken":0,"max_hp_gain":5,"max_hp_loss":0,"event_name":"Big Fish","floor":14,"gold_loss":0},{"damage_healed":0,"gold_gain":0,"player_choice":"Gave Idol","damage_taken":0,"relics_obtained":["Bloody Idol"],"max_hp_gain":0,"max_hp_loss":0,"event_name":"Forgotten Altar","floor":20,"relics_lost":["Golden Idol"],"gold_loss":0},{"damage_healed":0,"gold_gain":0,"player_choice":"Paid Fearfully","damage_taken":0,"max_hp_gain":0,"max_hp_loss":0,"event_name":"Masked Bandits","floor":22,"gold_loss":834}],"is_beta":false,"boss_relics":[{"not_picked":["Velvet Choker","Runic Pyramid"],"picked":"Black Blood"}],"items_purged_floors":[],"is_endless":false,"potions_floor_spawned":[5,8,10,12,13,21],"killed_by":"Gremlin Leader","ascension_level":0}}