{"host":"6fbjdsiu9jij34p7","time":1607868858,"event":{"mods":["2.2 Compatiblity","AchievementEnabler","BaseMod","Colored Map","DeckTracker","Highlight Path","Keyboard Shortcuts","Minty Spire (QoL Compilation)","Permanent Neow","Quick Restart","StSLib","SuperFastMode"],"gold_per_floor":[118,45,45,64,64,92,92,106,129,129,145,156,171,186,186,287,287,300,300,575,593,593,593,610,610,636,646,657,237,237,237,237,237,237],"floor_reached":33,"playtime":970,"items_purged":["Regret"],"score":354,"play_id":"6a1ec6cc-38a7-4c61-aa60-e163c6985b54","local_time":"20201213231418","is_ascension_mode":true,"campfire_choices":[{"data":"Twin Strike","floor":7.0,"key":"SMITH"},{"floor":15.0,"key":"REST"},{"floor":23,"key":"REST"},{"floor":25,"key":"REST"},{"floor":32,"key":"REST"}],"circlet_count":0,"master_deck":["Strike_R","Strike_R+1","Defend_R","Defend_R","Defend_R","Defend_R","Bash","Clothesline","Shrug It Off","Twin Strike+1","Battle Trance","Offering","Body Slam+1","Armaments","Shrug It Off","Inflame+1","Discovery","Demon Form","Flex","Shrug It Off","Pummel+1","Shrug It Off","Body Slam+1","Heavy Blade"],"relics":["Burning Blood","NeowsBlessing","Orichalcum","Juzu Bracelet","Velvet Choker","Whetstone","Orrery","MealTicket","MutagenicStrength"],"acts_visited":["Exordium","TheCity"],"potions_floor_usage":[33,33],"damage_taken":[{"damage":0.0,"enemies":"Small Slimes","floor":1.0,"turns":1.0},{"damage":0.0,"enemies":"Cultist","floor":4.0,"turns":1.0},{"damage":0.0,"enemies":"Lagavulin","floor":6.0,"turns":1.0},{"damage":6.0,"enemies":"Jaw Worm","floor":8.0,"turns":3.0},{"damage":9.0,"enemies":"Looter","floor":11.0,"turns":3.0},{"damage":12.0,"enemies":"Lots of Slimes","floor":12.0,"turns":5.0},{"damage":10.0,"enemies":"Red Slaver","floor":13.0,"turns":4.0},{"damage":8.0,"enemies":"Large Slime","floor":14.0,"turns":5.0},{"damage":54.0,"enemies":"The Guardian","floor":16.0,"turns":12.0},{"damage":15,"enemies":"Shell Parasite","floor":18,"turns":4},{"damage":35,"enemies":"3 Byrds","floor":21,"turns":7},{"damage":41,"enemies":"Snake Plant","floor":24,"turns":5},{"damage":17,"enemies":"Cultist and Chosen","floor":27,"turns":6},{"damage":31,"enemies":"Centurion and Healer","floor":28,"turns":5},{"damage":93,"enemies":"Champ","floor":33,"turns":7}],"seed_played":"-9119292461165039806","potions_obtained":[{"floor":4.0,"key":"ElixirPotion"},{"floor":6.0,"key":"SneckoOil"},{"floor":12.0,"key":"SteroidPotion"},{"floor":13.0,"key":"FairyPotion"},{"floor":21,"key":"Ancient Potion"},{"floor":28,"key":"AttackPotion"}],"is_trial":false,"path_per_floor":["M","$","?","M","$","E","R","M","T","?","M","M","M","M","R","B",null,"M","?","?","M","?","R","M","R","T","M","M","$","?","?","R","B"],"character_chosen":"IRONCLAD","items_purchased":["Shrug It Off","Twin Strike","Block Potion","Orrery","MealTicket"],"campfire_rested":4,"item_purchase_floors":[2,2,29,29,29],"current_hp_per_floor":[80,80,80,80,80,80,80,80,80,73,70,64,60,58,80,32,80,71,71,71,42,42,66,31,55,55,44,19,19,19,19,43,0,0],"gold":237,"neow_bonus":"THREE_ENEMY_KILL","is_daily":false,"chose_seed":false,"campfire_upgraded":1,"win_rate":0.0,"timestamp":1607868858,"path_taken":["M","$","?","M","$","E","R","M","T","?","M","M","M","M","R","BOSS","M","?","?","M","?","R","M","R","T","M","M","?","?","?","R","BOSS"],"items_purchased_type":["Card","Card","Potion","Relic","Relic"],"build_version":"2020-11-30","purchased_purges":1,"victory":false,"max_hp_per_floor":[80,80,80,80,80,80,80,80,80,80,80,80,80,80,80,80,80,80,80,80,80,80,80,80,80,80,80,80,80,80,80,80,80,80],"card_choices":[{"not_picked":["Perfected Strike","Pommel Strike"],"picked":"Clothesline","floor":1.0},{"not_picked":["Spot Weakness","Bloodletting"],"picked":"Battle Trance","floor":4.0},{"not_picked":["Wild Strike","Pummel"],"picked":"Offering","floor":6.0},{"not_picked":["Ghostly Armor","Clash","Sword Boomerang"],"picked":"SKIP","floor":8.0},{"not_picked":["Twin Strike","Thunderclap"],"picked":"Body Slam","floor":11.0},{"not_picked":["Feel No Pain","Clash"],"picked":"Armaments","floor":12.0},{"not_picked":["Searing Blow","Headbutt","Heavy Blade"],"picked":"SKIP","floor":13.0},{"not_picked":["Second Wind","Inflame"],"picked":"Shrug It Off","floor":14.0},{"not_picked":["Fire Breathing","Clash"],"picked":"Inflame+1","floor":18},{"not_picked":["Dark Embrace+1","Anger","Wild Strike+1"],"picked":"SKIP","floor":21},{"not_picked":["Wild Strike","Sword Boomerang"],"picked":"Flex","floor":24},{"not_picked":["Dropkick","Twin Strike","Feel No Pain"],"picked":"SKIP","floor":27},{"not_picked":["Infernal Blade","Power Through"],"picked":"Shrug It Off","floor":28},{"not_picked":["Clash","Burning Pact+1"],"picked":"Pummel+1","floor":29},{"not_picked":["Berserk","Clash"],"picked":"Shrug It Off","floor":29},{"not_picked":["Thunderclap+1","Iron Wave"],"picked":"Body Slam+1","floor":29},{"not_picked":["Bloodletting","Searing Blow+1"],"picked":"Heavy Blade","floor":29}],"player_experience":232151,"relics_obtained":[{"floor":6.0,"key":"Orichalcum"},{"floor":9.0,"key":"Juzu Bracelet"},{"floor":26,"key":"Whetstone"}],"event_choices":[{"cards_removed":["Strike_R"],"damage_healed":0.0,"max_hp_gain":0.0,"max_hp_loss":0.0,"gold_gain":0.0,"event_name":"Purifier","player_choice":"Purged","floor":3.0,"gold_loss":0.0,"damage_taken":0.0},{"cards_removed":["Strike_R"],"damage_healed":0.0,"max_hp_gain":0.0,"max_hp_loss":0.0,"gold_gain":0.0,"event_name":"Golden Wing","player_choice":"Card Removal","floor":10.0,"gold_loss":0.0,"damage_taken":7.0},{"cards_removed":["Strike_R"],"damage_healed":0,"gold_gain":0,"player_choice":"Elegance","damage_taken":0,"max_hp_gain":0,"max_hp_loss":0,"event_name":"Back to Basics","floor":19,"gold_loss":0},{"damage_healed":0,"gold_gain":275,"player_choice":"Desecrate","damage_taken":0,"max_hp_gain":0,"max_hp_loss":0,"event_name":"Golden Shrine","floor":20,"gold_loss":0,"cards_obtained":["Regret"]},{"damage_healed":0,"gold_gain":0,"player_choice":"2 cards matched","damage_taken":0,"max_hp_gain":0,"max_hp_loss":0,"event_name":"Match and Keep!","floor":22,"gold_loss":0,"cards_obtained":["Discovery","Demon Form"]},{"damage_healed":0,"gold_gain":0,"player_choice":"2 cards matched","damage_taken":0,"max_hp_gain":0,"max_hp_loss":0,"event_name":"Match and Keep!","floor":22,"gold_loss":0,"cards_obtained":["Discovery","Demon Form"]},{"damage_healed":0,"gold_gain":0,"player_choice":"Inject Mutagens","damage_taken":0,"relics_obtained":["MutagenicStrength"],"max_hp_gain":0,"max_hp_loss":0,"event_name":"Drug Dealer","floor":30,"gold_loss":0},{"damage_healed":0,"gold_gain":0,"player_choice":"Ignored","damage_taken":0,"max_hp_gain":0,"max_hp_loss":0,"event_name":"Ghosts","floor":31,"gold_loss":0}],"is_beta":false,"boss_relics":[{"not_picked":["Empty Cage","Black Blood"],"picked":"Velvet Choker"}],"items_purged_floors":[29],"is_endless":false,"potions_floor_spawned":[4,6,12,13,21,28],"killed_by":"Champ","ascension_level":4}}