{"host":"ks12kfi5c4d9hdxy","time":1607895059,"event":{"mods":["BaseMod","Conspire","GifTheSpireLib","HololiveMod","Koishi","LagranYue(拉格朗・月)","Marisa（F雨　魔理沙）","Minty Spire (QoL Compilation)","Reimu（博丽灵梦）","Remilia（蕾米莉亚）","Replay The Spire","RumiaBox-露米娅的神秘盒子","StSLib","SuperFastMode","The Administrix","The Servant 0.9.4","Youmu（魂魄妖梦）","Yuyuko","【功能Mod】混沌之环修复补丁","【功能Mod】聪明的最终Boss","篝火指南"],"gold_per_floor":[110,110,129,54,19,50,50,85,161,195,208,208,208,224,224,297,297,314,167,187,199,211,545,545,573,585,630,656,686,698,739,751,835,847,879,891,608,623,655,683,683,710,710,710,60,109,109,127,127,127],"floor_reached":51,"playtime":1897,"items_purged":["Strike_MRS","ReplayTheSpireMod:Splinters"],"score":1613,"play_id":"4f65446c-0f95-4a34-a2ac-75fa0a9b6dc7","local_time":"20201214053059","is_ascension_mode":true,"campfire_choices":[{"floor":7.0,"key":"DIG"},{"floor":12.0,"key":"DIG"},{"data":"1","floor":15.0,"key":"LIFT"},{"data":"2","floor":24.0,"key":"LIFT"},{"data":"3","floor":32.0,"key":"LIFT"},{"floor":41,"key":"REST"},{"floor":44,"key":"REST"},{"floor":49,"key":"REST"}],"circlet_count":0,"master_deck":["AscendersBane","Strike_MRS","Strike_MRS+1","Strike_MRS","Defend_MRS","Defend_MRS","Defend_MRS","Defend_MRS","MasterSpark","UpSweep","WitchLeyline","SuperPerseids","EarthLightRay+1","Orbital","SuperPerseids","SuperNova","DC+1","NonDirectionalLaser","MilkyWay","AsteroidBelt","SuperPerseids","MilkyWay","ManaConvection","StarBarrage","UltimateShortwave","MilkyWay","MilkyWay","GasGiant+2","UltimateShortwave","Writhe"],"relics":["MiniHakkero","LagranYue:RandomDrawCardRelic","NeowsBlessing","Replay:Multitool","TungstenRod","conspire:BottledYoYo","ReplayTheSpireMod:Shallot","Hololive_LightStick","Girya","EasyGame_NEW","Anchor","ReplayTheSpireMod:CursedCoin","Old Coin","MawBank","White Beast Statue","Blue Candle","Red Mask","SoulBox","Strawberry","Toy Ornithopter","conspire:InfiniteJournal","Gremlin Food","Replay:Towering Pillar of Hats","Onion Ring","Replay:WaspNest","DollysMirror","MagicDraw1","Golden Egg"],"acts_visited":["Exordium","TheCity","TheBeyond"],"potions_floor_usage":[39,39,42,42,50],"damage_taken":[{"damage":0.0,"enemies":"2 Louse","floor":1.0,"turns":1.0},{"damage":0.0,"enemies":"Cultist","floor":3.0,"turns":1.0},{"damage":0.0,"enemies":"Gremlin Nob","floor":6.0,"turns":1.0},{"damage":35.0,"enemies":"3 Sentries","floor":8.0,"turns":9.0},{"damage":18.0,"enemies":"Lagavulin","floor":10.0,"turns":7.0},{"damage":0.0,"enemies":"Jaw Worm","floor":11.0,"turns":2.0},{"damage":0.0,"enemies":"Looter","floor":14.0,"turns":3.0},{"damage":62.0,"enemies":"The Guardian","floor":16.0,"turns":11.0},{"damage":2.0,"enemies":"3 Byrds","floor":18.0,"turns":4.0},{"damage":0.0,"enemies":"conspire:FuzzyDice","floor":20.0,"turns":3.0},{"damage":13.0,"enemies":"Centurion and Healer","floor":21.0,"turns":7.0},{"damage":0.0,"enemies":"conspire:HollyBat","floor":22.0,"turns":7.0},{"damage":7.0,"enemies":"Gremlin Leader","floor":23.0,"turns":5.0},{"damage":0.0,"enemies":"Replay:Snechameleon","floor":25.0,"turns":7.0},{"damage":19.0,"enemies":"Book of Stabbing","floor":27.0,"turns":5.0},{"damage":0.0,"enemies":"Chosen and Byrds","floor":28.0,"turns":3.0},{"damage":8.0,"enemies":"Shelled Parasite and Fungi","floor":29.0,"turns":4.0},{"damage":18.0,"enemies":"Masked Bandits","floor":31.0,"turns":4.0},{"damage":25,"enemies":"Champ","floor":33,"turns":10},{"damage":12,"enemies":"3 Darklings","floor":35,"turns":5},{"damage":7,"enemies":"3 Shapes","floor":38,"turns":6},{"damage":4,"enemies":"conspire:MimicChest","floor":39,"turns":4},{"damage":55,"enemies":"Reptomancer","floor":40,"turns":7},{"damage":25,"enemies":"Nemesis","floor":42,"turns":7},{"damage":31,"enemies":"R_Hoarder","floor":46,"turns":6},{"damage":6,"enemies":"Jaw Worm Horde","floor":48,"turns":3},{"damage":39,"enemies":"conspire:OrnateMirror","floor":50,"turns":10}],"seed_played":"4904096234841437702","potions_obtained":[{"floor":3.0,"key":"Doom Potion"},{"floor":8.0,"key":"ZuzhouPotion:ReiMu"},{"floor":14.0,"key":"Death Potion"},{"floor":16.0,"key":"ShroomBrew"},{"floor":21.0,"key":"ShroomBrew"},{"floor":22.0,"key":"Toxic Potion"},{"floor":23.0,"key":"MagicPotion:ReiMu"},{"floor":27.0,"key":"Strength Potion"},{"floor":28.0,"key":"LiquidBronze"},{"floor":29.0,"key":"Energy Potion"},{"floor":31.0,"key":"AttackPotion"},{"floor":39,"key":"Languid Potion"},{"floor":40,"key":"Ancient Potion"},{"floor":42,"key":"ColorlessPotion"},{"floor":46,"key":"Energy Potion"},{"floor":48,"key":"MagicPotion:ReiMu"}],"is_trial":false,"path_per_floor":["M","?","M","$","?","E","R","E","T","E","M","R","?","M","R","B",null,"M","$","M","M","M","E","R","E","T","E","M","M","?","?","R","B",null,"M","?","$","M","?","E","R","E","T","R","$","E","?","M","R","B",null],"character_chosen":"MARISA","items_purchased":["NonDirectionalLaser","Anchor","ReplayTheSpireMod:CursedCoin","Strawberry","Toy Ornithopter","Replay:WaspNest","DollysMirror","MagicDraw1"],"campfire_rested":3,"item_purchase_floors":[19,19,19,37,37,45,45,45],"current_hp_per_floor":[63,63,63,63,70,70,70,35,35,21,25,25,70,70,70,8,55,61,61,65,56,60,57,57,57,57,42,46,46,46,32,32,15,56,48,48,55,56,66,15,38,31,31,54,54,39,54,48,71,49],"gold":127,"neow_bonus":"THREE_ENEMY_KILL","is_daily":false,"chose_seed":false,"campfire_upgraded":0,"win_rate":0.0,"timestamp":1607895059,"path_taken":["M","?","?","$","?","E","R","E","T","E","M","R","?","M","R","BOSS","M","$","M","M","M","E","R","E","T","E","?","M","?","?","R","BOSS","M","?","?","M","?","E","R","E","T","R","$","E","?","M","R","BOSS"],"items_purchased_type":["Card","Relic","Relic","Relic","Relic","Relic","Relic","Relic"],"build_version":"2020-11-30","purchased_purges":2,"victory":true,"max_hp_per_floor":[70,70,70,70,70,70,70,70,70,70,70,70,70,70,70,70,70,70,70,70,70,70,70,70,70,70,70,70,70,70,70,70,70,70,70,70,77,77,77,77,77,77,77,77,77,77,77,77,77,77],"card_choices":[{"not_picked":["DC","NonDirectionalLaser","LuminesStrike"],"picked":"SKIP","floor":1.0},{"not_picked":["NonDirectionalLaser","LuminesStrike"],"picked":"WitchLeyline","floor":3.0},{"not_picked":["EnergyRecoil","Singularity"],"picked":"SuperPerseids","floor":6.0},{"not_picked":["StarDustReverie","DC"],"picked":"EarthLightRay","floor":8.0},{"not_picked":["AsteroidBelt","MilkyWay","6A"],"picked":"SKIP","floor":10.0},{"not_picked":["Acceleration","Singularity"],"picked":"Orbital","floor":11.0},{"not_picked":["SporeBomb","NonDirectionalLaser"],"picked":"SuperPerseids","floor":14.0},{"not_picked":["SatelliteIllusion","JA"],"picked":"SuperNova","floor":16.0},{"not_picked":["SporeBomb+1","GrandCross"],"picked":"DC+1","floor":18.0},{"not_picked":["ChargingUp","MysteriousBeam"],"picked":"MilkyWay","floor":20.0},{"not_picked":["MysteriousBeam","WitchLeyline"],"picked":"AsteroidBelt","floor":21.0},{"not_picked":["GravityBeat","Acceleration","SporeBomb"],"picked":"SKIP","floor":22.0},{"not_picked":["ShootingEcho","EarthLightRay","MilkyWay"],"picked":"SKIP","floor":23.0},{"not_picked":["AlicesGift","GalacticHalo+1"],"picked":"SuperPerseids","floor":25.0},{"not_picked":["BinaryStars","LuminesStrike","DC"],"picked":"SKIP","floor":27.0},{"not_picked":["GrandCross+1","GalacticHalo"],"picked":"MilkyWay","floor":28.0},{"not_picked":["EnergyRecoil","RefractionSpark"],"picked":"ManaConvection","floor":29.0},{"not_picked":["MilkyWay","DoubleSpark"],"picked":"StarBarrage","floor":31.0},{"not_picked":["MillisecondPulsars","ManaRampage"],"picked":"UltimateShortwave","floor":33},{"not_picked":["Singularity","UnstableBomb"],"picked":"MilkyWay","floor":35},{"not_picked":["LuminesStrike","StarlightTyphoon"],"picked":"MilkyWay","floor":38},{"not_picked":["DarkMatter","Robbery"],"picked":"GasGiant+1","floor":40},{"not_picked":["PulseMagic","ShootingEcho","NonDirectionalLaser+1"],"picked":"SKIP","floor":42},{"not_picked":["DC","Acceleration+1","FinalSpark"],"picked":"SKIP","floor":46},{"not_picked":["OrrerysSun","ShootTheMoon+1","IllusionStar"],"picked":"SKIP","floor":48},{"not_picked":["OrrerysSun","ShootTheMoon+1","IllusionStar"],"picked":"SKIP","floor":48}],"player_experience":457058,"relics_obtained":[{"floor":6.0,"key":"Replay:Multitool"},{"floor":7.0,"key":"TungstenRod"},{"floor":8.0,"key":"conspire:BottledYoYo"},{"floor":9.0,"key":"ReplayTheSpireMod:Shallot"},{"floor":10.0,"key":"Hololive_LightStick"},{"floor":12.0,"key":"Girya"},{"floor":23.0,"key":"Old Coin"},{"floor":25.0,"key":"MawBank"},{"floor":26.0,"key":"White Beast Statue"},{"floor":27.0,"key":"Blue Candle"},{"floor":31.0,"key":"Red Mask"},{"floor":39,"key":"conspire:InfiniteJournal"},{"floor":40,"key":"Gremlin Food"},{"floor":42,"key":"Replay:Towering Pillar of Hats"},{"floor":43,"key":"Onion Ring"},{"floor":46,"key":"Golden Egg"}],"event_choices":[{"damage_healed":0.0,"max_hp_gain":0.0,"max_hp_loss":0.0,"gold_gain":0.0,"event_name":"Match and Keep!","player_choice":"0 cards matched","floor":2.0,"gold_loss":0.0,"damage_taken":0.0,"cards_obtained":[]},{"damage_healed":17.0,"max_hp_gain":0.0,"max_hp_loss":0.0,"gold_gain":0.0,"event_name":"The Cleric","player_choice":"Healed","floor":5.0,"gold_loss":35.0,"damage_taken":0.0},{"damage_healed":45.0,"max_hp_gain":0.0,"max_hp_loss":0.0,"gold_gain":0.0,"event_name":"Wheel of Change","player_choice":"Full Heal","floor":13.0,"gold_loss":0.0,"damage_taken":0.0},{"damage_healed":0.0,"max_hp_gain":0.0,"max_hp_loss":0.0,"gold_gain":0.0,"event_name":"Vampires","player_choice":"Ignored","floor":30.0,"gold_loss":0.0,"damage_taken":0.0},{"damage_healed":0.0,"max_hp_gain":0.0,"max_hp_loss":0.0,"gold_gain":0.0,"event_name":"Masked Bandits","player_choice":"Fought Bandits","floor":31.0,"gold_loss":0.0,"damage_taken":0.0},{"damage_healed":0,"gold_gain":0,"player_choice":"Got Potions","damage_taken":0,"max_hp_gain":0,"max_hp_loss":0,"event_name":"Lab","floor":36,"gold_loss":0},{"damage_healed":15,"gold_gain":0,"player_choice":"Writhe","damage_taken":0,"max_hp_gain":0,"max_hp_loss":0,"event_name":"Winding Halls","floor":47,"gold_loss":0,"cards_obtained":["Writhe"]}],"is_beta":false,"boss_relics":[{"not_picked":["Ectoplasm","Replay:Bronze Core"],"picked":"EasyGame_NEW"},{"not_picked":["Hololive_TopUpMoneyS","Ring of Chaos"],"picked":"SoulBox"}],"items_purged_floors":[4,19],"is_endless":false,"potions_floor_spawned":[3,8,14,16,21,22,23,27,28,29,31,33,35,38,39,40,42,46,48],"ascension_level":15}}