{"host":"agga6lej02o7kt08","time":1607885854,"event":{"mods":["Aspiration","BaseMod","Colored Map","Colored Powertips","Downfall","Hubris","Minty Spire (QoL Compilation)","Replay The Spire","StSLib"],"gold_per_floor":[99,127,141,159,259,279,349,380,380,423,442,466,535,585,607,714,714,714,751,777,804,804,854,878,906,608,647,697,722,360,384,408,520,520,370,300,350,275,300,341,413,452,529,564,614,634,647,679,694,694,694,725,397,397,397],"floor_reached":56,"playtime":5302,"items_purged":["hexamod:Strike","hexamod:Defend","hexamod:Defend","hexamod:Strike","hexamod:Defend"],"score":1497,"play_id":"ffe3deea-0534-4290-b760-c7e068644811","local_time":"20201214035734","is_ascension_mode":true,"campfire_choices":[{"data":"hexamod:Float","floor":1.0,"key":"SMITH"},{"floor":9.0,"key":"REST"},{"data":"hexamod:FastForward","floor":18.0,"key":"SMITH"},{"data":"hexamod:GhostflameInferno","floor":22.0,"key":"SMITH"},{"floor":35,"key":"RECALL"},{"data":"hexamod:CatchUp","floor":38,"key":"SMITH"},{"data":"hexamod:GhostOfSpirePresent","floor":54,"key":"SMITH"}],"circlet_count":0,"master_deck":["hexamod:Strike+1","hexamod:Strike+1","hexamod:Defend+1","hexamod:Sear","hexamod:Float+1","hexamod:FastForward+1","hexamod:EmpoweredFlame+1","hexamod:EmpoweredFlame+1","hexamod:ShieldOfDarkness","hexamod:BurningTouch+1","hexamod:GhostflameInferno+1","hexamod:EmpoweredFlame+1","hexamod:HauntingEcho+1","hexamod:ExtraCrispy","hexamod:WildfireWeapon","hexamod:CatchUp+1","hexamod:Hexaguard+1","hexamod:SkipABeat+1","hexamod:GhostOfSpireFuture","hexamod:HexaLevel","hexamod:HauntingEcho+1","hexamod:GhostOfSpirePresent+1","hexamod:PhantomCloak"],"relics":["hexamod:SpiritBrand","Shuriken","downfall:CloakOfManyFaces","CultistMask","FaceOfCleric","NlothsMask","GremlinMask","SsserpentHead","hexamod:MatchstickCase","Akabeko","Sozu","aspiration:HiddenCompartment","ReplayTheSpireMod:Ninjato","Medical Kit","Mango","Membership Card","War Paint","hubris:RunicObelisk","downfall:HeartBlessingGreen","downfall:HeartBlessingBlue","downfall:HeartBlessingRed","Ornamental Fan","Blue Candle","Bag of Preparation","Potion Belt","hexamod:TheBrokenSeal","Whetstone","Bottled Tornado","HandDrill","Iron Hammer","Pet Ghost","Quantum Egg"],"acts_visited":["Exordium","TheCity","TheBeyond","TheEnding"],"potions_floor_usage":[],"damage_taken":[{"damage":26.0,"enemies":"Gremlin Nob","floor":2.0,"turns":5.0},{"damage":0.0,"enemies":"2 Louse","floor":3.0,"turns":3.0},{"damage":0.0,"enemies":"Cultist","floor":4.0,"turns":3.0},{"damage":20.0,"enemies":"downfall:FaceTrader","floor":5.0,"turns":12.0},{"damage":1.0,"enemies":"Small Slimes","floor":6.0,"turns":4.0},{"damage":17.0,"enemies":"3 Sentries","floor":8.0,"turns":9.0},{"damage":10.0,"enemies":"Gremlin Nob","floor":10.0,"turns":4.0},{"damage":2.0,"enemies":"Red Slaver","floor":11.0,"turns":3.0},{"damage":0.0,"enemies":"3 Louse","floor":12.0,"turns":4.0},{"damage":0.0,"enemies":"Blue Slaver","floor":13.0,"turns":4.0},{"damage":0.0,"enemies":"Exordium Wildlife","floor":15.0,"turns":4.0},{"damage":12.0,"enemies":"downfall:Watcher","floor":16.0,"turns":10.0},{"damage":16.0,"enemies":"Slavers","floor":19.0,"turns":4.0},{"damage":0.0,"enemies":"Shell Parasite","floor":20.0,"turns":4.0},{"damage":0.0,"enemies":"Replay:Snechameleon","floor":21.0,"turns":7.0},{"damage":4.0,"enemies":"Cultist and Chosen","floor":25.0,"turns":6.0},{"damage":5.0,"enemies":"downfall:FleeingMerchant","floor":26.0,"turns":4.0},{"damage":35.0,"enemies":"Slavers","floor":27.0,"turns":7.0},{"damage":12.0,"enemies":"Snake Plant","floor":29.0,"turns":3.0},{"damage":4.0,"enemies":"downfall:FleeingMerchant","floor":30.0,"turns":4.0},{"damage":5.0,"enemies":"Centurion and Healer","floor":31.0,"turns":5.0},{"damage":23.0,"enemies":"Cultist and Chosen","floor":32.0,"turns":6.0},{"damage":27.0,"enemies":"downfall:Defect","floor":33.0,"turns":7.0},{"damage":12,"enemies":"downfall:FleeingMerchant","floor":36,"turns":4},{"damage":3,"enemies":"3 Shapes","floor":39,"turns":6},{"damage":14,"enemies":"R_Hoarder","floor":40,"turns":9},{"damage":112,"enemies":"Reptomancer","floor":42,"turns":7},{"damage":2,"enemies":"Orb Walker","floor":43,"turns":3},{"damage":0,"enemies":"Giant Head","floor":44,"turns":5},{"damage":7,"enemies":"Maw","floor":46,"turns":4},{"damage":0,"enemies":"Writhing Mass","floor":47,"turns":4},{"damage":19,"enemies":"downfall:FleeingMerchant","floor":48,"turns":3},{"damage":29,"enemies":"3 Darklings","floor":49,"turns":4},{"damage":3,"enemies":"downfall:Ironclad","floor":50,"turns":6},{"damage":21,"enemies":"downfall:CharBossMerchant","floor":52,"turns":8},{"damage":37,"enemies":"downfall:NeowBoss","floor":55,"turns":23}],"seed_played":"2528804548105690670","potions_obtained":[{"floor":3.0,"key":"Venom Potion"},{"floor":4.0,"key":"AttackPotion"},{"floor":10.0,"key":"sneckomod:MuddlingPotion"},{"floor":11.0,"key":"sneckomod:MuddlingPotion"},{"floor":12.0,"key":"SkillPotion"},{"floor":16.0,"key":"ColorlessPotion"}],"is_trial":false,"path_per_floor":["R","E","M","M","?","M","T","E","R","E","M","M","M","?","M","B",null,"R","E","M","E","R","?","T","M","$","E","?","M","$","M","M","B",null,"R","$","?","R","M","E","T","E","M","E","?","M","M","$","M","B",null,"E","$","R","B",null],"character_chosen":"THE_SPIRIT","items_purchased":["hexamod:FirstSeal","Medical Kit","Membership Card","hexamod:ThirdSeal","War Paint","hexamod:GhostOfSpirePresent","Whetstone","Bottled Tornado","Pet Ghost","Quantum Egg","hexamod:PhantomCloak"],"campfire_rested":1,"item_purchase_floors":[26,26,30,30,30,48,48,48,53,53,53],"current_hp_per_floor":[77,51,51,51,31,31,31,15,38,29,28,29,30,30,31,20,85,85,70,71,72,72,72,72,69,65,52,52,48,52,55,40,21,110,120,116,116,116,121,115,115,11,17,18,18,136,137,119,91,89,141,121,121,121,85],"gold":397,"neow_bonus":"TEN_PERCENT_HP_BONUS","is_daily":false,"chose_seed":false,"campfire_upgraded":5,"win_rate":0.0,"timestamp":1607885854,"path_taken":["R","E","M","M","?","M","T","E","R","E","M","M","?","?","M","BOSS","R","E","M","E","R","?","T","M","$","E","?","M","$","M","M","BOSS","R","$","?","R","M","E","T","E","?","E","?","M","M","$","M","BOSS","E","$","R","BOSS"],"items_purchased_type":["Card","Relic","Relic","Card","Relic","Card","Relic","Relic","Relic","Relic","Card"],"build_version":"2020-11-30","purchased_purges":5,"victory":true,"max_hp_per_floor":[77,77,77,77,77,78,78,79,79,80,81,82,83,83,84,85,85,85,86,87,88,88,88,88,89,90,105,105,106,107,108,109,110,110,120,121,121,121,122,123,123,124,125,126,126,137,138,139,140,141,141,142,142,142,143],"card_choices":[{"not_picked":["hexamod:HauntingEcho","hexamod:ShieldOfDarkness"],"picked":"hexamod:FastForward","floor":2.0},{"not_picked":["hexamod:NightmareGuise","hexamod:EtherealExpedition","hexamod:RainOfEmbers"],"picked":"SKIP","floor":3.0},{"not_picked":["hexamod:BacktrackSmack","hexamod:InspiringFlames","hexamod:Firestarter"],"picked":"SKIP","floor":4.0},{"not_picked":["hexamod:RainOfEmbers","hexamod:ThermalTransfer"],"picked":"hexamod:EmpoweredFlame","floor":5.0},{"not_picked":["hexamod:GhostLash","hexamod:SpectersWail"],"picked":"hexamod:EmpoweredFlame","floor":6.0},{"not_picked":["hexamod:NightmareStrike","hexamod:HauntingEcho"],"picked":"hexamod:SecondSeal","floor":8.0},{"not_picked":["hexamod:SearingWound","hexamod:GhostOfSpirePresent","hexamod:HeatCrush"],"picked":"SKIP","floor":10.0},{"not_picked":["hexamod:NightmareStrike","hexamod:NecessarySacrifice"],"picked":"hexamod:ShieldOfDarkness","floor":11.0},{"not_picked":["hexamod:RecurringNightmare","hexamod:SpectersWail","hexamod:NightmareGuise"],"picked":"SKIP","floor":12.0},{"not_picked":["hexamod:Firestarter","hexamod:ShieldOfDarkness"],"picked":"hexamod:BurningTouch","floor":13.0},{"not_picked":["hexamod:UnleashSpirits","hexamod:InspiringFlames","hexamod:HeatCrush"],"picked":"SKIP","floor":15.0},{"not_picked":["hexamod:UnleashSpirits","hexamod:TimeWarp"],"picked":"hexamod:GhostflameInferno","floor":16.0},{"not_picked":["hexamod:HeatMetal","hexamod:AdvancingGuard"],"picked":"hexamod:EmpoweredFlame+1","floor":19.0},{"not_picked":["hexamod:ThermalTransfer","hexamod:GhostLash","hexamod:Incineration+1"],"picked":"SKIP","floor":20.0},{"not_picked":["hexamod:RainOfEmbers","hexamod:BurningTouch+1"],"picked":"hexamod:HauntingEcho+1","floor":21.0},{"not_picked":["hexamod:HeatShield","hexamod:NightmareStrike+1","hexamod:BurningTouch"],"picked":"SKIP","floor":25.0},{"not_picked":["hexamod:InspiringFlames","hexamod:GhostLash"],"picked":"hexamod:ExtraCrispy","floor":26.0},{"not_picked":["hexamod:RecurringNightmare","hexamod:RetreatToShadows+1"],"picked":"hexamod:WildfireWeapon","floor":27.0},{"not_picked":["hexamod:GhostShield","hexamod:SwordOfDarkness+1"],"picked":"hexamod:CatchUp","floor":29.0},{"not_picked":["hexamod:BurningTouch","hexamod:NightmareStrike+1","hexamod:ShieldOfDarkness"],"picked":"SKIP","floor":30.0},{"not_picked":["hexamod:GhostLash","hexamod:BurningTouch"],"picked":"hexamod:Hexaguard","floor":31.0},{"not_picked":["hexamod:NightmareGuise+1","hexamod:NecessarySacrifice","hexamod:InspiringFlames"],"picked":"SKIP","floor":31.0},{"not_picked":["hexamod:SecondSeal","hexamod:ChargedBarrage+1"],"picked":"hexamod:SkipABeat","floor":32.0},{"not_picked":["hexamod:SwordOfDarkness","hexamod:ThirdSeal"],"picked":"hexamod:GhostOfSpireFuture","floor":32.0},{"not_picked":["hexamod:TimeOfNeed","hexamod:TimeWarp"],"picked":"hexamod:HexaLevel","floor":33.0},{"not_picked":["hexamod:WildfireWeapon","hexamod:TurnItUp"],"picked":"hexamod:FifthSeal","floor":33.0},{"not_picked":["hexamod:PhantomFireball+1","hexamod:AdvancingGuard","hexamod:GhostOfSpireFuture+1"],"picked":"SKIP","floor":36},{"not_picked":["hexamod:ThermalTransfer+1","hexamod:SwordOfDarkness+1","hexamod:ExtraCrispy+1"],"picked":"SKIP","floor":36},{"not_picked":["hexamod:HexaLevel","hexamod:SkipABeat+1"],"picked":"hexamod:HauntingEcho+1","floor":39},{"not_picked":["hexamod:GhostLash","hexamod:SpectersWail","hexamod:RainOfEmbers+1"],"picked":"SKIP","floor":39},{"not_picked":["hexamod:FifthSeal","hexamod:SecondSeal","hexamod:FirstSeal"],"picked":"SKIP","floor":39},{"not_picked":["hexamod:SecondSeal","hexamod:ThirdSeal"],"picked":"hexamod:SixthSeal","floor":40},{"not_picked":["hexamod:BurningTouch","hexamod:FastForward","hexamod:InspiringFlames"],"picked":"SKIP","floor":40},{"not_picked":["hexamod:BacktrackSmack+1","hexamod:SkipABeat","hexamod:Again"],"picked":"SKIP","floor":40},{"not_picked":["hexamod:HeatShield+1","hexamod:RainOfEmbers","hexamod:FastForward+1"],"picked":"SKIP","floor":42},{"not_picked":["hexamod:FifthSeal","hexamod:ThirdSeal","hexamod:SixthSeal"],"picked":"SKIP","floor":42},{"not_picked":["hexamod:ChargedBarrage","hexamod:UnleashSpirits","hexamod:RainOfEmbers"],"picked":"SKIP","floor":42},{"not_picked":["hexamod:FastForward+1","hexamod:HauntingEcho","hexamod:GhostLash"],"picked":"SKIP","floor":43},{"not_picked":["hexamod:TimeWarp","hexamod:SpectersWail+1","hexamod:DynamicBlow"],"picked":"SKIP","floor":43},{"not_picked":["hexamod:FirstSeal","hexamod:SixthSeal"],"picked":"hexamod:FourthSeal","floor":44},{"not_picked":["hexamod:StepThrough+1","hexamod:RainOfEmbers+1","hexamod:RadiantFlame"],"picked":"SKIP","floor":44},{"not_picked":["hexamod:ThirdSeal","hexamod:HauntingEcho+1","hexamod:AdvancingGuard"],"picked":"SKIP","floor":44},{"not_picked":["hexamod:SixthSeal","hexamod:SecondSeal","hexamod:FifthSeal"],"picked":"SKIP","floor":46},{"not_picked":["hexamod:NightmareGuise+1","hexamod:HeatShield+1","hexamod:SwordOfDarkness"],"picked":"SKIP","floor":46},{"not_picked":["hexamod:SixthSeal","hexamod:SecondSeal","hexamod:FifthSeal"],"picked":"SKIP","floor":46},{"not_picked":["hexamod:NightmareGuise+1","hexamod:HeatShield+1","hexamod:SwordOfDarkness"],"picked":"SKIP","floor":46},{"not_picked":["hexamod:AdvancingGuard","hexamod:SpectralAdrenaline+1","hexamod:SpectersWail+1"],"picked":"SKIP","floor":47},{"not_picked":["hexamod:SixthSeal","hexamod:NightmareStrike","hexamod:FifthSeal"],"picked":"SKIP","floor":48},{"not_picked":["hexamod:ThirdSeal","hexamod:CatchUp","hexamod:ThermalTransfer+1"],"picked":"SKIP","floor":49},{"not_picked":["hexamod:AdvancingGuard","hexamod:ShieldOfDarkness+1","hexamod:InspiringFlames+1"],"picked":"SKIP","floor":52}],"player_experience":718391,"relics_obtained":[{"floor":2.0,"key":"Shuriken"},{"floor":5.0,"key":"downfall:CloakOfManyFaces"},{"floor":8.0,"key":"hexamod:MatchstickCase"},{"floor":10.0,"key":"Akabeko"},{"floor":19.0,"key":"aspiration:HiddenCompartment"},{"floor":21.0,"key":"ReplayTheSpireMod:Ninjato"},{"floor":27.0,"key":"Mango"},{"floor":40,"key":"Ornamental Fan"},{"floor":41,"key":"Blue Candle"},{"floor":42,"key":"Bag of Preparation"},{"floor":44,"key":"Potion Belt"},{"floor":52,"key":"HandDrill"},{"floor":52,"key":"Iron Hammer"}],"event_choices":[{"damage_healed":0,"gold_gain":0,"player_choice":"Upgraded","damage_taken":0,"max_hp_gain":0,"max_hp_loss":0,"event_name":"Upgrade Shrine","floor":37,"gold_loss":0,"cards_upgraded":["hexamod:SkipABeat"]}],"is_beta":false,"boss_relics":[{"not_picked":["aspiration:SecretTechniqueScroll","Runic Dome"],"picked":"Sozu"},{"not_picked":["Painkiller Herb","Kintsugi"],"picked":"hubris:RunicObelisk"}],"items_purged_floors":[26,30,36,48,53],"is_endless":false,"potions_floor_spawned":[3,4,10,11,12,16,19,20,27,29,32,33,39,43,47,49],"ascension_level":1}}