{"host":"f5pfdf07lxwkzoqo","time":1607826687,"event":{"mods":["Act Like it!","Aspiration","BaseMod","BetterRewards","Colored Powertips","Conspire","Downfall","Duelist Mod","GifTheSpireLib","Minty Spire (QoL Compilation)","StSLib","The Animator"],"gold_per_floor":[117,117,69,69,91,91,16,51,76,144,170,195,247,263,263,361,386,403,428,439,46,59,119,119,197,222,222,247,264,321,19,19,124,149,160,262,232,251,268,324,324,337,435,485,131,188,205,224,224,228,228,228,693,743,798,900,956,63,150,150,150],"floor_reached":60,"playtime":9311,"items_purged":["Regret"],"score":1087,"play_id":"20f00346-f862-42ec-a8d6-508276395503","local_time":"20201213023127","is_ascension_mode":true,"campfire_choices":[{"data":"animator:EmiyaShirou","floor":6,"key":"SMITH"},{"floor":15,"key":"REST"},{"data":"animator:Sebas+1","floor":24,"key":"SMITH"},{"data":"animator:JeanneDArc","floor":27,"key":"SMITH"},{"floor":32,"key":"REST"},{"floor":41,"key":"RECALL"},{"data":"animator:Zero","floor":49,"key":"SMITH"},{"data":"animator:Gilgamesh+26","floor":52,"key":"SMITH"}],"circlet_count":0,"master_deck":["animator:Strike_Fate","animator:Defend_Fate+1","animator:Strike+1","animator:Strike+1","animator:Strike+1","animator:Defend","animator:Defend+1","animator:Defend+1","animator:Alexander+1","animator:Rider","animator:PandorasActor","animator:ShinjiMatou","animator:EmiyaShirou+1","animator:Gilgamesh+5","animator:Berserker+1","animator:KyokoSakura+1","animator:DwarfShaman+1","animator:Wiz+1","animator:RinTohsaka","animator:Mitsurugi+1","animator:Kuroyukihime+1","animator:EmiyaShirou+1","animator:Sebas+1","animator:JeanneDArc+1","animator:YuiTsuruno+1","animator:Tyuule+1","animator:Hans+1","animator:Ainz","animator:Illya","animator:RinTohsaka","animator:Illya+1","animator:Sebas","animator:EmiyaShirou+1","animator:Zero+1","animator:Archer+1","animator:Megumin+4","animator:SakuraMatou+1","animator:Mitsurugi","animator:Caster+1","animator:OrikoMikuni+1"],"relics":["animator:CursedGlyph","animator:TheEgnaroPiece","animator:AncientMedallion"],"acts_visited":["Exordium","TheCity","TheBeyond","TheEnding","EYB:TheUnnamedReign"],"potions_floor_usage":[8,13,16,16,20,25,30,35,40,40,40,44,46,50,50,55,57,59,59,60],"damage_taken":[{"damage":0,"enemies":"conspire:RoseBush","floor":1,"turns":4},{"damage":5,"enemies":"Small Slimes","floor":5,"turns":4},{"damage":23,"enemies":"Gremlin Nob","floor":8,"turns":4},{"damage":32,"enemies":"Lagavulin","floor":10,"turns":9},{"damage":0,"enemies":"Jaw Worm","floor":11,"turns":2},{"damage":0,"enemies":"Gremlin Nob","floor":13,"turns":3},{"damage":1,"enemies":"Blue Slaver","floor":14,"turns":2},{"damage":13,"enemies":"Hexaghost","floor":16,"turns":9},{"damage":19,"enemies":"Shell Parasite","floor":18,"turns":4},{"damage":2,"enemies":"conspire:FuzzyDice","floor":20,"turns":5},{"damage":1,"enemies":"Chosen and Byrds","floor":22,"turns":4},{"damage":11,"enemies":"theDuelist:KaibaA2","floor":23,"turns":3},{"damage":0,"enemies":"Book of Stabbing","floor":25,"turns":3},{"damage":0,"enemies":"Sentry and Sphere","floor":29,"turns":4},{"damage":3,"enemies":"Gremlin Leader","floor":30,"turns":4},{"damage":0,"enemies":"conspire:MysteriousRune","floor":33,"turns":9},{"damage":0,"enemies":"Orb Walker","floor":35,"turns":3},{"damage":11,"enemies":"2 Orb Walkers","floor":36,"turns":4},{"damage":0,"enemies":"3 Darklings","floor":38,"turns":2},{"damage":0,"enemies":"Jaw Worm Horde","floor":39,"turns":4},{"damage":8,"enemies":"Giant Head","floor":40,"turns":7},{"damage":0,"enemies":"Writhing Mass","floor":42,"turns":4},{"damage":0,"enemies":"Nemesis","floor":44,"turns":7},{"damage":0,"enemies":"Reptomancer","floor":46,"turns":4},{"damage":0,"enemies":"Transient","floor":47,"turns":5},{"damage":0,"enemies":"Spire Growth","floor":48,"turns":4},{"damage":128,"enemies":"conspire:OrnateMirror","floor":50,"turns":9},{"damage":83,"enemies":"animator:TRIPLE_SHAPES_WEAK","floor":54,"turns":8},{"damage":0,"enemies":"animator:UNNAMED_CULTIST_1","floor":55,"turns":14},{"damage":0,"enemies":"conspire:MimicChest","floor":57,"turns":7},{"damage":40,"enemies":"animator:TRIPLE_LAGAVULIN","floor":59,"turns":8},{"damage":31,"enemies":"animator:UNNAMED_CULTIST_2","floor":60,"turns":5}],"seed_played":"-5839391806031053195","potions_obtained":[{"floor":5,"key":"hexamod:EctoCoolerPotion"},{"floor":10,"key":"FearPotion"},{"floor":13,"key":"SpeedPotion"},{"floor":14,"key":"SpeedPotion"},{"floor":16,"key":"Fire Potion"},{"floor":23,"key":"DistilledChaos"},{"floor":29,"key":"Swift Potion"},{"floor":33,"key":"SpeedPotion"},{"floor":35,"key":"sneckomod:MuddlingPotion"},{"floor":37,"key":"champ:CounterPotion"},{"floor":37,"key":"PowerPotion"},{"floor":40,"key":"ColorlessPotion"},{"floor":44,"key":"FearPotion"},{"floor":48,"key":"Energy Potion"},{"floor":54,"key":"animator:FalseLifePotion"},{"floor":55,"key":"animator:FalseLifePotion"},{"floor":59,"key":"animator:FalseLifePotion"}],"is_trial":false,"path_per_floor":["M","?","$","?","M","R","$","E","T","E","M","T","E","M","R","B",null,"M","?","M","$","M","E","R","E","T","R","?","M","E","$","R","B",null,"M","?","?","M","M","E","R","M","T","E","$","E","M","M","R","B",null,"R","??","M","M","T","?","$","M","M"],"character_chosen":"THE_ANIMATOR","items_purchased":["animator:ShinjiMatou","DollysMirror","animator:Kuroyukihime","Strawberry","FossilizedHelix","animator:EmiyaShirou","LiquidMemories","animator:Zero","animator:Archer","animator:Megumin","animator:AncientMedallion","animator:AncientMedallion","animator:AncientMedallion","animator:FalseLifePotion","animator:FalseLifePotion"],"campfire_rested":2,"item_purchase_floors":[3,21,21,21,31,45,45,45,45,45,58,58,58,58,58],"current_hp_per_floor":[72,72,72,72,67,67,67,45,45,13,16,16,21,20,44,31,81,63,47,45,52,51,40,40,43,43,43,27,31,28,28,55,58,95,100,89,89,92,95,99,99,102,102,107,107,112,117,122,122,1,141,141,94,11,15,15,23,23,7,0,0],"gold":150,"neow_bonus":"TEN_PERCENT_HP_BONUS","is_daily":false,"chose_seed":false,"campfire_upgraded":5,"win_rate":0.0,"timestamp":1607826687,"path_taken":["M","?","$","?","M","R","?","E","T","E","M","?","E","M","R","BOSS","M","?","M","$","M","E","R","E","T","R","?","?","E","?","R","BOSS","M","?","?","M","M","E","R","M","T","E","$","E","M","M","R","BOSS","R","??","M","M","T","?","$","M","M"],"items_purchased_type":["Card","Relic","Card","Relic","Relic","Card","Potion","Card","Card","Card","Relic","Relic","Relic","Potion","Potion"],"build_version":"2020-11-30","purchased_purges":1,"victory":false,"max_hp_per_floor":[72,72,72,72,72,72,72,73,73,73,76,76,81,81,81,81,81,82,82,82,89,89,89,89,88,88,88,88,92,92,92,92,95,95,100,100,100,103,106,118,118,121,121,126,126,131,136,141,141,141,141,141,94,94,94,94,94,94,94,94,94],"card_choices":[{"not_picked":["animator:Shalltear","animator:Cocytus"],"picked":"animator:PandorasActor","floor":1},{"not_picked":["animator:Assassin","animator:Rider"],"picked":"animator:EmiyaShirou","floor":5},{"not_picked":["animator:NagisaMomoe","animator:OrikoMikuni"],"picked":"animator:Gilgamesh","floor":8},{"not_picked":["animator:Assassin","animator:SakuraMatou"],"picked":"animator:Berserker","floor":10},{"not_picked":["animator:Sebas","animator:Demiurge"],"picked":"animator:KyokoSakura","floor":11},{"not_picked":["animator:Verdia","animator:LeleiLaLalena","animator:Spearman"],"picked":"Singing Bowl","floor":13},{"not_picked":["animator:PandorasActor","animator:UneriGinkaku"],"picked":"animator:DwarfShaman","floor":14},{"not_picked":["animator:Kyubey","animator:Biyorigo"],"picked":"animator:Wiz","floor":16},{"not_picked":["animator:SakuraMatou","animator:Assassin"],"picked":"animator:RinTohsaka","floor":18},{"not_picked":["animator:Assassin","animator:ZankiKiguchi"],"picked":"animator:Mitsurugi+1","floor":20},{"not_picked":["animator:DwarfShaman","animator:MamiTomoe"],"picked":"animator:EmiyaShirou","floor":22},{"not_picked":["animator:Vanir","animator:EmiyaShirou+1"],"picked":"animator:Sebas+1","floor":23},{"not_picked":["animator:Rider","animator:Lancer"],"picked":"animator:JeanneDArc","floor":25},{"not_picked":["animator:Rider+1","animator:Kazuma"],"picked":"animator:YuiTsuruno+1","floor":29},{"not_picked":["animator:PinaCoLada","animator:Entoma"],"picked":"animator:Tyuule+1","floor":30},{"not_picked":["animator:SwordMaiden","animator:HigakiRinne"],"picked":"animator:Hans","floor":33},{"not_picked":["animator:Verdia","animator:YaoHaDucy","animator:Spearman"],"picked":"Singing Bowl","floor":35},{"not_picked":["animator:Kyubey","animator:PinaCoLada"],"picked":"animator:Ainz","floor":36},{"not_picked":["animator:DwarfShaman","animator:LeleiLaLalena"],"picked":"animator:Illya+1","floor":36},{"not_picked":["animator:Caster","animator:Lancer"],"picked":"animator:RinTohsaka","floor":38},{"not_picked":["animator:Nanami+1","animator:Assassin+1"],"picked":"animator:Illya","floor":39},{"not_picked":["animator:YaoHaDucy+1","animator:TsurugaMeisai+1","animator:Verdia"],"picked":"Singing Bowl","floor":40},{"not_picked":["animator:DwarfShaman+1","animator:Nanami"],"picked":"animator:Sebas+1","floor":42},{"not_picked":["animator:YuiTsuruno","animator:YachiyoNanami","animator:OrikoMikuni"],"picked":"Singing Bowl","floor":44},{"not_picked":["animator:Shichika","animator:Rider+1"],"picked":"animator:SakuraMatou+1","floor":46},{"not_picked":["animator:UneriGinkaku+1","animator:Konayuki","animator:TsurugaMeisai"],"picked":"Singing Bowl","floor":47},{"not_picked":["animator:Witch+1","animator:Togame","animator:TsurugaMeisai"],"picked":"Singing Bowl","floor":48},{"not_picked":["animator:Kazuma","animator:Wiz"],"picked":"animator:Mitsurugi","floor":54},{"not_picked":["animator:IrohaTamaki","animator:YunYun"],"picked":"animator:Caster+1","floor":55},{"not_picked":["animator:YachiyoNanami+1","animator:YuiTsuruno"],"picked":"animator:OrikoMikuni+1","floor":59}],"player_experience":471726,"relics_obtained":[{"floor":8,"key":"Lantern"},{"floor":9,"key":"conspire:InfiniteJournal"},{"floor":10,"key":"animator:ShionDessert"},{"floor":12,"key":"Singing Bowl"},{"floor":13,"key":"Bottled Lightning"},{"floor":23,"key":"Matryoshka"},{"floor":25,"key":"Paper Crane"},{"floor":25,"key":"animator:CursedGlyph"},{"floor":26,"key":"Ancient Tea Set"},{"floor":28,"key":"Enchiridion"},{"floor":30,"key":"aspiration:DSix"},{"floor":36,"key":"conspire:GiftBox"},{"floor":40,"key":"Pear"},{"floor":43,"key":"aspiration:HiddenCompartment"},{"floor":43,"key":"animator:HallowedScabbard"},{"floor":44,"key":"Darkstone Periapt"},{"floor":46,"key":"aspiration:VileToxins"},{"floor":53,"key":"animator:TheEgnaroPiece"},{"floor":53,"key":"animator:AncientMedallion"},{"floor":56,"key":"animator:AncientMedallion"},{"floor":57,"key":"animator:AncientMedallion"}],"event_choices":[{"damage_healed":0,"gold_gain":0,"player_choice":"Grow","damage_taken":0,"max_hp_gain":0,"max_hp_loss":0,"event_name":"Living Wall","floor":2,"gold_loss":0,"cards_upgraded":["animator:Alexander"]},{"damage_healed":0,"gold_gain":0,"player_choice":"Box","damage_taken":0,"relics_obtained":["animator:Hoodie"],"max_hp_gain":0,"max_hp_loss":0,"event_name":"Big Fish","floor":4,"gold_loss":0,"cards_obtained":["Regret"]},{"damage_healed":0,"gold_gain":0,"player_choice":"Obtained Book","damage_taken":16,"max_hp_gain":0,"max_hp_loss":0,"event_name":"Cursed Tome","floor":28,"gold_loss":0},{"damage_healed":0,"gold_gain":0,"player_choice":"Fight","damage_taken":0,"max_hp_gain":0,"max_hp_loss":0,"event_name":"Mysterious Sphere","floor":36,"gold_loss":0},{"damage_healed":0,"gold_gain":0,"player_choice":"Bought 2 Potions","damage_taken":0,"max_hp_gain":0,"max_hp_loss":0,"event_name":"The Woman in Blue","floor":37,"gold_loss":0}],"is_beta":false,"boss_relics":[{"not_picked":["animator:VividPicture","aspiration:SilentSkillbook"],"picked":"Philosopher\u0027s Stone"},{"not_picked":["conspire:RunicOctahedron","Empty Cage"],"picked":"animator:CursedBlade"}],"items_purged_floors":[7],"is_endless":false,"potions_floor_spawned":[5,10,13,14,16,23,29,33,35,40,44,48,54,59],"killed_by":"animator:UNNAMED_CULTIST_2","ascension_level":1}}