{"host":"4amcrcg6ktw8dbzk","time":1607861181,"event":{"mods":["BaseMod","Dota2Spire","Minty Spire (QoL Compilation)","MostiFishMod","Robot Space Explorer","Spicy Shops","StSLib","Waifu the Spire"],"gold_per_floor":[110,35,52,52,66,66,95,118,167,182,196,221,251,271,271,350,350,368,293,310,320,370,370,380,380,459,459,486,498,498,512,512,589,589,604,288,268,287,299,299,315,315,315,362,362,376,407,407,407,411,412,412],"floor_reached":51,"playtime":3563,"items_purged":["Strike_R"],"score":1468,"play_id":"4b28368a-cf0d-48dc-87f4-a1353110d13f","local_time":"20201213200621","is_ascension_mode":true,"campfire_choices":[{"data":"Body Slam","floor":6.0,"key":"SMITH"},{"floor":15.0,"key":"REST"},{"data":"Pommel Strike","floor":23,"key":"SMITH"},{"floor":25,"key":"REST"},{"data":"Barricade","floor":30,"key":"SMITH"},{"data":"Shockwave","floor":32,"key":"SMITH"},{"data":"True Grit","floor":40,"key":"SMITH"},{"data":"Second Wind","floor":45,"key":"SMITH"},{"floor":49,"key":"RECALL"}],"circlet_count":0,"master_deck":["AscendersBane","Strike_R","Strike_R","Defend_R","Defend_R","Defend_R","Defend_R","Bash","Body Slam+1","Second Wind+1","Shrug It Off","Burning Pact","Iron Wave","Pommel Strike+1","Shockwave+1","Fire Breathing","Barricade+1","Iron Wave","Pommel Strike+1","Havoc","Power Through+1","MostiFishMod:KingOfFree","True Grit+1","Body Slam","Feel No Pain"],"relics":["DaveBox","ChiXiaoBlade","MetatronsCube","Question Card","Regal Pillow","Odd Mushroom","MealTicket","Dota2Spire:CrimsonGuard","Smiling Mask","ImportantClient","TimeKeys","Dota2Spire:BlackKingBar","Bottled Tornado","Dota2Spire:MonkeyKingBar","Runic Pyramid","Dead Branch","TungstenRod","Toxic Egg 2"],"acts_visited":["Exordium","TheCity","TheBeyond"],"potions_floor_usage":[28,41],"damage_taken":[{"damage":1.0,"enemies":"Cultist","floor":1.0,"turns":3.0},{"damage":0.0,"enemies":"Small Slimes","floor":3.0,"turns":2.0},{"damage":2.0,"enemies":"2 Louse","floor":5.0,"turns":3.0},{"damage":32.0,"enemies":"Gremlin Nob","floor":7.0,"turns":4.0},{"damage":8.0,"enemies":"The Mushroom Lair","floor":8.0,"turns":4.0},{"damage":8.0,"enemies":"Blue Slaver","floor":10.0,"turns":3.0},{"damage":3.0,"enemies":"Gremlin Gang","floor":11.0,"turns":5.0},{"damage":2.0,"enemies":"3 Sentries","floor":12.0,"turns":6.0},{"damage":3.0,"enemies":"Looter","floor":14.0,"turns":3.0},{"damage":28.0,"enemies":"Slime Boss","floor":16.0,"turns":7.0},{"damage":7,"enemies":"Chosen","floor":18,"turns":5},{"damage":0,"enemies":"Spheric Guardian","floor":20,"turns":4},{"damage":13,"enemies":"Centurion and Healer","floor":21,"turns":7},{"damage":27,"enemies":"Sentry and Sphere","floor":24,"turns":7},{"damage":28,"enemies":"Book of Stabbing","floor":28,"turns":6},{"damage":4,"enemies":"3 Cultists","floor":29,"turns":5},{"damage":0,"enemies":"Cultist and Chosen","floor":31,"turns":5},{"damage":0,"enemies":"Collector","floor":33,"turns":8},{"damage":4,"enemies":"3 Darklings","floor":35,"turns":5},{"damage":8,"enemies":"Orb Walker","floor":38,"turns":3},{"damage":0,"enemies":"Maw","floor":39,"turns":5},{"damage":0,"enemies":"Transient","floor":41,"turns":6},{"damage":22,"enemies":"2 Orb Walkers","floor":44,"turns":3},{"damage":0,"enemies":"4 Shapes","floor":46,"turns":4},{"damage":6,"enemies":"Reptomancer","floor":47,"turns":4},{"damage":21,"enemies":"Time Eater","floor":50,"turns":8},{"damage":32,"enemies":"Awakened One","floor":51,"turns":3}],"seed_played":"-1363911770967717505","potions_obtained":[{"floor":1.0,"key":"GamblersBrew"},{"floor":7.0,"key":"Regen Potion"},{"floor":11.0,"key":"Strength Potion"},{"floor":14.0,"key":"Regen Potion"},{"floor":31,"key":"Block Potion"},{"floor":46,"key":"EssenceOfSteel"}],"is_trial":false,"path_per_floor":["M","?","M","$","M","R","E","?","T","M","M","E","?","M","R","B",null,"M","?","M","M","?","R","M","R","T","T","E","M","R","M","R","B",null,"M","$","?","M","M","R","M","?","T","?","R","M","E","?","R","B","B"],"character_chosen":"IRONCLAD","items_purchased":["MostiFishMod:KingOfFree","Dead Branch","True Grit"],"campfire_rested":2,"item_purchase_floors":[36,36,36],"current_hp_per_floor":[67,67,67,67,65,65,33,37,37,29,26,24,24,21,58,30,64,57,57,57,44,44,44,17,54,54,54,38,34,34,34,34,34,65,61,75,75,68,70,70,72,72,72,51,51,52,47,47,47,30,0,0],"gold":412,"neow_bonus":"BOSS_RELIC","is_daily":false,"chose_seed":false,"campfire_upgraded":6,"win_rate":0.0,"timestamp":1607861181,"path_taken":["M","?","M","$","M","R","E","?","T","M","M","E","?","M","R","BOSS","M","?","?","M","?","R","M","R","T","?","E","M","R","M","R","BOSS","M","$","?","M","?","R","M","?","T","?","R","M","E","?","R","BOSS","BOSS"],"items_purchased_type":["Card","Relic","Card"],"build_version":"2020-11-30","purchased_purges":1,"victory":false,"max_hp_per_floor":[75,75,75,75,75,75,75,75,75,75,75,75,75,75,75,75,75,75,75,75,75,75,75,75,75,75,75,75,75,75,75,75,75,75,75,75,75,75,75,75,75,75,75,75,75,75,75,75,75,75,75,75],"card_choices":[{"not_picked":["Reckless Charge","Hemokinesis"],"picked":"Body Slam","floor":1.0},{"not_picked":["Body Slam","Headbutt","Sentinel"],"picked":"Second Wind","floor":3.0},{"not_picked":["Flex","Body Slam","Twin Strike"],"picked":"Shrug It Off","floor":5.0},{"not_picked":["Exhume","Hemokinesis","Twin Strike"],"picked":"Burning Pact","floor":7.0},{"not_picked":["Wild Strike","Havoc","Thunderclap"],"picked":"Iron Wave","floor":8.0},{"not_picked":["Bloodletting","Clothesline","Iron Wave"],"picked":"Pommel Strike","floor":10.0},{"not_picked":["Sword Boomerang","Sentinel","True Grit"],"picked":"Shockwave","floor":11.0},{"not_picked":["Cleave","Shrug It Off","Clash"],"picked":"Fire Breathing","floor":12.0},{"not_picked":["Ghostly Armor","Cleave","Combust","Spot Weakness"],"picked":"SKIP","floor":14.0},{"not_picked":["MostiFishMod:CullingBlade","Reaper","MostiFishMod:OrdinaryWorld"],"picked":"Barricade","floor":16.0},{"not_picked":["Heavy Blade","Sword Boomerang+1","Havoc"],"picked":"Iron Wave","floor":18},{"not_picked":["Flex","Havoc+1","Spot Weakness"],"picked":"Metallicize","floor":20},{"not_picked":["Inflame","Disarm","Iron Wave"],"picked":"Pommel Strike+1","floor":21},{"not_picked":["Dual Wield","MostiFishMod:FlyOverUtopia","Wild Strike"],"picked":"Havoc","floor":24},{"not_picked":["Combust","Second Wind","Cleave","Clash"],"picked":"SKIP","floor":28},{"not_picked":["Wild Strike","Perfected Strike","Body Slam+1"],"picked":"Power Through+1","floor":29},{"not_picked":["Heavy Blade","Anger+1","Warcry","Iron Wave"],"picked":"SKIP","floor":31},{"not_picked":["Anger+1","Perfected Strike","Spot Weakness","Flex"],"picked":"SKIP","floor":35},{"not_picked":["Whirlwind","Shrug It Off","Pummel+1","Combust+1"],"picked":"SKIP","floor":38},{"not_picked":["Sword Boomerang+1","Warcry","Evolve"],"picked":"Body Slam","floor":39},{"not_picked":["Warcry","Whirlwind","Anger"],"picked":"Feel No Pain","floor":41},{"not_picked":["Reckless Charge","Shockwave","Power Through+1","Perfected Strike"],"picked":"SKIP","floor":46},{"not_picked":["Bloodletting+1","Rampage","Feel No Pain+1","Intimidate+1"],"picked":"SKIP","floor":47}],"player_experience":237596,"relics_obtained":[{"floor":1.0,"key":"Question Card"},{"floor":7.0,"key":"Regal Pillow"},{"floor":8.0,"key":"Odd Mushroom"},{"floor":9.0,"key":"MealTicket"},{"floor":12.0,"key":"Dota2Spire:CrimsonGuard"},{"floor":16.0,"key":"ImportantClient"},{"floor":26,"key":"Dota2Spire:BlackKingBar"},{"floor":27,"key":"Bottled Tornado"},{"floor":28,"key":"Dota2Spire:MonkeyKingBar"},{"floor":44,"key":"TungstenRod"},{"floor":47,"key":"Toxic Egg 2"}],"event_choices":[{"cards_removed":["Strike_R"],"damage_healed":0.0,"max_hp_gain":0.0,"max_hp_loss":0.0,"gold_gain":0.0,"event_name":"The Cleric","player_choice":"Card Removal","floor":2.0,"gold_loss":75.0,"damage_taken":0.0},{"damage_healed":0.0,"max_hp_gain":0.0,"max_hp_loss":0.0,"gold_gain":0.0,"event_name":"Mushrooms","player_choice":"Fought Mushrooms","floor":8.0,"gold_loss":0.0,"damage_taken":0.0},{"damage_healed":0.0,"max_hp_gain":0.0,"max_hp_loss":0.0,"gold_gain":30.0,"event_name":"Dead Adventurer","player_choice":"Searched \u00272\u0027 times","floor":13.0,"gold_loss":0.0,"damage_taken":0.0,"relics_obtained":["Smiling Mask"]},{"cards_removed":["Strike_R"],"damage_healed":0,"gold_gain":0,"player_choice":"Single Remove","damage_taken":0,"max_hp_gain":0,"max_hp_loss":0,"event_name":"Designer","floor":19,"gold_loss":75},{"damage_healed":0,"gold_gain":50,"player_choice":"Stole From Cult","damage_taken":0,"max_hp_gain":0,"max_hp_loss":0,"event_name":"Nest","floor":22,"gold_loss":0},{"damage_healed":0,"gold_gain":0,"player_choice":"Bought 1 Potion","damage_taken":0,"max_hp_gain":0,"max_hp_loss":0,"event_name":"The Woman in Blue","floor":37,"gold_loss":0},{"damage_healed":0,"gold_gain":0,"player_choice":"Memory 1","damage_taken":0,"max_hp_gain":0,"max_hp_loss":0,"event_name":"SensoryStone","floor":42,"gold_loss":0},{"damage_healed":0,"gold_gain":0,"player_choice":"Fight","damage_taken":0,"max_hp_gain":0,"max_hp_loss":0,"event_name":"Mysterious Sphere","floor":44,"gold_loss":0},{"cards_removed":["Metallicize"],"damage_healed":0,"gold_gain":0,"player_choice":"Removed Power","damage_taken":0,"max_hp_gain":0,"max_hp_loss":0,"event_name":"Falling","floor":48,"gold_loss":0}],"is_beta":false,"boss_relics":[{"not_picked":["SacredBark","SlaversCollar"],"picked":"TimeKeys"},{"not_picked":["DiscerningMonocle","OneHitWonderSystem"],"picked":"Runic Pyramid"}],"items_purged_floors":[36],"is_endless":false,"potions_floor_spawned":[1,7,11,14,21,31,33,35,38,44,46],"killed_by":"Awakened One","ascension_level":20}}