{"host":"hnfelxnirsihwvcb","time":1607872695,"event":{"mods":["BaseMod","Colored Map","DeckTracker","Highlight Path","Minty Spire (QoL Compilation)","Quick Restart","Relic Sorter","Relic Stats","Shop Mod","StSLib","SuperFastMode"],"gold_per_floor":[119,171,346,127,144,144,157,192,192,207,36,56,56,56,56,154,154,169,169,181,181,103,103,118,118,199,199,218,2,2,2,2,102,102,122,122,122,137,154,154,154,172,199,18,32,32,32,47,47,148,148,148,148],"floor_reached":52,"playtime":2413,"items_purged":["Doubt"],"score":875,"play_id":"1f000690-2288-42c2-a79e-5b3837d6ea24","local_time":"20201213161815","daily_mods":["SealedDeck","Binary"],"is_ascension_mode":false,"campfire_choices":[{"data":"Deadly Poison","floor":6,"key":"SMITH"},{"data":"Dash","floor":13,"key":"SMITH"},{"data":"Blade Dance","floor":15,"key":"SMITH"},{"data":"Noxious Fumes","floor":23,"key":"SMITH"},{"floor":25,"key":"REST"},{"data":"Deflect","floor":27,"key":"SMITH"},{"floor":32,"key":"REST"},{"floor":40,"key":"REST"},{"floor":49,"key":"REST"}],"circlet_count":0,"master_deck":["Blade Dance+1","Deflect","Deadly Poison+1","Dash+1","Slice","Infinite Blades","Deflect+1","Backstab","Noxious Fumes+1","Caltrops","Accuracy","Necronomicurse","Accuracy"],"relics":["Unceasing Top","Busted Crown","HandDrill","Turnip","Sundial","Medical Kit","Philosopher\u0027s Stone","Mummified Hand","Ancient Tea Set","Necronomicon","Shuriken","Fusion Hammer","Tiny Chest","Akabeko","Empty Cage"],"acts_visited":["Exordium","TheCity","TheBeyond","Exordium"],"potions_floor_usage":[8,42],"damage_taken":[{"damage":0,"enemies":"Small Slimes","floor":1,"turns":2},{"damage":2,"enemies":"Jaw Worm","floor":5,"turns":2},{"damage":0,"enemies":"Cultist","floor":7,"turns":3},{"damage":4,"enemies":"Lagavulin","floor":8,"turns":4},{"damage":0,"enemies":"2 Fungi Beasts","floor":10,"turns":2},{"damage":0,"enemies":"Blue Slaver","floor":12,"turns":2},{"damage":10,"enemies":"Hexaghost","floor":16,"turns":5},{"damage":0,"enemies":"Shell Parasite","floor":18,"turns":2},{"damage":0,"enemies":"Spheric Guardian","floor":20,"turns":2},{"damage":15,"enemies":"Snake Plant","floor":24,"turns":3},{"damage":0,"enemies":"Centurion and Healer","floor":28,"turns":3},{"damage":10,"enemies":"Collector","floor":33,"turns":4},{"damage":3,"enemies":"3 Darklings","floor":35,"turns":3},{"damage":9,"enemies":"3 Shapes","floor":38,"turns":3},{"damage":0,"enemies":"Spire Growth","floor":39,"turns":3},{"damage":0,"enemies":"4 Shapes","floor":42,"turns":3},{"damage":0,"enemies":"3 Darklings","floor":45,"turns":2},{"damage":1,"enemies":"Transient","floor":48,"turns":5},{"damage":0,"enemies":"Awakened One","floor":50,"turns":4},{"damage":0,"enemies":"Cultist","floor":52,"turns":1}],"seed_played":"-8196768481545639774","potions_obtained":[{"floor":1,"key":"Block Potion"},{"floor":5,"key":"Explosive Potion"},{"floor":7,"key":"Fire Potion"},{"floor":18,"key":"SteroidPotion"},{"floor":33,"key":"Poison Potion"},{"floor":35,"key":"PowerPotion"},{"floor":42,"key":"SmokeBomb"},{"floor":45,"key":"Regen Potion"},{"floor":48,"key":"PowerPotion"}],"is_trial":true,"path_per_floor":["M","?","?","$","M","R","M","E","T","M","$","M","R","?","R","B",null,"M","?","M","?","$","R","M","R","T","R","M","$","?","T","R","B",null,"M","?","?","M","M","R","?","M","T","$","M","?","$","M","R","B",null,"M"],"character_chosen":"THE_SILENT","items_purchased":["HandDrill","Medical Kit","Slice","Accuracy","Ancient Tea Set","Noxious Fumes","Akabeko","Accuracy"],"campfire_rested":4,"item_purchase_floors":[4,11,11,22,29,29,44,44],"current_hp_per_floor":[70,70,70,70,68,68,68,64,64,64,64,64,64,69,69,59,75,75,75,75,61,61,61,46,70,70,70,70,70,54,54,78,68,80,77,77,76,67,67,76,76,76,76,76,76,66,66,65,76,76,76,76,76],"gold":148,"neow_bonus":"","is_daily":false,"chose_seed":false,"campfire_upgraded":5,"win_rate":0.0,"timestamp":1607872695,"path_taken":["M","?","?","?","M","R","M","E","T","?","$","M","R","?","R","BOSS","M","?","M","?","$","R","M","R","T","R","M","$","?","?","R","BOSS","M","?","?","M","M","R","?","?","T","$","M","?","$","M","R","BOSS","M"],"items_purchased_type":["Relic","Relic","Card","Card","Relic","Card","Relic","Card"],"build_version":"2020-11-30","purchased_purges":1,"victory":false,"max_hp_per_floor":[70,70,70,70,70,70,70,70,70,70,70,70,70,75,75,75,75,75,75,75,80,80,80,80,80,80,80,80,80,80,80,80,80,80,80,80,76,76,76,76,76,76,76,76,76,76,76,76,76,76,76,76,76],"relic_stats":{"Busted Crown":44,"counters":[20,58],"Sundial":[22],"Mummified Hand":[29],"Shuriken":[47],"Tiny Chest":0,"Turnip":[2],"HandDrill":[32],"Necronomicon":[18],"Medical Kit":[2],"obtain_stats":[{"Medical Kit":11,"Ancient Tea Set":29,"Empty Cage":51,"Akabeko":44,"Busted Crown":0,"Sundial":9,"Mummified Hand":26,"Shuriken":31,"Philosopher\u0027s Stone":17,"Tiny Chest":43,"Turnip":8,"Fusion Hammer":34,"HandDrill":4,"Necronomicon":30,"Unceasing Top":0},{"Medical Kit":5,"Ancient Tea Set":11,"Empty Cage":19,"Akabeko":16,"Busted Crown":0,"Sundial":4,"Mummified Hand":10,"Shuriken":11,"Philosopher\u0027s Stone":7,"Tiny Chest":16,"Turnip":4,"Fusion Hammer":12,"HandDrill":1,"Necronomicon":11,"Unceasing Top":0},{"Medical Kit":13,"Ancient Tea Set":30,"Empty Cage":57,"Akabeko":46,"Busted Crown":0,"Sundial":11,"Mummified Hand":27,"Shuriken":30,"Philosopher\u0027s Stone":20,"Tiny Chest":46,"Turnip":11,"Fusion Hammer":34,"HandDrill":2,"Necronomicon":30,"Unceasing Top":0}],"Unceasing Top":[122]},"card_choices":[],"player_experience":736820,"relics_obtained":[{"floor":8,"key":"Turnip"},{"floor":9,"key":"Sundial"},{"floor":26,"key":"Mummified Hand"},{"floor":30,"key":"Necronomicon"},{"floor":31,"key":"Shuriken"},{"floor":43,"key":"Tiny Chest"}],"event_choices":[{"damage_healed":0,"gold_gain":52,"player_choice":"Gained Gold","damage_taken":0,"max_hp_gain":0,"max_hp_loss":0,"event_name":"Golden Wing","floor":2,"gold_loss":0},{"damage_healed":0,"gold_gain":175,"player_choice":"AGREE","damage_taken":0,"max_hp_gain":0,"max_hp_loss":0,"event_name":"Liars Game","floor":3,"gold_loss":0,"cards_obtained":["Doubt"]},{"damage_healed":0,"gold_gain":0,"player_choice":"Donut","damage_taken":0,"max_hp_gain":5,"max_hp_loss":0,"event_name":"Big Fish","floor":14,"gold_loss":0},{"damage_healed":0,"gold_gain":0,"player_choice":"Read","damage_taken":0,"max_hp_gain":0,"max_hp_loss":0,"event_name":"The Library","floor":19,"gold_loss":0,"cards_obtained":["Caltrops"]},{"damage_healed":0,"gold_gain":0,"player_choice":"Shed Blood","damage_taken":19,"max_hp_gain":5,"max_hp_loss":0,"event_name":"Forgotten Altar","floor":21,"gold_loss":0},{"damage_healed":0,"gold_gain":0,"player_choice":"Obtained Book","damage_taken":16,"max_hp_gain":0,"max_hp_loss":0,"event_name":"Cursed Tome","floor":30,"gold_loss":0},{"cards_removed":["Slice"],"damage_healed":0,"gold_gain":0,"player_choice":"Removed Attack","damage_taken":0,"max_hp_gain":0,"max_hp_loss":0,"event_name":"Falling","floor":36,"gold_loss":0},{"damage_healed":0,"gold_gain":0,"player_choice":"Max HP","damage_taken":0,"max_hp_gain":0,"max_hp_loss":4,"event_name":"Winding Halls","floor":37,"gold_loss":0},{"damage_healed":0,"gold_gain":0,"cards_transformed":["Backflip"],"player_choice":"Transformed","damage_taken":0,"max_hp_gain":0,"max_hp_loss":0,"event_name":"Transmorgrifier","floor":41,"gold_loss":0,"cards_obtained":["Tools of the Trade"]},{"damage_healed":0,"gold_gain":0,"player_choice":"Memory 3","damage_taken":10,"max_hp_gain":0,"max_hp_loss":0,"event_name":"SensoryStone","floor":46,"gold_loss":0}],"is_beta":false,"boss_relics":[{"not_picked":["SacredBark","Runic Dome"],"picked":"Philosopher\u0027s Stone"},{"not_picked":["SlaversCollar","Sozu"],"picked":"Fusion Hammer"},{"not_picked":["Coffee Dripper","Runic Pyramid"],"picked":"Empty Cage"}],"items_purged_floors":[4],"is_endless":true,"potions_floor_spawned":[1,5,7,18,28,33,35,42,45,48],"killed_by":"Cultist","ascension_level":0}}