{"host":"h792lphzw6wlba86","time":1607837014,"event":{"mods":["AchievementEnabler","Aspiration","Bard","BaseMod","Beaked The Cultist","Better Altar","Better Match","Better Note","Better Sensory Stone","Better Skull","Better Third Choice","BetterRewards","CCEM","Clawfect","Colored Map","Conspire","Downfall","GifTheSpireLib","Googly Eyes","Halation","Hermit","Highlight Path","Hubris","Hunter ??","Infinite Spire","Jedi Mod","Jorbs\u0027s Wanderer Trilogy","Mad Scientist","Marisa????????","Mimic Mod","Minty Spire (QoL Compilation)","Permanent Neow","Replay The Spire","Shade Mod","Shop Mod","Spicy Shops","StSLib","Stuff the Spire","The Administrix","The Blackbeard","The Bug Knight","The Construct","The Cursed","The Disciple","The Gatherer","The Hierophant","The IronCluck","The Jungle","The Mystic","The Necromancer","The Problem Sleuth","The Runesmith","The Servant 0.9.4","The Spell Scribe","The Witch","Unceasing Turn Reminder","everything is the same but u backflip on backflip","slay the spire mod where everything is the same but ironclad has a cowboy hat"],"gold_per_floor":[99,118,118,118,153,173,173,199,199,224,374,37,51,82,101,203,203,128,147,164,89,120,130,130,130,130,130,144,158,158,177,196,301,301,301,301,301,334,349,360,360,372,297,322,342,352,368,380,394,394],"floor_reached":51,"playtime":4491,"items_purged":["Guardian:Strike_Guardian"],"score":878,"play_id":"32f31510-7045-4ff0-8fc0-fc99245db0fc","local_time":"20201212232334","is_ascension_mode":false,"campfire_choices":[{"data":"Guardian:TwinSlam","floor":1.0,"key":"SMITH"},{"data":"Guardian:Clone","floor":4.0,"key":"SMITH"},{"floor":9,"key":"REST"},{"floor":18,"key":"RECALL"},{"data":"Guardian:DonusPower","floor":21,"key":"SMITH"},{"data":"Guardian:CurlUp","floor":27,"key":"SMITH"},{"data":"Guardian:TimeCapacitor","floor":35,"key":"SMITH"},{"data":"Guardian:Preprogram","floor":37,"key":"SMITH"},{"data":"Guardian:SpikerProtocol","floor":43,"key":"SMITH"}],"circlet_count":0,"master_deck":["Guardian:CurlUp+1","Guardian:TwinSlam+1","Guardian:Clone+1","Guardian:Repulse","Guardian:VentSteam","Guardian:PiercingHide","Guardian:ChargeCore","Guardian:DonusPower+1","Guardian:ShieldSpikes+1","Guardian:TemporalShield","Guardian:ChargeUp+1","Guardian:ShieldCharger+1","Guardian:PrimingBeam","Guardian:FloatingOrbs","Guardian:TimeCapacitor+1","Guardian:SpikerProtocol+1","Guardian:Clone+1","Guardian:DecasProtection+1","Guardian:Preprogram+1","Guardian:PrismaticBeam+1","Guardian:Gem_White","Guardian:BronzeArmor+1","Guardian:BronzeArmor+1","Parasite","Guardian:ChargeUp"],"relics":["Guardian:ModeShifter","aspiration:EmptySkull","CCEMRelics:TinyMinotavrHorn","FossilizedHelix","PreservedInsect","halation:Toothbrush","CCEMRelics:CocoNut","Strawberry","Pandora\u0027s Box","downfall:HeartBlessingGreen","downfall:HeartBlessingRed","Bag of Marbles","Matryoshka","Replay:Fungal Core","InkBottle","StuffTheSpire:Mouthbags","downfall:HeartBlessingBlue","War Paint"],"acts_visited":["Exordium","TheCity","TheBeyond"],"potions_floor_usage":[5],"damage_taken":[{"damage":2.0,"enemies":"2 Louse","floor":2.0,"turns":3.0},{"damage":16,"enemies":"Gremlin Nob","floor":5,"turns":4},{"damage":3,"enemies":"Small Slimes","floor":6,"turns":4},{"damage":31,"enemies":"3 Sentries","floor":8,"turns":10},{"damage":18,"enemies":"Lagavulin","floor":10,"turns":4},{"damage":4,"enemies":"downfall:FleeingMerchant","floor":12,"turns":4},{"damage":0,"enemies":"Jaw Worm","floor":13,"turns":3},{"damage":0,"enemies":"Large Slime","floor":14,"turns":6},{"damage":4,"enemies":"Large Slime","floor":15,"turns":6},{"damage":15,"enemies":"downfall:Watcher","floor":16,"turns":10},{"damage":0,"enemies":"Spheric Guardian","floor":19,"turns":4},{"damage":0,"enemies":"Chosen","floor":20,"turns":6},{"damage":12,"enemies":"Gremlin Leader","floor":22,"turns":5},{"damage":0,"enemies":"Snecko","floor":23,"turns":4},{"damage":8,"enemies":"Centurion and Healer","floor":28,"turns":4},{"damage":26,"enemies":"Chosen and Byrds","floor":29,"turns":5},{"damage":0,"enemies":"3 Cultists","floor":31,"turns":4},{"damage":5,"enemies":"Centurion and Healer","floor":32,"turns":5},{"damage":6,"enemies":"downfall:Defect","floor":33,"turns":6},{"damage":0,"enemies":"HollowMod:StalkingDevout","floor":38,"turns":4},{"damage":4,"enemies":"3 Shapes","floor":39,"turns":4},{"damage":12,"enemies":"3 Darklings","floor":40,"turns":4},{"damage":12,"enemies":"4 Shapes","floor":42,"turns":5},{"damage":12,"enemies":"Nemesis","floor":44,"turns":5},{"damage":11,"enemies":"Maw","floor":45,"turns":5},{"damage":0,"enemies":"Sphere and 2 Shapes","floor":46,"turns":4},{"damage":0,"enemies":"3 Darklings","floor":47,"turns":3},{"damage":0,"enemies":"Spire Growth","floor":48,"turns":4},{"damage":0,"enemies":"Writhing Mass","floor":49,"turns":5},{"damage":17,"enemies":"downfall:Silent","floor":50,"turns":8}],"seed_played":"-2452554876863134879","potions_obtained":[{"floor":2.0,"key":"FearPotion"},{"floor":6,"key":"Energy Potion"},{"floor":16,"key":"jedi:tentaclejuice"},{"floor":23,"key":"Guardian:AcceleratePotion"},{"floor":31,"key":"Toxic Potion"},{"floor":45,"key":"DuplicationPotion"}],"is_trial":false,"path_per_floor":["R","M","?","R","E","M","T","E","R","E","?","$","M","MIM","M","B",null,"R","M","M","R","E","M","T","?","?","R","M","M","?","M","M","B",null,"R","?","R","E","M","M","T","M","R","E","M","M","M","M","M","B",null],"character_chosen":"GUARDIAN","items_purchased":["CCEMRelics:CocoNut"],"campfire_rested":1,"item_purchase_floors":[12],"current_hp_per_floor":[80,78,78,78,62,59,59,28,52,34,34,38,38,45,41,26,95,107,107,107,107,95,95,95,98,98,98,90,64,70,70,65,59,116,116,116,116,116,112,100,103,91,110,98,87,87,87,87,87,70],"gold":394,"neow_bonus":"RANDOM_COMMON_RELIC","is_daily":false,"chose_seed":false,"campfire_upgraded":7,"win_rate":0.0,"timestamp":1607837014,"path_taken":["R","M","?","R","E","M","T","E","R","E","?","?","M","?","M","BOSS","R","M","M","R","E","M","T","?","?","R","?","M","?","?","M","BOSS","R","?","R","E","?","?","T","M","R","E","M","M","?","?","M","BOSS"],"items_purchased_type":["Relic"],"build_version":"2020-11-30","purchased_purges":1,"victory":true,"max_hp_per_floor":[80,80,80,80,80,80,80,80,80,80,80,88,88,95,95,95,95,107,107,107,107,107,107,107,110,110,110,110,110,116,116,116,116,116,116,116,116,116,116,116,119,119,138,138,138,138,138,138,138,138],"card_choices":[{"not_picked":["Guardian:WalkerClaw","Guardian:Planning"],"picked":"Guardian:Clone","floor":2.0},{"not_picked":["Guardian:SentryBeam","Guardian:TimeBomb"],"picked":"Guardian:Repulse","floor":5},{"not_picked":["Guardian:Preprogram","Guardian:PiercingHide"],"picked":"Guardian:Gem_White","floor":6},{"not_picked":["Guardian:TemporalStrike","Guardian:Gem_Cyan"],"picked":"Guardian:VentSteam","floor":8},{"not_picked":["Guardian:Planning","Guardian:ConstructionForm"],"picked":"Guardian:Gem_Green","floor":10},{"not_picked":["Guardian:RollAttack","Guardian:Incinerate"],"picked":"Guardian:PiercingHide","floor":12},{"not_picked":["Guardian:ArmoredProtocol","Guardian:WalkerClaw"],"picked":"Guardian:Preprogram","floor":13},{"not_picked":["Guardian:GuardianWhirl","Guardian:Gem_Green"],"picked":"Guardian:Gem_Lightblue","floor":14},{"not_picked":["Guardian:Suspension","Guardian:Incinerate"],"picked":"Guardian:Gem_Red","floor":15},{"not_picked":["Guardian:ExploitGems","Guardian:StasisStrike"],"picked":"Guardian:Gem_Orange","floor":16},{"not_picked":["Guardian:Gem_Lightblue","Guardian:Gem_Green"],"picked":"Guardian:TemporalShield","floor":19},{"not_picked":["Guardian:Suspension","Guardian:Preprogram"],"picked":"Guardian:ChargeUp","floor":20},{"not_picked":["Guardian:SphericShield","Guardian:TemporalShield","Guardian:Emergency"],"picked":"SKIP","floor":22},{"not_picked":["Guardian:Gem_Lightblue","Guardian:DecasProtection"],"picked":"Guardian:ShieldCharger+1","floor":23},{"not_picked":["Guardian:Emergency+1","Guardian:ShieldCharger"],"picked":"Guardian:PrimingBeam","floor":28},{"not_picked":["Guardian:VentSteam+1","Guardian:Planning","Guardian:ShieldSpikes"],"picked":"SKIP","floor":29},{"not_picked":["Guardian:RollAttack","Guardian:ChargeCore"],"picked":"Guardian:FloatingOrbs","floor":31},{"not_picked":["Guardian:Suspension","Guardian:RollAttack"],"picked":"Guardian:TimeCapacitor","floor":32},{"not_picked":["Guardian:TimeSifter","Guardian:StasisField"],"picked":"Guardian:Gem_Synthetic","floor":33},{"not_picked":["Guardian:PolyBeam+1","Guardian:TemporalStrike+1"],"picked":"Guardian:SpikerProtocol","floor":38},{"not_picked":["Guardian:Incinerate","Guardian:RollAttack+1"],"picked":"Guardian:Clone+1","floor":39},{"not_picked":["Guardian:Gem_Lightblue","Guardian:PrimingBeam"],"picked":"Guardian:DecasProtection+1","floor":40},{"not_picked":["Guardian:Gem_Fragmented","Guardian:SpikerProtocol"],"picked":"Guardian:PrismaticBeam+1","floor":42},{"not_picked":["Guardian:VentSteam+1","Guardian:Emergency+1","Guardian:WalkerClaw+1"],"picked":"SKIP","floor":44},{"not_picked":["Guardian:Gem_Green","Guardian:ShieldCharger","Guardian:StasisStrike"],"picked":"SKIP","floor":45},{"not_picked":["Guardian:DonusPower","Guardian:Gem_Cyan"],"picked":"Guardian:Gem_White","floor":46},{"not_picked":["Guardian:CrystalBeam+1","Guardian:SentryBeam+1"],"picked":"Guardian:BronzeArmor+1","floor":47},{"not_picked":["Guardian:Recover+1","Guardian:Incinerate"],"picked":"Guardian:BronzeArmor+1","floor":48},{"not_picked":["Guardian:TemporalShield","Guardian:ShieldCharger"],"picked":"Guardian:ChargeUp","floor":49}],"player_experience":581856,"relics_obtained":[{"floor":5,"key":"CCEMRelics:TinyMinotavrHorn"},{"floor":7,"key":"FossilizedHelix"},{"floor":8,"key":"PreservedInsect"},{"floor":10,"key":"halation:Toothbrush"},{"floor":14,"key":"Strawberry"},{"floor":22,"key":"Bag of Marbles"},{"floor":24,"key":"Matryoshka"},{"floor":38,"key":"InkBottle"},{"floor":41,"key":"StuffTheSpire:Mouthbags"},{"floor":44,"key":"War Paint"}],"event_choices":[{"cards_removed":["Guardian:Strike_Guardian"],"damage_healed":0.0,"max_hp_gain":0.0,"max_hp_loss":0.0,"gold_gain":0.0,"event_name":"The Cleric","player_choice":"Card Removal","floor":3.0,"gold_loss":0.0,"damage_taken":0.0},{"cards_removed":["Guardian:SphericShield"],"damage_healed":0,"gold_gain":0,"player_choice":"Purged","damage_taken":0,"max_hp_gain":0,"max_hp_loss":0,"event_name":"Purifier","floor":25,"gold_loss":0},{"damage_healed":0,"gold_gain":0,"player_choice":"Ignored","damage_taken":0,"max_hp_gain":0,"max_hp_loss":0,"event_name":"betterNote:BetterNote","floor":26,"gold_loss":0,"cards_obtained":["Bludgeon"]}],"is_beta":false,"boss_relics":[{"not_picked":["halation:Prosthetics","hubris:TerracottaHorce"],"picked":"Pandora\u0027s Box"},{"not_picked":["hubris:BlackHole","Guardian:ModeShifterPlus"],"picked":"Replay:Fungal Core"}],"items_purged_floors":[12],"is_endless":false,"potions_floor_spawned":[2,6,16,23,28,31,39,40,45,48,49],"ascension_level":0}}