{"host":"u2dm6glrpyjr66v9","time":1607855453,"event":{"mods":["AchievementEnabler","BaseMod","CapriCore","Colored Map","Colored Powertips","DeckTracker","Friendly Minions","Minty Spire (QoL Compilation)","Quick Restart","StSLib","SuperFastMode","The Immortal"],"gold_per_floor":[115,115,115,128,140,140,158,184,211,211,211,221,256,256,256,356,356,371,371,286,57,43,43,43,43,43,53,23,48,60,60,60,60,60],"floor_reached":33,"playtime":767,"items_purged":[],"score":273,"play_id":"ed356931-987a-4cc6-9e49-af71efc66a59","local_time":"20201213193053","is_ascension_mode":false,"campfire_choices":[{"data":"Poisoned Stab","floor":11,"key":"SMITH"},{"floor":15,"key":"REST"},{"floor":23,"key":"RECALL"},{"floor":32,"key":"REST"}],"circlet_count":0,"master_deck":["Strike_G","Strike_G","Strike_G","Strike_G","Strike_G","Defend_G","Defend_G","Defend_G","Defend_G","Survivor","Neutralize","Deadly Poison","Poisoned Stab+1","Catalyst","Crippling Poison+1","RitualDagger","Crippling Poison","Backstab","Poisoned Stab"],"relics":["Ring of the Snake","NeowsBlessing","PreservedInsect","Juzu Bracelet","Orichalcum","The Courier","Sozu","Dream Catcher","Incense Burner","Question Card"],"acts_visited":["Exordium","TheCity"],"potions_floor_usage":[13,13],"damage_taken":[{"damage":0,"enemies":"2 Louse","floor":1,"turns":1},{"damage":0,"enemies":"Small Slimes","floor":4,"turns":1},{"damage":0,"enemies":"Cultist","floor":5,"turns":1},{"damage":2,"enemies":"Looter","floor":7,"turns":4},{"damage":14,"enemies":"Gremlin Nob","floor":8,"turns":4},{"damage":12,"enemies":"Lots of Slimes","floor":12,"turns":5},{"damage":12,"enemies":"Lagavulin","floor":13,"turns":5},{"damage":28,"enemies":"The Guardian","floor":16,"turns":9},{"damage":15,"enemies":"3 Byrds","floor":18,"turns":6},{"damage":14,"enemies":"2 Thieves","floor":22,"turns":4},{"damage":0,"enemies":"Snake Plant","floor":27,"turns":3},{"damage":11,"enemies":"Book of Stabbing","floor":29,"turns":4},{"damage":5,"enemies":"Snecko","floor":30,"turns":4},{"damage":83,"enemies":"Collector","floor":33,"turns":6}],"seed_played":"-3502929792677457752","potions_obtained":[{"floor":4,"key":"FairyPotion"},{"floor":5,"key":"PowerPotion"},{"floor":7,"key":"Regen Potion"},{"floor":16,"key":"Energy Potion"}],"is_trial":false,"path_per_floor":["M","?","?","M","M","$","M","E","T","?","R","M","E","?","R","B",null,"M","?","?","$","M","R","?","?","T","M","$","E","M","?","R","B"],"character_chosen":"THE_SILENT","items_purchased":["Incense Burner","Crippling Poison"],"campfire_rested":2,"item_purchase_floors":[21,28],"current_hp_per_floor":[70,45,70,70,70,70,68,54,54,54,54,42,44,37,58,30,70,55,55,55,55,41,41,35,35,35,35,35,24,19,19,40,0,0],"gold":60,"neow_bonus":"THREE_ENEMY_KILL","is_daily":false,"chose_seed":false,"campfire_upgraded":1,"win_rate":0.0,"timestamp":1607855453,"path_taken":["M","?","?","M","?","$","M","E","T","?","R","M","E","?","R","BOSS","M","?","?","$","M","R","?","?","T","M","?","E","M","?","R","BOSS"],"items_purchased_type":["Relic","Card"],"build_version":"2020-11-30","purchased_purges":0,"victory":false,"max_hp_per_floor":[70,70,70,70,70,70,70,70,70,70,70,70,70,70,70,70,70,70,70,70,70,70,70,70,70,70,70,70,70,70,70,70,70,70],"card_choices":[{"not_picked":["Sucker Punch","Tactician"],"picked":"Deflect","floor":1},{"not_picked":["Setup","Outmaneuver"],"picked":"Deadly Poison","floor":4},{"not_picked":["Quick Slash","Skewer","Eviscerate"],"picked":"SKIP","floor":5},{"not_picked":["All Out Attack","Dagger Spray"],"picked":"Poisoned Stab","floor":7},{"not_picked":["Footwork","Reflex"],"picked":"Catalyst","floor":8},{"not_picked":["Flying Knee","Dash","Expertise"],"picked":"SKIP","floor":12},{"not_picked":["Deflect","Setup","Masterful Stab"],"picked":"SKIP","floor":13},{"not_picked":["Choke","Predator"],"picked":"Crippling Poison+1","floor":18},{"not_picked":["Masterful Stab","Blade Dance","Quick Slash"],"picked":"SKIP","floor":22},{"not_picked":["Dagger Throw","Blur","Flechettes+1"],"picked":"SKIP","floor":27},{"not_picked":["Escape Plan","Slice"],"picked":"Backstab","floor":29},{"not_picked":["Reflex","Distraction+1","Deadly Poison"],"picked":"Poisoned Stab","floor":30}],"player_experience":52411,"relics_obtained":[{"floor":8,"key":"Juzu Bracelet"},{"floor":9,"key":"Orichalcum"},{"floor":13,"key":"The Courier"},{"floor":29,"key":"Question Card"}],"event_choices":[{"damage_healed":0,"gold_gain":0,"player_choice":"Success","damage_taken":25,"relics_obtained":["PreservedInsect"],"max_hp_gain":0,"max_hp_loss":0,"event_name":"Scrap Ooze","floor":2,"gold_loss":0},{"damage_healed":25,"gold_gain":0,"player_choice":"Full Heal","damage_taken":0,"max_hp_gain":0,"max_hp_loss":0,"event_name":"Wheel of Change","floor":3,"gold_loss":0},{"damage_healed":0,"gold_gain":0,"cards_transformed":["Deflect"],"player_choice":"Transformed","damage_taken":0,"max_hp_gain":0,"max_hp_loss":0,"event_name":"Transmorgrifier","floor":10,"gold_loss":0,"cards_obtained":["Finisher"]},{"cards_removed":["Finisher"],"damage_healed":0,"gold_gain":0,"player_choice":"Card Removal","damage_taken":7,"max_hp_gain":0,"max_hp_loss":0,"event_name":"Golden Wing","floor":14,"gold_loss":0},{"damage_healed":0,"gold_gain":0,"player_choice":"Ignored","damage_taken":0,"max_hp_gain":0,"max_hp_loss":0,"event_name":"Ghosts","floor":19,"gold_loss":0},{"damage_healed":0,"gold_gain":0,"player_choice":"Obtained Relic","damage_taken":0,"relics_obtained":["Dream Catcher"],"max_hp_gain":0,"max_hp_loss":0,"event_name":"Addict","floor":20,"gold_loss":85},{"damage_healed":0,"gold_gain":0,"player_choice":"Joined the Cult","damage_taken":6,"max_hp_gain":0,"max_hp_loss":0,"event_name":"Nest","floor":24,"gold_loss":0,"cards_obtained":["RitualDagger"]},{"cards_removed":["Defend_G"],"damage_healed":0,"gold_gain":0,"player_choice":"Card Removal","damage_taken":0,"max_hp_gain":0,"max_hp_loss":0,"event_name":"Wheel of Change","floor":25,"gold_loss":0},{"damage_healed":0,"gold_gain":0,"player_choice":"Ignored","damage_taken":0,"max_hp_gain":0,"max_hp_loss":0,"event_name":"Vampires","floor":31,"gold_loss":0}],"is_beta":false,"boss_relics":[{"not_picked":["SlaversCollar","Velvet Choker"],"picked":"Sozu"}],"items_purged_floors":[],"is_endless":false,"potions_floor_spawned":[4,5,7,16,18,22,27],"killed_by":"Collector","ascension_level":0}}