{"host":"cwd5s03r1oaxs6mx","time":1607851200,"event":{"mods":["Act Like it!","BaseMod","Better Third Choice","BetterRewards","CapriCore","Card Filter","Colored Map","Custom Start","DeckTracker","Friendly Minions","Hubris","Infinite Spire","Minty Spire (QoL Compilation)","Quick Restart","Relic Stats","Shop Mod","Spicy Shops","StSLib","SuperFastMode"],"gold_per_floor":[109,127,139,158,171,200,200,225,225,225,49,49,49],"floor_reached":12,"playtime":360,"items_purged":["Strike_B"],"score":180,"play_id":"0cc01768-9adb-4557-bc3d-fa40850924c1","local_time":"20201213182000","is_ascension_mode":true,"campfire_choices":[{"floor":7,"key":"REST"},{"data":"Defragment","floor":10,"key":"SMITH"}],"circlet_count":0,"master_deck":["AscendersBane","Strike_B","Strike_B","Strike_B","Defend_B","Defend_B","Defend_B","Defend_B","Zap","Dualcast","Defragment+1","Lockon","Ball Lightning","Glacier","Redo"],"relics":["Cracked Core","Membership Card","hubris:BallOfYels","Centennial Puzzle","Girya","Bottled Lightning","infinitespire:Eraser"],"acts_visited":["Exordium"],"potions_floor_usage":[6,6],"damage_taken":[{"damage":14.0,"enemies":"infinitespire:Voidling","floor":1.0,"turns":2.0},{"damage":2.0,"enemies":"Jaw Worm","floor":2.0,"turns":2.0},{"damage":12.0,"enemies":"Small Slimes","floor":3.0,"turns":2.0},{"damage":12.0,"enemies":"Red Slaver","floor":4.0,"turns":4.0},{"damage":2,"enemies":"Exordium Wildlife","floor":5,"turns":4},{"damage":19,"enemies":"Nightmare","floor":6,"turns":10},{"damage":10,"enemies":"Lagavulin","floor":8,"turns":6},{"damage":16,"enemies":"Gremlin Nob","floor":12,"turns":2}],"seed_played":"-3546868598228155253","potions_obtained":[{"floor":2.0,"key":"EssenceOfSteel"},{"floor":4,"key":"FocusPotion"},{"floor":6,"key":"AttackPotion"}],"is_trial":false,"path_per_floor":["M","M","M","M","M","NM","R","E","T","R","$","E"],"character_chosen":"DEFECT","items_purchased":["Membership Card","Defragment","Lockon","hubris:BallOfYels","Ball Lightning","infinitespire:Eraser"],"campfire_rested":1,"item_purchase_floors":[0,0,0,0,0,11],"current_hp_per_floor":[50,48,36,24,22,3,24,14,14,14,14,0,0],"gold":49,"neow_bonus":"","is_daily":false,"chose_seed":false,"campfire_upgraded":1,"win_rate":0.0,"timestamp":1607851200,"path_taken":["M","M","M","M","M","NM","R","E","T","R","$","E"],"items_purchased_type":["Relic","Card","Card","Relic","Card","Relic"],"build_version":"2020-11-30","purchased_purges":1,"victory":false,"max_hp_per_floor":[71,71,71,71,71,71,71,71,71,71,71,71,71],"relic_stats":{"Centennial Puzzle":[6],"counters":[22,120],"obtain_stats":[{"hubris:MobiusCoin":12,"hubris:BallOfYels":0,"Girya":8,"Oddly Smooth Stone":8,"hubris:VirtuousBlindfold":17,"infinitespire:Joker Card":3,"Smiling Mask":0,"Nunchaku":28,"Centennial Puzzle":6,"hubris:Icosahedron":7,"Membership Card":0,"Bottled Lightning":9,"infinitespire:Eraser":11,"Cracked Core":0,"InkBottle":26,"hubris:NiceRug":0},{"hubris:MobiusCoin":7,"hubris:BallOfYels":14,"Girya":21,"Oddly Smooth Stone":5,"hubris:VirtuousBlindfold":10,"infinitespire:Joker Card":3,"Smiling Mask":0,"Nunchaku":14,"Centennial Puzzle":20,"hubris:Icosahedron":4,"Membership Card":2,"Bottled Lightning":21,"infinitespire:Eraser":21,"Cracked Core":0,"InkBottle":13,"hubris:NiceRug":0},{"hubris:MobiusCoin":33,"hubris:BallOfYels":86,"Girya":116,"Oddly Smooth Stone":21,"hubris:VirtuousBlindfold":59,"infinitespire:Joker Card":13,"Smiling Mask":0,"Nunchaku":86,"Centennial Puzzle":110,"hubris:Icosahedron":16,"Membership Card":8,"Bottled Lightning":116,"infinitespire:Eraser":116,"Cracked Core":0,"InkBottle":75,"hubris:NiceRug":0}]},"card_choices":[{"not_picked":["Ball Lightning","Rip and Tear","Doom and Gloom"],"picked":"SKIP","floor":1.0},{"not_picked":["Ball Lightning","Turbo"],"picked":"Glacier","floor":2.0},{"not_picked":["Stack","Chaos","Steam Power"],"picked":"SKIP","floor":3.0},{"not_picked":["Sweeping Beam","Storm","Streamline"],"picked":"SKIP","floor":4},{"not_picked":["Ball Lightning","Conserve Battery"],"picked":"Redo","floor":5},{"not_picked":["Lockon","Doom and Gloom","Conserve Battery"],"picked":"SKIP","floor":6},{"not_picked":["Scrape","Rebound","Undo"],"picked":"SKIP","floor":8}],"player_experience":895917,"relics_obtained":[{"floor":6,"key":"Centennial Puzzle"},{"floor":8,"key":"Girya"},{"floor":9,"key":"Bottled Lightning"}],"event_choices":[],"is_beta":false,"boss_relics":[],"items_purged_floors":[11],"is_endless":false,"potions_floor_spawned":[2,4,5,6],"killed_by":"Gremlin Nob","ascension_level":20}}