{"host":"ljavmhyz2e552xgo","time":1607849105,"event":{"mods":["BaseMod","Better Third Choice","Downfall","Friendly Minions","Minty Spire (QoL Compilation)","Permanent Neow","Spicy Shops","StSLib"],"gold_per_floor":[99,119,131,56,56,74,99,116,116,116,129,139,139,149,168,265,265,265,290,302,302,402,402,402,327,344,344,344],"floor_reached":27,"playtime":1944,"items_purged":[],"score":225,"play_id":"8c0e11a9-464d-4e66-bdc0-bdfc5a4bd415","local_time":"20201213024505","is_ascension_mode":false,"campfire_choices":[{"floor":1,"key":"RECALL"},{"data":"hexamod:SwordOfDarkness","floor":4,"key":"SMITH"},{"floor":10,"key":"REST"},{"data":"hexamod:NecessarySacrifice","floor":18,"key":"SMITH"},{"data":"hexamod:RadiantFlame","floor":23,"key":"SMITH"},{"data":"hexamod:TimeOfNeed","floor":25,"key":"SMITH"}],"circlet_count":0,"master_deck":["hexamod:Strike","hexamod:Strike","hexamod:Strike","hexamod:Defend","hexamod:Defend","hexamod:Defend","hexamod:Defend","hexamod:Sear","hexamod:Float","hexamod:NightmareStrike","hexamod:SwordOfDarkness+1","hexamod:BurningTouch","hexamod:NecessarySacrifice+1","hexamod:FirstSeal","hexamod:ExtraCrispy","hexamod:ThermalTransfer","hexamod:PhantomFireball","hexamod:RadiantFlame+1","hexamod:TimeOfNeed+1","hexamod:EtherealExpedition"],"relics":["hexamod:SpiritBrand","WingedGreaves","downfall:HeartBlessingRed","Dream Catcher","Busted Crown","Mercury Hourglass","downfall:RedIOU","Du-Vu Doll","The Courier","downfall:HeartBlessingBlue"],"acts_visited":["Exordium","TheCity"],"potions_floor_usage":[16,22,26,27,27],"damage_taken":[{"damage":0,"enemies":"2 Louse","floor":2,"turns":4},{"damage":2,"enemies":"Small Slimes","floor":3,"turns":4},{"damage":0,"enemies":"Cultist","floor":6,"turns":2},{"damage":12,"enemies":"Blue Slaver","floor":8,"turns":2},{"damage":1,"enemies":"2 Fungi Beasts","floor":11,"turns":3},{"damage":5,"enemies":"3 Louse","floor":12,"turns":3},{"damage":2,"enemies":"Exordium Wildlife","floor":14,"turns":6},{"damage":7,"enemies":"Red Slaver","floor":15,"turns":3},{"damage":50,"enemies":"downfall:Ironclad","floor":16,"turns":9},{"damage":22,"enemies":"Gremlin Leader","floor":19,"turns":7},{"damage":0,"enemies":"Shell Parasite","floor":20,"turns":4},{"damage":10,"enemies":"Colosseum Nobs","floor":22,"turns":3},{"damage":15,"enemies":"Cultist and Chosen","floor":26,"turns":6},{"damage":54,"enemies":"Book of Stabbing","floor":27,"turns":5}],"seed_played":"-219741823788057028","potions_obtained":[{"floor":2,"key":"Fire Potion"},{"floor":3,"key":"SteroidPotion"},{"floor":8,"key":"Regen Potion"},{"floor":15,"key":"Strength Potion"},{"floor":22,"key":"SpeedPotion"},{"floor":26,"key":"sneckomod:MuddlingPotion"}],"is_trial":false,"path_per_floor":["R","M","M","R","?","M","T","M","?","R","M","M","?","M","M","B",null,"R","E","M","?","?","R","T","R","M","E"],"character_chosen":"THE_SPIRIT","items_purchased":[],"campfire_rested":1,"item_purchase_floors":[],"current_hp_per_floor":[49,49,47,47,35,35,35,23,23,44,50,52,52,57,50,22,70,70,55,62,62,52,52,52,62,54,0,0],"gold":344,"neow_bonus":"ONE_RARE_RELIC","is_daily":false,"chose_seed":false,"campfire_upgraded":4,"win_rate":0.0,"timestamp":1607849105,"path_taken":["R","M","M","R","?","M","T","M","?","R","M","?","?","M","M","BOSS","R","E","M","?","?","R","T","R","M","E"],"items_purchased_type":[],"build_version":"2020-11-30","purchased_purges":0,"victory":false,"max_hp_per_floor":[70,70,70,70,70,70,70,70,70,70,70,70,70,70,70,70,70,70,70,70,70,70,70,70,80,80,80,80],"card_choices":[{"not_picked":["hexamod:GhostLash","hexamod:ShieldOfDarkness"],"picked":"hexamod:NightmareStrike","floor":2},{"not_picked":["hexamod:GhostLash","hexamod:Firestarter"],"picked":"hexamod:SwordOfDarkness","floor":3},{"not_picked":["hexamod:BacktrackSmack","hexamod:HeatShield"],"picked":"hexamod:BurningTouch","floor":6},{"not_picked":["hexamod:RecurringNightmare","hexamod:RainOfEmbers"],"picked":"hexamod:NecessarySacrifice","floor":8},{"not_picked":["hexamod:BacktrackSmack","hexamod:RecurringNightmare"],"picked":"hexamod:FirstSeal","floor":10},{"not_picked":["hexamod:InspiringFlames","hexamod:HauntingEcho"],"picked":"hexamod:ExtraCrispy","floor":11},{"not_picked":["hexamod:ExtraCrispy","hexamod:FifthSeal"],"picked":"hexamod:ThermalTransfer","floor":12},{"not_picked":["hexamod:Firestarter","hexamod:GhostLash"],"picked":"hexamod:PhantomFireball","floor":14},{"not_picked":["hexamod:GhostShield","hexamod:RainOfEmbers"],"picked":"hexamod:RadiantFlame","floor":15},{"not_picked":["hexamod:SixthSeal","hexamod:ParanormalForm"],"picked":"hexamod:TimeOfNeed","floor":16},{"not_picked":["hexamod:NightmareStrike"],"picked":"SKIP","floor":19},{"not_picked":[],"picked":"hexamod:EtherealExpedition","floor":22}],"player_experience":1392652,"relics_obtained":[{"floor":7,"key":"Ancient Tea Set"},{"floor":19,"key":"Mercury Hourglass"},{"floor":22,"key":"Du-Vu Doll"},{"floor":22,"key":"The Courier"}],"event_choices":[{"damage_healed":0,"gold_gain":0,"player_choice":"Relic ","damage_taken":12,"max_hp_gain":0,"max_hp_loss":0,"event_name":"betterThird:BetterScrap","floor":5,"gold_loss":0,"cards_obtained":["Well Laid Plans"]},{"damage_healed":0,"gold_gain":0,"player_choice":"Ignored","damage_taken":0,"max_hp_gain":0,"max_hp_loss":0,"event_name":"NoteForYourself","floor":9,"gold_loss":0},{"cards_removed":["hexamod:Strike"],"damage_healed":0,"gold_gain":0,"player_choice":"Card Removal","damage_taken":0,"max_hp_gain":0,"max_hp_loss":0,"event_name":"The Cleric","floor":13,"gold_loss":0}],"is_beta":false,"boss_relics":[{"not_picked":["Tiny House","Velvet Choker"],"picked":"Busted Crown"}],"items_purged_floors":[],"is_endless":false,"potions_floor_spawned":[2,3,8,14,15,22,26],"killed_by":"Book of Stabbing","ascension_level":0}}