{"host":"qw1m3zcvi888b4j7","time":1607821708,"event":{"mods":["AchievementEnabler","BaseMod","Block Reminder","Colored Map","Colored Powertips","Highlight Path","Minty Spire (QoL Compilation)","Quick Restart","Relic Stats"],"gold_per_floor":[116,132,132,203,218,218,243,14,14,27,47,47,47,60,60,165,165,175,195,195,213,23,23,55,55,55,55,72,90,90,104,104,201,201,218,218,29,44,57,91,91,117,117,417,432,450,476,476,476,476,476],"floor_reached":50,"playtime":3813,"items_purged":["Shame"],"score":704,"play_id":"94cb3ab1-a6fe-403e-bc97-0c1962d557e7","local_time":"20201213020828","is_ascension_mode":false,"campfire_choices":[{"data":"Zap","floor":6,"key":"SMITH"},{"data":"Redo","floor":12,"key":"SMITH"},{"data":"Dualcast","floor":15,"key":"SMITH"},{"data":"Double Energy","floor":23,"key":"SMITH"},{"data":"Self Repair","floor":25,"key":"SMITH"},{"data":"Go for the Eyes","floor":27,"key":"SMITH"},{"data":"Scrape","floor":32,"key":"SMITH"},{"floor":41,"key":"REST"},{"data":"Doom and Gloom","floor":49,"key":"SMITH"}],"circlet_count":0,"master_deck":["Strike_B","Strike_B","Strike_B","Strike_B","Defend_B","Defend_B","Defend_B","Defend_B","Zap+1","Dualcast+1","All For One","Self Repair+1","Scrape+1","Conserve Battery","Ball Lightning","Doom and Gloom+1","Redo+1","Conserve Battery","BootSequence","Auto Shields","Echo Form+1","Skim+1","Cold Snap+1","Double Energy+1","FTL+1","Consume","Go for the Eyes+1","Stack+1","Lockon+1","Leap+1","Creative AI+1","Genetic Algorithm+1","Madness","Madness","Self Repair+1","Beam Cell+1","Darkness+1","Buffer+1","Reprogram+1","Steam Power+1","Defragment+1","BootSequence","Pain"],"relics":["Cracked Core","FossilizedHelix","Boot","Bag of Marbles","Frozen Egg 2","Toy Ornithopter","SlaversCollar","Darkstone Periapt","Bronze Scales","Torii","Centennial Puzzle","Runic Pyramid","Medical Kit","Eternal Feather","Whetstone","CaptainsWheel","Old Coin","Happy Flower","WarpedTongs"],"acts_visited":["Exordium","TheCity","TheBeyond"],"potions_floor_usage":[16,16,16,24,24,24,31,40,40,45,50],"damage_taken":[{"damage":1,"enemies":"2 Louse","floor":1,"turns":3},{"damage":8,"enemies":"Jaw Worm","floor":2,"turns":4},{"damage":0,"enemies":"Cultist","floor":5,"turns":4},{"damage":22,"enemies":"3 Sentries","floor":7,"turns":6},{"damage":7,"enemies":"Exordium Wildlife","floor":10,"turns":4},{"damage":0,"enemies":"Lots of Slimes","floor":11,"turns":1},{"damage":0,"enemies":"2 Fungi Beasts","floor":14,"turns":2},{"damage":0,"enemies":"Hexaghost","floor":16,"turns":5},{"damage":13,"enemies":"Spheric Guardian","floor":18,"turns":4},{"damage":0,"enemies":"Chosen","floor":19,"turns":3},{"damage":0,"enemies":"Snecko","floor":21,"turns":5},{"damage":38,"enemies":"Gremlin Leader","floor":24,"turns":7},{"damage":8,"enemies":"Snake Plant","floor":28,"turns":4},{"damage":8,"enemies":"Centurion and Healer","floor":29,"turns":6},{"damage":17,"enemies":"Snecko","floor":31,"turns":5},{"damage":0,"enemies":"Collector","floor":33,"turns":8},{"damage":58,"enemies":"3 Darklings","floor":35,"turns":10},{"damage":15,"enemies":"3 Shapes","floor":38,"turns":5},{"damage":12,"enemies":"Sphere and 2 Shapes","floor":39,"turns":8},{"damage":25,"enemies":"Nemesis","floor":40,"turns":4},{"damage":31,"enemies":"Giant Head","floor":42,"turns":9},{"damage":20,"enemies":"Maw","floor":45,"turns":9},{"damage":0,"enemies":"3 Darklings","floor":46,"turns":6},{"damage":27,"enemies":"Reptomancer","floor":47,"turns":8},{"damage":110,"enemies":"Awakened One","floor":50,"turns":11}],"seed_played":"4834704391644780889","potions_obtained":[{"floor":1,"key":"SteroidPotion"},{"floor":5,"key":"LiquidBronze"},{"floor":10,"key":"DistilledChaos"},{"floor":14,"key":"EssenceOfSteel"},{"floor":18,"key":"LiquidBronze"},{"floor":19,"key":"Weak Potion"},{"floor":21,"key":"FearPotion"},{"floor":29,"key":"AttackPotion"},{"floor":33,"key":"Ancient Potion"},{"floor":38,"key":"LiquidMemories"},{"floor":42,"key":"SkillPotion"},{"floor":47,"key":"Dexterity Potion"}],"is_trial":false,"path_per_floor":["M","M","?","?","M","R","E","$","T","M","M","R","T","M","R","B",null,"M","M","?","M","$","R","E","R","T","R","M","M","T","M","R","B",null,"M","?","$","M","M","E","R","E","T","T","M","M","E","?","R","B"],"character_chosen":"DEFECT","items_purchased":["Doom and Gloom","Redo","Bag of Marbles","FTL","Consume","Medical Kit","Self Repair+1"],"campfire_rested":1,"item_purchase_floors":[8,8,8,22,22,37,37],"current_hp_per_floor":[53,52,40,40,47,47,32,32,32,32,32,32,32,32,32,54,75,62,62,68,81,81,81,60,60,60,60,52,54,54,52,52,52,81,33,23,23,28,16,21,66,55,55,55,50,60,53,59,83,0,0],"gold":476,"neow_bonus":"THREE_RARE_CARDS","is_daily":false,"chose_seed":false,"campfire_upgraded":8,"win_rate":0.0,"timestamp":1607821708,"path_taken":["M","M","?","?","M","R","E","?","T","M","M","R","?","M","R","BOSS","M","?","?","M","$","R","E","R","T","R","M","M","?","?","R","BOSS","M","?","$","M","M","E","R","E","T","?","M","M","E","?","R","BOSS"],"items_purchased_type":["Card","Card","Relic","Card","Card","Relic","Card"],"build_version":"2020-11-30","purchased_purges":1,"victory":false,"max_hp_per_floor":[75,75,75,75,75,75,75,75,75,75,75,75,75,75,75,75,75,75,75,81,81,81,81,81,81,81,81,81,81,81,81,81,81,81,81,81,81,81,81,81,81,81,81,81,81,81,81,87,87,87,87],"relic_stats":{"Darkstone Periapt":12,"Torii":26,"Happy Flower":[3],"counters":[25,141],"Eternal Feather":45,"Whetstone":["FTL","Cold Snap"],"Boot":[80],"Medical Kit":[4],"WarpedTongs":[11],"Centennial Puzzle":[26],"Bronze Scales":[306],"obtain_stats":[{"Darkstone Periapt":20,"Torii":26,"Happy Flower":47,"Eternal Feather":40,"Whetstone":42,"Frozen Egg 2":9,"Boot":7,"Medical Kit":37,"Old Coin":44,"WarpedTongs":48,"SlaversCollar":17,"Centennial Puzzle":30,"CaptainsWheel":43,"Bronze Scales":24,"Bag of Marbles":8,"Cracked Core":0,"FossilizedHelix":3,"Toy Ornithopter":13,"Runic Pyramid":34},{"Darkstone Periapt":10,"Torii":12,"Happy Flower":24,"Eternal Feather":20,"Whetstone":21,"Frozen Egg 2":4,"Boot":4,"Medical Kit":17,"Old Coin":21,"WarpedTongs":24,"SlaversCollar":8,"Centennial Puzzle":14,"CaptainsWheel":21,"Bronze Scales":12,"Bag of Marbles":4,"Cracked Core":0,"FossilizedHelix":2,"Toy Ornithopter":6,"Runic Pyramid":16},{"Darkstone Periapt":36,"Torii":48,"Happy Flower":130,"Eternal Feather":98,"Whetstone":107,"Frozen Egg 2":17,"Boot":17,"Medical Kit":81,"Old Coin":107,"WarpedTongs":130,"SlaversCollar":29,"Centennial Puzzle":58,"CaptainsWheel":107,"Bronze Scales":48,"Bag of Marbles":17,"Cracked Core":0,"FossilizedHelix":7,"Toy Ornithopter":22,"Runic Pyramid":71}],"Toy Ornithopter":49},"card_choices":[{"not_picked":["Multi-Cast","Seek"],"picked":"All For One","floor":0},{"not_picked":["Auto Shields","Loop"],"picked":"Self Repair","floor":1},{"not_picked":["Barrage","Coolheaded"],"picked":"Scrape","floor":2},{"not_picked":["Coolheaded","Scrape"],"picked":"Conserve Battery","floor":5},{"not_picked":["Compile Driver","Leap"],"picked":"Ball Lightning","floor":7},{"not_picked":["Force Field","Hologram"],"picked":"Conserve Battery","floor":10},{"not_picked":["Leap","Conserve Battery"],"picked":"BootSequence","floor":11},{"not_picked":["Conserve Battery","Reinforced Body"],"picked":"Auto Shields","floor":14},{"not_picked":["All For One","Seek"],"picked":"Echo Form+1","floor":16},{"not_picked":["Leap+1","Rebound"],"picked":"Skim+1","floor":18},{"not_picked":["Doom and Gloom","Scrape"],"picked":"Cold Snap","floor":19},{"not_picked":["Redo","Cold Snap"],"picked":"Double Energy","floor":21},{"not_picked":["Gash+1","Fusion"],"picked":"Go for the Eyes","floor":24},{"not_picked":["Amplify","Self Repair+1"],"picked":"Stack+1","floor":28},{"not_picked":["Ball Lightning","Scrape"],"picked":"Lockon+1","floor":29},{"not_picked":["Compile Driver","Cold Snap"],"picked":"Leap+1","floor":31},{"not_picked":["Amplify","Thunder Strike"],"picked":"Creative AI+1","floor":33},{"not_picked":["Reinforced Body","Reprogram+1"],"picked":"Genetic Algorithm+1","floor":35},{"not_picked":["Coolheaded+1","Stack+1"],"picked":"Beam Cell+1","floor":38},{"not_picked":["Coolheaded+1","FTL"],"picked":"Darkness+1","floor":39},{"not_picked":["Leap","Lockon+1"],"picked":"Buffer+1","floor":40},{"not_picked":["Sweeping Beam","Glacier"],"picked":"Reprogram+1","floor":42},{"not_picked":["Hologram+1","Go for the Eyes"],"picked":"Steam Power+1","floor":45},{"not_picked":["Coolheaded","Leap"],"picked":"Defragment+1","floor":46},{"not_picked":["Redo+1","Ball Lightning"],"picked":"BootSequence","floor":47}],"player_experience":32363,"relics_obtained":[{"floor":7,"key":"Boot"},{"floor":9,"key":"Frozen Egg 2"},{"floor":13,"key":"Toy Ornithopter"},{"floor":24,"key":"Bronze Scales"},{"floor":26,"key":"Torii"},{"floor":30,"key":"Centennial Puzzle"},{"floor":40,"key":"Eternal Feather"},{"floor":42,"key":"Whetstone"},{"floor":43,"key":"CaptainsWheel"},{"floor":44,"key":"Old Coin"},{"floor":47,"key":"Happy Flower"}],"event_choices":[{"damage_healed":0,"gold_gain":0,"player_choice":"Success","damage_taken":12,"relics_obtained":["FossilizedHelix"],"max_hp_gain":0,"max_hp_loss":0,"event_name":"Scrap Ooze","floor":3,"gold_loss":0},{"damage_healed":0,"gold_gain":71,"player_choice":"Gained Gold","damage_taken":0,"max_hp_gain":0,"max_hp_loss":0,"event_name":"Golden Wing","floor":4,"gold_loss":0},{"damage_healed":0,"gold_gain":0,"player_choice":"Stole Relic","damage_taken":0,"relics_obtained":["Darkstone Periapt"],"max_hp_gain":0,"max_hp_loss":0,"event_name":"Addict","floor":20,"gold_loss":0,"cards_obtained":["Shame"]},{"damage_healed":0,"gold_gain":0,"player_choice":"Embrace Madness","damage_taken":10,"max_hp_gain":0,"max_hp_loss":0,"event_name":"Winding Halls","floor":36,"gold_loss":0,"cards_obtained":["Madness","Madness"]},{"damage_healed":0,"gold_gain":0,"player_choice":"Rummage","damage_taken":0,"relics_obtained":["WarpedTongs"],"max_hp_gain":0,"max_hp_loss":0,"event_name":"Accursed Blacksmith","floor":48,"gold_loss":0,"cards_obtained":["Pain"]}],"is_beta":false,"boss_relics":[{"not_picked":["Velvet Choker","Fusion Hammer"],"picked":"SlaversCollar"},{"not_picked":["Sozu","Cursed Key"],"picked":"Runic Pyramid"}],"items_purged_floors":[22],"is_endless":false,"potions_floor_spawned":[1,5,10,14,18,19,21,29,33,38,42,47],"killed_by":"Awakened One","ascension_level":0}}