{"host":"st1kg310ms6sytc5","time":1607853722,"event":{"mods":["Act Like it!","BaseMod","CapriCore","Downfall","Friendly Minions","Minty Spire (QoL Compilation)","Relic Stats","StSLib","SuperFastMode"],"gold_per_floor":[99,126,126,169,181,193,205,241,253,295,323,403,425,455,479,491,491],"floor_reached":16,"playtime":565,"items_purged":[],"score":168,"play_id":"d5087ad8-eb89-47f5-ad21-579fefcc5ff1","local_time":"20201213180202","is_ascension_mode":false,"campfire_choices":[{"data":"champ:Execute","floor":1.0,"key":"SMITH"}],"circlet_count":0,"master_deck":["champ:Strike","champ:Strike","champ:Strike","champ:Strike","champ:Defend","champ:Defend","champ:Defend","champ:Defend","champ:Execute+1","champ:Taunt","champ:DefensiveShout","champ:ArenaPreparation","champ:FanOfKnives","champ:Haymaker","champ:HoldFirm","champ:ShieldWall"],"relics":["champ:ChampionCrown","downfall:HeartsMalice","Oddly Smooth Stone","MawBank","Blood Vial","Peace Pipe","MealTicket","Eternal Feather"],"acts_visited":["Exordium"],"potions_floor_usage":[],"damage_taken":[{"damage":0.0,"enemies":"Lagavulin","floor":2.0,"turns":1.0},{"damage":0.0,"enemies":"Gremlin Nob","floor":4.0,"turns":1.0},{"damage":0.0,"enemies":"2 Louse","floor":9.0,"turns":1.0},{"damage":37,"enemies":"3 Sentries","floor":10,"turns":6},{"damage":21,"enemies":"Jaw Worm","floor":11,"turns":4},{"damage":14,"enemies":"Cultist","floor":13,"turns":3},{"damage":32,"enemies":"Exordium Wildlife","floor":14,"turns":6},{"damage":40,"enemies":"Gremlin Gang","floor":15,"turns":4},{"damage":23,"enemies":"downfall:Defect","floor":16,"turns":4}],"seed_played":"7645322785426845514","potions_obtained":[{"floor":4.0,"key":"DuplicationPotion"},{"floor":10,"key":"Explosive Potion"},{"floor":13,"key":"ColorlessPotion"}],"is_trial":false,"path_per_floor":["R","E","?","E","?","?","T","T","M","E","M","T","M","M","M","B"],"character_chosen":"THE_CHAMP","items_purchased":[],"campfire_rested":0,"item_purchase_floors":[],"current_hp_per_floor":[90,90,78,78,83,83,83,83,85,69,63,63,61,48,20,0,0],"gold":491,"neow_bonus":"THREE_ENEMY_KILL","is_daily":false,"chose_seed":false,"campfire_upgraded":1,"win_rate":0.0,"timestamp":1607853722,"path_taken":["R","E","?","E","?","?","T","?","?","E","M","?","M","M","M","BOSS"],"items_purchased_type":[],"build_version":"2020-11-30","purchased_purges":0,"victory":false,"max_hp_per_floor":[90,90,90,90,95,95,95,95,95,95,95,95,95,95,95,95,95],"relic_stats":{"Blood Vial":14,"Peace Pipe":0,"counters":[9,27],"MealTicket":0,"Eternal Feather":0,"MawBank":156,"obtain_stats":[{"Blood Vial":4,"Peace Pipe":7,"Oddly Smooth Stone":2,"champ:ChampionCrown":0,"downfall:HeartsMalice":0,"MealTicket":10,"Eternal Feather":12,"MawBank":3},{"Blood Vial":2,"Peace Pipe":2,"Oddly Smooth Stone":1,"champ:ChampionCrown":0,"downfall:HeartsMalice":0,"MealTicket":4,"Eternal Feather":5,"MawBank":1},{"Blood Vial":0,"Peace Pipe":0,"Oddly Smooth Stone":0,"champ:ChampionCrown":0,"downfall:HeartsMalice":0,"MealTicket":6,"Eternal Feather":10,"MawBank":0}]},"card_choices":[{"not_picked":["champ:Backstep","champ:PreciseThrust"],"picked":"champ:DefensiveShout","floor":2.0},{"not_picked":["champ:DefensiveShout","champ:CrookedStrike"],"picked":"champ:ArenaPreparation","floor":4.0},{"not_picked":["champ:Riposte","champ:EndlessRage"],"picked":"champ:FanOfKnives","floor":9.0},{"not_picked":["champ:FanOfKnives","champ:DefensiveStyle"],"picked":"champ:Haymaker","floor":10},{"not_picked":["champ:Shatter","champ:EndlessRage"],"picked":"champ:HoldFirm","floor":11},{"not_picked":["champ:Duel","champ:ArenaPreparation","champ:BringItOn"],"picked":"SKIP","floor":13},{"not_picked":["champ:DefensiveShout","champ:GladiatorStyle","champ:RecklessLeap"],"picked":"SKIP","floor":14},{"not_picked":["champ:GladiatorStyle","champ:Encircle"],"picked":"champ:ShieldWall","floor":15}],"player_experience":1469169,"relics_obtained":[{"floor":2.0,"key":"Oddly Smooth Stone"},{"floor":4.0,"key":"Blood Vial"},{"floor":7.0,"key":"Peace Pipe"},{"floor":10,"key":"MealTicket"},{"floor":12,"key":"Eternal Feather"}],"event_choices":[{"damage_healed":0.0,"max_hp_gain":0.0,"max_hp_loss":0.0,"gold_gain":0.0,"event_name":"Scrap Ooze","player_choice":"Success","floor":3.0,"gold_loss":0.0,"damage_taken":12.0,"relics_obtained":["MawBank"]},{"damage_healed":0.0,"max_hp_gain":5.0,"max_hp_loss":0.0,"gold_gain":0.0,"event_name":"Big Fish","player_choice":"Donut","floor":5.0,"gold_loss":0.0,"damage_taken":0.0}],"is_beta":false,"boss_relics":[],"items_purged_floors":[],"is_endless":false,"potions_floor_spawned":[4,10,13,15],"killed_by":"downfall:Defect","ascension_level":0}}