{"host":"046f94hp0svsg0ce","time":1607825923,"event":{"mods":["Act Like it!","Astrologer","BaseMod","Beaked The Cultist","Better Third Choice","Colored Map","Colored Powertips","Hermit","Highlight Path","Mad Scientist","Marisa????????","Minty Spire (QoL Compilation)","Quick Restart","Rare Cards Sparkle","Relic Stats","Remilia??????","Somnambulant","StSLib","The Clintock","The Construct","The Disciple","The Exalted","The Forsaken","The Hierophant","The Necromancer","The Runesmith","The Servant 0.9.4","The Valiant"],"gold_per_floor":[112,62,62,62,17,58,58,89,112,112,112,126,151,151,151,272,272,288,61,61,55,75,113,113,113],"floor_reached":24,"playtime":3164,"items_purged":["Pain"],"score":271,"play_id":"92f08cd2-dcb0-400f-b927-9a950faea0e4","local_time":"20201213031843","is_ascension_mode":false,"campfire_choices":[{"data":"clintock:Epidemic","floor":7,"key":"SMITH"},{"data":"clintock:Replenish","floor":10,"key":"SMITH"},{"floor":15,"key":"RECALL"},{"floor":24,"key":"REST"}],"circlet_count":0,"master_deck":["clintock:ClintockStrike","clintock:ClintockStrike","clintock:ClintockStrike","clintock:ClintockDefend","clintock:ClintockDefend","clintock:ClintockDefend","clintock:ClintockDefend","clintock:BaseSynthesis","clintock:Replenish+1","clintock:Splinter","clintock:DegradedPrimer","clintock:Epidemic+1","clintock:DTMP","clintock:Deoxyadenosine","clintock:Alkylation","clintock:BiolelePrime","clintock:BruteForce","clintock:GeneticPollution","clintock:Reductase","clintock:Alkylation+1","clintock:BruteForce+1","clintock:DegradedPrimer","clintock:Deoxyguanosine+1"],"relics":["clintock:BiomoleculePool","NeowsBlessing","Golden Idol","Dream Catcher","Bromod:ArcaneConsequence","Oddly Smooth Stone","WarpedTongs","Bromod:ArcaneBarrier","Spirit Poop","Bottled Lightning"],"acts_visited":["Exordium","TheCity"],"potions_floor_usage":[22,22,23],"damage_taken":[{"damage":0,"enemies":"2 Louse","floor":1,"turns":1},{"damage":0,"enemies":"Gremlin Nob","floor":6,"turns":1},{"damage":0,"enemies":"3 Sentries","floor":8,"turns":2},{"damage":4,"enemies":"Jaw Worm","floor":12,"turns":4},{"damage":0,"enemies":"Small Slimes","floor":13,"turns":2},{"damage":60,"enemies":"The Guardian","floor":16,"turns":11},{"damage":6,"enemies":"3 Byrds","floor":18,"turns":3},{"damage":18,"enemies":"2 Thieves","floor":21,"turns":5},{"damage":42,"enemies":"Centurion and Healer","floor":22,"turns":13},{"damage":30,"enemies":"Slavers","floor":23,"turns":5}],"seed_played":"1184590299127133167","potions_obtained":[{"floor":1,"key":"CultistPotion"},{"floor":12,"key":"BlessingOfTheForge"},{"floor":21,"key":"Regen Potion"},{"floor":23,"key":"SpeedPotion"}],"is_trial":false,"path_per_floor":["M","?","$","?","$","E","R","E","T","R","?","M","M","?","R","B",null,"M","$","?","M","M","E","R"],"character_chosen":"CLINTOCK_CLASS","items_purchased":["clintock:DegradedPrimer","clintock:GeneticPollution","clintock:Reductase"],"campfire_rested":1,"item_purchase_floors":[5,19,19],"current_hp_per_floor":[80,80,80,80,80,80,80,80,80,80,85,81,81,81,81,21,85,79,79,79,61,34,4,29,29],"gold":113,"neow_bonus":"THREE_ENEMY_KILL","is_daily":false,"chose_seed":false,"campfire_upgraded":2,"win_rate":0.0,"timestamp":1607825923,"path_taken":["M","?","$","?","$","E","R","E","T","R","?","M","?","?","R","BOSS","M","$","?","M","M","E","R"],"items_purchased_type":["Card","Card","Card"],"build_version":"2020-11-30","purchased_purges":1,"victory":false,"max_hp_per_floor":[80,80,80,80,80,80,80,80,80,80,85,85,85,85,85,85,85,85,85,85,85,85,85,85,85],"relic_stats":{"Dream Catcher":1,"counters":[10,47],"Golden Idol":66,"obtain_stats":[{"Dream Catcher":6,"clintock:BiomoleculePool":0,"NeowsBlessing":0,"Golden Idol":4,"Oddly Smooth Stone":9,"Spirit Poop":20,"Bromod:ArcaneBarrier":17,"Bottled Lightning":23,"Bromod:ArcaneConsequence":8,"WarpedTongs":14},{"Dream Catcher":2,"clintock:BiomoleculePool":0,"NeowsBlessing":0,"Golden Idol":1,"Oddly Smooth Stone":3,"Spirit Poop":7,"Bromod:ArcaneBarrier":6,"Bottled Lightning":10,"Bromod:ArcaneConsequence":3,"WarpedTongs":5},{"Dream Catcher":2,"clintock:BiomoleculePool":0,"NeowsBlessing":0,"Golden Idol":1,"Oddly Smooth Stone":4,"Spirit Poop":24,"Bromod:ArcaneBarrier":21,"Bottled Lightning":47,"Bromod:ArcaneConsequence":4,"WarpedTongs":10}],"WarpedTongs":[37]},"card_choices":[{"not_picked":["clintock:Immunodeficiency","clintock:Excavate"],"picked":"clintock:Splinter","floor":1},{"not_picked":["clintock:Ketosis","clintock:GlucoseToxicity"],"picked":"clintock:Epidemic","floor":6},{"not_picked":["clintock:Excavate","clintock:DegradedPrimer"],"picked":"clintock:DTMP","floor":8},{"not_picked":["clintock:DTMP","clintock:Efflux"],"picked":"clintock:Deoxyadenosine","floor":12},{"not_picked":["clintock:Efflux","clintock:Interrupt"],"picked":"clintock:Alkylation","floor":13},{"not_picked":["clintock:MendelPro","clintock:SuperSeqX1"],"picked":"clintock:BiolelePrime","floor":16},{"not_picked":["clintock:Eureka","clintock:Epidemic"],"picked":"clintock:BruteForce","floor":18},{"not_picked":["clintock:Polymerize","clintock:DCMP"],"picked":"clintock:Alkylation+1","floor":21},{"not_picked":["clintock:Eureka","clintock:Jab"],"picked":"clintock:BruteForce+1","floor":22},{"not_picked":["clintock:VectorFlow+1","clintock:Splinter+1"],"picked":"clintock:DegradedPrimer","floor":23},{"not_picked":["clintock:Interrupt+1","clintock:Excavate+1"],"picked":"clintock:Deoxyguanosine+1","floor":24}],"player_experience":1589947,"relics_obtained":[{"floor":6,"key":"Dream Catcher"},{"floor":8,"key":"Bromod:ArcaneConsequence"},{"floor":9,"key":"Oddly Smooth Stone"},{"floor":23,"key":"Bottled Lightning"}],"event_choices":[{"cards_removed":["clintock:ClintockStrike"],"damage_healed":0,"gold_gain":0,"player_choice":"Card Removal","damage_taken":0,"max_hp_gain":0,"max_hp_loss":0,"event_name":"The Cleric","floor":2,"gold_loss":50},{"damage_healed":0,"gold_gain":0,"player_choice":"Take Wound","damage_taken":0,"relics_obtained":["Golden Idol"],"max_hp_gain":0,"max_hp_loss":0,"event_name":"Golden Idol","floor":4,"gold_loss":0,"cards_obtained":["Injury"]},{"damage_healed":0,"gold_gain":0,"player_choice":"Donut","damage_taken":0,"max_hp_gain":5,"max_hp_loss":0,"event_name":"Big Fish","floor":11,"gold_loss":0},{"damage_healed":0,"gold_gain":0,"player_choice":"Rummage","damage_taken":0,"relics_obtained":["WarpedTongs"],"max_hp_gain":0,"max_hp_loss":0,"event_name":"Accursed Blacksmith","floor":14,"gold_loss":0,"cards_obtained":["Pain"]},{"cards_removed":["Injury"],"damage_healed":0,"gold_gain":0,"player_choice":"Offered Curse","damage_taken":0,"relics_obtained":["Spirit Poop"],"max_hp_gain":0,"max_hp_loss":0,"event_name":"Bonfire Elementals","floor":20,"gold_loss":0}],"is_beta":false,"boss_relics":[{"not_picked":["Ectoplasm","Runic Dome"],"picked":"Bromod:ArcaneBarrier"}],"items_purged_floors":[19],"is_endless":false,"potions_floor_spawned":[1,12,21,23],"ascension_level":0}}