{"host":"p7j7o00jacnw7qzt","time":1607820081,"event":{"mods":["BaseMod","Colored Map","Colored Powertips","DeckTracker","Highlight Path","Minty Spire (QoL Compilation)","Relic Stats"],"gold_per_floor":[117,132,57,57,57,101,101,101,101],"floor_reached":8,"playtime":254,"items_purged":[],"score":108,"play_id":"29b945a7-9b0f-4b43-8427-619b23998139","local_time":"20201212194121","is_ascension_mode":true,"campfire_choices":[{"data":"Armaments","floor":7,"key":"SMITH"}],"circlet_count":0,"master_deck":["AscendersBane","Strike_R","Strike_R","Strike_R","Defend_R","Defend_R","Defend_R","Defend_R","Bash","Feed","Armaments+1","Immolate","Barricade"],"relics":["Burning Blood","Golden Idol","Blue Candle"],"acts_visited":["Exordium"],"potions_floor_usage":[],"damage_taken":[{"damage":9.0,"enemies":"Jaw Worm","floor":1.0,"turns":4.0},{"damage":9.0,"enemies":"2 Louse","floor":2.0,"turns":4.0},{"damage":34,"enemies":"Gremlin Nob","floor":6,"turns":4},{"damage":47,"enemies":"Lagavulin","floor":8,"turns":7}],"seed_played":"-6414894094558957644","potions_obtained":[{"floor":2.0,"key":"FairyPotion"}],"is_trial":false,"path_per_floor":["M","M","?","?","?","E","R","E"],"character_chosen":"IRONCLAD","items_purchased":[],"campfire_rested":0,"item_purchase_floors":[],"current_hp_per_floor":[68,69,69,68,68,40,40,20,20],"gold":101,"neow_bonus":"THREE_RARE_CARDS","is_daily":false,"chose_seed":false,"campfire_upgraded":1,"win_rate":0.0,"timestamp":1607820081,"path_taken":["M","M","?","?","?","E","R","E"],"items_purchased_type":[],"build_version":"2020-11-30","purchased_purges":0,"victory":false,"max_hp_per_floor":[71,75,75,68,68,68,68,68,68],"relic_stats":{"counters":[4,18],"Golden Idol":9,"Blue Candle":[0],"obtain_stats":[{"Golden Idol":4,"Blue Candle":6,"Burning Blood":0},{"Golden Idol":2,"Blue Candle":3,"Burning Blood":0},{"Golden Idol":8,"Blue Candle":12,"Burning Blood":0}],"Burning Blood":18},"card_choices":[{"not_picked":["Berserk","Limit Break"],"picked":"Feed","floor":0.0},{"not_picked":["Twin Strike","Thunderclap"],"picked":"Armaments","floor":1.0},{"not_picked":["Iron Wave","Wild Strike","Thunderclap"],"picked":"SKIP","floor":2.0},{"not_picked":["Infernal Blade","Pommel Strike"],"picked":"Barricade","floor":6}],"player_experience":817711,"relics_obtained":[{"floor":6,"key":"Blue Candle"}],"event_choices":[{"cards_removed":["Strike_R"],"damage_healed":0.0,"max_hp_gain":0.0,"max_hp_loss":0.0,"gold_gain":0.0,"event_name":"The Cleric","player_choice":"Card Removal","floor":3.0,"gold_loss":75.0,"damage_taken":0.0},{"damage_healed":0.0,"max_hp_gain":0.0,"max_hp_loss":7.0,"gold_gain":0.0,"event_name":"Golden Idol","player_choice":"Lose Max HP","floor":4.0,"gold_loss":0.0,"damage_taken":0.0,"relics_obtained":["Golden Idol"]},{"damage_healed":0.0,"max_hp_gain":0.0,"max_hp_loss":0.0,"gold_gain":0.0,"cards_transformed":["Strike_R"],"event_name":"Living Wall","player_choice":"Change","floor":5.0,"gold_loss":0.0,"damage_taken":0.0,"cards_obtained":["Immolate"]}],"is_beta":false,"boss_relics":[],"items_purged_floors":[],"is_endless":false,"potions_floor_spawned":[2],"killed_by":"Lagavulin","ascension_level":20}}