{"host":"ocll6kdfqxraqtza","time":1607849734,"event":{"mods":["2.2 Compatiblity","Act Like it!","Aspiration","BaseMod","Better Third Choice","Gensokyo","Hallownest","Hermit","Hubris","Jorbs\u0027s Wanderer Trilogy","Luminous","Marisa（霧雨　魔理沙）","Minty Spire (QoL Compilation)","Reimu（博??梦）","Replay The Spire","Shade Mod","StSLib","The Alterego","The Bug Knight","The Cursed","The Hierophant","The Runesmith","TheBandit","Wandering Minibosses","vexMod"],"gold_per_floor":[109,129,209,223,148,148,174,174,198,298,344,362,116,144,144,244,244,255,255,255,255,274,301,301,414,441,441,451,451,466,23,23,119,119,130,280,49,66,185,185,212,212,212,245,245,245,260,377,377,377,377,377,32,60,60],"floor_reached":56,"playtime":2686,"items_purged":["Replay:Hysterical Blindness","Strike_P","Hallownest:curseDreamersLament","Defend_P"],"score":1546,"play_id":"4777b374-56c2-40c0-96fb-22020a6e83ea","local_time":"20201213165534","is_ascension_mode":true,"campfire_choices":[{"data":"LessonLearned","floor":6.0,"key":"SMITH"},{"data":"Eruption","floor":8.0,"key":"SMITH"},{"data":"Adaptation","floor":15.0,"key":"SMITH"},{"data":"Alpha","floor":24.0,"key":"SMITH"},{"data":"wanderingMiniBosses:FinaleOfPromise","floor":27.0,"key":"SMITH"},{"floor":40.0,"key":"RECALL"},{"data":"Panache","floor":45.0,"key":"SMITH"},{"data":"True Grit","floor":52.0,"key":"SMITH"}],"circlet_count":0,"master_deck":["Strike_P+1","Strike_P+1","Defend_P+1","Defend_P+1","Eruption+1","Vigilance+1","LessonLearned+1","Evaluate+1","FearNoEvil+1","CrushJoints+1","Halt+1","WheelKick+1","Vengeance+1","Adaptation+1","Alpha+1","Massacre+1","EmptyFist+1","Searing Blow+2","wanderingMiniBosses:FinaleOfPromise+1","Shockwave+1","Shrug It Off+1","MentalFortress+1","Panache+1","Ragnarok+1","Sever Soul+1","SashWhip+1","Protect+1","Infernal Blade","Pummel+1","ReplayTheSpireMod:Corrosion Curse+1","Immolate","True Grit+1","Replay:Vibes+1","SandsOfTime+1","Transmutation","Chrysalis","Survey Options","Discovery","Spot Weakness+1"],"relics":["PureWater","MealTicket","ReplayTheSpireMod:TigerMarble","Orichalcum","aspiration:HiddenCompartment","aspiration:IroncladSkillbook","hubris:Icosahedron","Hallownest:WatcherSealRelic","RuthlessExorcism:ReiMu","wanderingMiniBosses:Blackblade","Ancient Tea Set","Membership Card","Mercury Hourglass","vexMod:CursedCompass","Torii","hubris:GlazedTorus","Potion Belt","Replay:Bottled Steam","hubris:DeckOfHolding","aspiration:Lifesprig","hubris:BottledRain","ReplayTheSpireMod:ShopPack","vexMod:FocusSash"],"acts_visited":["Gensokyo:Gensokyo","Hallownest:CityofTears","TheBeyond","TheEnding"],"potions_floor_usage":[55,55,55],"damage_taken":[{"damage":8.0,"enemies":"Gensokyo:2_Kodama","floor":1.0,"turns":5.0},{"damage":2.0,"enemies":"Gensokyo:3_Fairies","floor":2.0,"turns":5.0},{"damage":0.0,"enemies":"Gensokyo:Python","floor":4.0,"turns":2.0},{"damage":26.0,"enemies":"Gensokyo:Cirno","floor":7.0,"turns":6.0},{"damage":0.0,"enemies":"Gensokyo:LivingMonolith","floor":12.0,"turns":1.0},{"damage":15.0,"enemies":"Gensokyo:Mamizou","floor":14.0,"turns":6.0},{"damage":18.0,"enemies":"Gensokyo:Kokoro","floor":16.0,"turns":5.0},{"damage":36.0,"enemies":"Hallownest:Guard_and_Sentry","floor":18.0,"turns":9.0},{"damage":9.0,"enemies":"Hallownest:Flukemon_and_Top","floor":22.0,"turns":4.0},{"damage":0.0,"enemies":"Hallownest:eliteSoulWarrior","floor":23.0,"turns":4.0},{"damage":13.0,"enemies":"Hallownest:3_Mistakes","floor":25.0,"turns":6.0},{"damage":0.0,"enemies":"Hallownest:Master_and_Novice","floor":28.0,"turns":1.0},{"damage":13.0,"enemies":"Hallownest:2_Husk_Sentries","floor":30.0,"turns":5.0},{"damage":42.0,"enemies":"Hallownest:BossSoulMaster","floor":33.0,"turns":8.0},{"damage":10.0,"enemies":"Orb Walker","floor":35.0,"turns":3.0},{"damage":0.0,"enemies":"Mind Bloom Boss Battle","floor":36.0,"turns":5.0},{"damage":0.0,"enemies":"3 Shapes","floor":38.0,"turns":2.0},{"damage":7.0,"enemies":"Maw","floor":39.0,"turns":6.0},{"damage":1.0,"enemies":"R_Hoarder","floor":41.0,"turns":3.0},{"damage":24.0,"enemies":"Nemesis","floor":44.0,"turns":6.0},{"damage":12.0,"enemies":"Transient","floor":47.0,"turns":5.0},{"damage":0.0,"enemies":"3 Darklings","floor":48.0,"turns":2.0},{"damage":6.0,"enemies":"hubris:GrandSnecko","floor":50.0,"turns":5.0},{"damage":1.0,"enemies":"Shield and Spear","floor":54.0,"turns":3.0},{"damage":76,"enemies":"The Heart","floor":55,"turns":6}],"seed_played":"5686698945281540755","potions_obtained":[{"floor":2.0,"key":"Fruit Juice"},{"floor":4.0,"key":"Dexterity Potion"},{"floor":7.0,"key":"PowerPotion"},{"floor":16.0,"key":"ZuzhouPotion:ReiMu"},{"floor":23.0,"key":"BlessingOfTheForge"},{"floor":33.0,"key":"ZuzhouPotion:ReiMu"},{"floor":41.0,"key":"Ambrosia"},{"floor":44.0,"key":"ColorlessPotion"},{"floor":47.0,"key":"FearPotion"},{"floor":48.0,"key":"Venom Potion"}],"is_trial":false,"path_per_floor":["M","M","?","M","$","R","E","R","T","?","T","M","$","E","R","B",null,"M","?","?","?","M","E","R","M","T","R","M","?","M","$","R","B",null,"M","?","$","M","M","R","E","?","T","E","R","?","M","M","R","B",null,"R","$","E","B",null],"character_chosen":"WATCHER","items_purchased":["Orichalcum","Membership Card","Mercury Hourglass","Panache","hubris:GlazedTorus","aspiration:Lifesprig","hubris:BottledRain","ReplayTheSpireMod:ShopPack","Transmutation"],"campfire_rested":0,"item_purchase_floors":[13,31,31,31,37,53,53,53,53],"current_hp_per_floor":[64,62,62,62,62,62,41,41,41,41,41,41,56,41,41,23,77,45,45,45,45,40,44,44,35,35,35,39,39,30,45,68,30,77,71,75,77,77,74,74,77,77,77,57,57,57,49,53,76,75,77,77,77,77,5],"gold":60,"neow_bonus":"TRANSFORM_TWO_CARDS","is_daily":false,"chose_seed":false,"campfire_upgraded":7,"win_rate":0.0,"timestamp":1607849734,"path_taken":["M","M","?","?","?","R","E","R","T","?","?","M","$","E","R","BOSS","M","?","?","?","M","E","R","?","T","R","M","?","?","$","R","BOSS","M","?","$","M","M","R","E","?","T","E","R","?","M","M","R","BOSS","R","$","E","BOSS"],"items_purchased_type":["Relic","Relic","Relic","Card","Relic","Relic","Relic","Relic","Card"],"build_version":"2020-11-30","purchased_purges":4,"victory":true,"max_hp_per_floor":[72,72,72,72,72,72,77,77,77,77,77,77,77,77,77,77,77,77,77,77,77,77,77,77,77,77,77,77,77,77,77,77,77,77,77,77,77,77,77,77,77,77,77,77,77,77,77,77,77,77,77,77,77,77,77],"card_choices":[{"not_picked":["Vengeance","WindmillStrike"],"picked":"FearNoEvil","floor":1.0},{"not_picked":["ThirdEye","ClearTheMind"],"picked":"CrushJoints","floor":2.0},{"not_picked":["DeceiveReality","Crescendo"],"picked":"Halt","floor":4.0},{"not_picked":["Replay:Anticipation","Replay:BluntJabs"],"picked":"WheelKick","floor":7.0},{"not_picked":["ReachHeaven","Crescendo"],"picked":"Vengeance","floor":12.0},{"not_picked":["Evaluate","ClearTheMind"],"picked":"Adaptation","floor":14.0},{"not_picked":["Scrawl","DevaForm"],"picked":"Alpha","floor":16.0},{"not_picked":["Dark Embrace","Iron Wave","Perfected Strike+1"],"picked":"Massacre+1","floor":18.0},{"not_picked":["True Grit","Cleave","ReplayTheSpireMod:Strike From Hell"],"picked":"EmptyFist","floor":22.0},{"not_picked":["Uppercut","Blasphemy","Power Through"],"picked":"Searing Blow+1","floor":23.0},{"not_picked":[],"picked":"wanderingMiniBosses:FinaleOfPromise","floor":25.0},{"not_picked":["Consecrate","Uppercut","Wild Strike"],"picked":"Shockwave","floor":25.0},{"not_picked":["ReplayTheSpireMod:Strike From Hell","Replay:AtTheReady","Wild Strike"],"picked":"Shrug It Off+1","floor":28.0},{"not_picked":["BattleHymn","Rage+1","Headbutt"],"picked":"MentalFortress+1","floor":30.0},{"not_picked":["Eclipse","Omniscience","DeusExMachina"],"picked":"Ragnarok","floor":33.0},{"not_picked":["Rage","Anger","CutThroughFate"],"picked":"Sever Soul+1","floor":35.0},{"not_picked":["ThirdEye+1","Armaments+1","Life Link+1"],"picked":"SashWhip+1","floor":36.0},{"not_picked":["Warcry","Weave+1","Perseverance+1"],"picked":"Protect+1","floor":38.0},{"not_picked":["Protect","ReplayTheSpireMod:Corrosion Curse","Headbutt"],"picked":"Infernal Blade","floor":39.0},{"not_picked":["Warcry+1","Iron Wave+1","Indignation"],"picked":"Pummel+1","floor":41.0},{"not_picked":["Iron Wave","MentalFortress","WreathOfFlame"],"picked":"ReplayTheSpireMod:Corrosion Curse+1","floor":44.0},{"not_picked":["Body Slam","Consecrate+1","JustLucky"],"picked":"Replay:Vibes+1","floor":47.0},{"not_picked":["WindmillStrike","WaveOfTheHand","Carnage+1"],"picked":"SandsOfTime+1","floor":48.0},{"not_picked":["ReplayTheSpireMod:Necrogeddon","Apotheosis","HandOfGreed"],"picked":"Chrysalis","floor":53.0},{"not_picked":["Replay:Sssssssssstrike","Replay:Sssssssssshield","hubris:Insight"],"picked":"Survey Options","floor":53.0},{"not_picked":["Dramatic Entrance","vexMod:EmailVexCard","Forethought"],"picked":"Discovery","floor":53.0},{"not_picked":["Wild Strike+1","CrushJoints+1","SandsOfTime+1"],"picked":"Spot Weakness+1","floor":54.0}],"player_experience":450478,"relics_obtained":[{"floor":7.0,"key":"MealTicket"},{"floor":11.0,"key":"ReplayTheSpireMod:TigerMarble"},{"floor":14.0,"key":"aspiration:HiddenCompartment"},{"floor":23.0,"key":"RuthlessExorcism:ReiMu"},{"floor":25.0,"key":"wanderingMiniBosses:Blackblade"},{"floor":26.0,"key":"Ancient Tea Set"},{"floor":36.0,"key":"Torii"},{"floor":41.0,"key":"Potion Belt"},{"floor":43.0,"key":"Replay:Bottled Steam"},{"floor":44.0,"key":"hubris:DeckOfHolding"},{"floor":54.0,"key":"vexMod:FocusSash"}],"event_choices":[{"damage_healed":0.0,"max_hp_gain":0.0,"max_hp_loss":0.0,"gold_gain":0.0,"event_name":"MindBloom","player_choice":"Fight","floor":36.0,"gold_loss":0.0,"damage_taken":0.0},{"damage_healed":0.0,"max_hp_gain":0.0,"max_hp_loss":0.0,"gold_gain":0.0,"event_name":"Tomb of Lord Red Mask","player_choice":"Ignored","floor":42.0,"gold_loss":0.0,"damage_taken":0.0},{"damage_healed":0.0,"max_hp_gain":0.0,"max_hp_loss":0.0,"gold_gain":0.0,"event_name":"Match and Keep!","player_choice":"2 cards matched","floor":46.0,"gold_loss":0.0,"damage_taken":0.0,"cards_obtained":["Immolate","True Grit"]}],"is_beta":false,"boss_relics":[{"not_picked":["Runic Pyramid","SacredBark"],"picked":"aspiration:IroncladSkillbook"},{"not_picked":["aspiration:RitualDagger","VioletLotus"],"picked":"vexMod:CursedCompass"}],"items_purged_floors":[5,13,31,37],"is_endless":false,"potions_floor_spawned":[2,4,7,16,23,25,30,33,41,44,47,48],"ascension_level":3}}