{"host":"5u4m3sklrpw6xc20","time":1607828382,"event":{"mods":["2.2 Compatiblity","BaseMod","Better Third Choice","CapriCore","Colored Map","Hubris","Infinite Spire","Minty Spire (QoL Compilation)","Permanent Neow","Replay The Spire","Spicy Shops","StSLib","SuperFastMode"],"gold_per_floor":[119,133,133,143,23,23,58,8,35,210,110,110,110],"floor_reached":12,"playtime":245,"items_purged":["Strike_B","Doubt"],"score":76,"play_id":"1933b2f9-2f73-4d63-b7af-1ac7b8d9cadb","local_time":"20201212205942","is_ascension_mode":false,"campfire_choices":[{"data":"Beam Cell","floor":6,"key":"SMITH"}],"circlet_count":0,"master_deck":["Defend_B","Defend_B+1","Defend_B+1","Defend_B","Zap","Dualcast","Go for the Eyes","Beam Cell+1","Go for the Eyes","Beam Cell"],"relics":["infinitespire:DarkRift","infinitespire:Cubic Diamond","Solar Panel","Simple Rune"],"acts_visited":["Exordium"],"potions_floor_usage":[],"damage_taken":[{"damage":6,"enemies":"Jaw Worm","floor":1,"turns":2},{"damage":0,"enemies":"2 Louse","floor":2,"turns":2},{"damage":0,"enemies":"Small Slimes","floor":4,"turns":3},{"damage":34,"enemies":"Gremlin Nob","floor":7,"turns":6},{"damage":14,"enemies":"3 Sentries","floor":12,"turns":4}],"seed_played":"-4245789658459884676","potions_obtained":[{"floor":1,"key":"Strength Potion"},{"floor":2,"key":"AttackPotion"},{"floor":7,"key":"Languid Potion"}],"is_trial":false,"path_per_floor":["M","M","?","M","$","R","E","?","T","?","$","E"],"character_chosen":"DEFECT","items_purchased":["Beam Cell"],"campfire_rested":0,"item_purchase_floors":[5],"current_hp_per_floor":[48,48,48,48,48,48,14,14,14,14,14,0,0],"gold":110,"neow_bonus":"REMOVE_TWO","is_daily":false,"chose_seed":false,"campfire_upgraded":1,"win_rate":0.0,"timestamp":1607828382,"path_taken":["M","M","?","M","$","R","E","?","T","?","?","E"],"items_purchased_type":["Card"],"build_version":"2020-11-30","purchased_purges":2,"victory":false,"max_hp_per_floor":[75,75,75,75,75,75,75,75,75,75,75,75,75],"card_choices":[{"not_picked":["BasicCrystalCard","ReplayTheSpireMod:Reroute Power"],"picked":"Go for the Eyes","floor":1},{"not_picked":["BasicCrystalCard","Time Bomb"],"picked":"Beam Cell","floor":2},{"not_picked":["Redo","BasicCrystalCard"],"picked":"Go for the Eyes","floor":4},{"not_picked":["Genetic Algorithm","ReplayTheSpireMod:Omega Cannon","Chaos"],"picked":"SKIP","floor":7}],"player_experience":203429,"relics_obtained":[{"floor":7,"key":"Solar Panel"},{"floor":9,"key":"Simple Rune"}],"event_choices":[{"cards_removed":["Strike_B"],"damage_healed":0,"gold_gain":0,"player_choice":"Card Removal","damage_taken":0,"max_hp_gain":0,"max_hp_loss":0,"event_name":"The Cleric","floor":8,"gold_loss":50},{"damage_healed":0,"gold_gain":175,"player_choice":"AGREE","damage_taken":35,"max_hp_gain":0,"max_hp_loss":0,"event_name":"betterThird:BetterSerpent","floor":10,"gold_loss":0}],"is_beta":false,"boss_relics":[],"items_purged_floors":[5,11],"is_endless":false,"potions_floor_spawned":[1,2,7],"killed_by":"3 Sentries","ascension_level":0}}