{"host":"y1gy3vaohdji07z5","time":1607886966,"event":{"mods":["BaseMod","Colored Map","Colored Powertips","Hermit","Minty Spire (QoL Compilation)","Random Character Button","Rare Cards Sparkle","StSLib"],"gold_per_floor":[366,142,153,153,228,228,72,72,72,72,143,162,162,181,181,276,276,294,294,42,55,66,66,91,91,91,121,146,176,188,218,230,242,242],"floor_reached":33,"playtime":1252,"items_purged":["Strike_R","Strike_R"],"score":316,"play_id":"b7179c42-65ce-48e1-b52b-94eb1f01791e","local_time":"20201213201606","is_ascension_mode":true,"campfire_choices":[{"data":"Inflame","floor":6,"key":"SMITH"},{"data":"Cleave","floor":8,"key":"SMITH"},{"data":"Defend_R","floor":10,"key":"SMITH"},{"data":"Defend_R","floor":13,"key":"SMITH"},{"data":"Defend_R","floor":15,"key":"SMITH"},{"data":"Inflame","floor":23,"key":"SMITH"},{"data":"RitualDagger","floor":25,"key":"SMITH"},{"data":"Defend_R","floor":30,"key":"SMITH"},{"data":"Whirlwind","floor":32,"key":"SMITH"}],"circlet_count":0,"master_deck":["Strike_R","Strike_R","Strike_R","Defend_R+1","Defend_R+1","Defend_R+1","Defend_R+1","Inflame+1","Cleave+1","RitualDagger+1","Inflame+1","Whirlwind+1"],"relics":["Burning Blood","Pen Nib","Blood Vial","Mercury Hourglass","Pear","Velvet Choker","Oddly Smooth Stone","Happy Flower","Anchor","MawBank"],"acts_visited":["Exordium","TheCity"],"potions_floor_usage":[16,27,33],"damage_taken":[{"damage":14,"enemies":"Jaw Worm","floor":1,"turns":6},{"damage":15,"enemies":"2 Louse","floor":3,"turns":4},{"damage":0,"enemies":"Small Slimes","floor":12,"turns":2},{"damage":8,"enemies":"Exordium Wildlife","floor":14,"turns":4},{"damage":35,"enemies":"Slime Boss","floor":16,"turns":7},{"damage":20,"enemies":"3 Byrds","floor":18,"turns":3},{"damage":7,"enemies":"Spheric Guardian","floor":21,"turns":5},{"damage":8,"enemies":"Centurion and Healer","floor":22,"turns":7},{"damage":51,"enemies":"Book of Stabbing","floor":24,"turns":7},{"damage":26,"enemies":"Slavers","floor":27,"turns":4},{"damage":0,"enemies":"3 Cultists","floor":28,"turns":3},{"damage":0,"enemies":"Cultist and Chosen","floor":29,"turns":6},{"damage":15,"enemies":"Snake Plant","floor":31,"turns":3},{"damage":31,"enemies":"Collector","floor":33,"turns":5}],"seed_played":"-7473230114139516152","potions_obtained":[{"floor":3,"key":"Fire Potion"},{"floor":12,"key":"GamblersBrew"},{"floor":22,"key":"GamblersBrew"},{"floor":27,"key":"Ancient Potion"},{"floor":28,"key":"Strength Potion"}],"is_trial":false,"path_per_floor":["M","$","M","?","?","R","$","R","T","R","T","M","R","M","R","B",null,"M","?","$","M","M","R","E","R","T","E","M","M","R","M","R","B"],"character_chosen":"IRONCLAD","items_purchased":["Pen Nib","Blood Vial","Oddly Smooth Stone"],"campfire_rested":0,"item_purchase_floors":[2,7,20],"current_hp_per_floor":[48,48,39,32,21,21,21,21,21,21,31,39,39,39,39,12,90,76,70,70,71,71,71,28,28,28,10,18,26,26,19,19,0,0],"gold":242,"neow_bonus":"TWO_FIFTY_GOLD","is_daily":false,"chose_seed":false,"campfire_upgraded":9,"win_rate":0.0,"timestamp":1607886966,"path_taken":["M","$","M","?","?","R","?","R","T","R","?","M","R","?","R","BOSS","M","?","?","?","M","R","E","R","T","E","M","M","R","M","R","BOSS"],"items_purchased_type":["Relic","Relic","Relic"],"build_version":"2020-11-30","purchased_purges":2,"victory":false,"max_hp_per_floor":[80,80,80,80,80,80,80,80,80,80,90,90,90,90,90,90,90,90,90,90,90,90,90,90,90,90,90,90,90,90,90,90,90,90],"card_choices":[{"not_picked":["Armaments","Body Slam"],"picked":"Inflame","floor":1},{"not_picked":["Clothesline","Seeing Red"],"picked":"Cleave","floor":3},{"not_picked":["Clothesline","Bloodletting","Bludgeon"],"picked":"SKIP","floor":12},{"not_picked":["Warcry","Anger","Thunderclap"],"picked":"SKIP","floor":14},{"not_picked":["Uppercut","Twin Strike","Anger"],"picked":"SKIP","floor":18},{"not_picked":["Ghostly Armor","Shockwave"],"picked":"Inflame","floor":21},{"not_picked":["Armaments","Body Slam","Perfected Strike"],"picked":"SKIP","floor":22},{"not_picked":["Fire Breathing+1","Perfected Strike","Twin Strike"],"picked":"SKIP","floor":24},{"not_picked":["Fire Breathing+1","Perfected Strike","Twin Strike"],"picked":"SKIP","floor":24},{"not_picked":["Clash","Ghostly Armor","Clothesline"],"picked":"SKIP","floor":27},{"not_picked":["Rage","Sword Boomerang+1","Dropkick+1"],"picked":"SKIP","floor":28},{"not_picked":["Power Through","Twin Strike+1","Barricade"],"picked":"SKIP","floor":29},{"not_picked":["Battle Trance","Sentinel"],"picked":"Whirlwind","floor":31}],"player_experience":316243,"relics_obtained":[{"floor":9,"key":"Mercury Hourglass"},{"floor":11,"key":"Pear"},{"floor":24,"key":"Happy Flower"},{"floor":26,"key":"Anchor"},{"floor":27,"key":"MawBank"}],"event_choices":[{"cards_removed":["Bash"],"damage_healed":0,"gold_gain":0,"player_choice":"Card Removal","damage_taken":7,"max_hp_gain":0,"max_hp_loss":0,"event_name":"Golden Wing","floor":4,"gold_loss":0},{"damage_healed":0,"gold_gain":75,"player_choice":"Gather Gold","damage_taken":11,"max_hp_gain":0,"max_hp_loss":0,"event_name":"World of Goop","floor":5,"gold_loss":0},{"damage_healed":0,"gold_gain":0,"player_choice":"Joined the Cult","damage_taken":6,"max_hp_gain":0,"max_hp_loss":0,"event_name":"Nest","floor":19,"gold_loss":0,"cards_obtained":["RitualDagger"]}],"is_beta":false,"boss_relics":[{"not_picked":["Tiny House","SacredBark"],"picked":"Velvet Choker"}],"items_purged_floors":[2,20],"is_endless":false,"potions_floor_spawned":[3,12,22,27,28],"killed_by":"Collector","ascension_level":3}}