{"host":"ehwj6oc29l3x8nvc","time":1607899135,"event":{"mods":["BaseMod","BetterRewards","Colored Map","Colored Powertips","Minty Spire (QoL Compilation)","StSLib","Transform Curses"],"gold_per_floor":[116,129,129,129,142,185,210,226,226,247,301,319,353,391,391,519,519,540,540,614,628,642,642,662,685,708,708,708,708,732,756,756,880,880,894,918,936,811,837,837,837],"floor_reached":40,"playtime":3655,"items_purged":["Searing Blow"],"score":504,"play_id":"a8db32f0-4217-4e0f-acc8-d2c099bba707","local_time":"20201213153855","is_ascension_mode":false,"campfire_choices":[{"data":"Armaments","floor":15,"key":"SMITH"},{"data":"Berserk","floor":23,"key":"SMITH"},{"floor":32,"key":"REST"}],"circlet_count":0,"master_deck":["Strike_R+1","Strike_R+1","Strike_R+1","Strike_R+1","Strike_R+1","Defend_R+1","Defend_R+1","Defend_R+1","Defend_R+1","Bash","Clash","Cleave","Clash","Dual Wield","Clash","Armaments","Pommel Strike","Armaments+1","Dual Wield","Berserk+1","Armaments","Anger","Armaments","Clash","Anger+1","Anger"],"relics":["Burning Blood","Tiny Chest","Golden Idol","Orichalcum","Ornamental Fan","Happy Flower","Shuriken","Odd Mushroom","Runic Cube","Bottled Lightning","Vajra","MutagenicStrength","Mercury Hourglass","Mark of Pain","MealTicket"],"acts_visited":["Exordium","TheCity","TheBeyond"],"potions_floor_usage":[6,13,16,16,16,33,33,35],"damage_taken":[{"damage":6,"enemies":"Cultist","floor":1,"turns":3},{"damage":1,"enemies":"2 Louse","floor":2,"turns":3},{"damage":2,"enemies":"Small Slimes","floor":5,"turns":2},{"damage":40,"enemies":"Lagavulin","floor":6,"turns":7},{"damage":9,"enemies":"Exordium Thugs","floor":7,"turns":3},{"damage":0,"enemies":"Lots of Slimes","floor":8,"turns":2},{"damage":8,"enemies":"Exordium Wildlife","floor":10,"turns":4},{"damage":0,"enemies":"2 Fungi Beasts","floor":12,"turns":2},{"damage":0,"enemies":"Gremlin Nob","floor":13,"turns":3},{"damage":4,"enemies":"The Mushroom Lair","floor":14,"turns":3},{"damage":22,"enemies":"The Guardian","floor":16,"turns":7},{"damage":5,"enemies":"Shell Parasite","floor":18,"turns":4},{"damage":0,"enemies":"3 Byrds","floor":21,"turns":5},{"damage":16,"enemies":"Centurion and Healer","floor":22,"turns":4},{"damage":18,"enemies":"Sentry and Sphere","floor":24,"turns":4},{"damage":14,"enemies":"Snake Plant","floor":25,"turns":4},{"damage":20,"enemies":"Centurion and Healer","floor":30,"turns":4},{"damage":0,"enemies":"Sentry and Sphere","floor":31,"turns":3},{"damage":34,"enemies":"Champ","floor":33,"turns":8},{"damage":22,"enemies":"3 Darklings","floor":35,"turns":3},{"damage":13,"enemies":"Orb Walker","floor":36,"turns":3},{"damage":27,"enemies":"Maw","floor":37,"turns":7},{"damage":41,"enemies":"Transient","floor":40,"turns":2}],"seed_played":"-8755375204286456989","potions_obtained":[{"floor":5,"key":"LiquidMemories"},{"floor":8,"key":"Dexterity Potion"},{"floor":10,"key":"DistilledChaos"},{"floor":12,"key":"Strength Potion"},{"floor":14,"key":"DistilledChaos"},{"floor":18,"key":"ElixirPotion"},{"floor":24,"key":"Dexterity Potion"},{"floor":31,"key":"SpeedPotion"},{"floor":33,"key":"DuplicationPotion"},{"floor":35,"key":"BlessingOfTheForge"}],"is_trial":false,"path_per_floor":["M","M","?","?","M","E","M","M","T","M","T","M","E","?","R","B",null,"M","?","T","M","M","R","M","M","T","?","T","?","M","M","R","B",null,"M","M","M","$","T","M"],"character_chosen":"IRONCLAD","items_purchased":["Anger"],"campfire_rested":1,"item_purchase_floors":[38],"current_hp_per_floor":[80,80,80,80,80,46,43,49,49,47,47,53,59,61,61,45,80,80,80,80,80,70,70,58,50,50,50,50,50,36,42,66,38,80,64,57,36,36,36,0,0],"gold":837,"neow_bonus":"RANDOM_COMMON_RELIC","is_daily":false,"chose_seed":false,"campfire_upgraded":2,"win_rate":0.0,"timestamp":1607899135,"path_taken":["M","?","?","?","M","E","M","M","T","M","?","?","E","?","R","BOSS","M","?","?","M","?","R","M","?","T","?","?","?","M","?","R","BOSS","M","?","M","$","?","M"],"items_purchased_type":["Card"],"build_version":"2020-11-30","purchased_purges":1,"victory":false,"max_hp_per_floor":[80,80,80,80,80,80,80,80,80,80,80,80,80,80,80,80,80,80,80,80,80,80,80,80,80,80,80,80,80,80,80,80,80,80,80,80,80,80,80,80,80],"card_choices":[{"not_picked":["True Grit","Burning Pact"],"picked":"Clash","floor":1},{"not_picked":["Thunderclap","Warcry"],"picked":"Cleave","floor":2},{"not_picked":["Hemokinesis","Clothesline"],"picked":"Searing Blow","floor":5},{"not_picked":["Armaments","Burning Pact"],"picked":"Clash","floor":6},{"not_picked":["Cleave","Clothesline"],"picked":"Dual Wield","floor":7},{"not_picked":["Ghostly Armor","Searing Blow"],"picked":"Clash","floor":8},{"not_picked":["Shockwave","Wild Strike"],"picked":"Armaments","floor":10},{"not_picked":["Iron Wave","Sever Soul"],"picked":"Pommel Strike","floor":12},{"not_picked":["Flame Barrier","Uppercut"],"picked":"Armaments","floor":13},{"not_picked":["Evolve","Bloodletting"],"picked":"Dual Wield","floor":14},{"not_picked":["Immolate","Juggernaut"],"picked":"Berserk","floor":16},{"not_picked":["Thunderclap","Body Slam"],"picked":"Armaments","floor":18},{"not_picked":["Sever Soul","Flex","Shrug It Off"],"picked":"SKIP","floor":21},{"not_picked":["Clothesline+1","Shrug It Off","Sword Boomerang"],"picked":"SKIP","floor":22},{"not_picked":["Headbutt","Wild Strike"],"picked":"Battle Trance","floor":24},{"not_picked":["Twin Strike","Headbutt"],"picked":"Anger","floor":25},{"not_picked":["Cleave","Power Through"],"picked":"Armaments","floor":30},{"not_picked":["Sever Soul","Cleave+1","Impervious"],"picked":"SKIP","floor":31},{"not_picked":["Twin Strike","Flex+1"],"picked":"Clash","floor":35},{"not_picked":["Shrug It Off+1","Headbutt"],"picked":"Anger+1","floor":36},{"not_picked":["Thunderclap+1","Flame Barrier","Pommel Strike+1"],"picked":"SKIP","floor":37}],"player_experience":27247,"relics_obtained":[{"floor":6,"key":"Orichalcum"},{"floor":9,"key":"Ornamental Fan"},{"floor":11,"key":"Happy Flower"},{"floor":13,"key":"Shuriken"},{"floor":14,"key":"Odd Mushroom"},{"floor":20,"key":"Bottled Lightning"},{"floor":26,"key":"Vajra"},{"floor":28,"key":"Mercury Hourglass"},{"floor":39,"key":"MealTicket"}],"event_choices":[{"damage_healed":0,"gold_gain":0,"player_choice":"Take Wound","damage_taken":0,"relics_obtained":["Golden Idol"],"max_hp_gain":0,"max_hp_loss":0,"event_name":"Golden Idol","floor":3,"gold_loss":0,"cards_obtained":["Injury"]},{"cards_removed":["Injury"],"damage_healed":0,"gold_gain":0,"player_choice":"Purged","damage_taken":0,"max_hp_gain":0,"max_hp_loss":0,"event_name":"Purifier","floor":4,"gold_loss":0},{"damage_healed":0,"gold_gain":0,"player_choice":"Fought Mushrooms","damage_taken":0,"max_hp_gain":0,"max_hp_loss":0,"event_name":"Mushrooms","floor":14,"gold_loss":0},{"damage_healed":0,"gold_gain":0,"player_choice":"Simplicity","damage_taken":0,"max_hp_gain":0,"max_hp_loss":0,"event_name":"Back to Basics","floor":19,"gold_loss":0,"cards_upgraded":["Strike_R","Strike_R","Strike_R","Strike_R","Strike_R","Defend_R","Defend_R","Defend_R","Defend_R"]},{"damage_healed":0,"gold_gain":0,"player_choice":"Inject Mutagens","damage_taken":0,"relics_obtained":["MutagenicStrength"],"max_hp_gain":0,"max_hp_loss":0,"event_name":"Drug Dealer","floor":27,"gold_loss":0},{"cards_removed":["Battle Trance"],"damage_healed":0,"gold_gain":0,"player_choice":"Purged","damage_taken":0,"max_hp_gain":0,"max_hp_loss":0,"event_name":"Purifier","floor":29,"gold_loss":0}],"is_beta":false,"boss_relics":[{"not_picked":["Coffee Dripper","Empty Cage"],"picked":"Runic Cube"},{"not_picked":["Tiny House","Runic Pyramid"],"picked":"Mark of Pain"}],"items_purged_floors":[38],"is_endless":false,"potions_floor_spawned":[5,8,10,12,14,18,24,31,33,35],"killed_by":"Transient","ascension_level":0}}