{"host":"auv68s8i97pkmhwr","time":1607850862,"event":{"mods":["AchievementEnabler","BaseMod","Best Route Mod","Bestiary","Better Altar","Better Match","Better Note","Better Sensory Stone","Better Skull","Better Third Choice","Better Vampires","BetterRewards","Block Reminder","Colored Map","Colored Powertips","Displayed Cursed Tome","Minty Spire (QoL Compilation)","StSLib","SuperFastMode","Uncapped","Unceasing Turn Reminder"],"gold_per_floor":[113,188,188,199,212,245,245,274,274,299,332,361,361,392,392,492,492,506,241,241,266,266,291,320,352,400,431,444,470,508,553,565,676,688,713,775,804,851,863,1206,1218,1265,1277,1317,1357,906,932,952,952,952,952,952,18,52,52],"floor_reached":56,"playtime":2050,"items_purged":["Wild Strike","True Grit","Thunderclap"],"score":2632,"play_id":"d5676f93-872f-48f3-8b20-5c8b33577e10","local_time":"20201213171422","daily_mods":["Draft","Allstar","Heirloom","Time Dilation","Flight","DeadlyEvents","Elite Swarm"],"is_ascension_mode":true,"campfire_choices":[{"data":"Armaments","floor":7,"key":"SMITH"},{"data":"Limit Break","floor":13,"key":"SMITH"},{"data":"Shockwave","floor":15,"key":"SMITH"},{"data":"Feel No Pain","floor":32,"key":"SMITH"},{"data":"Barricade","floor":41,"key":"SMITH"},{"floor":49,"key":"RECALL"},{"data":"Feel No Pain","floor":52,"key":"SMITH"}],"circlet_count":0,"master_deck":["AscendersBane","Cleave+1","Feel No Pain+1","Shockwave+1","Twin Strike","True Grit+1","Rampage","Whirlwind","Armaments+1","Feel No Pain+1","Battle Trance+1","Inflame","Disarm","Shrug It Off","Shrug It Off","Limit Break+1","Limit Break","Reaper+1","Offering","Second Wind","Double Tap","Sword Boomerang+1","Heavy Blade+1","Barricade+1"],"relics":["Burning Blood","Du-Vu Doll","Singing Bowl","Prayer Wheel","Matryoshka","Question Card","Lantern","Toy Ornithopter","Busted Crown","Happy Flower","Pantograph","Pocketwatch","Regal Pillow","Bottled Flame","Anchor","Blood Vial","InkBottle","MawBank","Bird Faced Urn","CaptainsWheel","Black Star","Magic Flower","Red Skull","Gremlin Horn","Bag of Marbles","Old Coin","MealTicket","Oddly Smooth Stone","Orichalcum","Eternal Feather","The Courier","Dead Branch","Darkstone Periapt","Shuriken","Mummified Hand","Pen Nib","Paper Frog","StrikeDummy","ClockworkSouvenir","Letter Opener","Bottled Tornado","War Paint","Whetstone","Charon\u0027s Ashes","Calipers"],"acts_visited":["Exordium","TheCity","TheBeyond","TheEnding"],"potions_floor_usage":[16,21,25,27,29,33,44,45,50,54,55],"damage_taken":[{"damage":0,"enemies":"Small Slimes","floor":1,"turns":3},{"damage":1,"enemies":"Jaw Worm","floor":4,"turns":3},{"damage":0,"enemies":"2 Louse","floor":5,"turns":3},{"damage":15,"enemies":"3 Sentries","floor":6,"turns":8},{"damage":10,"enemies":"Lagavulin","floor":8,"turns":6},{"damage":23,"enemies":"3 Sentries","floor":10,"turns":6},{"damage":12,"enemies":"Gremlin Nob","floor":11,"turns":5},{"damage":5,"enemies":"3 Sentries","floor":12,"turns":6},{"damage":7,"enemies":"Lagavulin","floor":14,"turns":7},{"damage":7,"enemies":"The Guardian","floor":16,"turns":11},{"damage":6,"enemies":"2 Thieves","floor":18,"turns":2},{"damage":0,"enemies":"Gremlin Leader","floor":21,"turns":4},{"damage":15,"enemies":"Book of Stabbing","floor":23,"turns":6},{"damage":6,"enemies":"Gremlin Leader","floor":24,"turns":4},{"damage":18,"enemies":"Slavers","floor":25,"turns":4},{"damage":13,"enemies":"Gremlin Leader","floor":27,"turns":4},{"damage":0,"enemies":"3 Byrds","floor":28,"turns":1},{"damage":6,"enemies":"Book of Stabbing","floor":29,"turns":3},{"damage":0,"enemies":"Gremlin Leader","floor":30,"turns":4},{"damage":7,"enemies":"Book of Stabbing","floor":31,"turns":4},{"damage":6,"enemies":"Collector","floor":33,"turns":5},{"damage":6,"enemies":"3 Shapes","floor":35,"turns":6},{"damage":6,"enemies":"Mind Bloom Boss Battle","floor":36,"turns":4},{"damage":6,"enemies":"Orb Walker","floor":37,"turns":2},{"damage":13,"enemies":"Nemesis","floor":38,"turns":5},{"damage":12,"enemies":"Reptomancer","floor":40,"turns":4},{"damage":25,"enemies":"Nemesis","floor":42,"turns":7},{"damage":7,"enemies":"Giant Head","floor":44,"turns":5},{"damage":26,"enemies":"Reptomancer","floor":45,"turns":5},{"damage":12,"enemies":"Giant Head","floor":47,"turns":2},{"damage":6,"enemies":"4 Shapes","floor":48,"turns":1},{"damage":15,"enemies":"Donu and Deca","floor":50,"turns":4},{"damage":0,"enemies":"Shield and Spear","floor":54,"turns":3},{"damage":14,"enemies":"The Heart","floor":55,"turns":6}],"seed_played":"6232929518362263727","potions_obtained":[{"floor":1,"key":"PowerPotion"},{"floor":8,"key":"Dexterity Potion"},{"floor":12,"key":"SteroidPotion"},{"floor":16,"key":"GamblersBrew"},{"floor":20,"key":"DistilledChaos"},{"floor":21,"key":"EssenceOfSteel"},{"floor":23,"key":"Explosive Potion"},{"floor":27,"key":"Weak Potion"},{"floor":28,"key":"DistilledChaos"},{"floor":30,"key":"Strength Potion"},{"floor":35,"key":"GamblersBrew"},{"floor":42,"key":"Ancient Potion"},{"floor":44,"key":"FearPotion"},{"floor":45,"key":"Regen Potion"},{"floor":54,"key":"Fire Potion"}],"is_trial":true,"path_per_floor":["M","?","?","M","M","E","R","E","T","E","E","E","R","E","R","B",null,"M","$","?","E","?","E","E","E","T","E","M","E","E","E","R","B",null,"M","?","M","E","?","E","R","E","T","E","E","$","E","M","R","B",null,"R","$","E","B",null],"character_chosen":"IRONCLAD","items_purchased":["Happy Flower","Second Wind","Mummified Hand","DistilledChaos","Pen Nib","ClockworkSouvenir","Letter Opener","Bottled Tornado","War Paint","Whetstone","Swift Potion","SkillPotion"],"campfire_rested":0,"item_purchase_floors":[19,19,46,46,46,53,53,53,53,53,53,53],"current_hp_per_floor":[78,67,67,72,78,71,71,67,67,50,46,47,47,65,65,82,85,89,89,89,92,92,85,96,86,86,86,98,104,106,108,108,110,110,112,114,116,118,112,112,112,110,110,116,118,118,120,124,124,124,124,124,124,126,126],"gold":52,"neow_bonus":"","is_daily":false,"chose_seed":false,"campfire_upgraded":6,"win_rate":0.0,"timestamp":1607850862,"path_taken":["M","?","?","M","M","E","R","E","T","E","E","E","R","?","R","BOSS","M","$","?","?","?","E","E","E","T","E","?","?","E","E","R","BOSS","M","?","?","?","?","E","R","E","T","E","E","?","E","?","R","BOSS","R","$","E","BOSS"],"items_purchased_type":["Relic","Card","Relic","Potion","Relic","Relic","Relic","Relic","Relic","Relic","Potion","Potion"],"build_version":"2020-11-30","purchased_purges":3,"victory":true,"max_hp_per_floor":[80,80,80,80,80,82,82,82,82,82,84,84,84,86,86,86,86,90,90,90,92,92,94,96,98,98,98,102,104,106,108,108,110,110,112,114,116,118,112,112,112,114,114,116,118,118,120,124,124,124,124,124,124,126,126],"card_choices":[{"not_picked":["Blood for Blood","Headbutt"],"picked":"Thunderclap","floor":0},{"not_picked":["Flame Barrier","Headbutt"],"picked":"Cleave","floor":0},{"not_picked":["Infernal Blade","Armaments"],"picked":"True Grit","floor":0},{"not_picked":["Armaments","Havoc"],"picked":"Feel No Pain","floor":0},{"not_picked":["Clash","Dual Wield"],"picked":"Shockwave","floor":0},{"not_picked":["Second Wind","Clothesline"],"picked":"Wild Strike","floor":0},{"not_picked":["Havoc","Perfected Strike"],"picked":"Twin Strike","floor":0},{"not_picked":["Perfected Strike","Sword Boomerang"],"picked":"True Grit","floor":0},{"not_picked":["Thunderclap","True Grit"],"picked":"Rampage","floor":0},{"not_picked":["Bloodletting","Entrench"],"picked":"Whirlwind","floor":0},{"not_picked":["Dark Embrace","Havoc"],"picked":"Armaments","floor":0},{"not_picked":["Pommel Strike","Warcry"],"picked":"Feel No Pain","floor":0},{"not_picked":["Seeing Red","Heavy Blade"],"picked":"Battle Trance","floor":0},{"not_picked":["Iron Wave","Rupture"],"picked":"Inflame","floor":0},{"not_picked":["Anger","Dual Wield"],"picked":"Disarm","floor":0},{"not_picked":["Pommel Strike","Havoc"],"picked":"Shrug It Off","floor":1},{"not_picked":["Rampage","Disarm"],"picked":"Shrug It Off","floor":4},{"not_picked":["Carnage","Havoc","Clothesline"],"picked":"SKIP","floor":5},{"not_picked":["Demon Form","Exhume","Offering"],"picked":"Singing Bowl","floor":6},{"not_picked":["Offering","Demon Form"],"picked":"Limit Break","floor":8},{"not_picked":["Brutality","Exhume"],"picked":"Limit Break","floor":10},{"not_picked":["Offering","Corruption","Exhume"],"picked":"Singing Bowl","floor":11},{"not_picked":["Fiend Fire","Immolate","Berserk"],"picked":"Reaper","floor":12},{"not_picked":["Berserk","Exhume","Limit Break","Juggernaut"],"picked":"Singing Bowl","floor":14},{"not_picked":["Demon Form","Exhume","Fiend Fire"],"picked":"Offering","floor":16},{"not_picked":["Havoc","Fire Breathing"],"picked":"Singing Bowl","floor":18},{"not_picked":["Body Slam","Hemokinesis"],"picked":"Singing Bowl","floor":18},{"not_picked":["Berserk","Immolate"],"picked":"Singing Bowl","floor":21},{"not_picked":["Fiend Fire","Brutality"],"picked":"Singing Bowl","floor":23},{"not_picked":["Exhume","Berserk"],"picked":"Singing Bowl","floor":24},{"not_picked":["Reaper","Immolate"],"picked":"Singing Bowl","floor":25},{"not_picked":["Brutality"],"picked":"Double Tap","floor":27},{"not_picked":["Iron Wave","Twin Strike"],"picked":"Singing Bowl","floor":28},{"not_picked":["Havoc+1","Entrench"],"picked":"Singing Bowl","floor":28},{"not_picked":["Brutality","Reaper"],"picked":"Singing Bowl","floor":29},{"not_picked":["Demon Form","Immolate"],"picked":"Singing Bowl","floor":30},{"not_picked":["Reaper","Exhume"],"picked":"Singing Bowl","floor":31},{"not_picked":["Bludgeon","Corruption"],"picked":"Singing Bowl","floor":33},{"not_picked":["Anger+1"],"picked":"Sword Boomerang+1","floor":35},{"not_picked":["Burning Pact+1","Pummel+1"],"picked":"Singing Bowl","floor":35},{"not_picked":["Havoc","Flex+1"],"picked":"Singing Bowl","floor":36},{"not_picked":["Dark Embrace+1","Shockwave+1"],"picked":"Singing Bowl","floor":37},{"not_picked":["Flex+1"],"picked":"Heavy Blade+1","floor":37},{"not_picked":["Demon Form","Fiend Fire"],"picked":"Singing Bowl","floor":38},{"not_picked":["Fiend Fire"],"picked":"Barricade","floor":40},{"not_picked":["Berserk","Fiend Fire"],"picked":"Singing Bowl","floor":42},{"not_picked":["Juggernaut","Exhume"],"picked":"Singing Bowl","floor":44},{"not_picked":["Offering","Reaper"],"picked":"Singing Bowl","floor":45},{"not_picked":["Immolate","Impervious"],"picked":"Singing Bowl","floor":47},{"not_picked":["Cleave+1","Sword Boomerang+1"],"picked":"Singing Bowl","floor":48},{"not_picked":["Sever Soul+1","Spot Weakness+1"],"picked":"Singing Bowl","floor":48},{"not_picked":["Impervious","Demon Form"],"picked":"Singing Bowl","floor":54}],"player_experience":1219114,"relics_obtained":[{"floor":6,"key":"Singing Bowl"},{"floor":8,"key":"Prayer Wheel"},{"floor":10,"key":"Matryoshka"},{"floor":11,"key":"Question Card"},{"floor":12,"key":"Lantern"},{"floor":14,"key":"Toy Ornithopter"},{"floor":21,"key":"Pantograph"},{"floor":23,"key":"Pocketwatch"},{"floor":24,"key":"Regal Pillow"},{"floor":25,"key":"Bottled Flame"},{"floor":26,"key":"Anchor"},{"floor":26,"key":"Blood Vial"},{"floor":27,"key":"InkBottle"},{"floor":29,"key":"MawBank"},{"floor":30,"key":"Bird Faced Urn"},{"floor":31,"key":"CaptainsWheel"},{"floor":36,"key":"Magic Flower"},{"floor":38,"key":"Red Skull"},{"floor":38,"key":"Gremlin Horn"},{"floor":40,"key":"Bag of Marbles"},{"floor":40,"key":"Old Coin"},{"floor":42,"key":"MealTicket"},{"floor":42,"key":"Oddly Smooth Stone"},{"floor":43,"key":"Orichalcum"},{"floor":43,"key":"Eternal Feather"},{"floor":44,"key":"The Courier"},{"floor":44,"key":"Dead Branch"},{"floor":45,"key":"Darkstone Periapt"},{"floor":45,"key":"Shuriken"},{"floor":47,"key":"Paper Frog"},{"floor":47,"key":"StrikeDummy"},{"floor":54,"key":"Charon\u0027s Ashes"},{"floor":54,"key":"Calipers"}],"event_choices":[{"damage_healed":0,"gold_gain":75,"player_choice":"Gold","damage_taken":11,"max_hp_gain":0,"max_hp_loss":0,"event_name":"betterThird:BetterGoop","floor":2,"gold_loss":0},{"damage_healed":0,"gold_gain":1,"player_choice":"1","damage_taken":0,"max_hp_gain":0,"max_hp_loss":0,"event_name":"betterStone:BetterStone","floor":3,"gold_loss":0},{"damage_healed":0,"gold_gain":0,"player_choice":"Got Potions","damage_taken":0,"max_hp_gain":0,"max_hp_loss":0,"event_name":"Lab","floor":20,"gold_loss":0},{"damage_healed":0,"gold_gain":0,"player_choice":"Ignored","damage_taken":0,"max_hp_gain":0,"max_hp_loss":0,"event_name":"betterNote:BetterNote","floor":22,"gold_loss":0,"cards_obtained":["Ball Lightning"]},{"damage_healed":0,"gold_gain":0,"player_choice":"Fight","damage_taken":0,"max_hp_gain":0,"max_hp_loss":0,"event_name":"MindBloom","floor":36,"gold_loss":0},{"damage_healed":0,"gold_gain":0,"player_choice":"Max HP","damage_taken":0,"max_hp_gain":0,"max_hp_loss":6,"event_name":"Winding Halls","floor":39,"gold_loss":0}],"is_beta":false,"boss_relics":[{"not_picked":["Velvet Choker","Fusion Hammer"],"picked":"Busted Crown"},{"not_picked":["Runic Pyramid","Mark of Pain"],"picked":"Black Star"}],"items_purged_floors":[19,46,53],"is_endless":false,"potions_floor_spawned":[1,8,12,16,21,23,24,27,28,30,35,37,42,44,45,54],"ascension_level":10}}