{"host":"0g8fai1yzyd1adpx","time":1607863222,"event":{"mods":["AchievementEnabler","BaseMod","BetterRewards","Downfall","Hermit","Hubris","Infinite Spire","Marisa????????","Minty Spire (QoL Compilation)","Replay The Spire","StSLib","The Cursed","The Servant 0.9.4"],"gold_per_floor":[114,134,134,154,79,115,115,139,165,165,165,165,196,96,96,216,216,189,76,76,89,168,168,118,118],"floor_reached":24,"playtime":1113,"items_purged":["Injury","Strike_R"],"score":232,"play_id":"bf8bd1a6-57dd-4290-8118-3beea74f7675","local_time":"20201213064022","is_ascension_mode":true,"campfire_choices":[{"floor":7.0,"key":"REST"},{"floor":15.0,"key":"REST"},{"floor":23,"key":"REST"}],"circlet_count":0,"master_deck":["Strike_R","Strike_R","Strike_R","Strike_R+1","Defend_R","Defend_R","Defend_R","Bash+1","Armaments","Massacre+1","ReplayTheSpireMod:Stacked","Fire Breathing","Berserk+1","Barricade","Inflame","Dropkick","ReplayTheSpireMod:Splinters","Flex+1","Body Slam"],"relics":["Burning Blood","NeowsBlessing","Golden Idol","Toy Ornithopter","Whetstone","hubris:Towel","Singing Bowl","hubris:Icosahedron","hubris:ChampionShield"],"acts_visited":[],"potions_floor_usage":[24],"damage_taken":[{"damage":0.0,"enemies":"Cultist","floor":1.0,"turns":1.0},{"damage":0.0,"enemies":"Small Slimes","floor":2.0,"turns":1.0},{"damage":0.0,"enemies":"2 Louse","floor":4.0,"turns":1.0},{"damage":53.0,"enemies":"3 Sentries","floor":6.0,"turns":12.0},{"damage":16.0,"enemies":"Large Slime","floor":8.0,"turns":9.0},{"damage":26.0,"enemies":"Lagavulin","floor":13.0,"turns":7.0},{"damage":57.0,"enemies":"Hexaghost","floor":16.0,"turns":11.0},{"damage":43.0,"enemies":"2 Thieves","floor":18.0,"turns":5.0},{"damage":45,"enemies":"Chosen","floor":21,"turns":6},{"damage":46,"enemies":"Centurion and Healer","floor":24,"turns":8}],"seed_played":"1280428223231401943","potions_obtained":[{"floor":2.0,"key":"DuplicationPotion"},{"floor":4.0,"key":"Weak Potion"},{"floor":13.0,"key":"GamblersBrew"},{"floor":16.0,"key":"SpeedPotion"},{"floor":21,"key":"champ:CounterPotion"},{"floor":22,"key":"ColorlessPotion"}],"is_trial":false,"path_per_floor":["M","M","?","M","$","E","R","M","T","?","?","?","E","$","R","B",null,"M","$","?","M","?","R","M"],"character_chosen":"IRONCLAD","items_purchased":["Inflame","Dropkick"],"campfire_rested":3,"item_purchase_floors":[19,19],"current_hp_per_floor":[80,80,80,80,80,33,57,47,47,47,47,47,29,29,53,17,82,47,47,47,10,10,35,0,0],"gold":118,"neow_bonus":"THREE_ENEMY_KILL","is_daily":false,"chose_seed":false,"campfire_upgraded":0,"win_rate":0.0,"timestamp":1607863222,"path_taken":["M","?","?","M","$","E","R","M","T","?","?","?","E","?","R","BOSS","M","$","?","M","?","R","M"],"items_purchased_type":["Card","Card"],"build_version":"2020-11-30","purchased_purges":2,"victory":false,"max_hp_per_floor":[80,80,80,80,80,80,80,80,80,80,80,80,82,82,82,82,82,84,84,84,86,86,86,86,86],"card_choices":[{"not_picked":["Disarm","Headbutt"],"picked":"Armaments","floor":1.0},{"not_picked":["Evolve","Ghostly Armor"],"picked":"Massacre","floor":2.0},{"not_picked":["Sentinel","Havoc"],"picked":"ReplayTheSpireMod:Stacked","floor":4.0},{"not_picked":["Run Through","Anger","hubris:StunningStrike"],"picked":"SKIP","floor":6.0},{"not_picked":["Wild Strike","ReplayTheSpireMod:Stacked"],"picked":"Fire Breathing","floor":8.0},{"not_picked":["Carnage","Reaper","Seeing Red"],"picked":"Singing Bowl","floor":13.0},{"not_picked":["Double Tap","Berserk"],"picked":"Barricade","floor":16.0},{"not_picked":["Clothesline+1","Wild Strike","Sword Boomerang"],"picked":"Singing Bowl","floor":18.0},{"not_picked":["Clothesline+1","ReplayTheSpireMod:Strike From Hell","Headbutt"],"picked":"Singing Bowl","floor":21},{"not_picked":["True Grit","Havoc"],"picked":"Flex+1","floor":22},{"not_picked":["Feed","Headbutt"],"picked":"Body Slam","floor":22}],"player_experience":432420,"relics_obtained":[{"floor":6.0,"key":"Toy Ornithopter"},{"floor":9.0,"key":"Whetstone"},{"floor":13.0,"key":"Singing Bowl"},{"floor":22,"key":"hubris:ChampionShield"}],"event_choices":[{"damage_healed":0.0,"max_hp_gain":0.0,"max_hp_loss":0.0,"gold_gain":0.0,"event_name":"Golden Idol","player_choice":"Take Wound","floor":3.0,"gold_loss":0.0,"damage_taken":0.0,"relics_obtained":["Golden Idol"],"cards_obtained":["Injury"]},{"damage_healed":0.0,"max_hp_gain":0.0,"max_hp_loss":0.0,"gold_gain":0.0,"event_name":"Living Wall","player_choice":"Grow","floor":12.0,"gold_loss":0.0,"damage_taken":0.0,"cards_upgraded":["Massacre"]}],"is_beta":false,"boss_relics":[{"not_picked":["Runic Cube","infinitespire:Burning Sword","Abe\u0027s Treasure"]}],"items_purged_floors":[5,14],"is_endless":false,"potions_floor_spawned":[2,4,13,16,21],"killed_by":"Centurion and Healer","ascension_level":3}}