{"host":"cvdbfwtypahr1w62","time":1607868175,"event":{"mods":["AchievementEnabler","Act Like it!","BaseMod","BetterRewards","Colored Map","Filter the Spire","Hallownest","Highlight Path","Jorbs\u0027s Wanderer Trilogy","Marisa????????","Minty Spire (QoL Compilation)","Rare Cards Sparkle","Relic Stats","Shop Mod","StSLib","The Bug Knight","The Cursed"],"gold_per_floor":[117,117,117,131,144,144,144,144,144,29,43,43,43,62,62,134,134,149,149,59,76,76,76,76,76,76,91,7,7,7,27,27,104,104,115,125,125,31,80,107,19,19,19,19,35,35,35,35,35,35],"floor_reached":51,"playtime":2190,"items_purged":["Strike_G","Strike_G","Strike_G"],"score":1666,"play_id":"48145a7c-ce02-4249-9771-e8e797e736dc","local_time":"20201213150255","is_ascension_mode":true,"campfire_choices":[{"data":"Deadly Poison","floor":6,"key":"SMITH"},{"data":"Catalyst","floor":12,"key":"SMITH"},{"floor":15,"key":"REST"},{"data":"Venomology","floor":23,"key":"SMITH"},{"data":"Neutralize","floor":25,"key":"SMITH"},{"floor":32,"key":"REST"},{"data":"Impatience","floor":44,"key":"SMITH"},{"data":"Madness","floor":47,"key":"SMITH"},{"data":"Catalyst","floor":49,"key":"SMITH"}],"circlet_count":0,"master_deck":["AscendersBane","Defend_G","Defend_G","Defend_G+1","Defend_G","Survivor","Neutralize+1","Footwork","Footwork","Footwork","Escape Plan","Deadly Poison+1","Dodge and Roll","Catalyst+1","Deadly Poison","Venomology+1","Backflip","Blur","Catalyst+1","Backstab","Master of Strategy","Impatience+1","Blur","Madness+1"],"relics":["Ring of the Snake","TwistedFunnel","Frozen Egg 2","Potion Belt","Busted Crown","Hallownest:StagBellRelic1","Bottled Lightning","Oddly Smooth Stone","MealTicket","SacredBark","Ice Cream","HollowMod:PaleOreRelic","Lizard Tail"],"acts_visited":["Exordium","Hallownest:Greenpath","TheBeyond"],"potions_floor_usage":[11,16,18,21,21,21,21,22,22,27,27,27,33,33,36,36,36,36,36,39,39,39,40,45,50,50,50],"damage_taken":[{"damage":0,"enemies":"Hallownest:2_Baldur","floor":1,"turns":8},{"damage":0,"enemies":"Hallownest:monsterHuskGuard","floor":4,"turns":5},{"damage":0,"enemies":"Hallownest:monsterHuskWarrior","floor":5,"turns":5},{"damage":4,"enemies":"Hallownest:MossCreep_and_Mosskin","floor":11,"turns":6},{"damage":0,"enemies":"Hallownest:1_Ooma_and_2_Uuma","floor":14,"turns":7},{"damage":5,"enemies":"Hallownest:BossFalseKnight","floor":16,"turns":7},{"damage":0,"enemies":"Hallownest:Guard_and_Sentry","floor":18,"turns":6},{"damage":4,"enemies":"Hallownest:3_Youths","floor":21,"turns":8},{"damage":2,"enemies":"Hallownest:3_Youths","floor":22,"turns":5},{"damage":14,"enemies":"Hallownest:2_Flukemon","floor":27,"turns":11},{"damage":0,"enemies":"Hallownest:monsterShrumalOgre","floor":31,"turns":5},{"damage":1,"enemies":"Hallownest:BossMantisLord","floor":33,"turns":15},{"damage":0,"enemies":"Orb Walker","floor":35,"turns":3},{"damage":0,"enemies":"3 Darklings","floor":36,"turns":2},{"damage":6,"enemies":"2 Orb Walkers","floor":39,"turns":5},{"damage":5,"enemies":"Nemesis","floor":40,"turns":5},{"damage":4,"enemies":"Transient","floor":45,"turns":5},{"damage":0,"enemies":"Awakened One","floor":50,"turns":28}],"seed_played":"-8292160028373087702","potions_obtained":[{"floor":1,"key":"Ancient Potion"},{"floor":14,"key":"Strength Potion"},{"floor":18,"key":"CultistPotion"},{"floor":33,"key":"Explosive Potion"},{"floor":35,"key":"SpeedPotion"},{"floor":39,"key":"Regen Potion"},{"floor":40,"key":"SneckoOil"},{"floor":45,"key":"SkillPotion"}],"is_trial":false,"path_per_floor":["M","?","?","M","M","R","?","T","T","$","M","R","?","M","R","B",null,"M","?","?","M","?","R","$","R","T","M","$","?","T","M","R","B",null,"M","M","?","$","?","E","$","?","T","R","M","?","R","$","R","B",null],"character_chosen":"THE_SILENT","items_purchased":["Footwork","Footwork","TwistedFunnel","Footwork","Escape Plan","Catalyst","Deadly Poison","Blur","Impatience","Blur"],"campfire_rested":2,"item_purchase_floors":[0,0,0,0,0,10,10,28,38,41],"current_hp_per_floor":[24,24,24,24,24,24,24,24,24,24,35,35,35,35,52,47,55,55,55,55,51,49,49,49,49,49,35,35,35,35,35,52,51,56,56,56,56,58,52,47,58,48,48,48,44,44,44,58,58,58],"gold":35,"neow_bonus":"","is_daily":false,"chose_seed":false,"campfire_upgraded":7,"win_rate":0.0,"timestamp":1607868175,"path_taken":["M","?","?","?","M","R","?","?","T","$","M","R","?","M","R","BOSS","M","?","?","M","?","R","$","R","T","M","?","?","?","?","R","BOSS","M","M","?","$","?","E","$","?","T","R","M","?","R","?","R","BOSS"],"items_purchased_type":["Card","Card","Relic","Card","Card","Card","Card","Card","Card","Card"],"build_version":"2020-11-30","purchased_purges":3,"victory":true,"max_hp_per_floor":[66,66,58,58,58,58,58,58,58,58,58,58,58,58,58,58,58,58,58,58,58,58,58,58,58,58,58,58,58,58,58,58,58,58,58,58,58,58,58,58,58,58,58,58,58,58,58,58,58,58],"relic_stats":{"Lizard Tail":0,"Busted Crown":22,"counters":[289,1574],"MealTicket":27,"obtain_stats":[{"TwistedFunnel":19,"Whetstone":0,"Bottled Tornado":28,"Boot":8,"Sling":19,"Blood Vial":2,"Sundial":43,"MealTicket":7,"Fusion Hammer":34,"Kunai":9,"HollowMod:PaleOreRelic":40,"HollowMod:QueensCombRelic":0,"Pear":9,"Blue Candle":31,"HollowMod:JonisBlessing":0,"Eternal Feather":13,"Pen Nib":27,"Paper Crane":10,"Akabeko":45,"SlaversCollar":17,"MutagenicStrength":20,"Bird Faced Urn":25,"Ring of the Serpent":34,"Unceasing Top":14,"Lantern":24,"Regal Pillow":26,"Torii":0,"Magic Flower":0,"StoneCalendar":0,"Bag of Preparation":25,"Smiling Mask":9,"Hallownest:GodTamersBeastRelic":45,"Cursed Key":17,"Matryoshka":31,"WristBlade":34,"Ninja Scroll":0,"WingedGreaves":0,"Chemical X":30,"InkBottle":14,"Potion Belt":43,"Lee\u0027s Waffle":30,"Golden Idol":2,"Circlet":30,"Thread and Needle":40,"PreservedInsect":5,"Omamori":13,"Frozen Egg 2":22,"Hallownest:WatcherSealRelic":20,"Busted Crown":34,"Ornamental Fan":11,"Turnip":24,"Bottled Lightning":26,"Toy Ornithopter":9,"Ice Cream":39,"Mark of the Bloom":36,"Calipers":10,"Tiny House":17,"Gremlin Horn":29,"CeramicFish":26,"Vajra":10,"HoveringKite":34,"HollowMod:VesselMask":0,"HollowMod:StagPassRelic":9,"Sozu":34,"Lizard Tail":43,"HornCleat":0,"Strawberry":26,"Philosopher\u0027s Stone":17,"Prayer Wheel":27,"Toxic Egg 2":9,"Girya":8,"Happy Flower":0,"Oddly Smooth Stone":0,"War Paint":30,"Question Card":26,"WarpedTongs":28,"Bottled Flame":26,"Shuriken":9,"Bronze Scales":20,"Molten Egg 2":45,"CatCart":37,"Pocketwatch":0,"Meat on the Bone":4,"Darkstone Periapt":26,"Hallownest:StagBellRelic1":3,"SacredBark":34,"Enchiridion":27,"Mango":0,"Snake Skull":0,"Juzu Bracelet":43,"Incense Burner":2,"Hallownest:DreamNailRelic":3,"Empty Cage":17,"ClockworkSouvenir":0,"Nunchaku":26,"Dream Catcher":9,"Tough Bandages":0,"Mummified Hand":44,"Pantograph":6,"Red Mask":48,"Runic Pyramid":34,"Hallownest:BeastSealRelic":48,"HollowMod:LifeEnderRelic":40,"Odd Mushroom":11,"Orichalcum":44,"White Beast Statue":26,"Peace Pipe":13,"Anchor":30,"Membership Card":0,"TungstenRod":43},{"TwistedFunnel":198,"Whetstone":0,"Bottled Tornado":112,"Boot":4,"Sling":64,"Blood Vial":56,"Sundial":17,"MealTicket":96,"Fusion Hammer":46,"Kunai":20,"HollowMod:PaleOreRelic":287,"HollowMod:QueensCombRelic":188,"Pear":58,"Blue Candle":158,"HollowMod:JonisBlessing":0,"Eternal Feather":238,"Pen Nib":68,"Paper Crane":148,"Akabeko":73,"SlaversCollar":39,"MutagenicStrength":111,"Bird Faced Urn":111,"Ring of the Serpent":136,"Unceasing Top":218,"Lantern":10,"Regal Pillow":131,"Torii":250,"Magic Flower":55,"StoneCalendar":55,"Bag of Preparation":179,"Smiling Mask":4,"Hallownest:GodTamersBeastRelic":54,"Cursed Key":110,"Matryoshka":12,"WristBlade":182,"Ninja Scroll":210,"WingedGreaves":105,"Chemical X":44,"InkBottle":22,"Potion Belt":230,"Lee\u0027s Waffle":68,"Golden Idol":106,"Circlet":222,"Thread and Needle":184,"PreservedInsect":99,"Omamori":173,"Frozen Egg 2":9,"Hallownest:WatcherSealRelic":41,"Busted Crown":115,"Ornamental Fan":36,"Turnip":130,"Bottled Lightning":280,"Toy Ornithopter":107,"Ice Cream":286,"Mark of the Bloom":183,"Calipers":124,"Tiny House":127,"Gremlin Horn":200,"CeramicFish":179,"Vajra":59,"HoveringKite":202,"HollowMod:VesselMask":0,"HollowMod:StagPassRelic":255,"Sozu":244,"Lizard Tail":287,"HornCleat":188,"Strawberry":261,"Philosopher\u0027s Stone":7,"Prayer Wheel":87,"Toxic Egg 2":34,"Girya":255,"Happy Flower":55,"Oddly Smooth Stone":119,"War Paint":68,"Question Card":155,"WarpedTongs":43,"Bottled Flame":11,"Shuriken":123,"Bronze Scales":25,"Molten Egg 2":208,"CatCart":226,"Pocketwatch":0,"Meat on the Bone":106,"Darkstone Periapt":198,"Hallownest:StagBellRelic1":145,"SacredBark":70,"Enchiridion":241,"Mango":18,"Snake Skull":188,"Juzu Bracelet":17,"Incense Burner":19,"Hallownest:DreamNailRelic":31,"Empty Cage":63,"ClockworkSouvenir":18,"Nunchaku":67,"Dream Catcher":147,"Tough Bandages":250,"Mummified Hand":207,"Pantograph":3,"Red Mask":75,"Runic Pyramid":13,"Hallownest:BeastSealRelic":54,"HollowMod:LifeEnderRelic":229,"Odd Mushroom":102,"Orichalcum":187,"White Beast Statue":86,"Peace Pipe":81,"Anchor":134,"Membership Card":55,"TungstenRod":140},{"TwistedFunnel":1059,"Whetstone":0,"Bottled Tornado":608,"Boot":16,"Sling":351,"Blood Vial":314,"Sundial":91,"MealTicket":529,"Fusion Hammer":267,"Kunai":105,"HollowMod:PaleOreRelic":1541,"HollowMod:QueensCombRelic":1010,"Pear":321,"Blue Candle":829,"HollowMod:JonisBlessing":0,"Eternal Feather":1270,"Pen Nib":370,"Paper Crane":780,"Akabeko":387,"SlaversCollar":217,"MutagenicStrength":605,"Bird Faced Urn":605,"Ring of the Serpent":725,"Unceasing Top":1160,"Lantern":51,"Regal Pillow":701,"Torii":1334,"Magic Flower":310,"StoneCalendar":310,"Bag of Preparation":959,"Smiling Mask":16,"Hallownest:GodTamersBeastRelic":299,"Cursed Key":602,"Matryoshka":59,"WristBlade":981,"Ninja Scroll":1121,"WingedGreaves":578,"Chemical X":253,"InkBottle":113,"Potion Belt":1228,"Lee\u0027s Waffle":370,"Golden Idol":582,"Circlet":1184,"Thread and Needle":990,"PreservedInsect":549,"Omamori":913,"Frozen Egg 2":39,"Hallownest:WatcherSealRelic":230,"Busted Crown":624,"Ornamental Fan":195,"Turnip":698,"Bottled Lightning":1495,"Toy Ornithopter":585,"Ice Cream":1536,"Mark of the Bloom":985,"Calipers":675,"Tiny House":688,"Gremlin Horn":1072,"CeramicFish":959,"Vajra":325,"HoveringKite":1081,"HollowMod:VesselMask":0,"HollowMod:StagPassRelic":1359,"Sozu":1306,"Lizard Tail":1541,"HornCleat":1010,"Strawberry":1400,"Philosopher\u0027s Stone":32,"Prayer Wheel":476,"Toxic Egg 2":181,"Girya":1359,"Happy Flower":310,"Oddly Smooth Stone":643,"War Paint":370,"Question Card":814,"WarpedTongs":248,"Bottled Flame":55,"Shuriken":667,"Bronze Scales":137,"Molten Egg 2":1106,"CatCart":1208,"Pocketwatch":0,"Meat on the Bone":582,"Darkstone Periapt":1059,"Hallownest:StagBellRelic1":767,"SacredBark":378,"Enchiridion":1289,"Mango":100,"Snake Skull":1010,"Juzu Bracelet":91,"Incense Burner":102,"Hallownest:DreamNailRelic":168,"Empty Cage":346,"ClockworkSouvenir":100,"Nunchaku":364,"Dream Catcher":775,"Tough Bandages":1334,"Mummified Hand":1100,"Pantograph":11,"Red Mask":396,"Runic Pyramid":71,"Hallownest:BeastSealRelic":299,"HollowMod:LifeEnderRelic":1224,"Odd Mushroom":563,"Orichalcum":1003,"White Beast Statue":466,"Peace Pipe":431,"Anchor":716,"Membership Card":310,"TungstenRod":739}],"Ring of the Snake":[36]},"card_choices":[{"not_picked":["Catalyst","Blade Dance"],"picked":"Deadly Poison","floor":1},{"not_picked":["Quick Slash","Endless Agony","Bane"],"picked":"SKIP","floor":4},{"not_picked":["Bane","Flying Knee"],"picked":"Dodge and Roll","floor":5},{"not_picked":["Acrobatics","Finisher","Poisoned Stab"],"picked":"SKIP","floor":11},{"not_picked":["Dodge and Roll","Predator","Cloak And Dagger"],"picked":"SKIP","floor":14},{"not_picked":["Wraith Form v2+1","Glass Knife"],"picked":"Venomology","floor":16},{"not_picked":["Flechettes"],"picked":"SKIP","floor":18},{"not_picked":[],"picked":"Backflip","floor":21},{"not_picked":["Dodge and Roll"],"picked":"SKIP","floor":27},{"not_picked":[],"picked":"Catalyst","floor":31},{"not_picked":[],"picked":"Backstab","floor":35},{"not_picked":["Sucker Punch"],"picked":"SKIP","floor":36},{"not_picked":[],"picked":"Master of Strategy","floor":37},{"not_picked":["Setup"],"picked":"SKIP","floor":40},{"not_picked":["Reflex+1"],"picked":"SKIP","floor":45}],"player_experience":772063,"relics_obtained":[{"floor":8,"key":"Frozen Egg 2"},{"floor":9,"key":"Potion Belt"},{"floor":26,"key":"Bottled Lightning"},{"floor":30,"key":"MealTicket"},{"floor":39,"key":"Ice Cream"},{"floor":40,"key":"HollowMod:PaleOreRelic"},{"floor":43,"key":"Lizard Tail"}],"event_choices":[{"damage_healed":0,"gold_gain":0,"player_choice":"Memory 1","damage_taken":0,"max_hp_gain":0,"max_hp_loss":0,"event_name":"SensoryStone","floor":37,"gold_loss":0},{"damage_healed":0,"gold_gain":0,"player_choice":"Fight","damage_taken":0,"max_hp_gain":0,"max_hp_loss":0,"event_name":"Mysterious Sphere","floor":39,"gold_loss":0},{"damage_healed":0,"gold_gain":0,"player_choice":"Embrace Madness","damage_taken":10,"max_hp_gain":0,"max_hp_loss":0,"event_name":"Winding Halls","floor":42,"gold_loss":0,"cards_obtained":["Madness","Madness"]},{"cards_removed":["Madness"],"damage_healed":0,"gold_gain":0,"player_choice":"Removed Skill","damage_taken":0,"max_hp_gain":0,"max_hp_loss":0,"event_name":"Falling","floor":46,"gold_loss":0}],"is_beta":false,"boss_relics":[{"not_picked":["WristBlade","Velvet Choker"],"picked":"Busted Crown"},{"not_picked":["Coffee Dripper","Fusion Hammer"],"picked":"SacredBark"}],"items_purged_floors":[0,0,0],"is_endless":false,"potions_floor_spawned":[1,4,14,18,33,35,39,40,45],"ascension_level":16}}