{"host":"sst22apzgpn07t8v","time":1607822467,"event":{"mods":["Act Like it!","BaseMod","Hallownest","HololiveMod","Lobotomy","LobotomyExtend","Minty Spire (QoL Compilation)","Replay The Spire","Shop Mod","StSLib","The Bug Knight"],"gold_per_floor":[111,111,125,138,153,153,168,189,189,189,200,216,216,323,323,323,323],"floor_reached":16,"playtime":721,"items_purged":[],"score":94,"play_id":"946f30e5-9668-4f44-8568-5232d2364af2","local_time":"20201213092107","is_ascension_mode":false,"campfire_choices":[{"floor":6,"key":"REST"},{"floor":10,"key":"REST"},{"floor":15,"key":"REST"}],"circlet_count":0,"master_deck":["Strike_B","Strike_B","Strike_B","Strike_B","Defend_B","Defend_B","Defend_B","Defend_B","Zap","Dualcast","White Noise+1","Redo","Crystallizer","Stack","Coolheaded","Coolheaded","Redo","Rebound","Rebound","Skim"],"relics":["Painkiller Herb","Odd Mushroom","Onion Ring","Prayer Wheel"],"acts_visited":["Exordium"],"potions_floor_usage":[16],"damage_taken":[{"damage":8,"enemies":"2 Louse","floor":1,"turns":3},{"damage":0,"enemies":"Small Slimes","floor":3,"turns":3},{"damage":6,"enemies":"Cultist","floor":4,"turns":3},{"damage":14,"enemies":"Gremlin Gang","floor":5,"turns":5},{"damage":22,"enemies":"Large Slime","floor":7,"turns":7},{"damage":22,"enemies":"The Mushroom Lair","floor":8,"turns":5},{"damage":7,"enemies":"3 Louse","floor":11,"turns":3},{"damage":22,"enemies":"Exordium Thugs","floor":12,"turns":5},{"damage":55,"enemies":"Fading Forest","floor":16,"turns":8}],"seed_played":"-7339604185799104200","potions_obtained":[{"floor":8,"key":"LiquidBronze"},{"floor":12,"key":"FearPotion"}],"is_trial":false,"path_per_floor":["?","T","?","?","?","T","?","?","T","T","?","?","?","?","T","B"],"character_chosen":"DEFECT","items_purchased":[],"campfire_rested":3,"item_purchase_floors":[],"current_hp_per_floor":[67,67,67,61,47,69,47,25,25,47,40,18,18,18,40,0,0],"gold":323,"neow_bonus":"BOSS_RELIC","is_daily":false,"chose_seed":false,"campfire_upgraded":0,"win_rate":0.0,"timestamp":1607822467,"path_taken":["?","T","?","?","?","T","?","?","T","T","?","?","?","?","T","BOSS"],"items_purchased_type":[],"build_version":"2020-11-30","purchased_purges":0,"victory":false,"max_hp_per_floor":[75,75,75,75,75,75,75,75,75,75,75,75,75,75,75,75,75],"card_choices":[{"not_picked":["Turbo","Panic Button"],"picked":"White Noise","floor":1},{"not_picked":["Sunder","Reprogram"],"picked":"Redo","floor":3},{"not_picked":["Stack","Compile Driver"],"picked":"Crystallizer","floor":4},{"not_picked":["ReplaySort","Steam"],"picked":"Stack","floor":5},{"not_picked":["Gash","Fission"],"picked":"Coolheaded","floor":7},{"not_picked":["Gash","Scrape"],"picked":"Coolheaded","floor":8},{"not_picked":["Leap","Conserve Battery"],"picked":"Redo","floor":11},{"not_picked":["Compile Driver","Double Energy"],"picked":"Rebound","floor":12},{"not_picked":["Sweeping Beam","Beam Cell"],"picked":"ReplayTheSpireMod:Fabricate Wheel","floor":14},{"not_picked":["Scrape","Reprogram"],"picked":"Rebound","floor":14},{"not_picked":["Scrape","Reinforced Body"],"picked":"Skim","floor":14}],"player_experience":136313,"relics_obtained":[{"floor":8,"key":"Odd Mushroom"},{"floor":9,"key":"Onion Ring"}],"event_choices":[{"damage_healed":0,"gold_gain":0,"player_choice":"Fought Mushrooms","damage_taken":0,"max_hp_gain":0,"max_hp_loss":0,"event_name":"Mushrooms","floor":8,"gold_loss":0}],"is_beta":false,"boss_relics":[],"items_purged_floors":[],"is_endless":false,"potions_floor_spawned":[8,12],"killed_by":"Fading Forest","ascension_level":0}}