{"host":"ktoxvvst1mwxww91","time":1607847741,"event":{"mods":["BaseMod","Downfall","Hermit","Minty Spire (QoL Compilation)","StSLib","The Blackbeard","The Hierophant","The Mystic","The Necromancer"],"gold_per_floor":[99,134,134,134,59,59,59,59,94,114,128,303,403,553,570,671,671,671,121,149,249,259,259,284,284,310,235,235,85,85,30,30,126,176,176,194,194,194,79,79,79,79,4,30,30,77,77,62,72,72],"floor_reached":51,"playtime":3041,"items_purged":["champ:Strike","Doubt"],"score":784,"play_id":"8ca8edee-11ac-4eb8-a565-00b23a925013","local_time":"20201213092221","is_ascension_mode":false,"campfire_choices":[{"data":"champ:Taunt","floor":1,"key":"SMITH"},{"floor":3,"key":"RECALL"},{"data":"champ:StanceDance","floor":5,"key":"SMITH"},{"data":"champ:VampiricStrike","floor":18,"key":"SMITH"},{"floor":23,"key":"REST"},{"data":"champ:DefensiveStyle","floor":27,"key":"SMITH"},{"data":"champ:PerfectForm","floor":35,"key":"SMITH"},{"data":"champ:IronFortress","floor":37,"key":"SMITH"},{"data":"champ:ShieldWall","floor":40,"key":"SMITH"},{"data":"champ:Haymaker","floor":43,"key":"SMITH"}],"circlet_count":0,"master_deck":["champ:Defend","champ:Defend","champ:Defend","champ:Defend","champ:Taunt+1","champ:StanceDance+1","champ:FlashCut","champ:BringItOn+1","champ:DefensiveStyle+1","champ:Circumvent","champ:TornadoPunch","Slimebound:Icky","champ:DefensiveShout","champ:VampiricStrike+1","champ:RapidStrikes","champ:ShieldThrow","champ:RisingSlash","champ:StrikeOfGenius","champ:TornadoPunch","J.A.X.","champ:Backstep+1","champ:Lariat","Parasite","champ:Haymaker+1","champ:ShieldWall+1","champ:IronFortress+1","champ:PerfectForm+1","champ:EnGarde","champ:StanceDance+1","expansioncontent:DarkVoid","champ:PerfectForm","champ:BringItOn","Doubt","champ:DefensiveShout+1","champ:Encircle"],"relics":["champ:ChampionCrown","downfall:HeartsMalice","Ice Cream","downfall:HeartBlessingRed","Shuriken","Juzu Bracelet","Cursed Key","Calipers","Turnip","MutagenicStrength","Anchor","Omamori","Lantern","downfall:HeartBlessingGreen","Potion Belt","HornCleat","Tiny House","downfall:HeartBlessingBlue","MealTicket","FossilizedHelix"],"acts_visited":["Exordium","TheCity","TheBeyond"],"potions_floor_usage":[16,16,22,32,44,44,44,46,50],"damage_taken":[{"damage":0,"enemies":"Lagavulin","floor":2,"turns":1},{"damage":0,"enemies":"downfall:FleeingMerchant","floor":6,"turns":1},{"damage":0,"enemies":"downfall:FleeingMerchant","floor":8,"turns":1},{"damage":63,"enemies":"Gremlin Nob","floor":9,"turns":6},{"damage":0,"enemies":"2 Louse","floor":10,"turns":2},{"damage":1,"enemies":"Small Slimes","floor":11,"turns":3},{"damage":0,"enemies":"Cultist","floor":15,"turns":3},{"damage":46,"enemies":"downfall:Watcher","floor":16,"turns":12},{"damage":5,"enemies":"downfall:FleeingMerchant","floor":19,"turns":4},{"damage":64,"enemies":"Slavers","floor":20,"turns":6},{"damage":34,"enemies":"downfall:Augmenter","floor":21,"turns":6},{"damage":8,"enemies":"Chosen","floor":22,"turns":6},{"damage":35,"enemies":"Book of Stabbing","floor":26,"turns":6},{"damage":8,"enemies":"downfall:FleeingMerchant","floor":31,"turns":4},{"damage":0,"enemies":"3 Byrds","floor":32,"turns":1},{"damage":29,"enemies":"downfall:Defect","floor":33,"turns":9},{"damage":32,"enemies":"3 Darklings","floor":36,"turns":9},{"damage":12,"enemies":"downfall:FleeingMerchant","floor":39,"turns":4},{"damage":88,"enemies":"Giant Head","floor":44,"turns":10},{"damage":72,"enemies":"2 Orb Walkers","floor":46,"turns":5},{"damage":12,"enemies":"downfall:FleeingMerchant","floor":48,"turns":4},{"damage":15,"enemies":"3 Shapes","floor":49,"turns":6},{"damage":100,"enemies":"downfall:Silent","floor":50,"turns":11}],"seed_played":"5985234541715724854","potions_obtained":[{"floor":9,"key":"AttackPotion"},{"floor":11,"key":"Slimebound:ThreeZeroPotion"},{"floor":16,"key":"SmokeBomb"},{"floor":20,"key":"Explosive Potion"},{"floor":26,"key":"Block Potion"},{"floor":33,"key":"Swift Potion"},{"floor":34,"key":"Swift Potion"},{"floor":44,"key":"LiquidMemories"},{"floor":46,"key":"EssenceOfSteel"}],"is_trial":false,"path_per_floor":["R","E","R","?","R","$","T","$","E","M","M","?","?","?","M","B",null,"R","$","E","?","M","R","T","?","E","R","?","?","?","$","M","B",null,"R","M","R","?","$","R","T","?","R","E","?","?","?","$","M","B",null],"character_chosen":"THE_CHAMP","items_purchased":["champ:ShieldThrow","Calipers","champ:IronFortress"],"campfire_rested":1,"item_purchase_floors":[19,19,31],"current_hp_per_floor":[90,90,90,90,90,90,90,90,37,37,36,36,36,36,36,13,90,90,90,46,30,22,49,49,49,46,46,46,100,90,100,100,100,105,105,105,105,105,105,105,105,105,115,62,101,68,101,101,101,22],"gold":72,"neow_bonus":"THREE_ENEMY_KILL","is_daily":false,"chose_seed":false,"campfire_upgraded":8,"win_rate":0.0,"timestamp":1607847741,"path_taken":["R","E","R","?","R","$","T","$","E","M","M","?","?","?","M","BOSS","R","$","E","?","M","R","T","?","E","R","?","?","?","$","M","BOSS","R","M","R","?","$","R","T","?","R","E","?","?","?","$","M","BOSS"],"items_purchased_type":["Card","Relic","Card"],"build_version":"2020-11-30","purchased_purges":2,"victory":true,"max_hp_per_floor":[90,90,90,90,90,90,90,90,90,90,90,90,90,90,90,90,90,90,90,90,90,90,90,90,90,90,90,90,100,100,100,100,100,105,105,105,105,105,105,105,105,105,115,115,101,101,101,101,101,101],"card_choices":[{"not_picked":["champ:PreciseThrust","champ:CrookedStrike"],"picked":"champ:StanceDance","floor":2},{"not_picked":["champ:GladiatorsShout","champ:CrookedStrike"],"picked":"champ:FlashCut","floor":6},{"not_picked":["champ:TornadoPunch","champ:SkillfulDodge"],"picked":"champ:BringItOn","floor":8},{"not_picked":["champ:FightOn","champ:FanOfKnives"],"picked":"champ:DefensiveStyle","floor":9},{"not_picked":["champ:BerserkersShout","champ:AdrenalArmor"],"picked":"champ:Circumvent","floor":10},{"not_picked":["champ:Circumvent","champ:BladeFlurry"],"picked":"champ:TornadoPunch","floor":11},{"not_picked":["champ:GladiatorsShout","champ:PerfectedStrike"],"picked":"champ:DefensiveShout","floor":15},{"not_picked":["champ:SteelEdge","champ:LastStand"],"picked":"champ:VampiricStrike","floor":16},{"not_picked":["champ:BerserkersShout+1","champ:StanceDance"],"picked":"champ:RapidStrikes","floor":19},{"not_picked":["champ:RecklessLeap+1","champ:FanOfKnives"],"picked":"champ:RisingSlash","floor":20},{"not_picked":[],"picked":"J.A.X.","floor":21},{"not_picked":["champ:Encircle+1","champ:TornadoPunch"],"picked":"champ:Backstep+1","floor":21},{"not_picked":["champ:FlashCut+1","champ:TornadoPunch+1"],"picked":"champ:Lariat","floor":22},{"not_picked":["champ:StanceDance","champ:Backstep"],"picked":"champ:Haymaker","floor":26},{"not_picked":["champ:Haymaker","champ:LastStand"],"picked":"champ:ShieldWall","floor":31},{"not_picked":["champ:IgnorePain","champ:LastStand"],"picked":"champ:PerfectForm","floor":33},{"not_picked":["champ:GladiatorsShout","champ:Backstep"],"picked":"champ:EnGarde","floor":34},{"not_picked":["champ:BladeFlurry","champ:BringItOn+1"],"picked":"champ:StanceDance+1","floor":36},{"not_picked":["champ:Backstep","champ:AdrenalArmor","champ:FaceSlap"],"picked":"SKIP","floor":39},{"not_picked":["expansioncontent:LastStand","expansioncontent:Sear"],"picked":"expansioncontent:DarkVoid","floor":42},{"not_picked":["champ:HeartStrike","champ:DefensiveStyle"],"picked":"champ:PerfectForm","floor":44},{"not_picked":["champ:EndlessRage","champ:PerfectedStrike+1"],"picked":"champ:BringItOn","floor":46},{"not_picked":["champ:AdrenalArmor+1","champ:DancingMaster"],"picked":"champ:DefensiveShout+1","floor":48},{"not_picked":["champ:BladeFlurry+1","champ:PerfectedStrike"],"picked":"champ:Encircle","floor":49}],"player_experience":1024881,"relics_obtained":[{"floor":2,"key":"Ice Cream"},{"floor":7,"key":"Shuriken"},{"floor":9,"key":"Juzu Bracelet"},{"floor":20,"key":"Turnip"},{"floor":21,"key":"MutagenicStrength"},{"floor":24,"key":"Anchor"},{"floor":26,"key":"Lantern"},{"floor":44,"key":"MealTicket"},{"floor":46,"key":"FossilizedHelix"}],"event_choices":[{"cards_removed":["champ:Strike"],"damage_healed":0,"gold_gain":0,"player_choice":"Card Removal","damage_taken":0,"max_hp_gain":0,"max_hp_loss":0,"event_name":"The Cleric","floor":4,"gold_loss":0},{"damage_healed":0,"gold_gain":0,"player_choice":"Stole Relic","damage_taken":0,"relics_obtained":["Potion Belt"],"max_hp_gain":0,"max_hp_loss":0,"event_name":"Addict","floor":28,"gold_loss":0,"cards_obtained":["Shame"]},{"damage_healed":0,"gold_gain":0,"player_choice":"HornCleat","damage_taken":0,"relics_obtained":["HornCleat"],"max_hp_gain":0,"max_hp_loss":0,"event_name":"blackbeard:ShipwreckEvent","floor":30,"gold_loss":0},{"cards_removed":["champ:Execute"],"damage_healed":0,"gold_gain":0,"player_choice":"Purged","damage_taken":0,"max_hp_gain":0,"max_hp_loss":0,"event_name":"Purifier","floor":38,"gold_loss":0},{"damage_healed":0,"gold_gain":0,"player_choice":"Fight","damage_taken":0,"max_hp_gain":0,"max_hp_loss":0,"event_name":"Mysterious Sphere","floor":46,"gold_loss":0}],"is_beta":false,"boss_relics":[{"not_picked":["SacredBark","Busted Crown"],"picked":"Cursed Key"},{"not_picked":["Empty Cage","Sozu"],"picked":"Tiny House"}],"items_purged_floors":[19,39],"is_endless":false,"potions_floor_spawned":[9,11,16,20,26,33,44,46],"ascension_level":0}}