{"host":"ek3xvuouaw6vk9if","time":1607824107,"event":{"mods":["BaseMod","Minty Spire (QoL Compilation)","Permanent Neow","Quick Restart","Replay The Spire","StSLib"],"gold_per_floor":[117,131,131,131,131,131,162,162,162,178,197,215,240,21,21,149,149,169,194,119,119,19,19,19,63,88,88,131,6,6,21,21,151,151,176,176,176,237,237,237,272,272,299,299,313,120,151,166,166,166],"floor_reached":51,"playtime":2226,"items_purged":["Regret","Strike_R","Strike_R"],"score":1122,"play_id":"756e7cf2-5161-4607-b4a8-52283dffaaa7","local_time":"20201212204827","is_ascension_mode":true,"campfire_choices":[{"data":"Reckless Charge","floor":6.0,"key":"SMITH"},{"data":"ReplayTheSpireMod:LeadingStrike","floor":8.0,"key":"SMITH"},{"data":"Double Tap","floor":15.0,"key":"SMITH"},{"data":"Panache","floor":23.0,"key":"SMITH"},{"data":"Rage","floor":27.0,"key":"SMITH"},{"data":"Clash","floor":30.0,"key":"SMITH"},{"floor":32.0,"key":"REST"},{"data":"Madness","floor":40,"key":"SMITH"},{"data":"Offering","floor":42,"key":"SMITH"},{"data":"Pot Of Greed","floor":44,"key":"SMITH"},{"floor":49,"key":"REST"}],"circlet_count":0,"master_deck":["Defend_R","Defend_R","Defend_R","Defend_R","Bash","Panache+1","Reckless Charge+1","ReplayTheSpireMod:LeadingStrike+1","Rage+1","Clash","Double Tap+1","Offering","Searing Blow+1","Inflame+1","Shockwave+1","Flex+1","Clash+1","ReplayTheSpireMod:Stacked+1","Warcry","Offering+1","Anger","Madness","Madness+1","Clash","Pot Of Greed+1","Pot Of Greed","Pot Of Greed","Rage","Pommel Strike","Anger+1"],"relics":["Burning Blood","Ring of Peace","Ring of Searing","Pet Ghost","Golden Idol","Onion Ring","Kunai","Astrolabe","Art of War","ReplayTheSpireMod:TigerMarble","Vajra","ReplayTheSpireMod:DimensionalGlitch","Another Sword","Bag of Marbles","Grinning Jar","Centennial Puzzle","Unceasing Top"],"acts_visited":["TheBeyond"],"potions_floor_usage":[41,47,48,50],"damage_taken":[{"damage":5.0,"enemies":"Small Slimes","floor":1.0,"turns":5.0},{"damage":0.0,"enemies":"2 Louse","floor":2.0,"turns":4.0},{"damage":28.0,"enemies":"Gremlin Nob","floor":7.0,"turns":5.0},{"damage":2.0,"enemies":"Jaw Worm","floor":10.0,"turns":4.0},{"damage":8.0,"enemies":"Looter","floor":11.0,"turns":3.0},{"damage":0.0,"enemies":"Exordium Wildlife","floor":12.0,"turns":5.0},{"damage":0.0,"enemies":"Blue Slaver","floor":13.0,"turns":4.0},{"damage":36.0,"enemies":"The Guardian","floor":16.0,"turns":7.0},{"damage":13.0,"enemies":"3 Byrds","floor":18.0,"turns":5.0},{"damage":5.0,"enemies":"Chosen","floor":19.0,"turns":3.0},{"damage":16.0,"enemies":"Book of Stabbing","floor":25.0,"turns":5.0},{"damage":7.0,"enemies":"Slavers","floor":28.0,"turns":3.0},{"damage":31.0,"enemies":"Snecko","floor":31.0,"turns":6.0},{"damage":16.0,"enemies":"Collector","floor":33.0,"turns":8.0},{"damage":18,"enemies":"3 Shapes","floor":35,"turns":4},{"damage":10,"enemies":"2 Orb Walkers","floor":38,"turns":3},{"damage":9,"enemies":"Nemesis","floor":41,"turns":5},{"damage":25,"enemies":"3 Darklings","floor":45,"turns":4},{"damage":9,"enemies":"Giant Head","floor":47,"turns":7},{"damage":9,"enemies":"Writhing Mass","floor":48,"turns":2},{"damage":16,"enemies":"Awakened One","floor":50,"turns":9}],"seed_played":"-6799480799813599476","potions_obtained":[{"floor":1.0,"key":"BloodPotion"},{"floor":10.0,"key":"DistilledChaos"},{"floor":11.0,"key":"Venom Potion"},{"floor":16.0,"key":"Milkshake"},{"floor":25.0,"key":"LifebloodPotion"},{"floor":28.0,"key":"Block Potion"},{"floor":33,"key":"Swift Potion"},{"floor":38,"key":"Reflective Coating"},{"floor":41,"key":"BloodPotion"}],"is_trial":false,"path_per_floor":["M","M","?","?","?","R","E","R","T","M","M","M","M","$","R","B",null,"M","M","?","?","$","R","?","E","T","R","E","$","R","M","R","B",null,"M","?","?","?","$","R","E","R","T","R","M","$","E","M","R","B",null],"character_chosen":"IRONCLAD","items_purchased":["Double Tap","Rage","Centennial Puzzle"],"campfire_rested":2,"item_purchase_floors":[14,46,46],"current_hp_per_floor":[72,72,72,72,54,54,32,32,32,36,34,40,46,46,46,30,62,55,56,56,43,43,43,43,33,33,33,32,32,32,7,30,20,63,48,48,38,31,31,31,25,25,25,25,17,17,11,13,36,23],"gold":166,"neow_bonus":"RANDOM_COLORLESS_2","is_daily":false,"chose_seed":false,"campfire_upgraded":9,"win_rate":0.0,"timestamp":1607824107,"path_taken":["M","M","?","?","?","R","E","R","T","M","?","M","M","$","R","BOSS","M","M","?","?","$","R","?","E","T","R","E","?","R","M","R","BOSS","BOSS","M","?","?","?","$","R","E","R","T","R","M","$","E","M","R","BOSS"],"items_purchased_type":["Card","Card","Relic"],"build_version":"2020-11-30","purchased_purges":3,"victory":true,"max_hp_per_floor":[72,72,72,72,72,72,72,72,72,72,72,72,72,72,72,72,72,72,72,72,77,77,77,77,77,77,77,77,77,77,77,77,77,77,77,77,77,77,77,77,77,77,77,77,77,77,77,77,77,77],"card_choices":[{"not_picked":["Secret Weapon","The Bomb"],"picked":"Panache","floor":0.0},{"not_picked":["Wild Strike","Defy Death","Perfected Strike"],"picked":"SKIP","floor":1.0},{"not_picked":["Blood for Blood","Second Wind"],"picked":"Reckless Charge","floor":2.0},{"not_picked":["Headbutt","True Grit"],"picked":"ReplayTheSpireMod:LeadingStrike","floor":7.0},{"not_picked":["ReplayTheSpireMod:LeadingStrike","Reckless Charge"],"picked":"Rage","floor":10.0},{"not_picked":["Dropkick","Sentinel","ReplayTheSpireMod:Strike From Hell"],"picked":"SKIP","floor":11.0},{"not_picked":["Perfected Strike","Headbutt","ReplayTheSpireMod:Strike From Hell"],"picked":"SKIP","floor":12.0},{"not_picked":["Iron Wave","Pummel"],"picked":"Clash","floor":13.0},{"not_picked":["Feed","Demon Form"],"picked":"Offering","floor":16.0},{"not_picked":["True Grit","Hemokinesis+1"],"picked":"Flex+1","floor":18.0},{"not_picked":["Entrench","Twin Strike+1"],"picked":"Clash","floor":19.0},{"not_picked":["Exhume","Dual Wield"],"picked":"ReplayTheSpireMod:Stacked+1","floor":25.0},{"not_picked":["Sword Boomerang+1","Iron Wave+1","Perfected Strike"],"picked":"SKIP","floor":28.0},{"not_picked":["Twin Strike+1","Cleave"],"picked":"Warcry","floor":31.0},{"not_picked":["Demon Form","Hemogenesis"],"picked":"Offering","floor":33},{"not_picked":["Entrench+1","Combust"],"picked":"Anger","floor":35},{"not_picked":["Perfected Strike+1","Heavy Blade"],"picked":"Clash","floor":38},{"not_picked":["Bloodletting","Thunderclap+1","Blood for Blood+1"],"picked":"SKIP","floor":41},{"not_picked":["Wild Strike","Power Through+1","Corruption"],"picked":"SKIP","floor":45},{"not_picked":["Carnage","Thunderclap+1"],"picked":"Pommel Strike","floor":47},{"not_picked":["ReplayTheSpireMod:Muscle Training+1","Flex+1"],"picked":"Anger+1","floor":48}],"player_experience":459382,"relics_obtained":[{"floor":3.0,"key":"Ring of Peace"},{"floor":3.0,"key":"Ring of Searing"},{"floor":7.0,"key":"Onion Ring"},{"floor":9.0,"key":"Kunai"},{"floor":25.0,"key":"Art of War"},{"floor":26.0,"key":"ReplayTheSpireMod:TigerMarble"},{"floor":28.0,"key":"Vajra"},{"floor":38,"key":"Another Sword"},{"floor":41,"key":"Bag of Marbles"},{"floor":43,"key":"Grinning Jar"},{"floor":47,"key":"Unceasing Top"}],"event_choices":[{"damage_healed":0.0,"max_hp_gain":0.0,"max_hp_loss":0.0,"gold_gain":0.0,"event_name":"Big Fish","player_choice":"Box","floor":4.0,"gold_loss":0.0,"damage_taken":0.0,"relics_obtained":["Pet Ghost"],"cards_obtained":["Regret"]},{"damage_healed":0.0,"max_hp_gain":0.0,"max_hp_loss":0.0,"gold_gain":0.0,"event_name":"Golden Idol","player_choice":"Take Damage","floor":5.0,"gold_loss":0.0,"damage_taken":18.0,"relics_obtained":["Golden Idol"]},{"cards_removed":["CommonCold"],"damage_healed":0.0,"max_hp_gain":0.0,"max_hp_loss":0.0,"gold_gain":0.0,"event_name":"Beggar","player_choice":"Gave Gold","floor":20.0,"gold_loss":75.0,"damage_taken":0.0},{"damage_healed":0.0,"max_hp_gain":5.0,"max_hp_loss":0.0,"gold_gain":0.0,"event_name":"Forgotten Altar","player_choice":"Shed Blood","floor":21.0,"gold_loss":0.0,"damage_taken":18.0},{"damage_healed":0.0,"max_hp_gain":0.0,"max_hp_loss":0.0,"gold_gain":0.0,"event_name":"Ghosts","player_choice":"Ignored","floor":24.0,"gold_loss":0.0,"damage_taken":0.0},{"damage_healed":0,"gold_gain":0,"player_choice":"Ignored","damage_taken":0,"max_hp_gain":0,"max_hp_loss":0,"event_name":"Tomb of Lord Red Mask","floor":36,"gold_loss":0},{"damage_healed":0,"gold_gain":0,"player_choice":"Embrace Madness","damage_taken":10,"max_hp_gain":0,"max_hp_loss":0,"event_name":"Winding Halls","floor":37,"gold_loss":0,"cards_obtained":["Madness","Madness"]},{"damage_healed":0,"gold_gain":0,"player_choice":"Fight","damage_taken":0,"max_hp_gain":0,"max_hp_loss":0,"event_name":"Mysterious Sphere","floor":38,"gold_loss":0}],"is_beta":false,"boss_relics":[{"not_picked":["ChewingGum","Replay:Bronze Core"],"picked":"Astrolabe"},{"not_picked":["Tiny House","Replay:Drink Me"],"picked":"ReplayTheSpireMod:DimensionalGlitch"}],"items_purged_floors":[14,22,29],"is_endless":false,"potions_floor_spawned":[1,10,11,13,16,25,28,33,38,41],"ascension_level":9}}