{"host":"wonp23fsqqcu31ie","time":1607820557,"event":{"mods":["2.2 Compatiblity","AchievementEnabler","Aspiration","BaseMod","Better Altar","Better Match","Better Sensory Stone","Better Skull","Better Third Choice","BetterRewards","Block Reminder","Colored Map","Colored Powertips","Conspire","Curses Come First","DeckTracker","Displayed Cursed Tome","Downfall","Hermit","Highlight Path","Hubris","Minty Spire (QoL Compilation)","Permanent Neow","Quick Restart","Rare Cards Sparkle","Relic Stats","Replay The Spire","Shade Mod","Shop Mod","StSLib","SuperFastMode","The Animator","The Cursed","The Gatherer","The Necromancer","The Runesmith","The Servant 0.9.4"],"gold_per_floor":[118,36,46,46,62,97,97,131,186,202,228,285,285,299,299,404,404,424,339,365,385,405,437,487,387,399,411,435,478,504,57,57,152,152,172,183,55,67,83,83,118,21,21,31,31,31,57,84,84,84,84,84,69,94,94],"floor_reached":56,"playtime":2171,"items_purged":["Pain","Looming Evil","Spreading Infection","Guardian:Aged"],"score":1441,"play_id":"5869aefa-899e-41e8-abd7-a1c2cf5c8011","local_time":"20201213114917","is_ascension_mode":true,"campfire_choices":[{"floor":7,"key":"RECALL"},{"floor":15,"key":"REST"},{"data":"Envenom","floor":27,"key":"SMITH"},{"data":"Crippling Poison","floor":32,"key":"SMITH"},{"data":"expansioncontent:QuickStudy","floor":40,"key":"SMITH"},{"data":"hubris:DuctTapeCard","floor":49,"key":"SMITH"},{"data":"LightFlow","floor":52,"key":"SMITH"}],"circlet_count":0,"master_deck":["Strike_S","Strike_S+1","Strike_S","Strike_S","Defend_S","Defend_S","Defend_S+1","Defend_S+1","KidneyShot","Exchange","Misdirection+1","FanOfKnives+1","GearUp+1","Moonlight","Moondial","Desolation","Comet","Crippling Poison+1","Sabotage","Envenom+1","DualDimension","Collapse","BottledTime+1","DualDimension","Embodiment+1","Defy","SurpressingFire+1","ShatteredReality","CurseOfTheBell","GearUp","GearUp+1","expansioncontent:QuickStudy+1","Parasite","StarChef+1","LightFlow+1","ReplayTheSpireMod:IOU","hubris:DuctTapeCard+2","Alleviate+1","FanOfKnives+1","Parasite"],"relics":["Uniform","m_SlimeRing","aspiration:HummingbirdHeart","Akabeko","hubris:Reverence","hubris:CrackedHourglass","Bird Faced Urn","FossilizedHelix","ReplayTheSpireMod:Lightbulb","Ring of Fury","Ring of Greed","conspire:DecoderRing","aspiration:TrustyKnives","MerchantsRug","Happy Flower","Torii","hubris:DuctTape","Gremlin Food","Bottled Tornado","Chemical X","Mummified Hand"],"acts_visited":["Exordium","TheCity","TheBeyond","TheEnding"],"potions_floor_usage":[16,16,50,55],"damage_taken":[{"damage":7,"enemies":"Small Slimes","floor":1,"turns":4},{"damage":0,"enemies":"2 Louse","floor":3,"turns":1},{"damage":0,"enemies":"Jaw Worm","floor":5,"turns":4},{"damage":18,"enemies":"3 Sentries","floor":6,"turns":5},{"damage":0,"enemies":"Lagavulin","floor":8,"turns":6},{"damage":0,"enemies":"Exordium Wildlife","floor":10,"turns":3},{"damage":8,"enemies":"Gremlin Nob","floor":11,"turns":3},{"damage":5,"enemies":"Lagavulin Event","floor":12,"turns":6},{"damage":0,"enemies":"Red Slaver","floor":14,"turns":1},{"damage":2,"enemies":"The Guardian","floor":16,"turns":8},{"damage":4,"enemies":"Shell Parasite","floor":18,"turns":3},{"damage":0,"enemies":"3 Byrds","floor":21,"turns":3},{"damage":0,"enemies":"Centurion and Healer","floor":22,"turns":5},{"damage":6,"enemies":"Gremlin Leader","floor":23,"turns":7},{"damage":0,"enemies":"Cultist and Chosen","floor":28,"turns":4},{"damage":0,"enemies":"conspire:SneckoGhost","floor":29,"turns":5},{"damage":6,"enemies":"3 Cultists","floor":30,"turns":4},{"damage":19,"enemies":"hubris:MusketHawk","floor":33,"turns":7},{"damage":0,"enemies":"Orb Walker","floor":35,"turns":4},{"damage":0,"enemies":"3 Darklings","floor":36,"turns":4},{"damage":0,"enemies":"Writhing Mass","floor":38,"turns":5},{"damage":1,"enemies":"Jaw Worm Horde","floor":39,"turns":6},{"damage":8,"enemies":"Reptomancer","floor":41,"turns":9},{"damage":0,"enemies":"4 Shapes","floor":44,"turns":3},{"damage":0,"enemies":"Giant Head","floor":48,"turns":10},{"damage":70,"enemies":"conspire:OrnateMirror","floor":50,"turns":11},{"damage":68,"enemies":"Shield and Spear","floor":54,"turns":11},{"damage":89,"enemies":"The Heart","floor":55,"turns":12}],"seed_played":"-6840966143150745165","potions_obtained":[{"floor":6,"key":"Adrenaline Potion"},{"floor":11,"key":"Venom Potion"},{"floor":12,"key":"Strength Potion"},{"floor":14,"key":"FairyPotion"},{"floor":16,"key":"Fire Potion"},{"floor":22,"key":"Guardian:BlockOnCardUsePotion"},{"floor":29,"key":"FairyPotion"},{"floor":30,"key":"LiquidMemories"},{"floor":54,"key":"Explosive Potion"}],"is_trial":false,"path_per_floor":["M","$","M","?","M","E","R","E","T","M","E","?","?","M","R","B",null,"M","?","?","M","M","E","?","?","T","R","M","E","M","$","R","B",null,"M","M","$","M","M","R","E","$","T","M","$","?","T","E","R","B",null,"R","$","E","B",null],"character_chosen":"THE_SERVANT","items_purchased":["FanOfKnives","aspiration:TrustyKnives","Replay:Wax Seal","MerchantsRug","Guide Book","expansioncontent:QuickStudy","MealTicket","Chemical X"],"campfire_rested":1,"item_purchase_floors":[2,31,31,31,31,37,42,53],"current_hp_per_floor":[58,58,58,58,58,40,40,40,40,40,32,27,14,14,33,31,65,61,61,61,63,65,60,60,60,60,60,62,65,59,59,59,46,89,89,89,89,89,89,89,85,85,85,87,89,89,89,89,89,23,89,89,89,23,1],"gold":94,"neow_bonus":"NOSTALGIA","is_daily":false,"chose_seed":false,"campfire_upgraded":5,"win_rate":0.0,"timestamp":1607820557,"path_taken":["M","$","M","?","M","E","R","E","T","M","E","?","?","M","R","BOSS","M","?","?","?","M","E","?","?","T","R","M","E","M","$","R","BOSS","M","M","$","?","M","R","E","$","T","M","$","?","?","E","R","BOSS","R","$","E","BOSS"],"items_purchased_type":["Card","Relic","Relic","Relic","Relic","Card","Relic","Relic"],"build_version":"2020-11-30","purchased_purges":4,"victory":true,"max_hp_per_floor":[65,65,65,65,65,65,65,65,65,65,65,65,65,65,65,65,65,65,65,65,65,65,65,65,65,65,65,65,65,65,65,65,65,89,89,89,89,89,89,89,89,89,89,89,89,89,89,89,89,89,89,89,89,89,89],"relic_stats":{"Happy Flower":[25],"Torii":90,"counters":[28,154],"Mummified Hand":[8],"Bird Faced Urn":[39],"Chemical X":[6],"obtain_stats":[{"Torii":41,"Mango":34,"Uniform":0,"Bottled Tornado":48,"Smiling Mask":25,"m_SlimeRing":0,"Mummified Hand":54,"conspire:DecoderRing":29,"Tiny Chest":24,"MealTicket":42,"Chemical X":53,"Replay:Wax Seal":31,"Gremlin Food":47,"MerchantsRug":31,"Pear":34,"Happy Flower":34,"hubris:DuctTape":43,"aspiration:Nostalgia":0,"Guide Book":31,"aspiration:TrustyKnives":31,"aspiration:HummingbirdHeart":8,"Ring of Greed":24,"War Paint":12,"MawBank":24,"Akabeko":9,"Calling Bell":34,"Bird Faced Urn":19,"Ring of Fury":24,"hubris:CrackedHourglass":17,"ReplayTheSpireMod:Lightbulb":23,"FossilizedHelix":20,"conspire:Flyswatter":6,"hubris:Reverence":11},{"Torii":23,"Mango":18,"Uniform":0,"Bottled Tornado":25,"Smiling Mask":14,"m_SlimeRing":0,"Mummified Hand":27,"conspire:DecoderRing":16,"Tiny Chest":14,"MealTicket":23,"Chemical X":26,"Replay:Wax Seal":17,"Gremlin Food":24,"MerchantsRug":17,"Pear":18,"Happy Flower":18,"hubris:DuctTape":23,"aspiration:Nostalgia":0,"Guide Book":17,"aspiration:TrustyKnives":17,"aspiration:HummingbirdHeart":5,"Ring of Greed":14,"War Paint":7,"MawBank":14,"Akabeko":5,"Calling Bell":18,"Bird Faced Urn":11,"Ring of Fury":14,"hubris:CrackedHourglass":10,"ReplayTheSpireMod:Lightbulb":14,"FossilizedHelix":11,"conspire:Flyswatter":4,"hubris:Reverence":7},{"Torii":107,"Mango":79,"Uniform":0,"Bottled Tornado":120,"Smiling Mask":59,"m_SlimeRing":0,"Mummified Hand":142,"conspire:DecoderRing":68,"Tiny Chest":59,"MealTicket":107,"Chemical X":131,"Replay:Wax Seal":72,"Gremlin Food":110,"MerchantsRug":72,"Pear":79,"Happy Flower":79,"hubris:DuctTape":107,"aspiration:Nostalgia":0,"Guide Book":72,"aspiration:TrustyKnives":72,"aspiration:HummingbirdHeart":20,"Ring of Greed":59,"War Paint":26,"MawBank":59,"Akabeko":20,"Calling Bell":79,"Bird Faced Urn":44,"Ring of Fury":59,"hubris:CrackedHourglass":41,"ReplayTheSpireMod:Lightbulb":59,"FossilizedHelix":44,"conspire:Flyswatter":14,"hubris:Reverence":26}]},"card_choices":[{"not_picked":["Starlight","Manipulate"],"picked":"Misdirection","floor":1},{"not_picked":["WasteNot","Alleviate"],"picked":"GearUp","floor":3},{"not_picked":["FastForward","Poisoned Stab"],"picked":"Moonlight","floor":5},{"not_picked":["Shuttle","DoubleEdge"],"picked":"Moondial","floor":6},{"not_picked":["Revamp","ShatteredReality"],"picked":"Backstab","floor":8},{"not_picked":["FastForward","Potential"],"picked":"Desolation","floor":10},{"not_picked":["Starlight","Bane"],"picked":"Comet","floor":11},{"not_picked":["Rewind","Orbit"],"picked":"Crippling Poison","floor":12},{"not_picked":["SurpressingFire","Desolation"],"picked":"Sabotage","floor":14},{"not_picked":["Embodiment","PendulumOfEternity"],"picked":"Envenom","floor":16},{"not_picked":["DoubleEdge+1","StarChef"],"picked":"DualDimension","floor":18},{"not_picked":["Replace","Unruled"],"picked":"Collapse","floor":20},{"not_picked":["ShatteredReality","TimeWarp"],"picked":"BottledTime+1","floor":21},{"not_picked":["Sabotage","ReturningBlade"],"picked":"DualDimension","floor":22},{"not_picked":["Spin","Foresight"],"picked":"Embodiment","floor":23},{"not_picked":["TimeWarp","LightFlow"],"picked":"Defy","floor":28},{"not_picked":["TimeTheft","DoubleEdge"],"picked":"SurpressingFire+1","floor":29},{"not_picked":["Rewind","Revamp+1"],"picked":"ShatteredReality","floor":30},{"not_picked":["TheWorld","Embodiment"],"picked":"Dilation","floor":33},{"not_picked":["DancingSilver","TimeWarp"],"picked":"GearUp","floor":35},{"not_picked":["Defy","Rearm"],"picked":"GearUp+1","floor":36},{"not_picked":["Spin","Foresight+1"],"picked":"StarChef+1","floor":38},{"not_picked":["Rearm+1","Moondial","Misdirection+1"],"picked":"SKIP","floor":39},{"not_picked":["Contraction","Foresight"],"picked":"LightFlow","floor":41},{"not_picked":["ShatteredReality+1","Ricochet"],"picked":"Alleviate+1","floor":44},{"not_picked":["MoonPhase+1","Potential+1"],"picked":"FanOfKnives+1","floor":48},{"not_picked":["Rewind+1","Rearm","Snipe"],"picked":"SKIP","floor":54}],"player_experience":598062,"relics_obtained":[{"floor":6,"key":"conspire:Flyswatter"},{"floor":8,"key":"aspiration:HummingbirdHeart"},{"floor":9,"key":"Akabeko"},{"floor":11,"key":"hubris:Reverence"},{"floor":20,"key":"FossilizedHelix"},{"floor":23,"key":"ReplayTheSpireMod:Lightbulb"},{"floor":24,"key":"Ring of Fury"},{"floor":24,"key":"Ring of Greed"},{"floor":24,"key":"MawBank"},{"floor":24,"key":"Tiny Chest"},{"floor":29,"key":"conspire:DecoderRing"},{"floor":34,"key":"Pear"},{"floor":34,"key":"Mango"},{"floor":34,"key":"Happy Flower"},{"floor":41,"key":"Torii"},{"floor":43,"key":"hubris:DuctTape"},{"floor":47,"key":"Gremlin Food"},{"floor":48,"key":"Bottled Tornado"},{"floor":54,"key":"Mummified Hand"}],"event_choices":[{"damage_healed":0,"gold_gain":30,"player_choice":"Searched \u00273\u0027 times","damage_taken":0,"relics_obtained":["War Paint"],"max_hp_gain":0,"max_hp_loss":0,"event_name":"Dead Adventurer","floor":12,"gold_loss":0},{"damage_healed":27,"gold_gain":0,"player_choice":"Upgrade","damage_taken":13,"max_hp_gain":0,"max_hp_loss":65,"event_name":"betterThird:BetterShining","floor":13,"gold_loss":0,"cards_upgraded":["Strike_S","Defend_S"]},{"damage_healed":0,"gold_gain":0,"player_choice":"Obtained Relic","damage_taken":0,"relics_obtained":["Bird Faced Urn"],"max_hp_gain":0,"max_hp_loss":0,"event_name":"Addict","floor":19,"gold_loss":85},{"damage_healed":0,"gold_gain":0,"player_choice":"Paid Gold","damage_taken":0,"relics_obtained":["Smiling Mask"],"max_hp_gain":0,"max_hp_loss":0,"event_name":"WeMeetAgain","floor":25,"gold_loss":112},{"cards_removed":["ReplayTheSpireMod:Splinters"],"damage_healed":0,"gold_gain":0,"player_choice":"Purged","damage_taken":0,"max_hp_gain":0,"max_hp_loss":0,"event_name":"Purifier","floor":46,"gold_loss":0}],"is_beta":false,"boss_relics":[{"not_picked":["Snecko Eye","Replay:Wanted Poster"],"picked":"hubris:CrackedHourglass"},{"not_picked":["hubris:RunicObelisk","hubris:TerracottaHorce"],"picked":"Calling Bell"}],"items_purged_floors":[31,37,42,53],"is_endless":false,"potions_floor_spawned":[6,11,12,14,16,22,28,29,30,36,38,39,41,54],"ascension_level":1}}