{"host":"9upmmxurwkb1bpyr","time":1607895313,"event":{"mods":["2.2 Compatiblity","AchievementEnabler","BaseMod","Beaked The Cultist","CatGirl Mod","Colored Powertips","Custom Start","Downfall","Gremlin Mod","Hermit","Highlight Path","Infinite Spire","Jorbs\u0027s Wanderer Trilogy","Minty Spire (QoL Compilation)","Quick Restart","Replay The Spire","StSLib","Td1madao Mod","The Alterego","The Animator","The Bug Knight","The Cursed","The Hierophant","The Judge","The Runesmith","The Servant 0.9.4","TheSwordswoman","Yuri Mod"],"gold_per_floor":[99,199,225,150,163,183,208,218,252,102,113,132,144,144,158,258,258,258,271,283,383,217,217,240,254,254,286,286,299,319,333,349,450,450,450,470,470,470,482,149,160,160,160,160,210,237,247,257,257,382,395,395,395,426,141,141,141],"floor_reached":58,"playtime":4531,"items_purged":["hermit:Strike_Hermit","infinitespire:Pacifist"],"score":1270,"play_id":"965c1938-5076-40e9-8650-380481de1325","local_time":"20201213163513","is_ascension_mode":true,"campfire_choices":[{"floor":1.0,"key":"RECALL"},{"data":"hermit:Snapshot","floor":4.0,"key":"SMITH"},{"floor":10.0,"key":"REST"},{"data":"hermit:Headshot","floor":18.0,"key":"SMITH"},{"data":"hermit:Gestalt","floor":23.0,"key":"SMITH"},{"data":"hermit:Snipe","floor":26.0,"key":"SMITH"},{"data":"hermit:TakeAim","floor":35.0,"key":"SMITH"},{"data":"hermit:HeroicBravado","floor":42.0,"key":"SMITH"},{"data":"hermit:ItchyTrigger","floor":44.0,"key":"SMITH"},{"floor":56,"key":"REST"}],"circlet_count":0,"master_deck":["hermit:Strike_Hermit","hermit:Strike_Hermit","hermit:Strike_Hermit","hermit:Defend_Hermit","hermit:Defend_Hermit","hermit:Defend_Hermit","hermit:Defend_Hermit","hermit:Snapshot+1","hermit:Covet","expansioncontent:Collect+1","hermit:ItchyTrigger+1","hermit:Headshot+1","hermit:Vantage+1","hermit:Snipe+1","hermit:TrackingShot","hermit:CalledShot+1","hermit:Gestalt+1","infinitespire:Starlight+1","hermit:TakeAim+1","hermit:HeroicBravado+1","hermit:BigShot+1","hermit:BigShot+1","hermit:EyeOfTheStorm+1"],"relics":["hermit:Momento","Mango","downfall:HeartBlessingRed","infinitespire:CheckeredPen","downfall:HeartBlessingGreen","downfall:HeartBlessingBlue","expansioncontent:StudyCardRelic","Happy Flower","Counterbalance","Painkiller Herb","Ring of Chaos","Bird Faced Urn","Durian","Pantograph","Guide Book","ReplayTheSpireMod:CursedCoin","Pear","HollowMod:JonisBlessing","infinitespire:Golems Mask","BranchBurnRelic"],"acts_visited":["Exordium","TheCity","TheBeyond","TheEnding"],"potions_floor_usage":[54],"damage_taken":[{"damage":37.0,"enemies":"3 Sentries","floor":3.0,"turns":10.0},{"damage":0.0,"enemies":"2 Louse","floor":5.0,"turns":3.0},{"damage":6.0,"enemies":"Jaw Worm","floor":6.0,"turns":2.0},{"damage":0.0,"enemies":"Small Slimes","floor":8.0,"turns":2.0},{"damage":19.0,"enemies":"Lagavulin","floor":9.0,"turns":5.0},{"damage":0.0,"enemies":"Red Slaver","floor":11.0,"turns":3.0},{"damage":6.0,"enemies":"Blue Slaver","floor":12.0,"turns":2.0},{"damage":3.0,"enemies":"Lots of Slimes","floor":13.0,"turns":4.0},{"damage":0.0,"enemies":"3 Louse","floor":15.0,"turns":1.0},{"damage":42.0,"enemies":"downfall:Silent","floor":16.0,"turns":10.0},{"damage":10.0,"enemies":"Chosen","floor":19.0,"turns":3.0},{"damage":8.0,"enemies":"3 Byrds","floor":20.0,"turns":5.0},{"damage":6.0,"enemies":"downfall:FleeingMerchant","floor":22.0,"turns":4.0},{"damage":2.0,"enemies":"Centurion and Healer","floor":25.0,"turns":4.0},{"damage":7.0,"enemies":"Book of Stabbing","floor":27.0,"turns":4.0},{"damage":0.0,"enemies":"Chosen and Byrds","floor":29.0,"turns":4.0},{"damage":1.0,"enemies":"Snecko","floor":30.0,"turns":4.0},{"damage":12.0,"enemies":"Snake Plant","floor":31.0,"turns":3.0},{"damage":1.0,"enemies":"3 Cultists","floor":32.0,"turns":3.0},{"damage":20.0,"enemies":"downfall:Defect","floor":33.0,"turns":8.0},{"damage":11.0,"enemies":"3 Darklings","floor":36.0,"turns":3.0},{"damage":5.0,"enemies":"Orb Walker","floor":39.0,"turns":3.0},{"damage":11.0,"enemies":"3 Darklings","floor":41.0,"turns":4.0},{"damage":1.0,"enemies":"Mind Bloom Boss Battle","floor":45.0,"turns":5.0},{"damage":19.0,"enemies":"R_Hoarder","floor":46.0,"turns":8.0},{"damage":1.0,"enemies":"Maw","floor":47.0,"turns":7.0},{"damage":1.0,"enemies":"Jaw Worm Horde","floor":48.0,"turns":4.0},{"damage":6.0,"enemies":"downfall:FleeingMerchant","floor":50.0,"turns":4.0},{"damage":19.0,"enemies":"4 Shapes","floor":51.0,"turns":3.0},{"damage":17.0,"enemies":"downfall:Watcher","floor":52.0,"turns":8.0},{"damage":92,"enemies":"downfall:CharBossMerchant","floor":54,"turns":8},{"damage":4,"enemies":"downfall:NeowBoss","floor":57,"turns":25}],"seed_played":"-8979996722308791636","potions_obtained":[{"floor":5.0,"key":"sneckomod:MuddlingPotion"},{"floor":11.0,"key":"SkillPotion"},{"floor":13.0,"key":"FearPotion"},{"floor":20.0,"key":"AttackPotion"},{"floor":30.0,"key":"Fire Potion"},{"floor":31.0,"key":"SpeedPotion"},{"floor":33.0,"key":"hermit:Tonic"},{"floor":45.0,"key":"Energy Potion"},{"floor":47.0,"key":"CultistPotion"},{"floor":54,"key":"hexamod:EctoCoolerPotion"}],"is_trial":false,"path_per_floor":["R","?","E","R","M","M","T","M","E","R","M","M","M","?","M","B",null,"R","M","M","?","$","R","T","M","R","E","AVR","?","?","?","?","B",null,"T","?","PTL","PTL","?","?","?","T","T","T","?","E","?","?","AVR","T","?","B",null,"E","T","T","B",null],"character_chosen":"HERMIT","items_purchased":["hermit:Gestalt","ReplayTheSpireMod:CursedCoin","Pear","infinitespire:Golems Mask"],"campfire_rested":2,"item_purchase_floors":[22,50,50,55],"current_hp_per_floor":[75,75,52,52,52,46,46,46,27,66,66,60,57,57,57,15,99,99,89,81,81,75,75,75,73,73,66,66,76,85,73,82,72,99,99,99,99,99,94,111,110,110,110,110,116,105,116,115,115,122,122,126,126,51,51,88,84],"gold":141,"neow_bonus":"RANDOM_COLORLESS","is_daily":false,"chose_seed":false,"campfire_upgraded":7,"win_rate":0.0,"timestamp":1607895313,"path_taken":["R","?","E","R","M","M","T","M","E","R","M","M","M","?","M","BOSS","R","M","M","?","$","R","T","M","R","E","AVR","?","?","?","?","BOSS","T","?","PTL","PTL","?","?","?","T","T","T","?","E","?","?","AVR","T","?","BOSS","E","T","T","BOSS"],"items_purchased_type":["Card","Relic","Relic","Relic"],"build_version":"2020-11-30","purchased_purges":2,"victory":true,"max_hp_per_floor":[75,75,89,89,89,89,89,89,89,99,99,99,99,99,99,99,99,99,99,99,99,99,99,99,99,99,99,99,99,99,99,99,99,99,99,99,99,99,99,111,111,111,111,111,116,116,116,116,116,126,126,126,126,126,126,126,126],"card_choices":[{"not_picked":["Dark Shackles","Impatience"],"picked":"expansioncontent:Collect","floor":0.0},{"not_picked":["hermit:TrackingShot","hermit:LowProfile","hermit:ShadowCloak"],"picked":"SKIP","floor":3.0},{"not_picked":["hermit:NoHoldsBarred","hermit:BodyArmor"],"picked":"hermit:ItchyTrigger","floor":5.0},{"not_picked":["hermit:ItchyTrigger","hermit:Showdown"],"picked":"hermit:Headshot","floor":6.0},{"not_picked":["hermit:Manifest","hermit:FlashPowder"],"picked":"hermit:Vantage","floor":8.0},{"not_picked":["hermit:FinalCanter","hermit:Brawl"],"picked":"hermit:Snipe","floor":9.0},{"not_picked":["hermit:Misfire","hermit:Feint","hermit:Desperado"],"picked":"SKIP","floor":11.0},{"not_picked":["hermit:Midnight","hermit:Maintenance"],"picked":"hermit:TrackingShot","floor":12.0},{"not_picked":["hermit:WideOpen","hermit:Maintenance","hermit:Virtue"],"picked":"SKIP","floor":13.0},{"not_picked":["hermit:Feint","hermit:Coalescence","hermit:Vantage"],"picked":"SKIP","floor":15.0},{"not_picked":["hermit:Cheat","hermit:Horror","hermit:Brawl"],"picked":"SKIP","floor":19.0},{"not_picked":["hermit:Ricochet","hermit:Coalescence"],"picked":"hermit:CalledShot+1","floor":20.0},{"not_picked":["hermit:Glare","hermit:HighCaliber+1","hermit:BodyArmor"],"picked":"SKIP","floor":22.0},{"not_picked":["hermit:FullyLoaded","hermit:Snipe","hermit:LowProfile+1"],"picked":"SKIP","floor":25.0},{"not_picked":["hermit:Headshot","hermit:Scavenge+1","hermit:Determination+1"],"picked":"SKIP","floor":27.0},{"not_picked":["hermit:Horror","hermit:Determination"],"picked":"hermit:TakeAim","floor":29.0},{"not_picked":["hermit:Cheat","hermit:Vantage","hermit:Glare"],"picked":"SKIP","floor":30.0},{"not_picked":["hermit:Quickdraw","hermit:Spite+1"],"picked":"hermit:HeroicBravado","floor":31.0},{"not_picked":["hermit:HighCaliber","hermit:Horror"],"picked":"hermit:BigShot+1","floor":32.0},{"not_picked":["hermit:HighCaliber","hermit:Snipe+1"],"picked":"hermit:BigShot+1","floor":36.0},{"not_picked":["hermit:FlashPowder+1","hermit:BigShot","hermit:Ricochet"],"picked":"SKIP","floor":39.0},{"not_picked":["hermit:Maintenance","hermit:HighCaliber+1","hermit:Quickdraw+1"],"picked":"SKIP","floor":41.0},{"not_picked":["hermit:TakeAim","hermit:Feint+1","hermit:Horror+1"],"picked":"SKIP","floor":46.0},{"not_picked":["hermit:Snipe+1","hermit:BodyArmor+1","hermit:ItchyTrigger"],"picked":"SKIP","floor":47.0},{"not_picked":["hermit:Dive+1","hermit:SprayPray","hermit:BodyArmor"],"picked":"SKIP","floor":48.0},{"not_picked":["hermit:DeadOrAlive","hermit:SprayPray+1","hermit:WideOpen"],"picked":"SKIP","floor":50.0},{"not_picked":["hermit:HoleUp+1","hermit:GhostlyPresence"],"picked":"hermit:EyeOfTheStorm+1","floor":51.0},{"not_picked":["hermit:BigShot+1","hermit:Misfire+1","hermit:Manifest+1"],"picked":"SKIP","floor":54}],"player_experience":966886,"relics_obtained":[{"floor":3.0,"key":"Mango"},{"floor":9.0,"key":"infinitespire:CheckeredPen"},{"floor":24.0,"key":"Happy Flower"},{"floor":27.0,"key":"Counterbalance"},{"floor":43.0,"key":"Bird Faced Urn"},{"floor":45.0,"key":"Durian"},{"floor":46.0,"key":"Pantograph"},{"floor":54,"key":"HollowMod:JonisBlessing"},{"floor":54,"key":"Dead Branch"}],"event_choices":[{"damage_healed":0.0,"max_hp_gain":0.0,"max_hp_loss":0.0,"gold_gain":0.0,"event_name":"Living Wall","player_choice":"Grow","floor":14.0,"gold_loss":0.0,"damage_taken":0.0,"cards_upgraded":["hermit:Vantage"]}],"is_beta":false,"boss_relics":[{"not_picked":["Calling Bell","Snecko Eye"],"picked":"expansioncontent:StudyCardRelic"},{"not_picked":["infinitespire:Cupcake","SacredBark"],"picked":"Ring of Chaos"}],"items_purged_floors":[22,50],"is_endless":false,"potions_floor_spawned":[5,11,13,20,29,30,31,33,36,45,46,47,51,54],"ascension_level":1}}