{"host":"oi1nj6gqzrtwlr6p","time":1607833600,"event":{"mods":["2.2 Compatiblity","BaseMod","Better Match","Better Note","Block Reminder","Colored Powertips","DeckTracker","Downfall","Energized Spire","Koishi","Marisa????????","Minty Spire (QoL Compilation)","Rare Cards Sparkle","Reimu??????","StSLib","Td1madao Mod","The Administrix","The Senshi","The Servant 0.9.4","The Vixen","The Wild Card"],"gold_per_floor":[113,125,125,135,135,135,162,180,190,190,190],"floor_reached":10,"playtime":378,"items_purged":[],"score":60,"play_id":"31d8c24d-86ba-46cb-8eee-66b2bf9fedd8","local_time":"20201212222640","is_ascension_mode":false,"campfire_choices":[{"floor":5,"key":"RECALL"}],"circlet_count":0,"master_deck":["Guardian:Strike_Guardian","Guardian:Strike_Guardian","Guardian:Strike_Guardian","Guardian:Strike_Guardian","Guardian:Defend_Guardian","Guardian:Defend_Guardian","Guardian:Defend_Guardian","Guardian:Defend_Guardian","Guardian:CurlUp","Guardian:TwinSlam","Guardian:ChargeCore","Guardian:ChargeUp","Guardian:Reroute","Guardian:Gem_Purple","Guardian:Gem_Blue","Guardian:Gem_Cyan","Guardian:Gem_Yellow","Guardian:Gem_Fragmented","Guardian:Gem_Red","Guardian:Gem_Crimson","Guardian:Gem_White","Guardian:Gem_Orange","Guardian:PrismaticBarrier","Guardian:Suspension"],"relics":["Runic Dome","Guardian:PickAxe"],"acts_visited":["Exordium"],"potions_floor_usage":[10],"damage_taken":[{"damage":0,"enemies":"Small Slimes","floor":1,"turns":3},{"damage":1,"enemies":"Jaw Worm","floor":2,"turns":3},{"damage":0,"enemies":"2 Louse","floor":4,"turns":2},{"damage":0,"enemies":"2 Fungi Beasts","floor":8,"turns":3},{"damage":0,"enemies":"Blue Slaver","floor":9,"turns":4},{"damage":86,"enemies":"Gremlin Nob","floor":10,"turns":4}],"seed_played":"6334077655213883901","potions_obtained":[{"floor":1,"key":"Block Potion"},{"floor":8,"key":"DistilledChaos"},{"floor":9,"key":"Guardian:BlockOnCardUsePotion"}],"is_trial":false,"path_per_floor":["M","M","?","M","R","?","T","M","M","E"],"character_chosen":"GUARDIAN","items_purchased":[],"campfire_rested":0,"item_purchase_floors":[],"current_hp_per_floor":[80,79,84,84,84,30,30,30,30,0,0],"gold":190,"neow_bonus":"BOSS_RELIC","is_daily":false,"chose_seed":false,"campfire_upgraded":0,"win_rate":0.0,"timestamp":1607833600,"path_taken":["M","M","?","M","R","?","T","M","M","E"],"items_purchased_type":[],"build_version":"2020-11-30","purchased_purges":0,"victory":false,"max_hp_per_floor":[80,80,85,85,85,85,85,85,85,85,85],"card_choices":[{"not_picked":["Guardian:TimeBomb","Guardian:PrimingBeam"],"picked":"Guardian:ChargeCore","floor":1},{"not_picked":["Guardian:Reroute","Guardian:Suspension"],"picked":"Guardian:ChargeUp","floor":2},{"not_picked":["Guardian:DonusPower","Guardian:RollAttack"],"picked":"Guardian:Reroute","floor":4},{"not_picked":["Guardian:PrimingBeam","Guardian:GuardianWhirl"],"picked":"Guardian:PrismaticBarrier","floor":8},{"not_picked":["Guardian:PiercingHide","Guardian:Gem_Crimson"],"picked":"Guardian:Suspension","floor":9}],"player_experience":331722,"relics_obtained":[],"event_choices":[{"damage_healed":0,"gold_gain":0,"player_choice":"Donut","damage_taken":0,"max_hp_gain":5,"max_hp_loss":0,"event_name":"Big Fish","floor":3,"gold_loss":0}],"is_beta":false,"boss_relics":[],"items_purged_floors":[],"is_endless":false,"potions_floor_spawned":[1,8,9],"killed_by":"Gremlin Nob","ascension_level":0}}