{"host":"p7j7o00jacnw7qzt","time":1607842685,"event":{"mods":["BaseMod","Colored Map","Colored Powertips","DeckTracker","Highlight Path","Minty Spire (QoL Compilation)","Relic Stats"],"gold_per_floor":[113,113,129,204,204,229,229,260,260,260,4,4,4,17,17,107,107,121,145,145,170,110,110,130,130,130,161,174,174,36,89,89,182,182,197,210,210,230,254,254,254,254,254,292,2,2,2,2,2,2,2],"floor_reached":50,"playtime":2049,"items_purged":["Strike_R","Strike_R"],"score":1138,"play_id":"ec3cf44f-61e1-47d0-83b8-67f86c6f6ff9","local_time":"20201213015805","is_ascension_mode":true,"campfire_choices":[{"data":"Armaments","floor":7.0,"key":"SMITH"},{"data":"Dark Embrace","floor":10.0,"key":"SMITH"},{"data":"Rupture","floor":15.0,"key":"SMITH"},{"floor":23.0,"key":"REST"},{"floor":25.0,"key":"REST"},{"floor":32.0,"key":"REST"},{"floor":40.0,"key":"REST"},{"floor":46.0,"key":"REST"},{"floor":49,"key":"RECALL"}],"circlet_count":0,"master_deck":["AscendersBane","Strike_R","Strike_R","Defend_R","Defend_R","Defend_R","Defend_R","Bash","Armaments+1","Dark Embrace+1","Bloodletting","Feel No Pain","Brutality","Rupture+1","Sword Boomerang","Feed","Battle Trance","Dual Wield","Offering","Pain","Limit Break","Evolve","Burning Pact","Pain"],"relics":["Burning Blood","NeowsBlessing","Pear","Bronze Scales","Charon\u0027s Ashes","The Courier","Golden Idol","Philosopher\u0027s Stone","PreservedInsect","WarpedTongs","OrangePellets","Juzu Bracelet","Runic Cube","Question Card","Sundial","Bottled Tornado"],"acts_visited":["Exordium","TheCity","TheBeyond"],"potions_floor_usage":[],"damage_taken":[{"damage":0.0,"enemies":"Jaw Worm","floor":1.0,"turns":1.0},{"damage":0.0,"enemies":"Cultist","floor":3.0,"turns":1.0},{"damage":0.0,"enemies":"Lagavulin","floor":6.0,"turns":1.0},{"damage":20.0,"enemies":"3 Sentries","floor":8.0,"turns":9.0},{"damage":1.0,"enemies":"2 Louse","floor":14.0,"turns":3.0},{"damage":17.0,"enemies":"Slime Boss","floor":16.0,"turns":7.0},{"damage":32.0,"enemies":"3 Byrds","floor":18.0,"turns":2.0},{"damage":39.0,"enemies":"Shell Parasite","floor":19.0,"turns":4.0},{"damage":30.0,"enemies":"Cultist and Chosen","floor":21.0,"turns":6.0},{"damage":34.0,"enemies":"Snake Plant","floor":24.0,"turns":3.0},{"damage":49.0,"enemies":"Slavers","floor":27.0,"turns":5.0},{"damage":18.0,"enemies":"Sentry and Sphere","floor":28.0,"turns":3.0},{"damage":47.0,"enemies":"Champ","floor":33.0,"turns":6.0},{"damage":44.0,"enemies":"Orb Walker","floor":35.0,"turns":4.0},{"damage":48.0,"enemies":"3 Darklings","floor":36.0,"turns":4.0},{"damage":40.0,"enemies":"Writhing Mass","floor":38.0,"turns":3.0},{"damage":30.0,"enemies":"Spire Growth","floor":39.0,"turns":4.0},{"damage":27.0,"enemies":"Giant Head","floor":44.0,"turns":4.0},{"damage":93,"enemies":"Time Eater","floor":50,"turns":4}],"seed_played":"2483440559378956632","potions_obtained":[{"floor":1.0,"key":"BloodPotion"},{"floor":2.0,"key":"Explosive Potion"},{"floor":14.0,"key":"Explosive Potion"},{"floor":24.0,"key":"BloodPotion"},{"floor":28.0,"key":"ColorlessPotion"},{"floor":35.0,"key":"GamblersBrew"},{"floor":36.0,"key":"LiquidBronze"}],"is_trial":false,"path_per_floor":["M","?","M","?","?","E","R","E","T","R","$","?","?","M","R","B",null,"M","M","?","M","$","R","M","R","T","E","M","?","$","T","R","B",null,"M","M","?","M","M","R","?","?","T","E","$","R","?","$","R","B"],"character_chosen":"IRONCLAD","items_purchased":["Feel No Pain","Brutality","Rupture","OrangePellets","Bottled Tornado"],"campfire_rested":5,"item_purchase_floors":[11,11,11,30,45],"current_hp_per_floor":[74,74,75,64,69,75,75,61,61,61,61,32,32,37,37,26,70,47,18,18,20,20,50,22,52,52,17,8,8,8,8,41,26,93,59,21,101,71,47,78,68,68,68,51,51,83,83,83,83,0,0],"gold":2,"neow_bonus":"THREE_ENEMY_KILL","is_daily":false,"chose_seed":false,"campfire_upgraded":3,"win_rate":0.0,"timestamp":1607842685,"path_taken":["M","?","?","?","?","E","R","E","T","R","$","?","?","M","R","BOSS","M","M","?","M","$","R","M","R","T","E","?","?","$","?","R","BOSS","M","M","?","M","M","R","?","?","T","E","?","R","?","?","R","BOSS"],"items_purchased_type":["Card","Card","Card","Relic","Relic"],"build_version":"2020-11-30","purchased_purges":2,"victory":false,"max_hp_per_floor":[75,75,75,75,85,85,85,85,85,85,85,85,85,85,85,85,85,88,92,92,100,100,100,100,100,100,108,111,111,111,111,111,115,115,119,123,101,105,105,105,105,105,105,109,109,109,109,109,109,109,109],"relic_stats":{"counters":[19,74],"Golden Idol":89,"Charon\u0027s Ashes":[152],"PreservedInsect":130,"Juzu Bracelet":2,"Question Card":1,"Burning Blood":103,"WarpedTongs":[27],"OrangePellets":[9],"Sundial":[0],"Bronze Scales":[196],"obtain_stats":[{"Pear":5,"NeowsBlessing":0,"Golden Idol":12,"Charon\u0027s Ashes":8,"The Courier":9,"PreservedInsect":27,"Juzu Bracelet":31,"Bottled Tornado":45,"Question Card":43,"Burning Blood":0,"WarpedTongs":29,"OrangePellets":30,"Sundial":44,"Bronze Scales":6,"Philosopher\u0027s Stone":17,"Runic Cube":34},{"Pear":2,"NeowsBlessing":0,"Golden Idol":4,"Charon\u0027s Ashes":4,"The Courier":4,"PreservedInsect":11,"Juzu Bracelet":12,"Bottled Tornado":18,"Question Card":17,"Burning Blood":0,"WarpedTongs":12,"OrangePellets":12,"Sundial":18,"Bronze Scales":3,"Philosopher\u0027s Stone":6,"Runic Cube":13},{"Pear":2,"NeowsBlessing":0,"Golden Idol":12,"Charon\u0027s Ashes":12,"The Courier":12,"PreservedInsect":42,"Juzu Bracelet":45,"Bottled Tornado":70,"Question Card":66,"Burning Blood":0,"WarpedTongs":45,"OrangePellets":45,"Sundial":70,"Bronze Scales":3,"Philosopher\u0027s Stone":22,"Runic Cube":51}],"Runic Cube":[100]},"card_choices":[{"not_picked":["Cleave","Havoc","Warcry"],"picked":"SKIP","floor":1.0},{"not_picked":["Wild Strike","Metallicize"],"picked":"Armaments","floor":3.0},{"not_picked":["Armaments","Wild Strike"],"picked":"Dark Embrace","floor":6.0},{"not_picked":["Infernal Blade","Sentinel"],"picked":"Bloodletting","floor":8.0},{"not_picked":["Thunderclap","Juggernaut","Iron Wave"],"picked":"SKIP","floor":14.0},{"not_picked":["Limit Break","Fiend Fire"],"picked":"Feed","floor":16.0},{"not_picked":["Headbutt","Twin Strike","Ghostly Armor"],"picked":"SKIP","floor":18.0},{"not_picked":["Body Slam","Wild Strike"],"picked":"Battle Trance","floor":19.0},{"not_picked":["Twin Strike","Reckless Charge","Demon Form"],"picked":"SKIP","floor":21.0},{"not_picked":["Headbutt","Anger+1","Armaments"],"picked":"SKIP","floor":24.0},{"not_picked":["Rage+1","Infernal Blade","Bloodletting"],"picked":"SKIP","floor":27.0},{"not_picked":["Perfected Strike","Blood for Blood","Wild Strike"],"picked":"SKIP","floor":28.0},{"not_picked":["Berserk","Double Tap"],"picked":"Limit Break","floor":33.0},{"not_picked":["Seeing Red","Armaments","Anger"],"picked":"SKIP","floor":35.0},{"not_picked":["Body Slam+1","Sword Boomerang+1","Sentinel"],"picked":"SKIP","floor":36.0},{"not_picked":["Body Slam+1","Flex+1"],"picked":"Evolve","floor":38.0},{"not_picked":["Rage","Twin Strike","Armaments"],"picked":"SKIP","floor":39.0},{"not_picked":["Sentinel","Headbutt+1","Anger"],"picked":"Burning Pact","floor":44.0}],"player_experience":819582,"relics_obtained":[{"floor":6.0,"key":"Bronze Scales"},{"floor":8.0,"key":"Charon\u0027s Ashes"},{"floor":9.0,"key":"The Courier"},{"floor":27.0,"key":"PreservedInsect"},{"floor":31.0,"key":"Juzu Bracelet"},{"floor":43.0,"key":"Question Card"},{"floor":44.0,"key":"Sundial"}],"event_choices":[{"damage_healed":0.0,"max_hp_gain":0.0,"max_hp_loss":0.0,"gold_gain":0.0,"event_name":"Lab","player_choice":"Got Potions","floor":2.0,"gold_loss":0.0,"damage_taken":0.0},{"damage_healed":0.0,"max_hp_gain":0.0,"max_hp_loss":0.0,"gold_gain":75.0,"event_name":"World of Goop","player_choice":"Gather Gold","floor":4.0,"gold_loss":0.0,"damage_taken":11.0},{"damage_healed":0.0,"max_hp_gain":0.0,"max_hp_loss":0.0,"gold_gain":0.0,"event_name":"Scrap Ooze","player_choice":"Success","floor":5.0,"gold_loss":0.0,"damage_taken":5.0,"relics_obtained":["Pear"]},{"damage_healed":0.0,"max_hp_gain":0.0,"max_hp_loss":0.0,"gold_gain":0.0,"event_name":"Golden Idol","player_choice":"Take Damage","floor":12.0,"gold_loss":0.0,"damage_taken":29.0,"relics_obtained":["Golden Idol"]},{"damage_healed":0.0,"max_hp_gain":0.0,"max_hp_loss":0.0,"gold_gain":0.0,"cards_transformed":["Strike_R"],"event_name":"Living Wall","player_choice":"Change","floor":13.0,"gold_loss":0.0,"damage_taken":0.0,"cards_obtained":["Sword Boomerang"]},{"damage_healed":0.0,"max_hp_gain":0.0,"max_hp_loss":0.0,"gold_gain":0.0,"event_name":"Match and Keep!","player_choice":"2 cards matched","floor":20.0,"gold_loss":0.0,"damage_taken":0.0,"cards_obtained":["Dual Wield","Offering"]},{"damage_healed":0.0,"max_hp_gain":0.0,"max_hp_loss":0.0,"gold_gain":0.0,"event_name":"Accursed Blacksmith","player_choice":"Rummage","floor":29.0,"gold_loss":0.0,"damage_taken":0.0,"relics_obtained":["WarpedTongs"],"cards_obtained":["Pain"]},{"damage_healed":101.0,"max_hp_gain":0.0,"max_hp_loss":22.0,"gold_gain":0.0,"event_name":"The Moai Head","player_choice":"Heal","floor":37.0,"gold_loss":0.0,"damage_taken":0.0},{"damage_healed":0.0,"max_hp_gain":0.0,"max_hp_loss":0.0,"gold_gain":0.0,"event_name":"SensoryStone","player_choice":"Memory 3","floor":41.0,"gold_loss":0.0,"damage_taken":10.0},{"damage_healed":0.0,"max_hp_gain":0.0,"max_hp_loss":0.0,"gold_gain":0.0,"event_name":"Tomb of Lord Red Mask","player_choice":"Ignored","floor":42.0,"gold_loss":0.0,"damage_taken":0.0},{"damage_healed":0,"gold_gain":0,"player_choice":"Copied","damage_taken":0,"max_hp_gain":0,"max_hp_loss":0,"event_name":"Duplicator","floor":47,"gold_loss":0,"cards_obtained":["Pain"]}],"is_beta":false,"boss_relics":[{"not_picked":["Fusion Hammer","Tiny House"],"picked":"Philosopher\u0027s Stone"},{"not_picked":["Sozu","Snecko Eye"],"picked":"Runic Cube"}],"items_purged_floors":[22,45],"is_endless":false,"potions_floor_spawned":[1,6,14,24,28,35,36],"killed_by":"Time Eater","ascension_level":20}}