{"host":"p7j7o00jacnw7qzt","time":1607881192,"event":{"mods":["BaseMod","Colored Map","Colored Powertips","DeckTracker","Highlight Path","Minty Spire (QoL Compilation)","Relic Stats"],"gold_per_floor":[114,114,126,126,51,83,83,116,143,162,162,177,190,203,203,203,203],"floor_reached":16,"playtime":430,"items_purged":["Strike_G"],"score":274,"play_id":"e82c7669-4b26-4ebc-9e74-5eb4e5e634a5","local_time":"20201213123952","is_ascension_mode":true,"campfire_choices":[{"data":"Expertise","floor":11.0,"key":"SMITH"},{"floor":15.0,"key":"REST"}],"circlet_count":0,"master_deck":["AscendersBane","Strike_G","Strike_G","Strike_G","Defend_G","Defend_G","Defend_G","Defend_G","Defend_G","Survivor","Neutralize","Expertise+1","Concentrate","Dash","Backflip","Reflex"],"relics":["Ring of the Snake","NeowsBlessing","Torii","Du-Vu Doll","MealTicket","Bag of Marbles"],"acts_visited":["Exordium"],"potions_floor_usage":[],"damage_taken":[{"damage":0.0,"enemies":"Jaw Worm","floor":1.0,"turns":1.0},{"damage":0.0,"enemies":"2 Louse","floor":3.0,"turns":1.0},{"damage":0.0,"enemies":"Lagavulin","floor":6.0,"turns":1.0},{"damage":49.0,"enemies":"Gremlin Nob","floor":8.0,"turns":6.0},{"damage":0.0,"enemies":"Cultist","floor":10.0,"turns":3.0},{"damage":0.0,"enemies":"2 Fungi Beasts","floor":12.0,"turns":2.0},{"damage":2.0,"enemies":"Exordium Wildlife","floor":13.0,"turns":5.0},{"damage":1.0,"enemies":"3 Louse","floor":14.0,"turns":3.0},{"damage":46,"enemies":"Slime Boss","floor":16,"turns":6}],"seed_played":"4450158325490513543","potions_obtained":[{"floor":3.0,"key":"Dexterity Potion"},{"floor":6.0,"key":"Poison Potion"},{"floor":10.0,"key":"Energy Potion"}],"is_trial":false,"path_per_floor":["M","?","M","?","$","E","T","E","T","M","R","M","M","M","R","B"],"character_chosen":"THE_SILENT","items_purchased":[],"campfire_rested":1,"item_purchase_floors":[],"current_hp_per_floor":[59,64,64,64,64,64,64,15,15,15,15,15,13,12,33,0,0],"gold":203,"neow_bonus":"THREE_ENEMY_KILL","is_daily":false,"chose_seed":false,"campfire_upgraded":1,"win_rate":0.0,"timestamp":1607881192,"path_taken":["M","?","M","?","?","E","?","E","T","M","R","?","M","M","R","BOSS"],"items_purchased_type":[],"build_version":"2020-11-30","purchased_purges":1,"victory":false,"max_hp_per_floor":[66,71,71,71,71,71,71,71,71,71,71,71,71,71,71,71,71],"relic_stats":{"Torii":6,"counters":[9,28],"MealTicket":0,"obtain_stats":[{"Du-Vu Doll":7,"NeowsBlessing":0,"Torii":6,"MealTicket":8,"Bag of Marbles":9,"Ring of the Snake":0},{"Du-Vu Doll":3,"NeowsBlessing":0,"Torii":3,"MealTicket":4,"Bag of Marbles":4,"Ring of the Snake":0},{"Du-Vu Doll":3,"NeowsBlessing":0,"Torii":3,"MealTicket":9,"Bag of Marbles":9,"Ring of the Snake":0}],"Ring of the Snake":[18]},"card_choices":[{"not_picked":["Cloak And Dagger","Outmaneuver"],"picked":"Expertise","floor":1.0},{"not_picked":["Terror","Endless Agony"],"picked":"Concentrate","floor":3.0},{"not_picked":["Underhanded Strike","Poisoned Stab","Choke"],"picked":"SKIP","floor":6.0},{"not_picked":["Riddle With Holes","Expertise","Flying Knee"],"picked":"SKIP","floor":8.0},{"not_picked":["Poisoned Stab","Burst","Flying Knee"],"picked":"SKIP","floor":10.0},{"not_picked":["Distraction","Predator"],"picked":"Backflip","floor":12.0},{"not_picked":["Quick Slash","Bane","Outmaneuver"],"picked":"SKIP","floor":13.0},{"not_picked":["Distraction","Dagger Throw"],"picked":"Reflex","floor":14.0}],"player_experience":833014,"relics_obtained":[{"floor":6.0,"key":"Torii"},{"floor":7.0,"key":"Du-Vu Doll"},{"floor":8.0,"key":"MealTicket"},{"floor":9.0,"key":"Bag of Marbles"}],"event_choices":[{"damage_healed":0.0,"max_hp_gain":5.0,"max_hp_loss":0.0,"gold_gain":0.0,"event_name":"Big Fish","player_choice":"Donut","floor":2.0,"gold_loss":0.0,"damage_taken":0.0},{"damage_healed":0.0,"max_hp_gain":0.0,"max_hp_loss":0.0,"gold_gain":0.0,"cards_transformed":["Strike_G"],"event_name":"Living Wall","player_choice":"Change","floor":4.0,"gold_loss":0.0,"damage_taken":0.0,"cards_obtained":["Dash"]}],"is_beta":false,"boss_relics":[],"items_purged_floors":[5],"is_endless":false,"potions_floor_spawned":[3,6,10],"killed_by":"Slime Boss","ascension_level":20}}