{"host":"kntpungskobv1jqb","time":1607866243,"event":{"mods":["BaseMod","Minty Spire (QoL Compilation)","Replay The Spire","StSLib","SuperFastMode"],"gold_per_floor":[118,118,133,133,133,164,180,194,194,194,204,254,268,193,193,193,193],"floor_reached":16,"playtime":436,"items_purged":["Strike_R"],"score":173,"play_id":"9e1e1838-2499-43b0-9c1a-e7fd50117d47","local_time":"20201213213043","is_ascension_mode":true,"campfire_choices":[{"floor":10,"key":"REST"},{"floor":15,"key":"REST"}],"circlet_count":0,"master_deck":["AscendersBane","Strike_R+1","Strike_R","Strike_R","Strike_R","Defend_R","Defend_R","Defend_R","Bash+1","Havoc+1","Second Wind","ReplayTheSpireMod:Strike From Hell","True Grit","Havoc+1","Headbutt","Dual Wield"],"relics":["Burning Blood","Gremlin Food","Golden Egg","Ornamental Fan","Replay:Bottled Eggs"],"acts_visited":["Exordium"],"potions_floor_usage":[6,8,16,16],"damage_taken":[{"damage":6,"enemies":"Cultist","floor":1,"turns":4},{"damage":18,"enemies":"2 Louse","floor":3,"turns":3},{"damage":19,"enemies":"3 Sentries","floor":6,"turns":9},{"damage":24,"enemies":"Jaw Worm","floor":7,"turns":5},{"damage":21,"enemies":"Exordium Thugs","floor":8,"turns":5},{"damage":1,"enemies":"2 Fungi Beasts","floor":11,"turns":5},{"damage":9,"enemies":"Blue Slaver","floor":13,"turns":3},{"damage":63,"enemies":"The Guardian","floor":16,"turns":5}],"seed_played":"-3667010472701028596","potions_obtained":[{"floor":1,"key":"ColorlessPotion"},{"floor":7,"key":"BloodPotion"},{"floor":12,"key":"Swift Potion"},{"floor":12,"key":"BlessingOfTheForge"},{"floor":12,"key":"Strength Potion"}],"is_trial":false,"path_per_floor":["M","$","M","?","?","E","M","M","T","R","M","?","M","$","R","B"],"character_chosen":"IRONCLAD","items_purchased":[],"campfire_rested":2,"item_purchase_floors":[],"current_hp_per_floor":[68,68,56,53,46,33,15,15,15,37,42,42,39,39,61,0,0],"gold":193,"neow_bonus":"RANDOM_COMMON_RELIC","is_daily":false,"chose_seed":false,"campfire_upgraded":0,"win_rate":0.0,"timestamp":1607866243,"path_taken":["M","$","?","?","?","E","?","M","T","R","M","?","?","?","R","BOSS"],"items_purchased_type":[],"build_version":"2020-11-30","purchased_purges":1,"victory":false,"max_hp_per_floor":[75,75,75,75,75,75,75,75,75,75,75,75,75,75,75,75,75],"card_choices":[{"not_picked":["Reckless Charge","Clothesline"],"picked":"Havoc","floor":1},{"not_picked":["Warcry","Shrug It Off"],"picked":"Second Wind","floor":3},{"not_picked":["Power Through","Limit Break"],"picked":"ReplayTheSpireMod:Strike From Hell","floor":6},{"not_picked":["Rupture","Clothesline"],"picked":"True Grit","floor":7},{"not_picked":["Bludgeon","Headbutt"],"picked":"Havoc","floor":8},{"not_picked":["Combust","Warcry"],"picked":"Headbutt","floor":11},{"not_picked":["Replay:Undeath\u0027s Touch","Cleave"],"picked":"Dual Wield","floor":12},{"not_picked":["Clothesline","ReplayTheSpireMod:Stacked","Entrench"],"picked":"SKIP","floor":13}],"player_experience":455477,"relics_obtained":[{"floor":6,"key":"Ornamental Fan"},{"floor":9,"key":"Replay:Bottled Eggs"}],"event_choices":[{"damage_healed":0,"gold_gain":0,"player_choice":"Success","damage_taken":3,"relics_obtained":["Golden Egg"],"max_hp_gain":0,"max_hp_loss":0,"event_name":"Scrap Ooze","floor":4,"gold_loss":0},{"cards_removed":["Defend_R"],"damage_healed":0,"gold_gain":0,"player_choice":"Card Removal","damage_taken":7,"max_hp_gain":0,"max_hp_loss":0,"event_name":"Golden Wing","floor":5,"gold_loss":0}],"is_beta":false,"boss_relics":[],"items_purged_floors":[14],"is_endless":false,"potions_floor_spawned":[1,7,13],"killed_by":"The Guardian","ascension_level":14}}