{"host":"x1qj4d8ympd5jdqh","time":1607860065,"event":{"mods":["AchievementEnabler","AlwaysNeverKeys","BaseMod","Colored Map","Custom Start","DeckTracker","Highlight Path","Minty Spire (QoL Compilation)","StSLib","SuperFastMode"],"gold_per_floor":[118,129,139,139,64,64,76,76,76,76,93,113,13,41,41,115,115,129,129,4,20,40,40,57,107,131,131,165,165,185,211,211,285,285,305,317,113,0,0,31,31,47,47,47,47],"floor_reached":44,"playtime":1189,"items_purged":["Strike_G","Strike_G","Strike_G","Strike_G"],"score":1006,"play_id":"61ae1af8-8b5d-44bd-8d6d-634c202ad8ac","local_time":"20201213204745","is_ascension_mode":true,"campfire_choices":[{"data":"Neutralize","floor":6.0,"key":"SMITH"},{"data":"Accuracy","floor":8.0,"key":"SMITH"},{"data":"Acrobatics","floor":15.0,"key":"SMITH"},{"data":"Tactician","floor":23.0,"key":"SMITH"},{"floor":27.0,"key":"REST"},{"data":"After Image","floor":32.0,"key":"SMITH"},{"floor":41,"key":"REST"}],"circlet_count":0,"master_deck":["AscendersBane","Defend_G+1","Defend_G+1","Defend_G","Defend_G","Survivor","Neutralize+1","Heel Hook","Accuracy+1","Backstab","PiercingWail","Eviscerate","Blade Dance","Blade Dance","Tactician+1","Acrobatics+1","After Image+1","Accuracy","Backflip","Calculated Gamble+1","Prepared"],"relics":["Ring of the Snake","Bag of Marbles","Mummified Hand","Akabeko","Vajra","Pear","Frozen Egg 2","WristBlade","Red Mask","White Beast Statue","Mercury Hourglass"],"acts_visited":["Exordium","TheCity","TheBeyond"],"potions_floor_usage":[42,44],"damage_taken":[{"damage":1.0,"enemies":"Small Slimes","floor":1.0,"turns":5.0},{"damage":3.0,"enemies":"2 Louse","floor":2.0,"turns":3.0},{"damage":1.0,"enemies":"Cultist","floor":3.0,"turns":4.0},{"damage":0.0,"enemies":"Looter","floor":7.0,"turns":2.0},{"damage":0.0,"enemies":"Large Slime","floor":11.0,"turns":3.0},{"damage":0.0,"enemies":"Exordium Thugs","floor":12.0,"turns":3.0},{"damage":2.0,"enemies":"3 Sentries","floor":14.0,"turns":4.0},{"damage":8.0,"enemies":"Slime Boss","floor":16.0,"turns":7.0},{"damage":13.0,"enemies":"Shell Parasite","floor":18.0,"turns":3.0},{"damage":2.0,"enemies":"2 Thieves","floor":21.0,"turns":3.0},{"damage":7.0,"enemies":"Snecko","floor":22.0,"turns":3.0},{"damage":0.0,"enemies":"3 Cultists","floor":24.0,"turns":3.0},{"damage":4.0,"enemies":"Book of Stabbing","floor":28.0,"turns":4.0},{"damage":3.0,"enemies":"Centurion and Healer","floor":30.0,"turns":3.0},{"damage":0.0,"enemies":"Slavers","floor":31.0,"turns":2.0},{"damage":37.0,"enemies":"Champ","floor":33.0,"turns":9.0},{"damage":35.0,"enemies":"3 Shapes","floor":35.0,"turns":5.0},{"damage":0.0,"enemies":"Orb Walker","floor":36.0,"turns":1.0},{"damage":12,"enemies":"Nemesis","floor":40,"turns":5},{"damage":24,"enemies":"Transient","floor":42,"turns":6},{"damage":0,"enemies":"4 Shapes","floor":44,"turns":1}],"seed_played":"9135880876730061994","potions_obtained":[{"floor":1.0,"key":"ColorlessPotion"},{"floor":7.0,"key":"Explosive Potion"},{"floor":11.0,"key":"DistilledChaos"},{"floor":19.0,"key":"Poison Potion"},{"floor":19.0,"key":"Poison Potion"},{"floor":22.0,"key":"CunningPotion"},{"floor":28.0,"key":"Energy Potion"},{"floor":33.0,"key":"Dexterity Potion"},{"floor":36.0,"key":"Fire Potion"},{"floor":42,"key":"AttackPotion"}],"is_trial":false,"path_per_floor":["M","M","M","?","$","R","M","R","T","?","M","M","$","E","R","B",null,"M","?","$","M","M","R","M","?","T","R","E","?","M","E","R","B",null,"M","M","$","?","?","E","R","M","T","M"],"character_chosen":"THE_SILENT","items_purchased":["Prepared"],"campfire_rested":2,"item_purchase_floors":[37],"current_hp_per_floor":[58,55,54,49,49,49,49,49,49,31,31,31,31,29,29,21,50,37,37,37,35,28,28,28,28,28,46,52,52,49,49,49,12,56,21,21,21,21,21,9,28,4,4,4,4],"gold":47,"neow_bonus":"TRANSFORM_TWO_CARDS","is_daily":false,"chose_seed":false,"campfire_upgraded":5,"win_rate":0.0,"timestamp":1607860065,"path_taken":["M","M","M","?","$","R","M","R","T","?","M","M","$","E","R","BOSS","M","?","$","?","M","R","M","?","T","R","E","?","M","E","R","BOSS","M","M","$","?","?","E","R","M","T","M"],"items_purchased_type":["Card"],"build_version":"2020-11-30","purchased_purges":4,"victory":false,"max_hp_per_floor":[60,60,60,60,60,60,60,60,60,60,60,60,60,60,60,60,60,60,60,60,60,60,60,60,60,60,60,70,70,70,70,70,70,70,70,70,70,70,66,66,66,66,66,66,66],"card_choices":[{"not_picked":["Catalyst","Sucker Punch"],"picked":"Backstab","floor":1.0},{"not_picked":["Blur","Choke"],"picked":"PiercingWail","floor":2.0},{"not_picked":["Poisoned Stab","Leg Sweep"],"picked":"Eviscerate","floor":3.0},{"not_picked":["Reflex","Flying Knee"],"picked":"Blade Dance","floor":7.0},{"not_picked":["Deflect","Deadly Poison"],"picked":"Blade Dance","floor":11.0},{"not_picked":["Cloak And Dagger","Dagger Throw"],"picked":"Tactician","floor":12.0},{"not_picked":["Concentrate","Venomology"],"picked":"Acrobatics","floor":14.0},{"not_picked":["Envenom","Venomology"],"picked":"After Image","floor":16.0},{"not_picked":["Slice","Dodge and Roll"],"picked":"Accuracy","floor":18.0},{"not_picked":["Dagger Spray","Deadly Poison"],"picked":"Backflip","floor":21.0},{"not_picked":["Flechettes","Prepared"],"picked":"Calculated Gamble+1","floor":22.0},{"not_picked":["Quick Slash","Concentrate","Cloak And Dagger"],"picked":"SKIP","floor":24.0},{"not_picked":["Underhanded Strike","Sucker Punch","Endless Agony"],"picked":"SKIP","floor":28.0},{"not_picked":["A Thousand Cuts","Poisoned Stab","Cloak And Dagger"],"picked":"SKIP","floor":30.0},{"not_picked":["Choke","Backstab","Endless Agony"],"picked":"SKIP","floor":31.0},{"not_picked":["Crippling Poison","Sucker Punch","Dodge and Roll+1"],"picked":"SKIP","floor":35.0},{"not_picked":["Deadly Poison+1","Dash+1","Poisoned Stab"],"picked":"SKIP","floor":36.0},{"not_picked":["Outmaneuver","Choke","Expertise"],"picked":"SKIP","floor":40},{"not_picked":["Bane","Masterful Stab","Heel Hook+1"],"picked":"SKIP","floor":42}],"player_experience":1214724,"relics_obtained":[{"floor":9.0,"key":"Mummified Hand"},{"floor":14.0,"key":"Akabeko"},{"floor":26.0,"key":"Vajra"},{"floor":28.0,"key":"Pear"},{"floor":31.0,"key":"Frozen Egg 2"},{"floor":40,"key":"White Beast Statue"},{"floor":43,"key":"Mercury Hourglass"}],"event_choices":[{"damage_healed":0.0,"max_hp_gain":0.0,"max_hp_loss":0.0,"gold_gain":0.0,"event_name":"Scrap Ooze","player_choice":"Success","floor":4.0,"gold_loss":0.0,"damage_taken":5.0,"relics_obtained":["Bag of Marbles"]},{"damage_healed":0.0,"max_hp_gain":0.0,"max_hp_loss":0.0,"gold_gain":0.0,"event_name":"Shining Light","player_choice":"Entered Light","floor":10.0,"gold_loss":0.0,"damage_taken":18.0,"cards_upgraded":["Defend_G","Defend_G"]},{"damage_healed":0.0,"max_hp_gain":0.0,"max_hp_loss":0.0,"gold_gain":0.0,"event_name":"Lab","player_choice":"Got Potions","floor":19.0,"gold_loss":0.0,"damage_taken":0.0},{"damage_healed":0.0,"max_hp_gain":0.0,"max_hp_loss":0.0,"gold_gain":50.0,"event_name":"Nest","player_choice":"Stole From Cult","floor":25.0,"gold_loss":0.0,"damage_taken":0.0},{"damage_healed":0.0,"max_hp_gain":0.0,"max_hp_loss":0.0,"gold_gain":0.0,"event_name":"WeMeetAgain","player_choice":"Ignored","floor":29.0,"gold_loss":0.0,"damage_taken":0.0},{"damage_healed":0.0,"max_hp_gain":0.0,"max_hp_loss":0.0,"gold_gain":0.0,"event_name":"Tomb of Lord Red Mask","player_choice":"Paid","floor":38.0,"gold_loss":113.0,"damage_taken":0.0,"relics_obtained":["Red Mask"]},{"damage_healed":0.0,"max_hp_gain":0.0,"max_hp_loss":4.0,"gold_gain":0.0,"event_name":"Winding Halls","player_choice":"Max HP","floor":39.0,"gold_loss":0.0,"damage_taken":0.0}],"is_beta":false,"boss_relics":[{"not_picked":["Snecko Eye","Fusion Hammer","Velvet Choker"]},{"not_picked":["Sozu","Calling Bell"],"picked":"WristBlade"}],"items_purged_floors":[5,13,20,37],"is_endless":false,"potions_floor_spawned":[1,7,11,22,28,33,36,40,42],"killed_by":"4 Shapes","ascension_level":20}}