{"host":"63rwe7p34ct1i0qu","time":1607838833,"event":{"mods":["BaseMod","DeckTracker","Minty Spire (QoL Compilation)","Permanent Neow","Quick Restart","StSLib"],"gold_per_floor":[118,144,144,144,155,155,169,149,175,194,205,205,205,222,222,326,326,342,342,342],"floor_reached":19,"playtime":508,"items_purged":[],"score":186,"play_id":"b013e792-a085-4e19-b4ef-04b683678261","local_time":"20201213145353","is_ascension_mode":false,"campfire_choices":[{"floor":6,"key":"REST"},{"floor":15,"key":"REST"}],"circlet_count":0,"master_deck":["Strike_P","Strike_P","Strike_P","Strike_P+1","Defend_P","Defend_P","Defend_P","Defend_P","Eruption","Vigilance","Study","ForeignInfluence","LessonLearned","DevaForm","FlurryOfBlows"],"relics":["Fusion Hammer","Strawberry","Pear","Nunchaku","Snecko Eye"],"acts_visited":["Exordium","TheCity"],"potions_floor_usage":[],"damage_taken":[{"damage":0,"enemies":"Cultist","floor":1,"turns":3},{"damage":0,"enemies":"Jaw Worm","floor":5,"turns":2},{"damage":0,"enemies":"2 Louse","floor":7,"turns":2},{"damage":4,"enemies":"Exordium Thugs","floor":8,"turns":4},{"damage":10,"enemies":"3 Louse","floor":10,"turns":4},{"damage":9,"enemies":"Looter","floor":11,"turns":3},{"damage":2,"enemies":"Blue Slaver","floor":14,"turns":3},{"damage":42,"enemies":"Slime Boss","floor":16,"turns":7},{"damage":8,"enemies":"Spheric Guardian","floor":18,"turns":4},{"damage":1,"enemies":"3 Byrds","floor":19,"turns":1}],"seed_played":"-3808288124724303877","potions_obtained":[{"floor":1,"key":"SpeedPotion"},{"floor":5,"key":"SmokeBomb"},{"floor":11,"key":"Energy Potion"},{"floor":14,"key":"PowerPotion"}],"is_trial":false,"path_per_floor":["M","T","?","?","M","R","M","M","T","M","M","?","$","M","R","B",null,"M","M"],"character_chosen":"WATCHER","items_purchased":[],"campfire_rested":2,"item_purchase_floors":[],"current_hp_per_floor":[72,79,79,64,64,89,89,85,85,75,66,58,58,56,82,40,89,81,80,80],"gold":342,"neow_bonus":"BOSS_RELIC","is_daily":false,"chose_seed":false,"campfire_upgraded":0,"win_rate":0.0,"timestamp":1607838833,"path_taken":["M","?","?","?","M","R","M","M","T","M","M","?","$","M","R","BOSS","M","M"],"items_purchased_type":[],"build_version":"2020-11-30","purchased_purges":0,"victory":false,"max_hp_per_floor":[72,79,79,89,89,89,89,89,89,89,89,89,89,89,89,89,89,89,89,89],"card_choices":[{"not_picked":["WindmillStrike","CarveReality","Protect"],"picked":"SKIP","floor":1},{"not_picked":["FollowUp","Halt"],"picked":"Study","floor":5},{"not_picked":["Consecrate","Crescendo","JustLucky"],"picked":"SKIP","floor":7},{"not_picked":["JustLucky","SashWhip","Pray"],"picked":"SKIP","floor":8},{"not_picked":["ForeignInfluence","Swivel","Evaluate"],"picked":"SKIP","floor":10},{"not_picked":["Swivel","Evaluate"],"picked":"ForeignInfluence","floor":10},{"not_picked":["CrushJoints","JustLucky"],"picked":"LessonLearned","floor":11},{"not_picked":["Sanctity","WaveOfTheHand","Crescendo"],"picked":"SKIP","floor":14},{"not_picked":["Vault","Scrawl"],"picked":"DevaForm","floor":16},{"not_picked":["Perseverance","PathToVictory+1"],"picked":"FlurryOfBlows","floor":18}],"player_experience":1280950,"relics_obtained":[{"floor":2,"key":"Strawberry"},{"floor":9,"key":"Nunchaku"}],"event_choices":[{"damage_healed":0,"gold_gain":0,"player_choice":"Ignored","damage_taken":0,"max_hp_gain":0,"max_hp_loss":0,"event_name":"Liars Game","floor":3,"gold_loss":0},{"damage_healed":0,"gold_gain":0,"player_choice":"Success","damage_taken":25,"relics_obtained":["Pear"],"max_hp_gain":0,"max_hp_loss":0,"event_name":"Scrap Ooze","floor":4,"gold_loss":0},{"damage_healed":0,"gold_gain":0,"player_choice":"Damaged","damage_taken":8,"max_hp_gain":0,"max_hp_loss":0,"event_name":"Wheel of Change","floor":12,"gold_loss":0}],"is_beta":false,"boss_relics":[{"not_picked":["VioletLotus","Cursed Key"],"picked":"Snecko Eye"}],"items_purged_floors":[],"is_endless":false,"potions_floor_spawned":[1,5,11,14],"killed_by":"3 Byrds","ascension_level":0}}