{"host":"1rcu5ixl4icqax5v","time":1607895041,"event":{"mods":["BaseMod","Bestiary","Block Reminder","Colored Map","DeckTracker","Highlight Path","Minty Spire (QoL Compilation)","Quick Restart","Relic Sorter","Relic Stats"],"gold_per_floor":[117,127,141,154,170,170,198,198,222,239,239,266,280,300,300,400,400,417,417,417,92,104,134,149,167,167,167,192,192,24,40,40,144,144,154,205,216,216,226,226,257,257,257,257,257,66,91,105,105,105,105,105,8,42,42],"floor_reached":56,"playtime":5264,"items_purged":["Strike_B","Regret","Doubt"],"score":1522,"play_id":"aaa45dcd-77f9-44ac-8b8c-5fa3bb0e5569","local_time":"20201214003041","is_ascension_mode":true,"campfire_choices":[{"data":"Go for the Eyes","floor":6.0,"key":"SMITH"},{"data":"Defragment","floor":8.0,"key":"SMITH"},{"data":"Consume","floor":11.0,"key":"SMITH"},{"data":"Hologram","floor":15.0,"key":"SMITH"},{"data":"Defragment","floor":27.0,"key":"SMITH"},{"data":"Hologram","floor":32.0,"key":"SMITH"},{"data":"Fission","floor":40.0,"key":"SMITH"},{"floor":44.0,"key":"REST"},{"data":"Apotheosis","floor":45.0,"key":"SMITH"},{"floor":49.0,"key":"RECALL"},{"data":"Echo Form","floor":52.0,"key":"SMITH"}],"circlet_count":0,"master_deck":["Strike_B","Strike_B","Strike_B","Defend_B+1","Defend_B","Defend_B","Zap","Dualcast+1","Steam","Ball Lightning","Glacier","Consume+1","Ball Lightning","Go for the Eyes+1","Defragment+1","Leap","Barrage","Hologram+1","Self Repair","Thunder Strike","Conserve Battery","Coolheaded","Lockon","Hologram+1","Defragment+1","Chill","Coolheaded","Tempest+1","Static Discharge","Compile Driver","Fission+1","Heatsinks","Chill+1","Apotheosis+1","Bandage Up","Secret Weapon","Parasite","Echo Form+1","PanicButton","Static Discharge+1","Loop","Recycle"],"relics":["Cracked Core","SlaversCollar","Bag of Preparation","Regal Pillow","Blood Vial","Membership Card","War Paint","Lantern","Orichalcum","Cursed Key","Mummified Hand","Calipers","WingedGreaves","DataDisk","Ice Cream","Happy Flower","Centennial Puzzle"],"acts_visited":["Exordium","TheCity","TheBeyond","TheEnding"],"potions_floor_usage":[55,55,55],"damage_taken":[{"damage":0.0,"enemies":"2 Louse","floor":1.0,"turns":3.0},{"damage":2.0,"enemies":"Jaw Worm","floor":2.0,"turns":3.0},{"damage":0.0,"enemies":"Small Slimes","floor":3.0,"turns":2.0},{"damage":4.0,"enemies":"3 Louse","floor":4.0,"turns":3.0},{"damage":8.0,"enemies":"Exordium Thugs","floor":5.0,"turns":5.0},{"damage":0.0,"enemies":"Gremlin Nob","floor":7.0,"turns":2.0},{"damage":0.0,"enemies":"Gremlin Gang","floor":10.0,"turns":4.0},{"damage":0.0,"enemies":"3 Sentries","floor":12.0,"turns":4.0},{"damage":0.0,"enemies":"Red Slaver","floor":13.0,"turns":3.0},{"damage":0.0,"enemies":"Looter","floor":14.0,"turns":2.0},{"damage":16.0,"enemies":"Hexaghost","floor":16.0,"turns":8.0},{"damage":2.0,"enemies":"3 Byrds","floor":18.0,"turns":3.0},{"damage":10.0,"enemies":"Shell Parasite","floor":22.0,"turns":5.0},{"damage":1.0,"enemies":"Slavers","floor":23.0,"turns":6.0},{"damage":0.0,"enemies":"Cultist and Chosen","floor":24.0,"turns":4.0},{"damage":6.0,"enemies":"Snake Plant","floor":25.0,"turns":3.0},{"damage":19.0,"enemies":"Gremlin Leader","floor":28.0,"turns":8.0},{"damage":10.0,"enemies":"Shelled Parasite and Fungi","floor":31.0,"turns":6.0},{"damage":3.0,"enemies":"Collector","floor":33.0,"turns":10.0},{"damage":2.0,"enemies":"3 Shapes","floor":35.0,"turns":3.0},{"damage":9.0,"enemies":"2 Orb Walkers","floor":36.0,"turns":4.0},{"damage":23.0,"enemies":"3 Darklings","floor":37.0,"turns":7.0},{"damage":3.0,"enemies":"Transient","floor":39.0,"turns":5.0},{"damage":39.0,"enemies":"Reptomancer","floor":41.0,"turns":7.0},{"damage":0.0,"enemies":"Nemesis","floor":47.0,"turns":7.0},{"damage":0.0,"enemies":"Spire Growth","floor":48.0,"turns":5.0},{"damage":25.0,"enemies":"Time Eater","floor":50.0,"turns":7.0},{"damage":0.0,"enemies":"Shield and Spear","floor":54.0,"turns":6.0},{"damage":21,"enemies":"The Heart","floor":55,"turns":8}],"seed_played":"-210063137725602690","potions_obtained":[{"floor":3.0,"key":"PowerPotion"},{"floor":4.0,"key":"Fire Potion"},{"floor":5.0,"key":"Fire Potion"},{"floor":12.0,"key":"BlessingOfTheForge"},{"floor":14.0,"key":"Explosive Potion"},{"floor":16.0,"key":"PotionOfCapacity"},{"floor":22.0,"key":"Fire Potion"},{"floor":25.0,"key":"Explosive Potion"},{"floor":28.0,"key":"PowerPotion"},{"floor":35.0,"key":"EssenceOfDarkness"},{"floor":36.0,"key":"Dexterity Potion"},{"floor":39.0,"key":"LiquidBronze"},{"floor":54.0,"key":"SpeedPotion"}],"is_trial":false,"path_per_floor":["M","M","M","M","M","R","E","R","T","M","R","E","M","M","R","B",null,"M","?","?","$","M","E","M","M","T","R","E","T","$","M","R","B",null,"M","?","M","?","M","R","E","?","T","R","R","$","E","M","R","B",null,"R","$","E","B",null],"character_chosen":"DEFECT","items_purchased":["Membership Card","Lockon","Hologram","Blood Vial","Calipers","Static Discharge","Echo Form","PowerPotion","PanicButton","Loop"],"campfire_rested":1,"item_purchase_floors":[21,21,21,21,30,30,46,46,46,53],"current_hp_per_floor":[75,73,73,69,61,61,61,61,61,61,61,61,61,61,61,52,75,75,75,75,75,72,75,75,75,75,75,63,63,63,62,62,68,75,75,73,59,49,59,59,38,38,38,75,75,75,75,75,75,66,75,75,75,75,70],"gold":42,"neow_bonus":"TRANSFORM_CARD","is_daily":false,"chose_seed":false,"campfire_upgraded":9,"win_rate":0.0,"timestamp":1607895041,"path_taken":["M","M","M","M","M","R","E","R","T","M","R","E","M","M","R","BOSS","M","?","?","$","M","E","M","M","T","R","E","?","?","M","R","BOSS","M","?","M","?","M","R","E","?","T","R","R","$","E","M","R","BOSS","R","$","E","BOSS"],"items_purchased_type":["Relic","Card","Card","Relic","Relic","Card","Card","Potion","Card","Card"],"build_version":"2020-11-30","purchased_purges":3,"victory":true,"max_hp_per_floor":[75,75,75,75,75,75,75,75,75,75,75,75,75,75,75,75,75,75,75,75,75,75,75,75,75,75,75,75,75,75,75,75,75,75,75,75,75,75,75,75,75,75,75,75,75,75,75,75,75,75,75,75,75,75,75],"relic_stats":{"Blood Vial":12,"Regal Pillow":15,"Centennial Puzzle":[3],"Happy Flower":[8],"counters":[29,143],"Mummified Hand":[84],"Bag of Preparation":[30],"War Paint":["Defend_B","Dualcast"],"Orichalcum":[72],"Cursed Key":3,"obtain_stats":[{"Ice Cream":43,"Lantern":7,"Regal Pillow":26,"Calipers":30,"Happy Flower":47,"Bag of Preparation":23,"War Paint":9,"Orichalcum":12,"Cursed Key":17,"Blood Vial":21,"SlaversCollar":34,"DataDisk":41,"Centennial Puzzle":54,"Mummified Hand":28,"WingedGreaves":36,"Membership Card":21,"Cracked Core":0},{"Ice Cream":24,"Lantern":6,"Regal Pillow":16,"Calipers":17,"Happy Flower":25,"Bag of Preparation":14,"War Paint":6,"Orichalcum":8,"Cursed Key":11,"Blood Vial":12,"SlaversCollar":19,"DataDisk":24,"Centennial Puzzle":28,"Mummified Hand":17,"WingedGreaves":21,"Membership Card":12,"Cracked Core":0},{"Ice Cream":110,"Lantern":18,"Regal Pillow":60,"Calipers":68,"Happy Flower":117,"Bag of Preparation":53,"War Paint":18,"Orichalcum":26,"Cursed Key":39,"Blood Vial":42,"SlaversCollar":84,"DataDisk":110,"Centennial Puzzle":135,"Mummified Hand":68,"WingedGreaves":91,"Membership Card":42,"Cracked Core":0}]},"card_choices":[{"not_picked":["Conserve Battery","Turbo"],"picked":"Ball Lightning","floor":1.0},{"not_picked":["Storm","Coolheaded"],"picked":"Glacier","floor":2.0},{"not_picked":["Static Discharge","Leap"],"picked":"Consume","floor":3.0},{"not_picked":["Rip and Tear","Rebound"],"picked":"Ball Lightning","floor":4.0},{"not_picked":["Melter","Double Energy"],"picked":"Go for the Eyes","floor":5.0},{"not_picked":["Go for the Eyes","Amplify"],"picked":"Defragment","floor":7.0},{"not_picked":["Steam Power","Heatsinks"],"picked":"Leap","floor":10.0},{"not_picked":["Steam","Stack"],"picked":"Barrage","floor":12.0},{"not_picked":["Go for the Eyes","Sweeping Beam"],"picked":"Hologram","floor":13.0},{"not_picked":["FTL","Conserve Battery"],"picked":"Self Repair","floor":14.0},{"not_picked":["All For One","Core Surge"],"picked":"Thunder Strike","floor":16.0},{"not_picked":["Leap","Sweeping Beam"],"picked":"Conserve Battery","floor":18.0},{"not_picked":["Self Repair+1","Rebound"],"picked":"Defragment","floor":22.0},{"not_picked":["Barrage","Core Surge"],"picked":"Chill","floor":23.0},{"not_picked":["Stack","Conserve Battery"],"picked":"Coolheaded","floor":24.0},{"not_picked":["Go for the Eyes","Turbo+1","Leap"],"picked":"SKIP","floor":25.0},{"not_picked":["Barrage","Thunder Strike"],"picked":"Tempest+1","floor":28.0},{"not_picked":["Sweeping Beam","Conserve Battery","Compile Driver"],"picked":"SKIP","floor":31.0},{"not_picked":["Sweeping Beam","Conserve Battery"],"picked":"Compile Driver","floor":31.0},{"not_picked":["Rainbow","Biased Cognition"],"picked":"Fission","floor":33.0},{"not_picked":["Reprogram","Consume+1"],"picked":"Heatsinks","floor":35.0},{"not_picked":["Go for the Eyes+1","Darkness"],"picked":"Chill+1","floor":36.0},{"not_picked":["Glacier","Go for the Eyes","Streamline+1"],"picked":"SKIP","floor":37.0},{"not_picked":["Bandage Up","Magnetism"],"picked":"Apotheosis","floor":38.0},{"not_picked":["Deep Breath","Madness"],"picked":"Bandage Up","floor":38.0},{"not_picked":["Enlightenment","The Bomb"],"picked":"Secret Weapon","floor":38.0},{"not_picked":["Streamline+1","Hello World","Sunder+1"],"picked":"SKIP","floor":39.0},{"not_picked":["Hologram","Double Energy","Rebound"],"picked":"SKIP","floor":41.0},{"not_picked":["Stack","Cold Snap+1","Hello World+1"],"picked":"SKIP","floor":47.0},{"not_picked":["Stack","Aggregate+1"],"picked":"Static Discharge+1","floor":48.0},{"not_picked":["Hello World","Consume+1"],"picked":"Recycle","floor":54.0}],"player_experience":605074,"relics_obtained":[{"floor":7.0,"key":"Lantern"},{"floor":9.0,"key":"War Paint"},{"floor":12.0,"key":"Orichalcum"},{"floor":23.0,"key":"Bag of Preparation"},{"floor":26.0,"key":"Regal Pillow"},{"floor":28.0,"key":"Mummified Hand"},{"floor":36.0,"key":"WingedGreaves"},{"floor":41.0,"key":"DataDisk"},{"floor":43.0,"key":"Ice Cream"},{"floor":47.0,"key":"Happy Flower"},{"floor":54.0,"key":"Centennial Puzzle"}],"event_choices":[{"damage_healed":0.0,"max_hp_gain":0.0,"max_hp_loss":0.0,"gold_gain":0.0,"event_name":"The Library","player_choice":"Read","floor":19.0,"gold_loss":0.0,"damage_taken":0.0,"cards_obtained":["Coolheaded"]},{"damage_healed":0.0,"max_hp_gain":0.0,"max_hp_loss":0.0,"gold_gain":0.0,"event_name":"Cursed Tome","player_choice":"Ignored","floor":20.0,"gold_loss":0.0,"damage_taken":0.0},{"damage_healed":0.0,"max_hp_gain":0.0,"max_hp_loss":0.0,"gold_gain":0.0,"event_name":"Mysterious Sphere","player_choice":"Fight","floor":36.0,"gold_loss":0.0,"damage_taken":0.0},{"damage_healed":0.0,"max_hp_gain":0.0,"max_hp_loss":0.0,"gold_gain":0.0,"event_name":"SensoryStone","player_choice":"Memory 3","floor":38.0,"gold_loss":0.0,"damage_taken":10.0},{"damage_healed":0.0,"max_hp_gain":0.0,"max_hp_loss":0.0,"gold_gain":0.0,"event_name":"Tomb of Lord Red Mask","player_choice":"Ignored","floor":42.0,"gold_loss":0.0,"damage_taken":0.0}],"is_beta":false,"boss_relics":[{"not_picked":["FrozenCore","Runic Dome"],"picked":"Cursed Key"},{"not_picked":["Snecko Eye","Velvet Choker"],"picked":"SlaversCollar"}],"items_purged_floors":[21,46,53],"is_endless":false,"potions_floor_spawned":[3,4,5,12,14,16,22,25,28,35,36,39,54],"ascension_level":3}}