{"host":"thn8o1tmql8xszd5","time":1607872536,"event":{"mods":["AchievementEnabler","BaseMod","Block Reminder","Colored Map","DeckTracker","Highlight Path","Minty Spire (QoL Compilation)","Permanent Neow","Quick Restart","Relic Stats","Robot Space Explorer","StSLib"],"gold_per_floor":[118,134,84,259,277,277,309,309,354,354,354],"floor_reached":10,"playtime":35264,"items_purged":[],"score":73,"play_id":"75f9667d-a47d-460c-be51-a8d49ab93874","local_time":"20201213101536","is_ascension_mode":true,"campfire_choices":[{"data":"RobotSpaceExplorer:PlasmaMissile","floor":6,"key":"SMITH"},{"floor":8,"key":"REST"}],"circlet_count":0,"master_deck":["RobotSpaceExplorer:Strike","RobotSpaceExplorer:Strike","RobotSpaceExplorer:Strike","RobotSpaceExplorer:Defend","RobotSpaceExplorer:Defend","RobotSpaceExplorer:Defend","RobotSpaceExplorer:Defend","RobotSpaceExplorer:Scan","RobotSpaceExplorer:MiniLasers","RobotSpaceExplorer:SlimeMissile","RobotSpaceExplorer:TurboDodge","Doubt","RobotSpaceExplorer:PlasmaMissile+1","RobotSpaceExplorer:BigMissile"],"relics":["RobotSpaceExplorer:RoboCore","Potion Belt","Blood Vial"],"acts_visited":["Exordium"],"potions_floor_usage":[7],"damage_taken":[{"damage":3,"enemies":"Jaw Worm","floor":1,"turns":4},{"damage":0,"enemies":"Small Slimes","floor":2,"turns":2},{"damage":0,"enemies":"Cultist","floor":5,"turns":4},{"damage":34,"enemies":"Lagavulin","floor":7,"turns":9},{"damage":0,"enemies":"Gremlin Nob","floor":10,"turns":2}],"seed_played":"8894066021669073069","potions_obtained":[{"floor":1,"key":"Strength Potion"},{"floor":7,"key":"RobotSpaceExplorer:RecyclePotion"}],"is_trial":false,"path_per_floor":["M","M","?","?","M","R","E","R","T","E"],"character_chosen":"RobotSpaceExplorer","items_purchased":[],"campfire_rested":1,"item_purchase_floors":[],"current_hp_per_floor":[65,65,65,65,65,65,31,57,57,59,59],"gold":354,"neow_bonus":"TWENTY_PERCENT_HP_BONUS","is_daily":false,"chose_seed":false,"campfire_upgraded":1,"win_rate":0.0,"timestamp":1607872536,"path_taken":["M","M","?","?","M","R","E","R","T","E"],"items_purchased_type":[],"build_version":"2020-11-30","purchased_purges":0,"victory":false,"max_hp_per_floor":[89,89,89,89,89,89,89,89,89,89,89],"relic_stats":{"Blood Vial":2,"counters":[5,21],"obtain_stats":[{"Potion Belt":7,"Blood Vial":9,"RobotSpaceExplorer:RoboCore":0},{"Potion Belt":4,"Blood Vial":4,"RobotSpaceExplorer:RoboCore":0},{"Potion Belt":19,"Blood Vial":19,"RobotSpaceExplorer:RoboCore":0}]},"card_choices":[{"not_picked":["RobotSpaceExplorer:FranticSearch","RobotSpaceExplorer:MakeshiftVolley"],"picked":"RobotSpaceExplorer:SlimeMissile","floor":1},{"not_picked":["RobotSpaceExplorer:Ammunition","RobotSpaceExplorer:ShovelStrike"],"picked":"RobotSpaceExplorer:TurboDodge","floor":2},{"not_picked":["RobotSpaceExplorer:ExhaustFan","RobotSpaceExplorer:GlueSpray"],"picked":"RobotSpaceExplorer:PlasmaMissile","floor":5},{"not_picked":["RobotSpaceExplorer:ScrapShield","RobotSpaceExplorer:GlueSpray"],"picked":"RobotSpaceExplorer:BigMissile","floor":7}],"player_experience":436821,"relics_obtained":[{"floor":7,"key":"Potion Belt"},{"floor":9,"key":"Blood Vial"}],"event_choices":[{"cards_removed":["RobotSpaceExplorer:Strike"],"damage_healed":0,"gold_gain":0,"player_choice":"Card Removal","damage_taken":0,"max_hp_gain":0,"max_hp_loss":0,"event_name":"The Cleric","floor":3,"gold_loss":50},{"damage_healed":0,"gold_gain":175,"player_choice":"AGREE","damage_taken":0,"max_hp_gain":0,"max_hp_loss":0,"event_name":"Liars Game","floor":4,"gold_loss":0,"cards_obtained":["Doubt"]}],"is_beta":false,"boss_relics":[],"items_purged_floors":[],"is_endless":false,"potions_floor_spawned":[1,7],"killed_by":"Gremlin Nob","ascension_level":2}}