{"host":"4amcrcg6ktw8dbzk","time":1607865080,"event":{"mods":["BaseMod","Dota2Spire","Minty Spire (QoL Compilation)","MostiFishMod","Robot Space Explorer","Spicy Shops","StSLib","Waifu the Spire"],"gold_per_floor":[114,45,57,57,57,88,107,107,131,157,157,157,229,247,247,370,370,395,395,235,235,32,32,50,50,50,93,93,116,152,167,167,288,351,369,124,124,142,142,181,201,224,224,224,264,292,304,349,361,373,385,397,208,243,243],"floor_reached":56,"playtime":3580,"items_purged":["Strike_G","Strike_G","Strike_G","Strike_G","Strike_G"],"score":2233,"play_id":"1fbe98b7-3b93-46d2-9655-44f40bc1d19b","local_time":"20201213211120","is_ascension_mode":true,"campfire_choices":[{"data":"Neutralize","floor":8,"key":"SMITH"},{"floor":12,"key":"REST"},{"data":"Calculated Gamble","floor":15,"key":"SMITH"},{"data":"Well Laid Plans","floor":23,"key":"SMITH"},{"data":"MostiFishMod:Dislodge","floor":25,"key":"SMITH"},{"data":"Catalyst","floor":32,"key":"SMITH"},{"data":"MostiFishMod:Dislodge","floor":44,"key":"SMITH"},{"data":"Deadly Poison","floor":47,"key":"SMITH"},{"floor":49,"key":"RECALL"},{"data":"Reflex","floor":52,"key":"SMITH"}],"circlet_count":0,"master_deck":["AscendersBane","Defend_G","Defend_G","Defend_G","Defend_G","Defend_G","Survivor","Neutralize+1","Blade Dance","Bouncing Flask+1","Escape Plan","Reflex+1","Tactician","Calculated Gamble+1","Heel Hook+1","MostiFishMod:Dislodge+1","Deadly Poison+1","Acrobatics","Acrobatics","Well Laid Plans+1","Noxious Fumes+1","Predator+1","Catalyst+1","MostiFishMod:Dislodge+1","Prepared+1","MostiFishMod:Dislodge+1","Concentrate+1","Deadly Poison+1","Terror+1","Flechettes"],"relics":["Ring of the Snake","DaveBox","DianPoetry","Question Card","Dota2Spire:ShadowBlade","Orichalcum","Potion Belt","Golden Idol","Paper Crane","ImportantClient","BirthdayGift-Icosahedron","Omamori","BionicSphere","Tiny House","Membership Card","Dota2Spire:Vanguard","Anchor","Regal Pillow","Singing Bowl","MawBank","Kunai","Medical Kit","Lizard Tail","Blood Vial"],"acts_visited":["Exordium","TheCity","TheBeyond","TheEnding"],"potions_floor_usage":[30,30,55],"damage_taken":[{"damage":0,"enemies":"Jaw Worm","floor":1,"turns":4},{"damage":1,"enemies":"2 Louse","floor":3,"turns":2},{"damage":26,"enemies":"Gremlin Nob","floor":6,"turns":4},{"damage":0,"enemies":"Cultist","floor":7,"turns":3},{"damage":7,"enemies":"Lagavulin","floor":10,"turns":4},{"damage":0,"enemies":"2 Fungi Beasts","floor":14,"turns":2},{"damage":3,"enemies":"The Guardian","floor":16,"turns":6},{"damage":0,"enemies":"2 Thieves","floor":18,"turns":2},{"damage":0,"enemies":"Shell Parasite","floor":24,"turns":2},{"damage":0,"enemies":"Book of Stabbing","floor":27,"turns":3},{"damage":0,"enemies":"Snecko","floor":29,"turns":2},{"damage":7,"enemies":"Slavers","floor":30,"turns":3},{"damage":0,"enemies":"Snake Plant","floor":31,"turns":2},{"damage":0,"enemies":"Champ","floor":33,"turns":4},{"damage":0,"enemies":"3 Shapes","floor":35,"turns":3},{"damage":0,"enemies":"Orb Walker","floor":38,"turns":2},{"damage":0,"enemies":"Giant Head","floor":40,"turns":3},{"damage":0,"enemies":"4 Shapes","floor":41,"turns":2},{"damage":0,"enemies":"3 Darklings","floor":42,"turns":2},{"damage":0,"enemies":"Reptomancer","floor":45,"turns":1},{"damage":0,"enemies":"Spire Growth","floor":46,"turns":2},{"damage":0,"enemies":"Giant Head","floor":48,"turns":3},{"damage":0,"enemies":"Awakened One","floor":50,"turns":6},{"damage":0,"enemies":"Shield and Spear","floor":54,"turns":2},{"damage":1,"enemies":"The Heart","floor":55,"turns":4}],"seed_played":"1038543068379156370","potions_obtained":[{"floor":3,"key":"GhostInAJar"},{"floor":7,"key":"ColorlessPotion"},{"floor":16,"key":"CunningPotion"},{"floor":24,"key":"Fire Potion"},{"floor":33,"key":"FearPotion"},{"floor":34,"key":"SkillPotion"},{"floor":54,"key":"SmokeBomb"}],"is_trial":false,"path_per_floor":["M","$","M","?","?","E","M","R","T","E","?","R","T","M","R","B",null,"M","?","$","?","$","R","M","R","T","E","$","M","E","M","R","B",null,"M","$","?","M","?","E","M","M","T","R","E","M","R","E","R","B",null,"R","$","E","B",null],"character_chosen":"THE_SILENT","items_purchased":["Bouncing Flask","Acrobatics","Well Laid Plans","Membership Card","Dota2Spire:Vanguard","Anchor","Medical Kit","Lizard Tail"],"campfire_rested":1,"item_purchase_floors":[2,22,22,36,36,36,53,53],"current_hp_per_floor":[70,70,69,74,74,48,48,48,48,41,21,45,45,45,45,42,72,73,73,73,57,57,57,58,58,58,59,59,60,54,55,55,56,84,85,85,85,86,86,87,88,89,89,89,90,91,91,92,92,92,92,92,92,92,92],"gold":243,"neow_bonus":"TEN_PERCENT_HP_BONUS","is_daily":false,"chose_seed":false,"campfire_upgraded":8,"win_rate":0.0,"timestamp":1607865080,"path_taken":["M","$","M","?","?","E","?","R","T","E","?","R","?","M","R","BOSS","M","?","?","?","$","R","M","R","T","E","?","M","E","?","R","BOSS","M","$","?","?","?","E","M","?","T","R","E","M","R","E","R","BOSS","R","$","E","BOSS"],"items_purchased_type":["Card","Card","Card","Relic","Relic","Relic","Relic","Relic"],"build_version":"2020-11-30","purchased_purges":5,"victory":true,"max_hp_per_floor":[77,77,77,82,82,82,82,82,82,82,82,82,82,82,82,82,82,82,82,82,87,87,87,87,87,87,87,87,87,87,87,87,87,92,92,92,92,92,92,92,92,92,92,92,92,92,92,92,92,92,92,92,92,92,92],"card_choices":[{"not_picked":["Dagger Spray","Quick Slash"],"picked":"Blade Dance","floor":1},{"not_picked":["Quick Slash","Underhanded Strike","Sucker Punch"],"picked":"Escape Plan","floor":3},{"not_picked":["Flying Knee","Eviscerate","Backstab"],"picked":"Reflex","floor":6},{"not_picked":["Outmaneuver","MostiFishMod:InvigoratingSolution","Expertise"],"picked":"Tactician","floor":7},{"not_picked":["Dodge and Roll","All Out Attack","Terror"],"picked":"Calculated Gamble","floor":10},{"not_picked":["MostiFishMod:PerfectParry","Eviscerate","Dodge and Roll"],"picked":"Heel Hook","floor":14},{"not_picked":["Envenom","MostiFishMod:ShivMaster","Corpse Explosion"],"picked":"MostiFishMod:Dislodge","floor":16},{"not_picked":["Bane","Riddle With Holes","Slice"],"picked":"Deadly Poison","floor":18},{"not_picked":["Deadly Poison","Dodge and Roll+1","Acrobatics+1"],"picked":"Noxious Fumes+1","floor":24},{"not_picked":["Distraction","MostiFishMod:InvigoratingSolution","Accuracy","Tactician"],"picked":"SKIP","floor":27},{"not_picked":["Sucker Punch","Bouncing Flask","Dagger Spray"],"picked":"Predator+1","floor":29},{"not_picked":["Quick Slash","MostiFishMod:InvigoratingSolution","MostiFishMod:UniGreen","Finisher"],"picked":"SKIP","floor":30},{"not_picked":["Eviscerate+1","Backflip","PiercingWail"],"picked":"Catalyst","floor":31},{"not_picked":["Corpse Explosion","Glass Knife","MostiFishMod:UniGreen"],"picked":"MostiFishMod:Dislodge","floor":33},{"not_picked":["Slice+1","All Out Attack+1","Poisoned Stab"],"picked":"Prepared+1","floor":34},{"not_picked":["Well Laid Plans+1","Quick Slash+1","Dagger Spray+1","Footwork+1"],"picked":"SKIP","floor":35},{"not_picked":["MostiFishMod:PerfectParry","Underhanded Strike+1","Well Laid Plans","Setup"],"picked":"SKIP","floor":38},{"not_picked":["Deflect","Flying Knee+1","Tactician","MostiFishMod:PreservedThorns+1"],"picked":"SKIP","floor":40},{"not_picked":["Dash+1","Dagger Throw+1","Acrobatics+1","Grand Finale"],"picked":"SKIP","floor":41},{"not_picked":["Dagger Throw","Bane","Leg Sweep","Backflip"],"picked":"SKIP","floor":42},{"not_picked":["Underhanded Strike","Noxious Fumes+1","Escape Plan+1"],"picked":"Concentrate+1","floor":45},{"not_picked":["Flying Knee+1","Backflip+1","Slice"],"picked":"Deadly Poison+1","floor":46},{"not_picked":["Bouncing Flask","Reflex+1","Prepared+1"],"picked":"Terror+1","floor":48},{"not_picked":["Blade Dance+1","MostiFishMod:ThornCasing","Distraction"],"picked":"Flechettes","floor":54}],"player_experience":241427,"relics_obtained":[{"floor":1,"key":"Question Card"},{"floor":6,"key":"Dota2Spire:ShadowBlade"},{"floor":9,"key":"Orichalcum"},{"floor":10,"key":"Potion Belt"},{"floor":13,"key":"Paper Crane"},{"floor":16,"key":"ImportantClient"},{"floor":27,"key":"Omamori"},{"floor":30,"key":"BionicSphere"},{"floor":40,"key":"Regal Pillow"},{"floor":43,"key":"Singing Bowl"},{"floor":45,"key":"MawBank"},{"floor":48,"key":"Kunai"},{"floor":54,"key":"Blood Vial"}],"event_choices":[{"damage_healed":0,"gold_gain":0,"player_choice":"Donut","damage_taken":0,"max_hp_gain":5,"max_hp_loss":0,"event_name":"Big Fish","floor":4,"gold_loss":0},{"damage_healed":0,"gold_gain":0,"player_choice":"Upgraded","damage_taken":0,"max_hp_gain":0,"max_hp_loss":0,"event_name":"Upgrade Shrine","floor":5,"gold_loss":0,"cards_upgraded":["Bouncing Flask"]},{"damage_healed":0,"gold_gain":0,"player_choice":"Take Damage","damage_taken":20,"relics_obtained":["Golden Idol"],"max_hp_gain":0,"max_hp_loss":0,"event_name":"Golden Idol","floor":11,"gold_loss":0},{"damage_healed":0,"gold_gain":0,"player_choice":"Read","damage_taken":0,"max_hp_gain":0,"max_hp_loss":0,"event_name":"The Library","floor":19,"gold_loss":0,"cards_obtained":["Acrobatics"]},{"damage_healed":0,"gold_gain":0,"player_choice":"Shed Blood","damage_taken":21,"max_hp_gain":5,"max_hp_loss":0,"event_name":"Forgotten Altar","floor":21,"gold_loss":0},{"damage_healed":0,"gold_gain":0,"player_choice":"Copied","damage_taken":0,"max_hp_gain":0,"max_hp_loss":0,"event_name":"Duplicator","floor":37,"gold_loss":0,"cards_obtained":["MostiFishMod:Dislodge"]},{"damage_healed":0,"gold_gain":0,"player_choice":"Ignored","damage_taken":0,"max_hp_gain":0,"max_hp_loss":0,"event_name":"SecretPortal","floor":39,"gold_loss":0}],"is_beta":false,"boss_relics":[{"not_picked":["FixedStarFall","Ring of the Serpent"],"picked":"BirthdayGift-Icosahedron"},{"not_picked":["BirthdayGift-Tetrahedron","Coffee Dripper"],"picked":"Tiny House"}],"items_purged_floors":[20,20,22,36,53],"is_endless":false,"potions_floor_spawned":[3,7,16,24,27,33,35,40,46,54],"ascension_level":11}}