{"host":"1c52r9kaxdyo25eq","time":1607856473,"event":{"mods":["AchievementEnabler","BaseMod","Minty Spire (QoL Compilation)","Rare Cards Sparkle","SuperFastMode","everything is the same but u backflip on backflip"],"gold_per_floor":[113,113,113,127,144,144,162,162,162,63,78,128,128,141,141,218,218,231,251,176,226,226,226,226],"floor_reached":23,"playtime":513,"items_purged":["Strike_G"],"score":366,"play_id":"4de17ae4-5725-47ff-a8eb-4a252d652202","local_time":"20201213194753","is_ascension_mode":true,"campfire_choices":[{"data":"Deadly Poison","floor":6.0,"key":"SMITH"},{"data":"Crippling Poison","floor":8.0,"key":"SMITH"},{"floor":13.0,"key":"DIG"},{"floor":15.0,"key":"DIG"}],"circlet_count":0,"master_deck":["AscendersBane","Strike_G","Defend_G","Defend_G","Defend_G","Survivor","Neutralize","Backflip","Deadly Poison+1","Bane","Crippling Poison+1","Acrobatics","Noxious Fumes","Prepared","Quick Slash+1","Skewer+1","Escape Plan+1","Blur","Bouncing Flask"],"relics":["Ring of the Snake","Lantern","Shovel","Incense Burner","Pen Nib","Astrolabe"],"acts_visited":["Exordium","TheCity"],"potions_floor_usage":[22],"damage_taken":[{"damage":13.0,"enemies":"Small Slimes","floor":1.0,"turns":4.0},{"damage":0.0,"enemies":"2 Louse","floor":4.0,"turns":4.0},{"damage":1.0,"enemies":"Cultist","floor":5.0,"turns":4.0},{"damage":3.0,"enemies":"Exordium Thugs","floor":7.0,"turns":4.0},{"damage":10.0,"enemies":"Large Slime","floor":11.0,"turns":6.0},{"damage":15.0,"enemies":"Lots of Slimes","floor":14.0,"turns":3.0},{"damage":23.0,"enemies":"The Guardian","floor":16.0,"turns":8.0},{"damage":16.0,"enemies":"2 Thieves","floor":18.0,"turns":3.0},{"damage":11.0,"enemies":"3 Byrds","floor":19.0,"turns":4.0},{"damage":0,"enemies":"Shelled Parasite and Fungi","floor":22,"turns":1},{"damage":30,"enemies":"Gremlin Leader","floor":23,"turns":2}],"seed_played":"-1527495768654187036","potions_obtained":[{"floor":4.0,"key":"Strength Potion"},{"floor":16.0,"key":"SmokeBomb"}],"is_trial":false,"path_per_floor":["M","?","?","M","M","R","M","R","T","$","M","?","R","M","R","B",null,"M","M","?","?","M","E"],"character_chosen":"THE_SILENT","items_purchased":["Acrobatics"],"campfire_rested":0,"item_purchase_floors":[10],"current_hp_per_floor":[46,39,61,61,60,60,57,57,57,57,47,41,41,26,26,3,50,34,23,23,23,23,0,0],"gold":226,"neow_bonus":"RANDOM_COMMON_RELIC","is_daily":false,"chose_seed":false,"campfire_upgraded":2,"win_rate":0.0,"timestamp":1607856473,"path_taken":["M","?","?","M","M","R","M","R","T","$","M","?","R","?","R","BOSS","M","M","?","?","M","E"],"items_purchased_type":["Card"],"build_version":"2020-11-30","purchased_purges":1,"victory":false,"max_hp_per_floor":[66,66,66,66,66,66,66,66,66,66,66,66,66,66,66,66,66,66,66,66,66,66,66,66],"card_choices":[{"not_picked":["Setup","Flying Knee"],"picked":"Backflip","floor":1.0},{"not_picked":["Distraction","Dagger Throw"],"picked":"Deadly Poison","floor":4.0},{"not_picked":["Dodge and Roll","Acrobatics"],"picked":"Bane","floor":5.0},{"not_picked":["Dash","Flying Knee"],"picked":"Crippling Poison","floor":7.0},{"not_picked":["Accuracy","Deflect"],"picked":"Noxious Fumes","floor":11.0},{"not_picked":["Slice","Sucker Punch"],"picked":"Prepared","floor":14.0},{"not_picked":["Blade Dance","Bane"],"picked":"Blur","floor":18.0},{"not_picked":["Heel Hook","Dash"],"picked":"Bouncing Flask","floor":19.0}],"player_experience":469340,"relics_obtained":[{"floor":9.0,"key":"Shovel"},{"floor":13.0,"key":"Incense Burner"},{"floor":15.0,"key":"Pen Nib"}],"event_choices":[{"cards_removed":["Defend_G"],"damage_healed":0.0,"max_hp_gain":0.0,"max_hp_loss":0.0,"gold_gain":0.0,"event_name":"Golden Wing","player_choice":"Card Removal","floor":2.0,"gold_loss":0.0,"damage_taken":7.0},{"damage_healed":22.0,"max_hp_gain":0.0,"max_hp_loss":0.0,"gold_gain":0.0,"event_name":"Big Fish","player_choice":"Banana","floor":3.0,"gold_loss":0.0,"damage_taken":0.0},{"damage_healed":0.0,"max_hp_gain":0.0,"max_hp_loss":0.0,"gold_gain":50.0,"event_name":"FaceTrader","player_choice":"Touch","floor":12.0,"gold_loss":0.0,"damage_taken":6.0},{"cards_removed":["Strike_G"],"damage_healed":0.0,"max_hp_gain":0.0,"max_hp_loss":0.0,"gold_gain":0.0,"event_name":"Beggar","player_choice":"Gave Gold","floor":20.0,"gold_loss":75.0,"damage_taken":0.0},{"damage_healed":0.0,"max_hp_gain":0.0,"max_hp_loss":0.0,"gold_gain":50.0,"event_name":"Golden Shrine","player_choice":"Pray","floor":21.0,"gold_loss":0.0,"damage_taken":0.0}],"is_beta":false,"boss_relics":[{"not_picked":["Ectoplasm","Calling Bell"],"picked":"Astrolabe"}],"items_purged_floors":[10],"is_endless":false,"potions_floor_spawned":[4,16,22],"killed_by":"Gremlin Leader","ascension_level":20}}