{"host":"my4gslufyvqsq7r2","time":1607899955,"event":{"mods":["BaseMod","Colored Powertips","Downfall","Hubris","Infinite Spire","Minty Spire (QoL Compilation)","Replay The Spire","StSLib","The Cursed","The Disciple","The Necromancer","The Runesmith","The Servant 0.9.4"],"gold_per_floor":[99,112,125,137,137,122,146,158,168,168,181,181,201,218,235,332,332,332,332,317,334,334,334],"floor_reached":22,"playtime":1320,"items_purged":[],"score":180,"play_id":"b7b4a306-96b6-4cb4-9e7f-e43b536019f9","local_time":"20201213175235","is_ascension_mode":false,"campfire_choices":[{"data":"Zap","floor":1,"key":"SMITH"},{"floor":10,"key":"REST"},{"floor":18,"key":"REST"}],"circlet_count":0,"master_deck":["Strike_B","Strike_B","Strike_B","Defend_B","Defend_B","Defend_B","Defend_B","Zap+1","Dualcast","Storm+1","Rebound","Beam Cell","Heatsinks","Beam Cell","Skim","Redo","Fission","Darkness","Storm","ReplayTheSpireMod:GoodbyeWorld"],"relics":["Cracked Core","Replay:Baseball","Strawberry","hubris:Towel","hubris:TerracottaHorce"],"acts_visited":["Exordium","TheCity"],"potions_floor_usage":[16,16,22],"damage_taken":[{"damage":1,"enemies":"2 Louse","floor":2,"turns":3},{"damage":1,"enemies":"Cultist","floor":3,"turns":3},{"damage":3,"enemies":"Small Slimes","floor":4,"turns":2},{"damage":0,"enemies":"downfall:FleeingMerchant","floor":6,"turns":4},{"damage":6,"enemies":"Red Slaver","floor":8,"turns":3},{"damage":0,"enemies":"Large Slime","floor":9,"turns":4},{"damage":2,"enemies":"Exordium Wildlife","floor":11,"turns":3},{"damage":10,"enemies":"Exordium Thugs","floor":13,"turns":4},{"damage":2,"enemies":"3 Louse","floor":14,"turns":3},{"damage":9,"enemies":"Gremlin Gang","floor":15,"turns":5},{"damage":50,"enemies":"The Guardian","floor":16,"turns":10},{"damage":15,"enemies":"downfall:FleeingMerchant","floor":20,"turns":4},{"damage":18,"enemies":"3 Byrds","floor":21,"turns":5},{"damage":52,"enemies":"Centurion and Healer","floor":22,"turns":6}],"seed_played":"8024819391885573118","potions_obtained":[{"floor":4,"key":"BlessingOfTheForge"},{"floor":11,"key":"LifebloodPotion"},{"floor":13,"key":"sneckomod:MuddlingPotion"},{"floor":16,"key":"Toxic Potion"}],"is_trial":false,"path_per_floor":["R","M","M","M","?","$","T","M","M","R","M","?","M","M","M","B",null,"R","?","$","M","M"],"character_chosen":"DEFECT","items_purchased":[],"campfire_rested":2,"item_purchase_floors":[],"current_hp_per_floor":[75,74,73,70,70,70,77,71,71,82,80,80,70,68,59,9,64,82,82,67,49,0,0],"gold":334,"neow_bonus":"RANDOM_COMMON_RELIC","is_daily":false,"chose_seed":false,"campfire_upgraded":1,"win_rate":0.0,"timestamp":1607899955,"path_taken":["R","M","M","M","?","?","T","?","M","R","M","?","M","M","M","BOSS","R","?","?","M","M"],"items_purchased_type":[],"build_version":"2020-11-30","purchased_purges":0,"victory":false,"max_hp_per_floor":[75,75,75,75,75,75,82,82,82,82,82,82,82,82,82,82,82,82,82,82,82,82,82],"card_choices":[{"not_picked":["Leap","Go for the Eyes"],"picked":"Storm","floor":2},{"not_picked":["Coolheaded","Steam","Cold Snap"],"picked":"SKIP","floor":3},{"not_picked":["Steam","Barrage"],"picked":"Rebound","floor":4},{"not_picked":["All For One","Gash","Chaos"],"picked":"SKIP","floor":6},{"not_picked":["Coolheaded","Rebound"],"picked":"Beam Cell","floor":8},{"not_picked":["Steam Power","Gash"],"picked":"Heatsinks","floor":9},{"not_picked":["Leap","Cold Snap"],"picked":"Beam Cell","floor":11},{"not_picked":["Glacier","Reinforced Body"],"picked":"Skim","floor":13},{"not_picked":["hubris:PowerSurge","Hologram","Steam"],"picked":"SKIP","floor":14},{"not_picked":["Hologram","Streamline"],"picked":"Redo","floor":15},{"not_picked":["All For One","ReplayRNGCard"],"picked":"Fission","floor":16},{"not_picked":["Panic Button+1","Turbo"],"picked":"Storm","floor":20},{"not_picked":["Gash","BasicCrystalCard"],"picked":"ReplayTheSpireMod:GoodbyeWorld","floor":21}],"player_experience":511867,"relics_obtained":[{"floor":7,"key":"Strawberry"}],"event_choices":[{"damage_healed":0,"gold_gain":0,"player_choice":"Upgraded","damage_taken":0,"max_hp_gain":0,"max_hp_loss":0,"event_name":"Upgrade Shrine","floor":5,"gold_loss":0,"cards_upgraded":["Storm"]},{"damage_healed":0,"gold_gain":0,"cards_transformed":["Strike_B"],"player_choice":"Transformed","damage_taken":0,"max_hp_gain":0,"max_hp_loss":0,"event_name":"Transmorgrifier","floor":19,"gold_loss":0,"cards_obtained":["Darkness"]}],"is_beta":false,"boss_relics":[{"not_picked":["Snecko Eye","Kintsugi"],"picked":"hubris:TerracottaHorce"}],"items_purged_floors":[],"is_endless":false,"potions_floor_spawned":[4,11,13,16],"killed_by":"Centurion and Healer","ascension_level":0}}