{"host":"2461dio7vetlq1z3","time":1607889961,"event":{"mods":["AchievementEnabler","Aspiration","BaseMod","Hermit","Lobotomy","Minty Spire (QoL Compilation)","Relic Stats","Spicy Shops","StSLib","Waifu the Spire"],"gold_per_floor":[111,111,122,142,10,35,35,68,68,68,101,101,119,194,194,273,273,287,287,88,107,121,147,164,193,240,240,270,281,310,324,324,403,403,418,49,49,49,0,0,33,33,79,112,126,141,154,185,185,185,185,185,2,36,36,36],"floor_reached":55,"playtime":2892,"items_purged":["Defend_R","Doubt"],"score":1615,"play_id":"f68ebd7b-d43e-4a1c-862f-675bc1eefa9e","local_time":"20201213210601","is_ascension_mode":true,"campfire_choices":[{"data":"Flame Barrier","floor":7,"key":"SMITH"},{"floor":10,"key":"REST"},{"data":"Bash","floor":12,"key":"SMITH"},{"data":"Pommel Strike","floor":15,"key":"SMITH"},{"data":"Dark Embrace","floor":27,"key":"SMITH"},{"data":"Juggernaut","floor":32,"key":"SMITH"},{"floor":40,"key":"RECALL"},{"data":"Feel No Pain","floor":42,"key":"SMITH"},{"floor":49,"key":"REST"},{"data":"Barricade","floor":52,"key":"SMITH"}],"circlet_count":0,"master_deck":["AscendersBane","Defend_R","Defend_R","Bash+1","Finesse","Combust","Underhanded Strike+1","Flying Knee","Prepared","Pommel Strike+1","Flame Barrier+1","Corruption","Flame Barrier","Shrug It Off","Exhume","Feel No Pain+1","Shockwave+1","Shrug It Off+1","Blood for Blood+1","Juggernaut+1","Mayhem","Juggernaut","True Grit+1","Warcry+1","Dark Embrace+1","Spot Weakness+1","Corruption","Barricade+1","Feel No Pain+1","Shockwave","Burning Pact+1","Feel No Pain"],"relics":["Burning Blood","Mummified Hand","Darkstone Periapt","Letter Opener","aspiration:AnachronicSnailShell","Astrolabe","Shuriken","aspiration:Stabinomicon","Vajra","Pear","Cursed Key","HornCleat","Red Mask","Boot","Regal Pillow","Champion Belt","Whetstone","Gambling Chip"],"acts_visited":["Exordium","TheCity","TheBeyond","TheEnding"],"potions_floor_usage":[8,16,16,28,55],"damage_taken":[{"damage":13,"enemies":"Small Slimes","floor":1,"turns":5},{"damage":7,"enemies":"2 Louse","floor":3,"turns":3},{"damage":6,"enemies":"Cultist","floor":4,"turns":3},{"damage":35,"enemies":"Lagavulin","floor":6,"turns":6},{"damage":8,"enemies":"Gremlin Nob","floor":8,"turns":3},{"damage":20,"enemies":"Lagavulin","floor":11,"turns":6},{"damage":3,"enemies":"Lots of Slimes","floor":13,"turns":3},{"damage":13,"enemies":"Hexaghost","floor":16,"turns":9},{"damage":0,"enemies":"Chosen","floor":18,"turns":6},{"damage":16,"enemies":"2 Thieves","floor":21,"turns":5},{"damage":4,"enemies":"Chosen and Byrds","floor":22,"turns":5},{"damage":6,"enemies":"Gremlin Leader","floor":23,"turns":5},{"damage":2,"enemies":"Cultist and Chosen","floor":24,"turns":5},{"damage":6,"enemies":"Book of Stabbing","floor":25,"turns":5},{"damage":14,"enemies":"Gremlin Leader","floor":28,"turns":6},{"damage":3,"enemies":"Snake Plant","floor":29,"turns":3},{"damage":23,"enemies":"Slavers","floor":30,"turns":4},{"damage":0,"enemies":"Snecko","floor":31,"turns":4},{"damage":16,"enemies":"Champ","floor":33,"turns":10},{"damage":6,"enemies":"Orb Walker","floor":35,"turns":3},{"damage":35,"enemies":"Reptomancer","floor":41,"turns":5},{"damage":3,"enemies":"Giant Head","floor":44,"turns":6},{"damage":31,"enemies":"3 Darklings","floor":45,"turns":5},{"damage":3,"enemies":"Jaw Worm Horde","floor":46,"turns":3},{"damage":5,"enemies":"Spire Growth","floor":47,"turns":4},{"damage":6,"enemies":"Reptomancer","floor":48,"turns":3},{"damage":3,"enemies":"Donu and Deca","floor":50,"turns":5},{"damage":33,"enemies":"Shield and Spear","floor":54,"turns":5},{"damage":58,"enemies":"The Heart","floor":55,"turns":3}],"seed_played":"1010015225022384548","potions_obtained":[{"floor":1,"key":"FearPotion"},{"floor":6,"key":"LiquidBronze"},{"floor":8,"key":"Energy Potion"},{"floor":18,"key":"ColorlessPotion"},{"floor":23,"key":"SpeedPotion"},{"floor":29,"key":"Regen Potion"},{"floor":44,"key":"Strength Potion"}],"is_trial":false,"path_per_floor":["M","?","M","M","$","E","R","E","T","R","E","R","M","?","R","B",null,"M","?","$","M","M","E","M","E","T","R","E","M","E","M","R","B",null,"M","$","?","?","?","R","E","R","T","E","M","M","M","E","R","B",null,"R","$","E","B"],"character_chosen":"IRONCLAD","items_purchased":["Flame Barrier","Mayhem","Feel No Pain","HornCleat","Feel No Pain"],"campfire_rested":2,"item_purchase_floors":[5,20,36,36,53],"current_hp_per_floor":[61,61,60,60,60,31,31,29,29,51,37,37,40,29,29,22,62,68,68,68,58,60,60,64,64,64,64,56,59,52,58,58,48,76,76,76,76,76,76,76,47,47,53,56,31,34,35,35,76,79,85,85,85,58,0,0],"gold":36,"neow_bonus":"RANDOM_COLORLESS","is_daily":false,"chose_seed":false,"campfire_upgraded":7,"win_rate":0.0,"timestamp":1607889961,"path_taken":["M","?","M","M","$","E","R","E","T","R","E","R","M","?","R","BOSS","M","?","?","M","M","E","M","E","T","R","E","M","E","M","R","BOSS","M","?","?","?","?","R","E","R","T","E","M","?","M","E","R","BOSS","R","$","E","BOSS"],"items_purchased_type":["Card","Card","Card","Relic","Card"],"build_version":"2020-11-30","purchased_purges":2,"victory":false,"max_hp_per_floor":[75,75,75,75,75,75,75,75,75,75,75,75,75,75,75,75,75,75,75,75,75,75,75,75,75,75,75,75,75,85,85,85,85,85,85,85,81,81,81,81,81,81,87,87,87,87,87,87,87,87,87,87,87,87,87,87],"relic_stats":{"Darkstone Periapt":6,"Regal Pillow":15,"counters":[29,138],"Astrolabe":["Feel No Pain","Shockwave","Shrug It Off"],"Letter Opener":[323],"Whetstone":["Underhanded Strike","Blood for Blood"],"Cursed Key":1,"Boot":[3],"Burning Blood":168,"Mummified Hand":[194],"Shuriken":[10],"Gambling Chip":[5],"Champion Belt":[23],"obtain_stats":[{"Darkstone Periapt":8,"Regal Pillow":43,"Pear":30,"Astrolabe":17,"Vajra":28,"aspiration:Stabinomicon":25,"Letter Opener":9,"Whetstone":48,"Cursed Key":34,"Boot":41,"Burning Blood":0,"HornCleat":36,"Mummified Hand":6,"Shuriken":23,"aspiration:AnachronicSnailShell":11,"Gambling Chip":54,"Red Mask":39,"Champion Belt":44},{"Darkstone Periapt":5,"Regal Pillow":21,"Pear":17,"Astrolabe":8,"Vajra":15,"aspiration:Stabinomicon":14,"Letter Opener":5,"Whetstone":26,"Cursed Key":19,"Boot":21,"Burning Blood":0,"HornCleat":20,"Mummified Hand":4,"Shuriken":12,"aspiration:AnachronicSnailShell":6,"Gambling Chip":28,"Red Mask":20,"Champion Belt":22},{"Darkstone Periapt":20,"Regal Pillow":104,"Pear":82,"Astrolabe":38,"Vajra":75,"aspiration:Stabinomicon":69,"Letter Opener":20,"Whetstone":125,"Cursed Key":96,"Boot":104,"Burning Blood":0,"HornCleat":99,"Mummified Hand":17,"Shuriken":59,"aspiration:AnachronicSnailShell":26,"Gambling Chip":135,"Red Mask":99,"Champion Belt":110}]},"card_choices":[{"not_picked":["Panacea","Jack Of All Trades"],"picked":"Finesse","floor":0},{"not_picked":["Havoc","Headbutt"],"picked":"Combust","floor":1},{"not_picked":["Perfected Strike","Clash"],"picked":"Pommel Strike","floor":3},{"not_picked":["Twin Strike","Pummel"],"picked":"Iron Wave","floor":4},{"not_picked":["Flex","Havoc","Warcry"],"picked":"SKIP","floor":6},{"not_picked":["Flame Barrier","Second Wind"],"picked":"Corruption","floor":8},{"not_picked":["Combust","True Grit"],"picked":"Flame Barrier","floor":11},{"not_picked":["Sentinel","Pommel Strike"],"picked":"Shrug It Off","floor":13},{"not_picked":["Juggernaut","Double Tap"],"picked":"Exhume","floor":16},{"not_picked":["Intimidate","Pommel Strike"],"picked":"Blood for Blood","floor":18},{"not_picked":["Combust","Perfected Strike","Power Through"],"picked":"SKIP","floor":21},{"not_picked":["Flex","Anger"],"picked":"Juggernaut","floor":22},{"not_picked":["Blood for Blood","Entrench+1"],"picked":"True Grit+1","floor":23},{"not_picked":["Iron Wave","Hemokinesis"],"picked":"Warcry+1","floor":24},{"not_picked":["Anger","Carnage+1"],"picked":"Dark Embrace","floor":25},{"not_picked":["Bloodletting+1","Iron Wave","Armaments"],"picked":"SKIP","floor":28},{"not_picked":["Pommel Strike+1","Shockwave"],"picked":"Spot Weakness+1","floor":29},{"not_picked":["Twin Strike","Sword Boomerang","Warcry"],"picked":"SKIP","floor":30},{"not_picked":["Perfected Strike","Combust"],"picked":"Corruption","floor":31},{"not_picked":["Immolate","Bludgeon"],"picked":"Barricade","floor":33},{"not_picked":["Iron Wave","Anger","Clash+1"],"picked":"SKIP","floor":35},{"not_picked":["Clothesline+1","Headbutt","Thunderclap+1"],"picked":"SKIP","floor":41},{"not_picked":["Clothesline+1","Headbutt","Thunderclap+1"],"picked":"SKIP","floor":41},{"not_picked":["Heavy Blade","Twin Strike+1","Wild Strike+1"],"picked":"SKIP","floor":44},{"not_picked":["Reckless Charge","Sentinel"],"picked":"Shockwave","floor":45},{"not_picked":["Carnage","Heavy Blade","Clothesline"],"picked":"SKIP","floor":46},{"not_picked":["Carnage","Sword Boomerang","Armaments"],"picked":"SKIP","floor":47},{"not_picked":["Warcry","Body Slam+1"],"picked":"Burning Pact+1","floor":48},{"not_picked":["Berserk","Heavy Blade+1","Perfected Strike+1"],"picked":"SKIP","floor":54}],"player_experience":692985,"relics_obtained":[{"floor":6,"key":"Mummified Hand"},{"floor":8,"key":"Darkstone Periapt"},{"floor":9,"key":"Letter Opener"},{"floor":11,"key":"aspiration:AnachronicSnailShell"},{"floor":23,"key":"Shuriken"},{"floor":25,"key":"aspiration:Stabinomicon"},{"floor":28,"key":"Vajra"},{"floor":30,"key":"Pear"},{"floor":41,"key":"Boot"},{"floor":43,"key":"Regal Pillow"},{"floor":44,"key":"Champion Belt"},{"floor":48,"key":"Whetstone"},{"floor":54,"key":"Gambling Chip"}],"event_choices":[{"damage_healed":0,"gold_gain":75,"player_choice":"Gather Gold","damage_taken":11,"max_hp_gain":0,"max_hp_loss":0,"event_name":"World of Goop","floor":14,"gold_loss":0},{"damage_healed":0,"gold_gain":0,"player_choice":"1 cards matched","damage_taken":0,"max_hp_gain":0,"max_hp_loss":0,"event_name":"Match and Keep!","floor":19,"gold_loss":0,"cards_obtained":["Juggernaut"]},{"damage_healed":0,"gold_gain":0,"player_choice":"Max HP","damage_taken":0,"max_hp_gain":0,"max_hp_loss":4,"event_name":"Winding Halls","floor":37,"gold_loss":0},{"cards_removed":["Iron Wave"],"damage_healed":0,"gold_gain":0,"player_choice":"Removed Attack","damage_taken":0,"max_hp_gain":0,"max_hp_loss":0,"event_name":"Falling","floor":38,"gold_loss":0},{"damage_healed":0,"gold_gain":0,"player_choice":"Paid","damage_taken":0,"relics_obtained":["Red Mask"],"max_hp_gain":0,"max_hp_loss":0,"event_name":"Tomb of Lord Red Mask","floor":39,"gold_loss":49}],"is_beta":false,"boss_relics":[{"not_picked":["Busted Crown","Black Star"],"picked":"Astrolabe"},{"not_picked":["Philosopher\u0027s Stone","SlaversCollar"],"picked":"Cursed Key"}],"items_purged_floors":[5,53],"is_endless":false,"potions_floor_spawned":[1,6,8,18,23,29,35,44,45,48],"killed_by":"The Heart","ascension_level":19}}