{"host":"mszes4kzl3qk0fcx","time":1607890677,"event":{"mods":["BaseMod","Minty Spire (QoL Compilation)","StSLib","The Administrix","The Animator"],"gold_per_floor":[109,109,136,151,175,175,175,195,195,195,217,244,244,259,259,363,363,377,397,40,40,78,78,130,130,130,130,153,177,209,237,237,237,237],"floor_reached":33,"playtime":4119,"items_purged":[],"score":328,"play_id":"be0f2eae-82bf-494b-8780-28df55527d4f","local_time":"20201213151757","is_ascension_mode":true,"campfire_choices":[{"floor":6,"key":"REST"},{"floor":13,"key":"REST"},{"floor":15,"key":"REST"},{"floor":23,"key":"REST"},{"floor":25,"key":"REST"},{"floor":32,"key":"REST"}],"circlet_count":0,"master_deck":["animator:Strike_Overlord","animator:Defend_Overlord","animator:Strike","animator:Strike","animator:Strike","animator:Defend","animator:Defend","animator:Defend","animator:Cocytus","animator:Demiurge","animator:CrowleyEusford","animator:ChaikaBohdan","animator:KrulTepes","animator:Cocytus","animator:Entoma+3","animator:Rimuru","animator:Shalltear","animator:Vesta+1","animator:GuildGirl","animator:Melzalgald","animator:PandorasActor+1","animator:Spearman+1","animator:KrulTepes","animator:Mikaela","animator:Shuna+1","animator:Shion","animator:CrowleyEusford","animator:Spearman"],"relics":["animator:LivingPicture","animator:TheMissingPiece","Dream Catcher","Singing Bowl","CloakClasp","Blood Vial","SlaversCollar","Toxic Egg 2","Bag of Preparation","Thread and Needle","Blood Vial","Bottled Flame"],"acts_visited":["Exordium","TheCity"],"potions_floor_usage":[11,12,22,29,31,33],"damage_taken":[{"damage":11,"enemies":"Cultist","floor":1,"turns":3},{"damage":7,"enemies":"Small Slimes","floor":3,"turns":4},{"damage":9,"enemies":"Jaw Worm","floor":4,"turns":2},{"damage":16,"enemies":"Exordium Thugs","floor":8,"turns":5},{"damage":0,"enemies":"Looter","floor":11,"turns":2},{"damage":35,"enemies":"Lagavulin","floor":12,"turns":4},{"damage":3,"enemies":"Exordium Wildlife","floor":14,"turns":3},{"damage":59,"enemies":"Slime Boss","floor":16,"turns":12},{"damage":38,"enemies":"Shell Parasite","floor":18,"turns":5},{"damage":27,"enemies":"Spheric Guardian","floor":19,"turns":5},{"damage":23,"enemies":"Shelled Parasite and Fungi","floor":22,"turns":5},{"damage":44,"enemies":"animator:HornedBat","floor":24,"turns":9},{"damage":0,"enemies":"Centurion and Healer","floor":28,"turns":10},{"damage":0,"enemies":"Snake Plant","floor":29,"turns":4},{"damage":37,"enemies":"Gremlin Leader","floor":30,"turns":7},{"damage":8,"enemies":"Chosen and Byrds","floor":31,"turns":9},{"damage":52,"enemies":"Automaton","floor":33,"turns":6}],"seed_played":"-8630870028412459814","potions_obtained":[{"floor":1,"key":"BlessingOfTheForge"},{"floor":8,"key":"Block Potion"},{"floor":16,"key":"Dexterity Potion"},{"floor":18,"key":"FairyPotion"},{"floor":28,"key":"DistilledChaos"},{"floor":30,"key":"Swift Potion"},{"floor":31,"key":"Dexterity Potion"}],"is_trial":false,"path_per_floor":["M","$","M","M","T","R","?","M","T","?","M","E","R","M","R","B",null,"M","M","$","$","M","R","E","R","T","$","M","M","E","M","R","B"],"character_chosen":"THE_ANIMATOR","items_purchased":["Toxic Egg 2","animator:GuildGirl","animator:Melzalgald"],"campfire_rested":6,"item_purchase_floors":[20,20,20],"current_hp_per_floor":[61,61,54,45,45,66,66,50,50,50,50,17,41,40,65,6,80,45,20,20,20,26,51,11,37,37,37,39,43,8,4,30,0,0],"gold":237,"neow_bonus":"TEN_PERCENT_HP_BONUS","is_daily":false,"chose_seed":false,"campfire_upgraded":0,"win_rate":0.0,"timestamp":1607890677,"path_taken":["M","$","M","M","?","R","?","M","T","?","M","E","R","M","R","BOSS","M","M","?","$","M","R","E","R","T","?","?","M","E","M","R","BOSS"],"items_purchased_type":["Relic","Card","Card"],"build_version":"2020-11-30","purchased_purges":0,"victory":false,"max_hp_per_floor":[72,72,72,72,72,72,72,72,72,72,72,74,76,78,80,80,80,83,83,83,83,85,85,87,87,87,87,87,89,89,89,89,89,89],"card_choices":[{"not_picked":["animator:HiiragiShinya","animator:Ain"],"picked":"animator:CrowleyEusford","floor":1},{"not_picked":["animator:Priestess","animator:Elsword"],"picked":"animator:ChaikaBohdan","floor":3},{"not_picked":["animator:Yoichi","animator:CowGirl","animator:Ara"],"picked":"SKIP","floor":4},{"not_picked":["animator:Tatsumaki","animator:DwarfShaman"],"picked":"animator:KrulTepes","floor":6},{"not_picked":["animator:PandorasActor","animator:Sebas"],"picked":"animator:Cocytus","floor":8},{"not_picked":["animator:MumenRider","animator:Shigure"],"picked":"animator:Entoma","floor":11},{"not_picked":["animator:Elsword","animator:CowGirl","animator:Gillette"],"picked":"Singing Bowl","floor":12},{"not_picked":["animator:Ain","animator:HighElfArcher","animator:Hakurou"],"picked":"Singing Bowl","floor":13},{"not_picked":["animator:Viivi","animator:Laby","animator:Ain"],"picked":"Singing Bowl","floor":14},{"not_picked":["animator:Priestess","animator:ChaikaTrabant","animator:Witch"],"picked":"Singing Bowl","floor":15},{"not_picked":["animator:Guren","animator:FeridBathory"],"picked":"animator:Rimuru","floor":16},{"not_picked":["animator:NarberalGamma","animator:Cocytus"],"picked":"animator:Shalltear","floor":18},{"not_picked":["animator:Add+1","animator:Shuna"],"picked":"animator:Vesta+1","floor":19},{"not_picked":["animator:GuildGirl","animator:Laby"],"picked":"animator:PandorasActor+1","floor":22},{"not_picked":["animator:CowGirl+1","animator:Gillette"],"picked":"animator:Spearman+1","floor":23},{"not_picked":["animator:Fredrika+1","animator:Ain"],"picked":"animator:KrulTepes","floor":24},{"not_picked":["animator:Yoichi+1","animator:DwarfShaman"],"picked":"animator:Mikaela","floor":25},{"not_picked":["animator:Hakurou","animator:Vesta+1"],"picked":"animator:Shuna+1","floor":28},{"not_picked":["animator:Layla+1","animator:Viivi","animator:Ciel+1"],"picked":"Singing Bowl","floor":29},{"not_picked":["animator:Yoichi+1","animator:Eve"],"picked":"animator:Shion","floor":30},{"not_picked":["animator:Raven+1","animator:ChaikaBohdan"],"picked":"animator:CrowleyEusford","floor":31},{"not_picked":["animator:Guy+1","animator:Fredrika+1"],"picked":"animator:Spearman","floor":32}],"player_experience":503776,"relics_obtained":[{"floor":5,"key":"Dream Catcher"},{"floor":9,"key":"Singing Bowl"},{"floor":12,"key":"CloakClasp"},{"floor":16,"key":"Blood Vial"},{"floor":24,"key":"Bag of Preparation"},{"floor":26,"key":"Thread and Needle"},{"floor":30,"key":"Blood Vial"},{"floor":30,"key":"Bottled Flame"}],"event_choices":[{"damage_healed":0,"gold_gain":0,"player_choice":"Ignored","damage_taken":0,"max_hp_gain":0,"max_hp_loss":0,"event_name":"Liars Game","floor":7,"gold_loss":0},{"damage_healed":0,"gold_gain":0,"player_choice":"Ignored","damage_taken":0,"max_hp_gain":0,"max_hp_loss":0,"event_name":"Purifier","floor":10,"gold_loss":0}],"is_beta":false,"boss_relics":[{"not_picked":["Mark of Pain","Fusion Hammer"],"picked":"SlaversCollar"}],"items_purged_floors":[],"is_endless":false,"potions_floor_spawned":[1,8,16,18,28,30,31],"killed_by":"Automaton","ascension_level":1}}