{"host":"l7bqp3ve1ygltd7f","time":1607838762,"event":{"mods":["BaseMod","Downfall","Hermit","Minty Spire (QoL Compilation)","StSLib","The Bug Knight","The Construct","The Cursed","The Hierophant","The Jungle","The Poker Player","The Runesmith","The Senshi","The Servant 0.9.4"],"gold_per_floor":[109,124,49,49,224,250,6,6,6,31,41,41,53,70,70,172,172,189,204,204,204],"floor_reached":20,"playtime":936,"items_purged":["construct:Defend_Gold","Doubt"],"score":209,"play_id":"ef953710-d474-4867-b05f-d629a2beabee","local_time":"20201213135242","is_ascension_mode":false,"campfire_choices":[{"data":"construct:AttackMode","floor":8,"key":"SMITH"},{"data":"construct:Autoturret","floor":15,"key":"SMITH"}],"circlet_count":0,"master_deck":["construct:Strike_Gold","construct:Strike_Gold","construct:Strike_Gold","construct:Strike_Gold","construct:Strike_Gold","construct:Defend_Gold","construct:Defend_Gold","construct:AttackMode+1","construct:DefenseMode","construct:Autoturret+1","construct:VentSteam","construct:ClockworkEgg","construct:GatlingGun","construct:GuardCore","construct:Tumble","construct:LongRangeLance","construct:Tumble","construct:Autoturret"],"relics":["construct:Cogwheel","NeowsBlessing","theSenshi:FeatherClipsRelic","Sling","Pear","Bag of Marbles","Empty Cage"],"acts_visited":["Exordium","Exordium"],"potions_floor_usage":[16,16],"damage_taken":[{"damage":0,"enemies":"Cultist","floor":1,"turns":1},{"damage":0,"enemies":"Jaw Worm","floor":2,"turns":1},{"damage":0,"enemies":"Gremlin Nob","floor":6,"turns":1},{"damage":60,"enemies":"3 Sentries","floor":10,"turns":9},{"damage":7,"enemies":"2 Louse","floor":11,"turns":2},{"damage":13,"enemies":"Gremlin Gang","floor":13,"turns":3},{"damage":12,"enemies":"3 Louse","floor":14,"turns":3},{"damage":19,"enemies":"Slime Boss","floor":16,"turns":7},{"damage":26,"enemies":"theJungle:GiantWrat","floor":18,"turns":4},{"damage":44,"enemies":"theJungle:5_Spyders","floor":19,"turns":8},{"damage":38,"enemies":"theJungle:JungleHuntersEncounter","floor":20,"turns":3}],"seed_played":"1358635938952112750","potions_obtained":[{"floor":10,"key":"Weak Potion"},{"floor":13,"key":"Swift Potion"},{"floor":14,"key":"SpeedPotion"}],"is_trial":false,"path_per_floor":["M","M","$","T","?","E","$","R","T","E","M","$","M","M","R","B",null,"M","M","M"],"character_chosen":"THE_CONSTRUCT_MOD","items_purchased":["Sling"],"campfire_rested":0,"item_purchase_floors":[7],"current_hp_per_floor":[85,85,85,85,85,85,85,85,95,41,40,40,33,27,27,14,95,75,37,0,0],"gold":204,"neow_bonus":"THREE_ENEMY_KILL","is_daily":false,"chose_seed":false,"campfire_upgraded":2,"win_rate":0.0,"timestamp":1607838762,"path_taken":["M","M","?","?","?","E","?","R","T","E","M","$","M","M","R","BOSS","M","M","M"],"items_purchased_type":["Relic"],"build_version":"2020-11-30","purchased_purges":2,"victory":false,"max_hp_per_floor":[85,85,85,85,85,85,85,85,95,95,95,95,95,95,95,95,95,95,95,95,95],"card_choices":[{"not_picked":["construct:ShiftStrike","construct:ModeShift"],"picked":"construct:Autoturret","floor":1},{"not_picked":["construct:ReactiveShield","construct:SaveState"],"picked":"construct:VentSteam","floor":2},{"not_picked":["construct:QuickAttack","construct:ModeShift"],"picked":"construct:ClockworkEgg","floor":6},{"not_picked":["construct:Anticipate","construct:SaveState"],"picked":"construct:GatlingGun","floor":10},{"not_picked":["construct:Dampening","construct:SaveState","construct:Versatility"],"picked":"SKIP","floor":11},{"not_picked":["construct:FocusedBeam","construct:Zapper"],"picked":"construct:GuardCore","floor":13},{"not_picked":["construct:Reinforce","construct:HeavyBolt"],"picked":"construct:Tumble","floor":14},{"not_picked":["construct:MassProduction","construct:SiegeForm"],"picked":"construct:LongRangeLance","floor":16},{"not_picked":["construct:SaveState","construct:Reinforce"],"picked":"construct:Tumble","floor":18},{"not_picked":["construct:VentSteam","construct:Reinforce"],"picked":"construct:Autoturret","floor":19}],"player_experience":138620,"relics_obtained":[{"floor":6,"key":"theSenshi:FeatherClipsRelic"},{"floor":9,"key":"Pear"},{"floor":10,"key":"Bag of Marbles"}],"event_choices":[{"damage_healed":0,"gold_gain":175,"player_choice":"AGREE","damage_taken":0,"max_hp_gain":0,"max_hp_loss":0,"event_name":"Liars Game","floor":5,"gold_loss":0,"cards_obtained":["Doubt"]}],"is_beta":false,"boss_relics":[{"not_picked":["Sozu","Ectoplasm"],"picked":"Empty Cage"}],"items_purged_floors":[3,7],"is_endless":false,"potions_floor_spawned":[10,13,14],"killed_by":"theJungle:JungleHuntersEncounter","ascension_level":0}}