{"host":"2461dio7vetlq1z3","time":1607890299,"event":{"mods":["AchievementEnabler","Aspiration","BaseMod","Hermit","Lobotomy","Minty Spire (QoL Compilation)","Relic Stats","Spicy Shops","StSLib","Waifu the Spire"],"gold_per_floor":[109,119,129,14,29,29,46,46,46],"floor_reached":8,"playtime":322,"items_purged":["Strike_B"],"score":88,"play_id":"7992323f-6071-4260-b81d-ff03d68ebfc8","local_time":"20201213211139","is_ascension_mode":true,"campfire_choices":[{"data":"Darkness","floor":6,"key":"SMITH"}],"circlet_count":0,"master_deck":["AscendersBane","Strike_B","Strike_B","Strike_B","Defend_B","Defend_B","Defend_B","Defend_B","Zap","Dualcast","Barrage","Doom and Gloom","Reinforced Body","Rip and Tear","Darkness+1","Go for the Eyes"],"relics":["Cracked Core","Calipers"],"acts_visited":["Exordium"],"potions_floor_usage":[8],"damage_taken":[{"damage":8,"enemies":"Jaw Worm","floor":1,"turns":4},{"damage":7,"enemies":"Small Slimes","floor":2,"turns":4},{"damage":6,"enemies":"Cultist","floor":3,"turns":3},{"damage":1,"enemies":"2 Fungi Beasts","floor":5,"turns":2},{"damage":23,"enemies":"Gremlin Gang","floor":7,"turns":5},{"damage":20,"enemies":"3 Sentries","floor":8,"turns":3}],"seed_played":"-6477368267416069358","potions_obtained":[{"floor":1,"key":"FocusPotion"},{"floor":5,"key":"SkillPotion"}],"is_trial":false,"path_per_floor":["M","M","M","$","M","R","M","E"],"character_chosen":"DEFECT","items_purchased":["Rip and Tear"],"campfire_rested":0,"item_purchase_floors":[4],"current_hp_per_floor":[56,49,43,43,42,42,19,0,0],"gold":46,"neow_bonus":"ONE_RARE_RELIC","is_daily":false,"chose_seed":false,"campfire_upgraded":1,"win_rate":0.0,"timestamp":1607890299,"path_taken":["M","M","M","$","M","R","M","E"],"items_purchased_type":["Card"],"build_version":"2020-11-30","purchased_purges":1,"victory":false,"max_hp_per_floor":[64,64,64,64,64,64,64,64,64],"relic_stats":{"counters":[6,21],"obtain_stats":[{"Calipers":0,"Cracked Core":0},{"Calipers":0,"Cracked Core":0},{"Calipers":0,"Cracked Core":0}]},"card_choices":[{"not_picked":["Recycle","Go for the Eyes"],"picked":"Barrage","floor":1},{"not_picked":["Rebound","Beam Cell"],"picked":"Doom and Gloom","floor":2},{"not_picked":["Ball Lightning","Coolheaded"],"picked":"Reinforced Body","floor":3},{"not_picked":["Conserve Battery","Self Repair"],"picked":"Darkness","floor":5},{"not_picked":["Tempest","Heatsinks"],"picked":"Go for the Eyes","floor":7}],"player_experience":695877,"relics_obtained":[],"event_choices":[],"is_beta":false,"boss_relics":[],"items_purged_floors":[4],"is_endless":false,"potions_floor_spawned":[1,5],"killed_by":"3 Sentries","ascension_level":15}}