{"host":"mytek2nu1hrzdnew","time":1607830973,"event":{"mods":["Aspiration","BaseMod","Conspire","GifTheSpireLib","Gold Saver","Hubris","Infinite Spire","Minty Spire (QoL Compilation)","Replay The Spire","StSLib","Stuff the Spire","The Animator"],"gold_per_floor":[965,985,638,679,691,721,515,515,515,233,262,290,290,290,290,414,439,474,474,184,229,275,275],"floor_reached":22,"playtime":1383,"items_purged":["animator:EmiyaShirou","animator:Vesta","animator:Benimaru"],"score":252,"play_id":"f7fabdbc-a633-4e17-b55c-b8db5c897fd1","local_time":"20201212224253","daily_mods":["SealedDeck","Vintage","Heirloom","Time Dilation","Flight","Binary"],"is_ascension_mode":false,"campfire_choices":[{"floor":8,"key":"REST"},{"data":"hubris:DuctTapeCard","floor":13,"key":"SMITH"},{"data":"animator:Bozes","floor":15,"key":"PURGE"}],"circlet_count":0,"master_deck":["animator:WinryRockbell","animator:NarberalGamma","animator:Millim","hubris:DuctTapeCard+2","animator:Shuna","animator:Gilgamesh+4"],"relics":["animator:LivingPicture","animator:TheMissingPiece","Busted Crown","conspire:Boomerang","ReplayTheSpireMod:Ninjato","StuffTheSpire:Nightcore","Membership Card","Potion Belt","Ancient Tea Set","Bird Faced Urn","hubris:Teleporter","Question Card","animator:Buoy","StuffTheSpire:Mouthbags","StuffTheSpire:Barrel","Eternal Feather","Oddly Smooth Stone","Chemical X","hubris:DuctTape","infinitespire:Midas Blood","ReplayTheSpireMod:DimensionalGlitch","hubris:TinFlute","aspiration:VileToxins","Anchor","HandDrill","Gremlin Food","Ornamental Fan"],"acts_visited":["Exordium","TheCity"],"potions_floor_usage":[],"damage_taken":[{"damage":0,"enemies":"Cultist","floor":1,"turns":2},{"damage":0,"enemies":"2 Louse","floor":2,"turns":2},{"damage":21,"enemies":"conspire:MimicChest","floor":4,"turns":3},{"damage":1,"enemies":"Jaw Worm","floor":5,"turns":2},{"damage":12,"enemies":"Gremlin Nob","floor":6,"turns":3},{"damage":6,"enemies":"3 Sentries","floor":11,"turns":3},{"damage":11,"enemies":"Lagavulin","floor":12,"turns":3},{"damage":33,"enemies":"Slime Boss","floor":16,"turns":7},{"damage":0,"enemies":"Chosen","floor":18,"turns":3},{"damage":21,"enemies":"2 Thieves","floor":21,"turns":4},{"damage":3,"enemies":"Centurion and Healer","floor":22,"turns":6}],"seed_played":"5933957072516952302","potions_obtained":[{"floor":6,"key":"Swift Potion"},{"floor":11,"key":"LifebloodPotion"},{"floor":12,"key":"DuplicationPotion"},{"floor":21,"key":"ColorlessPotion"},{"floor":22,"key":"Doom Potion"}],"is_trial":true,"path_per_floor":["M","M","$","?","M","E","$","R","T","$","E","E","R","?","R","B",null,"M","?","$","M","M"],"character_chosen":"THE_ANIMATOR","items_purchased":["Membership Card","Potion Belt","Ancient Tea Set","animator:Buoy","StuffTheSpire:Mouthbags","Eternal Feather","Oddly Smooth Stone","Chemical X","aspiration:VileToxins","Anchor","HandDrill"],"campfire_rested":1,"item_purchase_floors":[3,3,3,7,7,10,10,10,20,20,20],"current_hp_per_floor":[66,66,66,45,46,34,34,53,53,53,49,40,43,43,46,15,66,66,66,66,45,43,43],"gold":275,"neow_bonus":"","is_daily":false,"chose_seed":false,"campfire_upgraded":1,"win_rate":0.0,"timestamp":1607830973,"path_taken":["M","M","$","?","M","E","$","R","T","$","E","E","R","?","R","BOSS","M","?","$","M","M"],"items_purchased_type":["Relic","Relic","Relic","Relic","Relic","Relic","Relic","Relic","Relic","Relic","Relic"],"build_version":"2020-11-30","purchased_purges":3,"victory":false,"max_hp_per_floor":[66,66,66,66,66,66,66,66,66,66,66,66,66,66,66,66,66,66,66,66,66,66,66],"card_choices":[{"not_picked":[],"picked":"animator:Shuna","floor":11},{"not_picked":["animator:ElricAlphonse"],"picked":"SKIP","floor":12},{"not_picked":[],"picked":"animator:Gilgamesh","floor":16}],"player_experience":1107047,"relics_obtained":[{"floor":1,"key":"ReplayTheSpireMod:Ninjato"},{"floor":2,"key":"StuffTheSpire:Nightcore"},{"floor":4,"key":"Bird Faced Urn"},{"floor":5,"key":"hubris:Teleporter"},{"floor":6,"key":"Question Card"},{"floor":9,"key":"StuffTheSpire:Barrel"},{"floor":11,"key":"hubris:DuctTape"},{"floor":12,"key":"infinitespire:Midas Blood"},{"floor":18,"key":"hubris:TinFlute"},{"floor":21,"key":"Gremlin Food"},{"floor":22,"key":"Ornamental Fan"}],"event_choices":[{"damage_healed":0,"gold_gain":0,"player_choice":"Disagree","damage_taken":0,"max_hp_gain":0,"max_hp_loss":0,"event_name":"conspire:LoneGhost","floor":14,"gold_loss":0},{"cards_removed":["animator:PandorasActor"],"damage_healed":0,"gold_gain":0,"player_choice":"Elegance","damage_taken":0,"max_hp_gain":0,"max_hp_loss":0,"event_name":"Back to Basics","floor":19,"gold_loss":0}],"is_beta":false,"boss_relics":[{"not_picked":["conspire:SlowCooker","Astrolabe"],"picked":"ReplayTheSpireMod:DimensionalGlitch"}],"items_purged_floors":[3,7,20],"is_endless":false,"potions_floor_spawned":[6,11,12,21,22],"killed_by":"Centurion and Healer","ascension_level":0}}