{"host":"1hv1kueuvc4r3rdp","time":1607831272,"event":{"mods":["AchievementEnabler","BaseMod","DeckTracker","Highlight Path","Minty Spire (QoL Compilation)","Permanent Neow","StSLib"],"gold_per_floor":[118,131,131,142,160,160,216,242,290,290,321,12,12,41,41,137,137,150,160,171,171,25,25,60,60,60,60,60,60,75,109,109,109,109],"floor_reached":33,"playtime":1501,"items_purged":[],"score":401,"play_id":"f7856838-d96b-4022-b026-e007be73427f","local_time":"20201212214752","is_ascension_mode":true,"campfire_choices":[{"data":"Cleave","floor":6,"key":"SMITH"},{"data":"Bash","floor":10,"key":"SMITH"},{"floor":13,"key":"REST"},{"data":"Uppercut","floor":15,"key":"SMITH"},{"data":"True Grit","floor":23,"key":"SMITH"},{"data":"Immolate","floor":27,"key":"SMITH"},{"floor":29,"key":"REST"},{"data":"1","floor":32,"key":"LIFT"}],"circlet_count":0,"master_deck":["Strike_R","Strike_R","Strike_R","Strike_R","Strike_R","Defend_R","Defend_R","Defend_R","Defend_R","Bash+1","Trip","Cleave+1","Pommel Strike","Uppercut+1","Iron Wave","Immolate+1","CurseOfTheBell","Power Through","Havoc","Warcry+1","True Grit+1","Battle Trance+1","Evolve","Second Wind"],"relics":["Burning Blood","White Beast Statue","Bronze Scales","Bag of Preparation","StoneCalendar","WingedGreaves","CaptainsWheel","Calling Bell","Juzu Bracelet","Pear","FossilizedHelix","Red Skull","Ancient Tea Set","Peace Pipe","Girya"],"acts_visited":["Exordium","TheCity"],"potions_floor_usage":[16,16,19,20,24,33],"damage_taken":[{"damage":0,"enemies":"Small Slimes","floor":1,"turns":3},{"damage":4,"enemies":"Jaw Worm","floor":2,"turns":3},{"damage":6,"enemies":"Cultist","floor":4,"turns":3},{"damage":2,"enemies":"3 Louse","floor":5,"turns":2},{"damage":32,"enemies":"Gremlin Nob","floor":7,"turns":4},{"damage":30,"enemies":"Lagavulin","floor":8,"turns":7},{"damage":16,"enemies":"Gremlin Nob","floor":11,"turns":3},{"damage":30,"enemies":"3 Sentries","floor":14,"turns":6},{"damage":5,"enemies":"Slime Boss","floor":16,"turns":7},{"damage":12,"enemies":"Chosen","floor":18,"turns":5},{"damage":6,"enemies":"Spheric Guardian","floor":19,"turns":5},{"damage":11,"enemies":"Shelled Parasite and Fungi","floor":20,"turns":3},{"damage":44,"enemies":"Book of Stabbing","floor":24,"turns":5},{"damage":12,"enemies":"Snake Plant","floor":30,"turns":2},{"damage":20,"enemies":"Slavers","floor":31,"turns":4},{"damage":53,"enemies":"Automaton","floor":33,"turns":6}],"seed_played":"8573415045446559639","potions_obtained":[{"floor":4,"key":"Ancient Potion"},{"floor":8,"key":"SneckoOil"},{"floor":11,"key":"BlessingOfTheForge"},{"floor":14,"key":"Explosive Potion"},{"floor":16,"key":"Dexterity Potion"},{"floor":18,"key":"Fire Potion"},{"floor":19,"key":"SteroidPotion"},{"floor":20,"key":"Dexterity Potion"},{"floor":24,"key":"Ancient Potion"},{"floor":31,"key":"AttackPotion"}],"is_trial":false,"path_per_floor":["M","M","?","M","M","R","?","E","T","R","E","$","R","E","R","B",null,"M","M","M","?","$","R","E","?","T","R","?","R","M","E","R","B"],"character_chosen":"IRONCLAD","items_purchased":["WingedGreaves","Red Skull"],"campfire_rested":2,"item_purchase_floors":[12,22],"current_hp_per_floor":[80,80,85,85,85,85,59,35,35,35,25,25,50,26,26,27,81,75,75,70,70,70,70,32,32,32,32,32,60,54,40,40,0,0],"gold":109,"neow_bonus":"RANDOM_COLORLESS","is_daily":false,"chose_seed":false,"campfire_upgraded":5,"win_rate":0.0,"timestamp":1607831272,"path_taken":["M","M","?","M","M","R","?","E","T","R","E","$","R","E","R","BOSS","M","M","M","?","$","R","E","?","T","R","?","R","M","E","R","BOSS"],"items_purchased_type":["Relic","Relic"],"build_version":"2020-11-30","purchased_purges":0,"victory":false,"max_hp_per_floor":[80,80,85,85,85,85,85,85,85,85,85,85,85,85,85,85,95,95,95,95,95,95,95,95,95,95,95,95,95,95,95,95,95,95],"card_choices":[{"not_picked":["Deep Breath","Mind Blast"],"picked":"Trip","floor":0},{"not_picked":["Body Slam","Havoc"],"picked":"Cleave","floor":1},{"not_picked":["Thunderclap","Heavy Blade","Sever Soul"],"picked":"SKIP","floor":2},{"not_picked":["Twin Strike","Ghostly Armor"],"picked":"Pommel Strike","floor":4},{"not_picked":["Seeing Red","Dark Embrace","Clothesline"],"picked":"SKIP","floor":5},{"not_picked":["Thunderclap","Sentinel","Rupture"],"picked":"SKIP","floor":8},{"not_picked":["Clash","Rage"],"picked":"Uppercut","floor":11},{"not_picked":["Dark Embrace","Clothesline"],"picked":"Iron Wave","floor":14},{"not_picked":["Double Tap","Limit Break"],"picked":"Immolate","floor":16},{"not_picked":["Iron Wave","Twin Strike+1"],"picked":"Power Through","floor":18},{"not_picked":["Twin Strike","Flex"],"picked":"Havoc","floor":19},{"not_picked":["Blood for Blood","Thunderclap"],"picked":"Warcry+1","floor":20},{"not_picked":["Whirlwind","Corruption"],"picked":"Battle Trance+1","floor":24},{"not_picked":["Armaments+1","Pommel Strike"],"picked":"Evolve","floor":30},{"not_picked":["Entrench+1","Havoc"],"picked":"Second Wind","floor":31}],"player_experience":988066,"relics_obtained":[{"floor":7,"key":"White Beast Statue"},{"floor":8,"key":"Bronze Scales"},{"floor":9,"key":"Bag of Preparation"},{"floor":11,"key":"StoneCalendar"},{"floor":14,"key":"CaptainsWheel"},{"floor":17,"key":"Juzu Bracelet"},{"floor":17,"key":"Pear"},{"floor":17,"key":"FossilizedHelix"},{"floor":24,"key":"Ancient Tea Set"},{"floor":26,"key":"Peace Pipe"},{"floor":31,"key":"Girya"}],"event_choices":[{"damage_healed":0,"gold_gain":0,"player_choice":"Donut","damage_taken":0,"max_hp_gain":5,"max_hp_loss":0,"event_name":"Big Fish","floor":3,"gold_loss":0},{"damage_healed":0,"gold_gain":0,"player_choice":"Searched \u00272\u0027 times","damage_taken":0,"max_hp_gain":0,"max_hp_loss":0,"event_name":"Dead Adventurer","floor":7,"gold_loss":0},{"damage_healed":0,"gold_gain":0,"player_choice":"Read","damage_taken":0,"max_hp_gain":0,"max_hp_loss":0,"event_name":"The Library","floor":21,"gold_loss":0,"cards_obtained":["True Grit"]},{"damage_healed":0,"gold_gain":0,"player_choice":"Ignored","damage_taken":0,"max_hp_gain":0,"max_hp_loss":0,"event_name":"Ghosts","floor":28,"gold_loss":0}],"is_beta":false,"boss_relics":[{"not_picked":["Runic Pyramid","Sozu"],"picked":"Calling Bell"}],"items_purged_floors":[],"is_endless":false,"potions_floor_spawned":[4,8,11,14,16,18,19,20,24,30,31],"killed_by":"Automaton","ascension_level":5}}