{"host":"qrt7o4dq2qslzw13","time":1607885418,"event":{"mods":["AchievementEnabler","BaseMod","Colored Map","Colored Powertips","Minty Spire (QoL Compilation)","Quick Restart","Rare Cards Sparkle","StSLib","SuperFastMode"],"gold_per_floor":[11,30,43,43,193,193,209,227,227,255,255,255,265,230,230,230,230],"floor_reached":16,"playtime":204,"items_purged":[],"score":199,"play_id":"dc4fd9e1-9ad2-4320-bf1f-5f37ada7555a","local_time":"20201213135018","is_ascension_mode":true,"campfire_choices":[{"floor":6,"key":"REST"},{"data":"Armaments","floor":12,"key":"SMITH"},{"data":"Rampage","floor":15,"key":"SMITH"}],"circlet_count":0,"master_deck":["AscendersBane","Strike_R","Strike_R+1","Strike_R","Strike_R","Strike_R","Defend_R","Defend_R","Defend_R","Defend_R","Bash","Bludgeon","Rampage+1","Anger+1","Anger","Doubt","Armaments+1","Seeing Red","Second Wind","Shockwave"],"relics":["Burning Blood","Letter Opener","StrikeDummy"],"acts_visited":["Exordium"],"potions_floor_usage":[7,8,10],"damage_taken":[{"damage":15.0,"enemies":"Small Slimes","floor":1.0,"turns":3.0},{"damage":8.0,"enemies":"2 Louse","floor":2.0,"turns":3.0},{"damage":12,"enemies":"Jaw Worm","floor":3,"turns":2},{"damage":0,"enemies":"Looter","floor":7,"turns":1},{"damage":18,"enemies":"Large Slime","floor":8,"turns":4},{"damage":20,"enemies":"Lagavulin","floor":10,"turns":3},{"damage":9,"enemies":"2 Fungi Beasts","floor":13,"turns":2},{"damage":79,"enemies":"Slime Boss","floor":16,"turns":9}],"seed_played":"7595550132253574327","potions_obtained":[{"floor":1.0,"key":"PowerPotion"},{"floor":3,"key":"DistilledChaos"},{"floor":8,"key":"BlessingOfTheForge"}],"is_trial":false,"path_per_floor":["M","M","M","?","?","R","M","M","T","E","?","R","M","?","R","B"],"character_chosen":"IRONCLAD","items_purchased":[],"campfire_rested":1,"item_purchase_floors":[],"current_hp_per_floor":[59,57,51,28,28,50,56,44,44,30,55,55,52,70,70,0,0],"gold":230,"neow_bonus":"THREE_RARE_CARDS","is_daily":false,"chose_seed":false,"campfire_upgraded":2,"win_rate":0.0,"timestamp":1607885418,"path_taken":["M","M","M","?","?","R","M","M","T","E","?","R","M","?","R","BOSS"],"items_purchased_type":[],"build_version":"2020-11-30","purchased_purges":0,"victory":false,"max_hp_per_floor":[75,75,75,75,75,75,75,75,75,75,75,75,75,75,75,75,75],"card_choices":[{"not_picked":["Exhume","Barricade"],"picked":"Bludgeon","floor":0.0},{"not_picked":["Cleave","Rupture"],"picked":"Rampage","floor":1.0},{"not_picked":["Flame Barrier","Wild Strike"],"picked":"Anger","floor":2.0},{"not_picked":["Bloodletting","Headbutt"],"picked":"Anger","floor":3},{"not_picked":["Havoc","Thunderclap"],"picked":"Armaments","floor":7},{"not_picked":["Sentinel","Whirlwind"],"picked":"Seeing Red","floor":8},{"not_picked":["Rampage","Dropkick"],"picked":"Second Wind","floor":10},{"not_picked":["Flex","Reaper"],"picked":"Shockwave","floor":13}],"player_experience":446432,"relics_obtained":[{"floor":9,"key":"Letter Opener"},{"floor":10,"key":"StrikeDummy"}],"event_choices":[{"damage_healed":0,"gold_gain":0,"player_choice":"Entered Light","damage_taken":23,"max_hp_gain":0,"max_hp_loss":0,"event_name":"Shining Light","floor":4,"gold_loss":0,"cards_upgraded":["Anger","Strike_R"]},{"damage_healed":0,"gold_gain":150,"player_choice":"AGREE","damage_taken":0,"max_hp_gain":0,"max_hp_loss":0,"event_name":"Liars Game","floor":5,"gold_loss":0,"cards_obtained":["Doubt"]},{"damage_healed":25,"gold_gain":0,"player_choice":"Banana","damage_taken":0,"max_hp_gain":0,"max_hp_loss":0,"event_name":"Big Fish","floor":11,"gold_loss":0},{"damage_healed":18,"gold_gain":0,"player_choice":"Healed","damage_taken":0,"max_hp_gain":0,"max_hp_loss":0,"event_name":"The Cleric","floor":14,"gold_loss":35}],"is_beta":false,"boss_relics":[],"items_purged_floors":[],"is_endless":false,"potions_floor_spawned":[1,3,8],"killed_by":"Slime Boss","ascension_level":19}}