{"host":"x1qj4d8ympd5jdqh","time":1607851376,"event":{"mods":["AchievementEnabler","AlwaysNeverKeys","BaseMod","Colored Map","Custom Start","DeckTracker","Highlight Path","Minty Spire (QoL Compilation)","StSLib","SuperFastMode"],"gold_per_floor":[369,389,389,464,480,480,498,315,342,342,353,278,292,302,302,374,374,389,389,389,403,244,244,244],"floor_reached":23,"playtime":653,"items_purged":["Strike_G","Strike_G"],"score":366,"play_id":"73184862-34ba-4291-9e64-06903a47888e","local_time":"20201213182256","is_ascension_mode":true,"campfire_choices":[{"data":"Predator","floor":6.0,"key":"SMITH"},{"data":"Dagger Spray","floor":10.0,"key":"SMITH"},{"data":"Well Laid Plans","floor":15.0,"key":"SMITH"}],"circlet_count":0,"master_deck":["AscendersBane","Strike_G","Strike_G","Defend_G","Defend_G","Defend_G","Defend_G","Defend_G","Survivor","Neutralize","Dagger Throw","Predator+1","Escape Plan","Dagger Spray+1","Backflip","Corpse Explosion","Well Laid Plans+1","Burst","PiercingWail","Reflex","Acrobatics"],"relics":["Ring of the Serpent","Bronze Scales"],"acts_visited":["Exordium","TheCity"],"potions_floor_usage":[],"damage_taken":[{"damage":1.0,"enemies":"2 Louse","floor":1.0,"turns":3.0},{"damage":4.0,"enemies":"Small Slimes","floor":2.0,"turns":3.0},{"damage":0.0,"enemies":"Jaw Worm","floor":5.0,"turns":5.0},{"damage":0.0,"enemies":"3 Louse","floor":7.0,"turns":5.0},{"damage":0.0,"enemies":"2 Fungi Beasts","floor":11.0,"turns":2.0},{"damage":0.0,"enemies":"Lots of Slimes","floor":13.0,"turns":1.0},{"damage":6.0,"enemies":"3 Louse","floor":14.0,"turns":5.0},{"damage":15.0,"enemies":"The Guardian","floor":16.0,"turns":15.0},{"damage":3.0,"enemies":"3 Byrds","floor":18.0,"turns":3.0},{"damage":13.0,"enemies":"Spheric Guardian","floor":21.0,"turns":8.0},{"damage":0,"enemies":"Book of Stabbing","floor":23,"turns":2}],"seed_played":"8162540021038721061","potions_obtained":[{"floor":1.0,"key":"Regen Potion"},{"floor":2.0,"key":"ColorlessPotion"},{"floor":11.0,"key":"Regen Potion"},{"floor":18.0,"key":"GhostInAJar"}],"is_trial":false,"path_per_floor":["M","M","?","?","M","R","M","$","T","R","M","?","M","M","R","B",null,"M","?","?","M","$","E"],"character_chosen":"THE_SILENT","items_purchased":["Backflip","LiquidMemories","Acrobatics"],"campfire_rested":0,"item_purchase_floors":[8,8,22],"current_hp_per_floor":[43,39,39,28,42,42,42,42,42,42,42,42,42,51,51,36,59,56,38,38,25,25,25,25],"gold":244,"neow_bonus":"TWO_FIFTY_GOLD","is_daily":false,"chose_seed":false,"campfire_upgraded":3,"win_rate":0.0,"timestamp":1607851376,"path_taken":["M","M","?","?","M","R","M","$","T","R","M","?","M","M","R","BOSS","M","?","?","M","$","E"],"items_purchased_type":["Card","Potion","Card"],"build_version":"2020-11-30","purchased_purges":2,"victory":false,"max_hp_per_floor":[66,66,66,66,66,66,66,66,66,66,66,66,66,66,66,66,66,66,71,71,71,71,71,71],"card_choices":[{"not_picked":["Riddle With Holes","Choke"],"picked":"Dagger Throw","floor":1.0},{"not_picked":["Flying Knee","Dodge and Roll"],"picked":"Predator","floor":2.0},{"not_picked":["Sucker Punch","Flechettes"],"picked":"Escape Plan","floor":5.0},{"not_picked":["Poisoned Stab","Dagger Throw"],"picked":"Dagger Spray","floor":7.0},{"not_picked":["Accuracy","Eviscerate"],"picked":"Corpse Explosion","floor":11.0},{"not_picked":["Heel Hook","Prepared"],"picked":"Well Laid Plans","floor":13.0},{"not_picked":["Blade Dance","Bane","Outmaneuver"],"picked":"SKIP","floor":14.0},{"not_picked":["Glass Knife","Bullet Time"],"picked":"Burst","floor":16.0},{"not_picked":["Sucker Punch+1","Terror"],"picked":"PiercingWail","floor":18.0},{"not_picked":["Dodge and Roll","Heel Hook"],"picked":"Reflex","floor":21.0}],"player_experience":1209500,"relics_obtained":[{"floor":9.0,"key":"Bronze Scales"}],"event_choices":[{"damage_healed":0.0,"max_hp_gain":0.0,"max_hp_loss":0.0,"gold_gain":0.0,"event_name":"Liars Game","player_choice":"Ignored","floor":3.0,"gold_loss":0.0,"damage_taken":0.0},{"damage_healed":0.0,"max_hp_gain":0.0,"max_hp_loss":0.0,"gold_gain":75.0,"event_name":"World of Goop","player_choice":"Gather Gold","floor":4.0,"gold_loss":0.0,"damage_taken":11.0},{"cards_removed":["Strike_G"],"damage_healed":0.0,"max_hp_gain":0.0,"max_hp_loss":0.0,"gold_gain":0.0,"event_name":"The Cleric","player_choice":"Card Removal","floor":12.0,"gold_loss":75.0,"damage_taken":0.0},{"damage_healed":0.0,"max_hp_gain":5.0,"max_hp_loss":0.0,"gold_gain":0.0,"event_name":"Forgotten Altar","player_choice":"Shed Blood","floor":19.0,"gold_loss":0.0,"damage_taken":23.0},{"damage_healed":0.0,"max_hp_gain":0.0,"max_hp_loss":0.0,"gold_gain":0.0,"event_name":"Vampires","player_choice":"Ignored","floor":20.0,"gold_loss":0.0,"damage_taken":0.0}],"is_beta":false,"boss_relics":[{"not_picked":["Runic Dome","WristBlade"],"picked":"Ring of the Serpent"}],"items_purged_floors":[8,22],"is_endless":false,"potions_floor_spawned":[1,2,11,18],"killed_by":"Book of Stabbing","ascension_level":20}}