{"host":"80fkxydt6bh6ptji","time":1607877304,"event":{"mods":["Act Like it!","BaseMod","Downfall","Lobotomy","LobotomyExtend","Minty Spire (QoL Compilation)","Quick Restart","StSLib","Waifu the Spire","WarShipGirlsR/’ΩΩ¢…Ÿ≈ÆR mod"],"gold_per_floor":[99,99,112,126,126,143,143,156,6,34,53,70,345,365,380,479,479,404,423,8,21,37,22,90,104,139,139,33,46,46,61,72,169,169,169,219,219,235,235,251,333,16,29,62,81,81,7,7,22,22,22,22,57,6,6,6],"floor_reached":57,"playtime":3593,"items_purged":["Regret","hexamod:Defend"],"score":1335,"play_id":"f447247a-8cb8-49d2-9946-b35b381ddefb","local_time":"20201214003504","is_ascension_mode":false,"campfire_choices":[{"floor":1.0,"key":"RECALL"},{"floor":9.0,"key":"REST"},{"floor":18.0,"key":"DIG"},{"floor":27.0,"key":"DIG"},{"floor":35.0,"key":"DIG"},{"floor":37.0,"key":"DIG"},{"data":"1","floor":39.0,"key":"LIFT"},{"floor":55,"key":"REST"}],"circlet_count":0,"master_deck":["hexamod:Strike","hexamod:Strike","hexamod:Strike","hexamod:Defend","hexamod:Sear","hexamod:Float","hexamod:EtherealExpedition+1","hexamod:FirstSeal","hexamod:Firestarter","hexamod:ExtraCrispy+1","hexamod:SpectersWail","hexamod:NecessarySacrifice+1","hexamod:SearingWound","hexamod:Hexaguard","hexamod:ThermalTransfer","hexamod:FastForward","hexamod:BurningTouch","hexamod:UnleashSpirits","CurseOfTheBell","hexamod:Firestarter","hexamod:PhantomFireball","hexamod:EtherealExpedition","hexamod:NightmareGuise","hexamod:Firestarter","hexamod:Firestarter","hexamod:NightmareStrike","hexamod:SpectersWail+1","hexamod:PowerFromBeyond","hexamod:Hexaguard+1","hexamod:Incineration","hexamod:SearingWound","hexamod:RainOfEmbers+1","hexamod:SpectersWail+1","hexamod:NightmareGuise+1","hexamod:SoulSteal","hexamod:FourthSeal","hexamod:SoulSteal+1","hexamod:Firestarter+1","hexamod:SpectralAdrenaline+1","hexamod:NightmareGuise"],"relics":["hexamod:SpiritBrand","LetterFromLob","ShedSkin_r","Moonlight_r","downfall:HeartBlessingRed","downfall:HeartBlessingBlue","PreservedInsect","Calling Bell","Bag of Preparation","Blue Candle","Shovel","downfall:HeartBlessingGreen","Pantograph","Membership Card","TungstenRod","InkBottle","Girya","Thread and Needle","Matryoshka","Lizard Tail","Frozen Eye","Philosopher\u0027s Stone","War Paint","Pocketwatch","Molten Egg 2","Nunchaku","Pear","Unceasing Top","Centennial Puzzle","StoneCalendar","Bronze Scales","Oddly Smooth Stone"],"acts_visited":["Exordium","TheCity","TheBeyond","TheEnding"],"potions_floor_usage":[56,56,56,56,56,56],"damage_taken":[{"damage":6.0,"enemies":"2 Louse","floor":3.0,"turns":2.0},{"damage":2.0,"enemies":"Small Slimes","floor":4.0,"turns":3.0},{"damage":0.0,"enemies":"Cultist","floor":6.0,"turns":4.0},{"damage":4.0,"enemies":"3 Louse","floor":8.0,"turns":5.0},{"damage":7.0,"enemies":"Lagavulin","floor":10.0,"turns":5.0},{"damage":5.0,"enemies":"Lots of Slimes","floor":11.0,"turns":2.0},{"damage":8.0,"enemies":"Red Slaver","floor":12.0,"turns":4.0},{"damage":5.0,"enemies":"Blue Slaver","floor":14.0,"turns":2.0},{"damage":5.0,"enemies":"Gremlin Gang","floor":15.0,"turns":3.0},{"damage":26.0,"enemies":"downfall:Ironclad","floor":16.0,"turns":6.0},{"damage":5.0,"enemies":"Chosen","floor":19.0,"turns":5.0},{"damage":1.0,"enemies":"downfall:FleeingMerchant","floor":20.0,"turns":4.0},{"damage":10.0,"enemies":"Shell Parasite","floor":21.0,"turns":3.0},{"damage":1.0,"enemies":"Snake Plant","floor":22.0,"turns":3.0},{"damage":2.0,"enemies":"downfall:FleeingMerchant","floor":23.0,"turns":4.0},{"damage":7.0,"enemies":"Cultist and Chosen","floor":25.0,"turns":6.0},{"damage":3.0,"enemies":"Gremlin Leader","floor":26.0,"turns":3.0},{"damage":0.0,"enemies":"downfall:FleeingMerchant","floor":28.0,"turns":3.0},{"damage":5.0,"enemies":"Sentry and Sphere","floor":29.0,"turns":5.0},{"damage":0.0,"enemies":"Shelled Parasite and Fungi","floor":31.0,"turns":4.0},{"damage":0.0,"enemies":"Snecko","floor":32.0,"turns":5.0},{"damage":43.0,"enemies":"downfall:Watcher","floor":33.0,"turns":9.0},{"damage":9.0,"enemies":"2 Orb Walkers","floor":36.0,"turns":5.0},{"damage":9.0,"enemies":"3 Shapes","floor":38.0,"turns":2.0},{"damage":16.0,"enemies":"3 Darklings","floor":40.0,"turns":5.0},{"damage":0.0,"enemies":"Transient","floor":43.0,"turns":5.0},{"damage":20.0,"enemies":"Nemesis","floor":44.0,"turns":5.0},{"damage":44.0,"enemies":"Writhing Mass","floor":45.0,"turns":4.0},{"damage":14.0,"enemies":"Maw","floor":49.0,"turns":5.0},{"damage":43.0,"enemies":"downfall:Silent","floor":50.0,"turns":9.0},{"damage":42.0,"enemies":"downfall:CharBossMerchant","floor":53.0,"turns":6.0},{"damage":91,"enemies":"downfall:NeowBoss","floor":56,"turns":26}],"seed_played":"3756400708696385537","potions_obtained":[{"floor":4.0,"key":"Fire Potion"},{"floor":10.0,"key":"Ancient Potion"},{"floor":12.0,"key":"ColorlessPotion"},{"floor":14.0,"key":"Fire Potion"},{"floor":15.0,"key":"DistilledChaos"},{"floor":19.0,"key":"AttackPotion"},{"floor":32.0,"key":"Fire Potion"},{"floor":44.0,"key":"EntropicBrew"},{"floor":53,"key":"Guardian:BlockOnCardUsePotion"}],"is_trial":false,"path_per_floor":["R","?","M","M","?","M","T","M","R","E","M","M","?","M","M","B",null,"R","M","$","M","M","$","T","M","E","R","$","M","?","M","M","B",null,"R","?","R","M","R","M","T","$","M","E","M","?","$","$","M","B",null,null,"E","$","R","B",null],"character_chosen":"THE_SPIRIT","items_purchased":["Membership Card","TungstenRod","hexamod:PhantomFireball","hexamod:EtherealExpedition","hexamod:NightmareGuise","Matryoshka","Lizard Tail","Fruit Juice","Frozen Eye","Unceasing Top","Centennial Puzzle","hexamod:SoulSteal","Bronze Scales","champ:CounterPotion","hexamod:NightmareGuise"],"campfire_rested":2,"item_purchase_floors":[20,20,20,20,20,28,28,28,28,42,42,42,47,54,54],"current_hp_per_floor":[70,63,64,69,5,12,12,15,49,49,44,43,43,45,40,21,80,80,80,80,77,76,80,80,73,77,77,85,85,61,61,68,49,85,85,83,83,74,74,65,75,75,82,69,25,37,37,37,30,12,12,95,60,60,88,4],"gold":6,"neow_bonus":"TRANSFORM_CARD","is_daily":false,"chose_seed":false,"campfire_upgraded":0,"win_rate":0.0,"timestamp":1607877304,"path_taken":["R","?","M","M","?","?","T","M","R","E","M","M","?","M","M","BOSS","R","M","$","?","M","?","T","M","E","R","$","M","?","?","M","BOSS","R","?","R","M","R","M","T","$","M","E","M","?","$","$","M","BOSS","E","$","R","BOSS"],"items_purchased_type":["Relic","Relic","Card","Card","Card","Relic","Relic","Potion","Relic","Relic","Relic","Card","Relic","Potion","Card"],"build_version":"2020-11-30","purchased_purges":2,"victory":true,"max_hp_per_floor":[70,70,70,70,70,70,70,70,80,80,80,80,80,80,80,80,80,80,80,80,80,80,80,80,80,80,80,85,85,85,85,85,85,85,85,85,85,85,85,85,95,95,95,95,95,95,95,95,95,95,95,95,95,95,95,95],"card_choices":[{"not_picked":["hexamod:ShieldOfDarkness","hexamod:BacktrackSmack"],"picked":"hexamod:Firestarter","floor":3.0},{"not_picked":["hexamod:Rewind","hexamod:BacktrackSmack"],"picked":"hexamod:ExtraCrispy","floor":4.0},{"not_picked":["hexamod:ShieldOfDarkness","hexamod:GhostLash"],"picked":"hexamod:SpectersWail","floor":6.0},{"not_picked":["hexamod:BacktrackSmack","hexamod:PhantomCloak"],"picked":"hexamod:NecessarySacrifice","floor":8.0},{"not_picked":["hexamod:InspiringFlames","hexamod:FlamesFromBeyond"],"picked":"hexamod:SearingWound","floor":10.0},{"not_picked":["hexamod:Haunt","hexamod:GhostOfSpirePast"],"picked":"hexamod:Hexaguard","floor":11.0},{"not_picked":["hexamod:Rewind","hexamod:BacktrackSmack"],"picked":"hexamod:ThermalTransfer","floor":12.0},{"not_picked":["hexamod:BurningTouch","hexamod:SwordOfDarkness"],"picked":"hexamod:FastForward","floor":14.0},{"not_picked":["hexamod:InspiringFlames","hexamod:BacktrackSmack"],"picked":"hexamod:BurningTouch","floor":15.0},{"not_picked":["hexamod:WildfireWeapon","hexamod:TimeOfNeed"],"picked":"hexamod:UnleashSpirits","floor":16.0},{"not_picked":["hexamod:ShieldOfDarkness","hexamod:SwordOfDarkness"],"picked":"hexamod:Firestarter","floor":19.0},{"not_picked":["hexamod:HeatMetal","hexamod:AdvancingGuard","hexamod:GhostLash"],"picked":"SKIP","floor":20.0},{"not_picked":["hexamod:BacktrackSmack","hexamod:HauntingEcho"],"picked":"hexamod:Firestarter","floor":21.0},{"not_picked":["hexamod:BacktrackSmack","hexamod:PhantomFireball"],"picked":"hexamod:Firestarter","floor":22.0},{"not_picked":["hexamod:SwordOfDarkness","hexamod:RainOfEmbers+1","hexamod:FastForward+1"],"picked":"SKIP","floor":23.0},{"not_picked":["hexamod:RainOfEmbers+1","hexamod:SoulSteal"],"picked":"hexamod:NightmareStrike","floor":25.0},{"not_picked":["hexamod:AdvancingGuard","hexamod:WildfireWeapon"],"picked":"hexamod:SpectersWail+1","floor":26.0},{"not_picked":["hexamod:NightmareStrike","hexamod:GhostOfSpireFuture+1"],"picked":"hexamod:PowerFromBeyond","floor":28.0},{"not_picked":["hexamod:FastForward","hexamod:ShieldOfDarkness","hexamod:ChargedBarrage+1"],"picked":"SKIP","floor":29.0},{"not_picked":["hexamod:NecessarySacrifice+1","hexamod:GhostLash"],"picked":"hexamod:Hexaguard","floor":31.0},{"not_picked":["hexamod:ThermalTransfer","hexamod:GhostLash"],"picked":"hexamod:Incineration","floor":32.0},{"not_picked":["hexamod:HexaLevel","hexamod:Toasty"],"picked":"hexamod:SearingWound","floor":33.0},{"not_picked":["hexamod:BacktrackSmack","hexamod:GhostLash"],"picked":"hexamod:RainOfEmbers+1","floor":36.0},{"not_picked":["hexamod:RecurringNightmare+1","hexamod:BurningTouch+1"],"picked":"hexamod:SpectersWail+1","floor":38.0},{"not_picked":["hexamod:SwordOfDarkness+1","hexamod:GhostflameBarrier+1"],"picked":"hexamod:NightmareGuise+1","floor":40.0},{"not_picked":["hexamod:AdvancingGuard+1","hexamod:HauntingEcho+1"],"picked":"hexamod:FourthSeal","floor":43.0},{"not_picked":["hexamod:BurningTouch","hexamod:AdvancingGuard"],"picked":"hexamod:SoulSteal+1","floor":44.0},{"not_picked":["hexamod:RainOfEmbers+1","hexamod:ShieldOfDarkness+1"],"picked":"hexamod:Firestarter+1","floor":45.0},{"not_picked":["hexamod:CrushingStance+1","hexamod:SuperheatedStrike+1"],"picked":"hexamod:SpectralAdrenaline+1","floor":49.0},{"not_picked":["hexamod:GhostShield","hexamod:HauntingEcho+1","hexamod:PhantomFireball+1"],"picked":"SKIP","floor":53}],"player_experience":200382,"relics_obtained":[{"floor":3.0,"key":"LetterFromLob"},{"floor":10.0,"key":"PreservedInsect"},{"floor":17.0,"key":"Bag of Preparation"},{"floor":17.0,"key":"Blue Candle"},{"floor":17.0,"key":"Shovel"},{"floor":18.0,"key":"Pantograph"},{"floor":24.0,"key":"InkBottle"},{"floor":26.0,"key":"Girya"},{"floor":27.0,"key":"Thread and Needle"},{"floor":35.0,"key":"War Paint"},{"floor":36.0,"key":"Pocketwatch"},{"floor":37.0,"key":"Molten Egg 2"},{"floor":41.0,"key":"Nunchaku"},{"floor":41.0,"key":"Pear"},{"floor":44.0,"key":"StoneCalendar"},{"floor":53,"key":"Oddly Smooth Stone"}],"event_choices":[{"damage_healed":0.0,"max_hp_gain":0.0,"max_hp_loss":0.0,"gold_gain":0.0,"event_name":"Mysterious Sphere","player_choice":"Fight","floor":36.0,"gold_loss":0.0,"damage_taken":0.0}],"is_beta":false,"boss_relics":[{"not_picked":["Fusion Hammer","Tiny House"],"picked":"Calling Bell"},{"not_picked":["SacredBark","Busted Crown"],"picked":"Philosopher\u0027s Stone"}],"items_purged_floors":[28,42],"is_endless":false,"potions_floor_spawned":[4,10,12,14,15,19,21,25,26,32,33,40,44,45],"ascension_level":0}}