{"host":"reretk0dz0kj8f1n","time":1607827721,"event":{"mods":["BaseMod","Lobotomy","Minty Spire (QoL Compilation)","StSLib"],"gold_per_floor":[112,37,47,59,70,101,101,135,135,170,170,186,86,104,104,207,207,219,231,106,156,166,198,211,211,256,283,298,223,250,8,8,8,8],"floor_reached":33,"playtime":1700,"items_purged":["Defend_G","Strike_G","Strike_G"],"score":395,"play_id":"90ac6b36-1368-404d-bc9a-48f288e08efe","local_time":"20201213114841","is_ascension_mode":true,"campfire_choices":[{"data":"Bouncing Flask","floor":7,"key":"SMITH"},{"floor":15,"key":"REST"},{"data":"After Image","floor":25,"key":"SMITH"},{"floor":32,"key":"REST"}],"circlet_count":0,"master_deck":["Strike_G","Strike_G","Defend_G+1","Defend_G","Defend_G","Defend_G","Survivor","Neutralize","Bouncing Flask+1","Noxious Fumes+1","Deadly Poison","Deadly Poison","DreamingCurrent","Noxious Fumes","After Image+1","Crippling Poison+1","MHz","Deadly Poison+1","Deadly Poison","Noxious Fumes","Bouncing Flask","Prepared"],"relics":["Ring of the Serpent","CogitoBucket","RabbitCall","Bird Faced Urn","Happy Flower","InkBottle","The Specimen","TreeSap","AspirationHeart","Unceasing Top","War Paint","Centennial Puzzle","Kunai","Paper Crane"],"acts_visited":["Exordium","TheCity"],"potions_floor_usage":[6,6,16,19,19,27,27],"damage_taken":[{"damage":0,"enemies":"Small Slimes","floor":1,"turns":4},{"damage":0,"enemies":"Cultist","floor":3,"turns":3},{"damage":0,"enemies":"2 Louse","floor":4,"turns":2},{"damage":22,"enemies":"Lots of Slimes","floor":5,"turns":4},{"damage":16,"enemies":"3 Sentries","floor":6,"turns":7},{"damage":13,"enemies":"Lagavulin","floor":8,"turns":5},{"damage":21,"enemies":"Gremlin Nob","floor":10,"turns":5},{"damage":0,"enemies":"Blue Slaver","floor":12,"turns":3},{"damage":0,"enemies":"Large Slime","floor":14,"turns":4},{"damage":27,"enemies":"The Guardian","floor":16,"turns":7},{"damage":15,"enemies":"Shell Parasite","floor":18,"turns":4},{"damage":47,"enemies":"2 Thieves","floor":19,"turns":4},{"damage":24,"enemies":"Snecko","floor":22,"turns":5},{"damage":66,"enemies":"Book of Stabbing","floor":23,"turns":6},{"damage":39,"enemies":"Centurion and Healer","floor":24,"turns":6},{"damage":9,"enemies":"Gremlin Leader","floor":27,"turns":4},{"damage":20,"enemies":"Shelled Parasite and Fungi","floor":28,"turns":5},{"damage":72,"enemies":"Book of Stabbing","floor":30,"turns":5},{"damage":111,"enemies":"Champ","floor":33,"turns":8}],"seed_played":"-3969912954800683595","potions_obtained":[{"floor":1,"key":"SkillPotion"},{"floor":4,"key":"Swift Potion"},{"floor":10,"key":"Poison Potion"},{"floor":14,"key":"DuplicationPotion"},{"floor":16,"key":"PowerPotion"},{"floor":19,"key":"Dexterity Potion"},{"floor":23,"key":"DistilledChaos"},{"floor":24,"key":"DistilledChaos"}],"is_trial":false,"path_per_floor":["M","$","M","M","M","E","R","E","T","E","?","M","$","M","R","B",null,"M","M","$","?","M","E","M","R","T","E","M","?","E","$","R","B"],"character_chosen":"THE_SILENT","items_purchased":["Paper Crane"],"campfire_rested":2,"item_purchase_floors":[31],"current_hp_per_floor":[70,70,70,70,48,32,32,21,21,2,2,4,4,6,27,46,70,70,31,31,31,51,23,22,22,22,45,63,63,23,23,47,0,0],"gold":8,"neow_bonus":"","is_daily":false,"chose_seed":false,"campfire_upgraded":2,"win_rate":0.0,"timestamp":1607827721,"path_taken":["M","$","M","M","M","E","R","E","T","E","?","M","$","M","R","BOSS","M","M","$","?","M","E","M","R","T","E","?","?","E","$","R","BOSS"],"items_purchased_type":["Relic"],"build_version":"2020-11-30","purchased_purges":3,"victory":false,"max_hp_per_floor":[70,70,70,70,70,70,70,70,70,70,70,70,70,70,70,70,70,70,70,70,70,80,80,80,80,80,80,80,80,80,80,80,80,80],"card_choices":[{"not_picked":["FairyFestival","UniverseFragment","VoidDream"],"picked":"Singing Bowl","floor":1},{"not_picked":["Backflip","Underhanded Strike"],"picked":"Bouncing Flask","floor":1},{"not_picked":["PunishingBird","LaLuna","OldLady"],"picked":"Singing Bowl","floor":3},{"not_picked":["Flying Knee","Terror"],"picked":"Noxious Fumes","floor":3},{"not_picked":["BeautyBeast","FairyFestival","FieryBird"],"picked":"Singing Bowl","floor":4},{"not_picked":["Predator","Slice","Concentrate"],"picked":"SKIP","floor":4},{"not_picked":["RedShoes","Wellcheers","MeatLantern"],"picked":"Singing Bowl","floor":5},{"not_picked":["Wraith Form v2","PiercingWail","Deflect"],"picked":"SKIP","floor":5},{"not_picked":["SpiderBud","Wellcheers","PunishingBird"],"picked":"Singing Bowl","floor":6},{"not_picked":["Cloak And Dagger","Bane"],"picked":"Deadly Poison","floor":6},{"not_picked":["UniverseFragment","WallGazer","BlackArmy"],"picked":"Singing Bowl","floor":8},{"not_picked":["Quick Slash","Underhanded Strike","Flechettes"],"picked":"SKIP","floor":8},{"not_picked":["MeltingLove","Murderer","OSAHOGD"],"picked":"Singing Bowl","floor":10},{"not_picked":["Finisher","Deflect","Dodge and Roll"],"picked":"SKIP","floor":10},{"not_picked":["BeautyBeast","WhitesApple","LittlePrince"],"picked":"Singing Bowl","floor":12},{"not_picked":["Acrobatics","Bane"],"picked":"Deadly Poison","floor":12},{"not_picked":["OSAHOGD","SingingMachine","BeautyBeast"],"picked":"Singing Bowl","floor":14},{"not_picked":["OldLady","Wellcheers"],"picked":"DreamingCurrent","floor":14},{"not_picked":["Poisoned Stab","Slice"],"picked":"Noxious Fumes","floor":14},{"not_picked":["CherryBlossoms","Freischutz","BigBadWolf"],"picked":"Singing Bowl","floor":16},{"not_picked":["Venomology","Night Terror"],"picked":"After Image","floor":16},{"not_picked":["GreedKing","MeatLantern","CrumblingArmor"],"picked":"Singing Bowl","floor":18},{"not_picked":["Acrobatics","Quick Slash"],"picked":"Crippling Poison+1","floor":18},{"not_picked":["NakedNest","OldLady","Bloodbath"],"picked":"Singing Bowl","floor":19},{"not_picked":["SpiderBud","UniverseFragment"],"picked":"MHz","floor":19},{"not_picked":["Poisoned Stab+1","Masterful Stab"],"picked":"Deadly Poison","floor":19},{"not_picked":["FairyFestival","BigBird","Rudolta"],"picked":"Singing Bowl","floor":22},{"not_picked":["Flying Knee","Dodge and Roll"],"picked":"Deadly Poison","floor":22},{"not_picked":["QueenOfHatred","LongBird","Wellcheers"],"picked":"Singing Bowl","floor":23},{"not_picked":["Accuracy","Setup","Skewer+1"],"picked":"SKIP","floor":23},{"not_picked":["NothingThere","ShyLook","Alriune"],"picked":"Singing Bowl","floor":24},{"not_picked":["Outmaneuver","Predator"],"picked":"Noxious Fumes","floor":24},{"not_picked":["LaLuna","NakedNest","PunishingBird"],"picked":"Singing Bowl","floor":27},{"not_picked":["Terror","Dodge and Roll"],"picked":"Bouncing Flask","floor":27},{"not_picked":["BigBird","HeroicMonk","MeatLantern"],"picked":"Singing Bowl","floor":28},{"not_picked":["Dagger Spray+1","Choke"],"picked":"Prepared","floor":28},{"not_picked":["Murderer","Laetitia","WallGazer"],"picked":"Singing Bowl","floor":30},{"not_picked":["Dodge and Roll+1","Outmaneuver","All Out Attack"],"picked":"SKIP","floor":30}],"player_experience":203648,"relics_obtained":[{"floor":6,"key":"Bird Faced Urn"},{"floor":8,"key":"Happy Flower"},{"floor":9,"key":"InkBottle"},{"floor":10,"key":"The Specimen"},{"floor":23,"key":"Unceasing Top"},{"floor":26,"key":"War Paint"},{"floor":27,"key":"Centennial Puzzle"},{"floor":30,"key":"Kunai"}],"event_choices":[{"damage_healed":0,"gold_gain":0,"player_choice":"Upgraded","damage_taken":0,"max_hp_gain":0,"max_hp_loss":0,"event_name":"Upgrade Shrine","floor":11,"gold_loss":0,"cards_upgraded":["Noxious Fumes"]},{"damage_healed":0,"gold_gain":100,"player_choice":"Bet on Murderer","damage_taken":0,"max_hp_gain":0,"max_hp_loss":0,"event_name":"The Joust","floor":21,"gold_loss":50},{"cards_removed":["Strike_G"],"damage_healed":0,"gold_gain":0,"player_choice":"Gave Gold","damage_taken":0,"max_hp_gain":0,"max_hp_loss":0,"event_name":"Beggar","floor":29,"gold_loss":75}],"is_beta":false,"boss_relics":[{"not_picked":["Runic Dome","Snecko Eye"],"picked":"Ring of the Serpent"}],"items_purged_floors":[2,13,20],"is_endless":false,"potions_floor_spawned":[1,4,10,14,16,19,23,24],"killed_by":"Champ","ascension_level":1}}