{"host":"y76x98twjnyyxs83","time":1607894361,"event":{"mods":["BaseMod","Colored Powertips","Minty Spire (QoL Compilation)","Permanent Neow","Quick Restart","Rare Cards Sparkle","Relic Stats","StSLib"],"gold_per_floor":[114,128,128,148,148,177,177,234,234,234,268,281,313,313,313,390,390,402,413,413,413,463,463,490,509,535,547,566,566,566,566],"floor_reached":30,"playtime":868,"items_purged":[],"score":736,"play_id":"66fdd8cc-48c1-4a85-8e10-1f0c8186f19b","local_time":"20201214051921","is_ascension_mode":true,"campfire_choices":[{"data":"Vigilance","floor":7,"key":"SMITH"},{"data":"WheelKick","floor":10,"key":"SMITH"},{"floor":15,"key":"REST"},{"floor":23,"key":"REST"}],"circlet_count":0,"master_deck":["AscendersBane","Eruption","Vigilance+1","WheelKick+1","ClearTheMind","DevaForm","WheelKick+1","FearNoEvil+1","CutThroughFate+1","CarveReality+1","Omniscience","Adaptation","Consecrate+1","MentalFortress","CutThroughFate+1","WheelKick+1","Crescendo","Evaluate","TalkToTheHand+1","Meditate","Halt","Conclude+1","Decay"],"relics":["Runic Dome","Du-Vu Doll","HornCleat","Molten Egg 2","Centennial Puzzle","Pandora\u0027s Box","Nilry\u0027s Codex","Pen Nib","Boot"],"acts_visited":["Exordium","TheCity"],"potions_floor_usage":[6,8,12],"damage_taken":[{"damage":6,"enemies":"Jaw Worm","floor":1,"turns":6},{"damage":2,"enemies":"2 Louse","floor":2,"turns":4},{"damage":0,"enemies":"Small Slimes","floor":4,"turns":1},{"damage":0,"enemies":"Lagavulin","floor":6,"turns":4},{"damage":0,"enemies":"Gremlin Nob","floor":8,"turns":2},{"damage":2,"enemies":"Gremlin Nob","floor":11,"turns":3},{"damage":8,"enemies":"3 Louse","floor":12,"turns":2},{"damage":0,"enemies":"Lagavulin","floor":13,"turns":3},{"damage":0,"enemies":"Slime Boss","floor":16,"turns":4},{"damage":10,"enemies":"3 Byrds","floor":18,"turns":3},{"damage":0,"enemies":"Spheric Guardian","floor":19,"turns":2},{"damage":12,"enemies":"Book of Stabbing","floor":24,"turns":5},{"damage":31,"enemies":"Snake Plant","floor":25,"turns":4},{"damage":0,"enemies":"Sentry and Sphere","floor":27,"turns":3},{"damage":0,"enemies":"3 Cultists","floor":28,"turns":3},{"damage":19,"enemies":"Gremlin Leader","floor":30,"turns":3}],"seed_played":"4646425964340560296","potions_obtained":[{"floor":2,"key":"Dexterity Potion"},{"floor":4,"key":"DistilledChaos"},{"floor":6,"key":"Strength Potion"},{"floor":8,"key":"SkillPotion"},{"floor":18,"key":"LiquidBronze"}],"is_trial":false,"path_per_floor":["M","M","?","M","?","E","R","?","T","R","E","M","E","?","R","B",null,"M","M","?","?","?","R","E","M","T","M","M","?","E"],"character_chosen":"WATCHER","items_purchased":[],"campfire_rested":2,"item_purchase_floors":[],"current_hp_per_floor":[55,53,53,53,33,33,33,33,33,33,31,23,23,16,36,36,60,50,50,50,29,29,49,37,6,6,6,6,6,0,0],"gold":566,"neow_bonus":"BOSS_RELIC","is_daily":false,"chose_seed":false,"campfire_upgraded":2,"win_rate":0.0,"timestamp":1607894361,"path_taken":["M","M","?","M","?","E","R","?","T","R","E","M","E","?","R","BOSS","M","M","?","?","?","R","E","M","T","M","?","?","E"],"items_purchased_type":[],"build_version":"2020-11-30","purchased_purges":0,"victory":false,"max_hp_per_floor":[68,68,68,68,68,68,68,68,68,68,68,68,68,68,68,68,68,68,68,68,68,68,68,68,68,68,68,68,68,68,68],"relic_stats":{"Centennial Puzzle":[9],"counters":[16,52],"Pandora\u0027s Box":["Adaptation","Consecrate","MentalFortress","CutThroughFate","WheelKick","Crescendo","Evaluate"],"Pen Nib":[2],"Boot":[0],"obtain_stats":[{"Du-Vu Doll":6,"Runic Dome":0,"Centennial Puzzle":13,"HornCleat":8,"Nilry\u0027s Codex":21,"Molten Egg 2":11,"Pandora\u0027s Box":17,"Pen Nib":24,"PureWater":0,"Boot":26},{"Du-Vu Doll":4,"Runic Dome":0,"Centennial Puzzle":8,"HornCleat":5,"Nilry\u0027s Codex":11,"Molten Egg 2":6,"Pandora\u0027s Box":9,"Pen Nib":12,"PureWater":0,"Boot":13},{"Du-Vu Doll":15,"Runic Dome":0,"Centennial Puzzle":25,"HornCleat":17,"Nilry\u0027s Codex":34,"Molten Egg 2":20,"Pandora\u0027s Box":29,"Pen Nib":39,"PureWater":0,"Boot":43}]},"card_choices":[{"not_picked":["Protect","Nirvana","PathToVictory"],"picked":"SKIP","floor":1},{"not_picked":["ForeignInfluence","LikeWater"],"picked":"WheelKick","floor":2},{"not_picked":["EmptyFist","Perseverance"],"picked":"ClearTheMind","floor":4},{"not_picked":["Evaluate","Halt"],"picked":"DevaForm","floor":6},{"not_picked":["Consecrate","Crescendo"],"picked":"WheelKick","floor":8},{"not_picked":["TalkToTheHand+1","Weave+1"],"picked":"FearNoEvil+1","floor":11},{"not_picked":["CrushJoints+1","Swivel"],"picked":"CutThroughFate+1","floor":12},{"not_picked":["EmptyFist+1","FlyingSleeves+1"],"picked":"CarveReality+1","floor":13},{"not_picked":["DeusExMachina","Devotion"],"picked":"Omniscience","floor":16},{"not_picked":["Consecrate+1","SashWhip+1"],"picked":"TalkToTheHand+1","floor":18},{"not_picked":["EmptyBody","Weave+1"],"picked":"Meditate","floor":19},{"not_picked":["Worship","PathToVictory","MasterReality"],"picked":"SKIP","floor":24},{"not_picked":["FlyingSleeves+1","JustLucky+1","Crescendo+1"],"picked":"SKIP","floor":25},{"not_picked":["JustLucky+1","EmptyBody","Establishment"],"picked":"SKIP","floor":27},{"not_picked":["ReachHeaven+1","FlurryOfBlows+1"],"picked":"Conclude+1","floor":28}],"player_experience":1083591,"relics_obtained":[{"floor":6,"key":"Du-Vu Doll"},{"floor":8,"key":"HornCleat"},{"floor":11,"key":"Molten Egg 2"},{"floor":13,"key":"Centennial Puzzle"},{"floor":21,"key":"Nilry\u0027s Codex"},{"floor":24,"key":"Pen Nib"},{"floor":26,"key":"Boot"}],"event_choices":[{"damage_healed":0,"gold_gain":0,"player_choice":"Grow","damage_taken":0,"max_hp_gain":0,"max_hp_loss":0,"event_name":"Living Wall","floor":3,"gold_loss":0,"cards_upgraded":["WheelKick"]},{"damage_healed":0,"gold_gain":0,"player_choice":"Entered Light","damage_taken":20,"max_hp_gain":0,"max_hp_loss":0,"event_name":"Shining Light","floor":5,"gold_loss":0,"cards_upgraded":["Defend_P","Strike_P"]},{"damage_healed":0,"gold_gain":0,"player_choice":"Searched \u00271\u0027 times","damage_taken":0,"max_hp_gain":0,"max_hp_loss":0,"event_name":"Dead Adventurer","floor":8,"gold_loss":0},{"cards_removed":["Strike_P"],"damage_healed":0,"gold_gain":0,"player_choice":"Card Removal","damage_taken":7,"max_hp_gain":0,"max_hp_loss":0,"event_name":"Golden Wing","floor":14,"gold_loss":0},{"damage_healed":0,"gold_gain":0,"player_choice":"Read","damage_taken":0,"max_hp_gain":0,"max_hp_loss":0,"event_name":"The Library","floor":20,"gold_loss":0,"cards_obtained":["Halt"]},{"damage_healed":0,"gold_gain":0,"player_choice":"Obtained Book","damage_taken":21,"max_hp_gain":0,"max_hp_loss":0,"event_name":"Cursed Tome","floor":21,"gold_loss":0},{"damage_healed":0,"gold_gain":50,"player_choice":"Stole From Cult","damage_taken":0,"max_hp_gain":0,"max_hp_loss":0,"event_name":"Nest","floor":22,"gold_loss":0},{"damage_healed":0,"gold_gain":0,"player_choice":"Smashed Altar","damage_taken":0,"max_hp_gain":0,"max_hp_loss":0,"event_name":"Forgotten Altar","floor":29,"gold_loss":0,"cards_obtained":["Decay"]}],"is_beta":false,"boss_relics":[{"not_picked":["Black Star","Velvet Choker"],"picked":"Pandora\u0027s Box"}],"items_purged_floors":[],"is_endless":false,"potions_floor_spawned":[2,4,6,8,11,18,24,25,28],"killed_by":"Gremlin Leader","ascension_level":20}}