{"host":"usn420qyc3tqn20x","time":1607867640,"event":{"mods":["AchievementEnabler","Aspiration","BaseMod","Better Third Choice","BetterRewards","Colored Map","Colored Powertips","Conspire","Friendly Minions","Hermit","Hubris","Infinite Spire","Minty Spire (QoL Compilation)","Quick Restart","Rare Cards Sparkle","Replay The Spire","Shop Mod","Spicy Shops","StSLib","The Construct","The Cursed","The Disciple","The Jungle","The Necromancer","The Runesmith","The Servant 0.9.4","UnlockEverythingMod","Waifu the Spire","vexMod"],"gold_per_floor":[112,112,112,112,131,160,173,193,193,203,203,223,223,223,223,320,320,337,380,391,391,391,391,391,405,405,48,65,65,65,83,83,179,179,199,199,49,49,64,94,94,94,121,145,162,195,255,57,57,57],"floor_reached":51,"playtime":3159,"items_purged":["Injury","vexMod:UltimateCard","Shame"],"score":803,"play_id":"7ff47ad2-24e2-4a78-898d-06044fdcc288","local_time":"20201214005400","is_ascension_mode":false,"campfire_choices":[{"floor":11,"key":"REST"},{"floor":23,"key":"DIG"},{"floor":32,"key":"DIG"},{"floor":49,"key":"REST"}],"circlet_count":0,"master_deck":["Strike_G","Strike_G","Strike_G","Strike_G","Defend_G","Defend_G","Defend_G","Defend_G","Survivor","Neutralize","Infinite Blades+1","Infinite Blades+1","Deflect+1","Backstab+1","PiercingWail+1","Slice","Caltrops+1","Defend_G+1","Backstab+1","Hidden Blade+1","Accuracy+1","Blade Dance+1","A Thousand Cuts+1","Backstab+1","Accuracy+1","Infinite Blades+1","Dagger Spray+1","Blade Dance+1"],"relics":["Ring of the Serpent","Lantern","Toxic Egg 2","Replay:Ringing Soul","Juzu Bracelet","Mirror","Oddly Smooth Stone","hubris:Backtick","Shuriken","Blue Doll","Shovel","Iron Hammer","Chameleon Ring","Replay:Arrowhead","ReplayTheSpireMod:CursedCoin","Lee\u0027s Waffle","theJungle:PaperFaux","Snake Skull","Smiling Mask","Sling","hubris:64BitClover","vexMod:ImprovementManual","infinitespire:Eraser","Omamori","Golden Egg","Bottled Flame","Ancient Tea Set"],"acts_visited":["Exordium","Exordium","TheBeyond"],"potions_floor_usage":[16,18,19,25,33,33,40,50,50,50],"damage_taken":[{"damage":0,"enemies":"Jaw Worm","floor":1,"turns":4},{"damage":0,"enemies":"Small Slimes","floor":5,"turns":3},{"damage":27,"enemies":"3 Sentries","floor":6,"turns":13},{"damage":0,"enemies":"2 Louse","floor":7,"turns":4},{"damage":4,"enemies":"Exordium Thugs","floor":8,"turns":5},{"damage":2,"enemies":"Looter","floor":10,"turns":3},{"damage":7,"enemies":"Lots of Slimes","floor":12,"turns":4},{"damage":11,"enemies":"Slime Boss","floor":16,"turns":15},{"damage":4,"enemies":"theJungle:Flameango_and_Byrd","floor":18,"turns":5},{"damage":25,"enemies":"conspire:MimicChest","floor":19,"turns":7},{"damage":0,"enemies":"theJungle:MUSHROOMGANG","floor":20,"turns":5},{"damage":8,"enemies":"theJungle:Lyon","floor":25,"turns":4},{"damage":4,"enemies":"theJungle:2_Snecko_Cultists","floor":28,"turns":4},{"damage":21,"enemies":"theJungle:SlimyTreeVines","floor":31,"turns":6},{"damage":2,"enemies":"theJungle:FunGuy","floor":33,"turns":5},{"damage":3,"enemies":"Orb Walker","floor":35,"turns":3},{"damage":1,"enemies":"3 Shapes","floor":39,"turns":3},{"damage":16,"enemies":"Reptomancer","floor":40,"turns":5},{"damage":0,"enemies":"Transient","floor":45,"turns":5},{"damage":34,"enemies":"R_Hoarder","floor":46,"turns":4},{"damage":19,"enemies":"hubris:GrandSnecko","floor":50,"turns":7}],"seed_played":"-3173557063749749593","potions_obtained":[{"floor":6,"key":"Block Potion"},{"floor":12,"key":"Dexterity Potion"},{"floor":16,"key":"Elixir"},{"floor":18,"key":"SkillPotion"},{"floor":19,"key":"Fruit Juice"},{"floor":39,"key":"Flashbang"},{"floor":45,"key":"Venom Potion"},{"floor":46,"key":"SpeedPotion"},{"floor":47,"key":"Flashbang"}],"is_trial":false,"path_per_floor":["M","?","T","?","M","E","M","M","T","M","R","M","?","?","R_BF","B",null,"M","?","M","?","?","R","?","M","T","$","M","?","AVR","M","R_BF","B",null,"M","?","$","?","M","E","?","AVR","T","T","M","E","?","$","R","B",null],"character_chosen":"THE_SILENT","items_purchased":["Replay:Arrowhead","ReplayTheSpireMod:CursedCoin","Lee\u0027s Waffle","Fire Potion","Sling","Ancient Tea Set"],"campfire_rested":2,"item_purchase_floors":[27,27,27,27,37,48],"current_hp_per_floor":[70,70,70,73,76,52,55,54,54,55,81,77,77,80,94,83,94,93,76,79,79,59,59,59,51,51,118,117,120,120,104,104,105,127,127,127,127,130,132,116,103,103,103,103,103,72,20,20,62,43],"gold":57,"neow_bonus":"RANDOM_COMMON_RELIC","is_daily":false,"chose_seed":false,"campfire_upgraded":0,"win_rate":0.0,"timestamp":1607867640,"path_taken":["M","?","?","?","M","E","M","M","T","M","R","M","?","?","R_BF","BOSS","M","?","M","?","?","R","?","M","T","$","M","?","AVR","M","R_BF","BOSS","M","?","$","?","M","E","?","AVR","T","?","M","E","?","?","R","BOSS"],"items_purchased_type":["Relic","Relic","Relic","Potion","Relic","Relic"],"build_version":"2020-11-30","purchased_purges":3,"victory":true,"max_hp_per_floor":[70,70,70,73,76,79,82,85,85,88,88,91,91,94,94,94,94,97,105,108,108,108,108,108,108,108,118,121,124,124,124,124,127,127,130,130,130,133,136,136,136,136,136,136,136,139,142,142,142,142],"card_choices":[{"not_picked":["Outmaneuver","Quick Slash","Well Laid Plans"],"picked":"SKIP","floor":1},{"not_picked":["PiercingWail+1","Dagger Spray"],"picked":"Infinite Blades","floor":5},{"not_picked":["Acrobatics+1","Flechettes"],"picked":"Deflect+1","floor":6},{"not_picked":["Sneak Up+1","PiercingWail+1"],"picked":"Backstab","floor":7},{"not_picked":["Bane","Sucker Punch"],"picked":"PiercingWail+1","floor":8},{"not_picked":["Toxin Wave+1","Underhanded Strike"],"picked":"Slice","floor":10},{"not_picked":["Malaise+1","Prepared+1"],"picked":"Caltrops","floor":12},{"not_picked":["Toxin Wave+1","Bane"],"picked":"Backstab+1","floor":18},{"not_picked":["PiercingWail+1","Bane"],"picked":"Hidden Blade+1","floor":19},{"not_picked":["Bane+1","ReplayTheSpireMod:Shiv Toss+1"],"picked":"Accuracy","floor":20},{"not_picked":["conspire:PoisonWeapons+1","Masterful Stab+1","Deadly Poison+1"],"picked":"SKIP","floor":25},{"not_picked":["Footwork","Flechettes"],"picked":"Blade Dance+1","floor":28},{"not_picked":["Deadly Poison+1","ReplayTheSpireMod:Exploit Weakness+1","PiercingWail+1"],"picked":"SKIP","floor":31},{"not_picked":["Adrenaline+1","Bullet Time+1"],"picked":"A Thousand Cuts","floor":33},{"not_picked":["Heel Hook+1","Sneak Up+1"],"picked":"Backstab+1","floor":35},{"not_picked":["Toxin Wave+1","conspire:DoublingDagger+1"],"picked":"Infinite Blades+1","floor":39},{"not_picked":["Acrobatics+1","Crippling Poison+1","Glass Knife"],"picked":"SKIP","floor":40},{"not_picked":["Calculated Gamble+1","Dash+1","Flechettes"],"picked":"SKIP","floor":45},{"not_picked":["Backflip+1","Draining Mist+1"],"picked":"Dagger Spray+1","floor":46},{"not_picked":["Underhanded Strike","PiercingWail+1"],"picked":"Blade Dance+1","floor":47}],"player_experience":377011,"relics_obtained":[{"floor":3,"key":"Replay:Ringing Soul"},{"floor":6,"key":"Juzu Bracelet"},{"floor":9,"key":"Mirror"},{"floor":13,"key":"Oddly Smooth Stone"},{"floor":19,"key":"Blue Doll"},{"floor":23,"key":"Iron Hammer"},{"floor":26,"key":"Chameleon Ring"},{"floor":32,"key":"Smiling Mask"},{"floor":40,"key":"hubris:64BitClover"},{"floor":44,"key":"Omamori"},{"floor":46,"key":"Golden Egg"},{"floor":47,"key":"Bottled Flame"}],"event_choices":[{"cards_removed":["Defend_G"],"damage_healed":0,"gold_gain":0,"player_choice":"Took Card","damage_taken":0,"max_hp_gain":0,"max_hp_loss":0,"event_name":"NoteForYourself","floor":14,"gold_loss":0,"cards_obtained":["Defend_G"]},{"damage_healed":0,"gold_gain":0,"player_choice":"Leave","damage_taken":0,"max_hp_gain":0,"max_hp_loss":0,"event_name":"conspire:Investor","floor":21,"gold_loss":0},{"damage_healed":0,"gold_gain":0,"player_choice":"Copied","damage_taken":0,"max_hp_gain":0,"max_hp_loss":0,"event_name":"Duplicator","floor":38,"gold_loss":0,"cards_obtained":["Accuracy"]},{"damage_healed":0,"gold_gain":0,"player_choice":"Damaged","damage_taken":13,"max_hp_gain":0,"max_hp_loss":0,"event_name":"Wheel of Change","floor":41,"gold_loss":0}],"is_beta":false,"boss_relics":[{"not_picked":["Ectoplasm","Runesmith:UraniumAnvil"],"picked":"hubris:Backtick"},{"not_picked":["infinitespire:Cupcake","Replay:Drink Me"],"picked":"Ring of the Serpent"}],"items_purged_floors":[30,42,48],"is_endless":false,"potions_floor_spawned":[6,12,16,18,19,39,45,46],"ascension_level":0}}