{"host":"p4yrwepmrl4g8pul","time":1607830558,"event":{"mods":["Act Like it!","BaseMod","BetterRewards","Colored Map","Custom Start","Gensokyo","Marisa£®ÏF”Í°°ƒß¿Ì…≥£©","Minty Spire (QoL Compilation)","Quick Restart","Rare Cards Sparkle","Reimu£®≤©¿ˆ¡È√Œ£©","Remilia£®¿Ÿ√◊¿Ú—«£©","Remove Card Discount Mod","Shop Mod","StSLib","The Jungle","TheWitcher"],"gold_per_floor":[133,83,83,83,154,206,206,284,284,301,301,362,387,449,449,576,576,606,661,661,298,298,356,356,410,410,468,503,503,157,157,157,261,261,302,352,352,350,158,158,0,60,60,103,138,188,101,114,114,114,114,114,114,33,66,66],"floor_reached":57,"playtime":2300,"items_purged":["Strike_MRS","Defend_MRS","Defend_MRS","Defend_MRS","Defend_MRS","Strike_MRS","Strike_MRS","Strike_MRS","SporeBomb","AlicesGift","UpSweep","MasterSpark","AlicesGift","AsteroidBelt","UnstableBomb","Robbery","MagicAbsorber+1","ShootTheMoon","SporeBomb+1","Madness+1","SatelliteIllusion","NonDirectionalLaser","Flash of Steel","Madness+1","WitchOfGreed+1","Gensokyo:BlessingOfVigor+1"],"score":4309,"play_id":"7aef8df9-33e4-48ec-84a6-da7fc638554b","local_time":"20201213113558","is_ascension_mode":true,"campfire_choices":[{"data":"Madness","floor":7.0,"key":"SMITH"},{"data":"WitchOfGreed","floor":15.0,"key":"SMITH"},{"data":"CollectingQuirk","floor":29.0,"key":"SMITH"},{"floor":32.0,"key":"RECALL"},{"data":"DeepEcoloBomb","floor":40.0,"key":"SMITH"},{"floor":49.0,"key":"REST"},{"floor":53.0,"key":"REST"}],"circlet_count":0,"master_deck":["AscendersBane","Acceleration+1","UltimateShortwave+1","AsteroidBelt+1","CollectingQuirk+1","AsteroidBelt+1","DeepEcoloBomb+1","PulseMagic+1","Finesse+1","Madness+1","MilkyWay+1"],"relics":["MiniHakkero","ClockworkSouvenir","Mummified Hand","Omamori","TheAbacus","HandmadeGrimoire","Sundial","CrazyTorch:ReiMu","Orrery","Toxic Egg 2","Juzu Bracelet","Gensokyo:MarisaImprobabilityPotion","Turnip","Lantern","FossilizedHelix","SlaversCollar","SnafuTest:CatRelic","War Paint","Ancient Tea Set","Pear","Singing Bowl","Medical Kit","Black Star","Incense Burner","Membership Card","Red Mask","Whetstone","BreadOfAWashokuLover","Darkstone Periapt","MagicBroom","Meat on the Bone","Vajra","PrismaticShard","ScarletDevilRocket","Mastiff:ReiMu"],"acts_visited":["Gensokyo:Gensokyo","Gensokyo:Gensokyoer","TheBeyond","TheEnding"],"potions_floor_usage":[56,56],"damage_taken":[{"damage":0.0,"enemies":"Gensokyo:Python","floor":1.0,"turns":2.0},{"damage":0.0,"enemies":"Gensokyo:2_Kodama","floor":5.0,"turns":3.0},{"damage":0.0,"enemies":"Gensokyo:Aya","floor":6.0,"turns":4.0},{"damage":0.0,"enemies":"Gensokyo:Mamizou","floor":8.0,"turns":3.0},{"damage":0.0,"enemies":"Gensokyo:3_Fairies","floor":10.0,"turns":3.0},{"damage":0.0,"enemies":"Gensokyo:Cirno","floor":12.0,"turns":4.0},{"damage":2.0,"enemies":"Gensokyo:3_Kodama","floor":13.0,"turns":2.0},{"damage":0.0,"enemies":"Gensokyo:Mamizou","floor":14.0,"turns":4.0},{"damage":5.0,"enemies":"Gensokyo:Reimu","floor":16.0,"turns":11.0},{"damage":0.0,"enemies":"Gensokyo:2_Gloops","floor":18.0,"turns":4.0},{"damage":0.0,"enemies":"Gensokyo:3_Dogs","floor":19.0,"turns":4.0},{"damage":0.0,"enemies":"Gensokyo:Reisen","floor":23.0,"turns":2.0},{"damage":0.0,"enemies":"Gensokyo:Koishi","floor":25.0,"turns":2.0},{"damage":0.0,"enemies":"Gensokyo:Reisen","floor":27.0,"turns":3.0},{"damage":0.0,"enemies":"Gensokyo:Slime_Group","floor":28.0,"turns":3.0},{"damage":0.0,"enemies":"Gensokyo:Kaguya","floor":33.0,"turns":4.0},{"damage":0.0,"enemies":"Orb Walker","floor":35.0,"turns":1.0},{"damage":0.0,"enemies":"Mind Bloom Boss Battle","floor":36.0,"turns":2.0},{"damage":0.0,"enemies":"Reptomancer","floor":42.0,"turns":2.0},{"damage":0.0,"enemies":"3 Darklings","floor":44.0,"turns":3.0},{"damage":0.0,"enemies":"Maw","floor":45.0,"turns":3.0},{"damage":0.0,"enemies":"Giant Head","floor":46.0,"turns":2.0},{"damage":0.0,"enemies":"Transient","floor":48.0,"turns":2.0},{"damage":0.0,"enemies":"Awakened One","floor":50.0,"turns":4.0},{"damage":0.0,"enemies":"Time Eater","floor":51.0,"turns":2.0},{"damage":0.0,"enemies":"Shield and Spear","floor":55.0,"turns":2.0},{"damage":8,"enemies":"The Heart","floor":56,"turns":5}],"seed_played":"2970973068759789214","potions_obtained":[{"floor":1.0,"key":"GrandPatriotsElixir:ReiMu"},{"floor":6.0,"key":"EssenceOfSteel"},{"floor":8.0,"key":"Regen Potion"},{"floor":14.0,"key":"Fire Potion"},{"floor":16.0,"key":"EssenceOfSteel"},{"floor":16.0,"key":"Explosive Potion"},{"floor":19.0,"key":"EssenceOfSteel"},{"floor":19.0,"key":"SteroidPotion"},{"floor":23.0,"key":"GrandPatriotsElixir:ReiMu"},{"floor":25.0,"key":"LiquidBronze"},{"floor":27.0,"key":"AttackPotion"},{"floor":36.0,"key":"Energy Potion"},{"floor":42.0,"key":"ShroomBrew"},{"floor":44.0,"key":"CultistPotion"}],"is_trial":false,"path_per_floor":["M","?","?","?","M","E","R","E","T","M","?","E","M","E","R","B",null,"M","M","?","$","?","E","R","E","T","E","M","R","$","?","R","B",null,"M","?","?","$","$","R","?","E","T","M","M","E","$","M","R","B","B",null,"R","$","E","B",null],"character_chosen":"MARISA","items_purchased":["ClockworkSouvenir","Mummified Hand","AsteroidBelt","Acceleration","WitchOfGreed","AlicesGift","Flash of Steel","Omamori","UltimateShortwave","SporeBomb","TheAbacus","HandmadeGrimoire","Sundial","ShootTheMoon","CrazyTorch:ReiMu","Madness","AsteroidBelt","Robbery","ShootTheMoon","Orrery","Toxic Egg 2","SporeBomb+1","UnstableBomb","Juzu Bracelet","NonDirectionalLaser","SnafuTest:CatRelic","DeepEcoloBomb","Medical Kit","PulseMagic+1","Finesse+1","Membership Card","MilkyWay+1","Vajra","PrismaticShard"],"campfire_rested":2,"item_purchase_floors":[0,0,0,0,0,0,0,0,0,0,0,0,0,0,0,0,0,0,0,0,0,0,0,0,0,21,21,30,30,30,39,39,47,54],"current_hp_per_floor":[21,21,21,21,21,21,21,21,21,21,21,21,19,31,31,26,59,59,59,59,59,59,59,59,59,69,71,73,73,73,73,73,75,83,85,87,71,71,71,71,71,73,73,76,79,82,82,85,100,100,100,100,100,100,102,107],"gold":66,"neow_bonus":"","is_daily":false,"chose_seed":false,"campfire_upgraded":4,"win_rate":0.0,"timestamp":1607830558,"path_taken":["M","?","?","?","M","E","R","E","T","M","?","E","M","E","R","BOSS","M","M","?","$","?","E","R","E","T","E","M","R","$","?","R","BOSS","M","?","?","?","$","R","?","E","T","M","M","E","$","M","R","BOSS","BOSS","R","$","E","BOSS"],"items_purchased_type":["Relic","Relic","Card","Card","Card","Card","Card","Relic","Card","Card","Relic","Relic","Relic","Card","Relic","Card","Card","Card","Card","Relic","Relic","Card","Card","Relic","Card","Relic","Card","Relic","Card","Card","Relic","Card","Relic","Relic"],"build_version":"2020-11-30","purchased_purges":26,"victory":true,"max_hp_per_floor":[70,70,70,70,70,70,70,70,70,70,70,70,70,70,70,70,70,70,70,70,70,70,70,70,70,80,82,84,84,84,84,84,86,86,88,90,90,90,90,90,90,92,92,94,96,98,98,100,100,100,100,100,100,100,102,115],"card_choices":[{"not_picked":["PropBag","GasGiant"],"picked":"AlicesGift","floor":0.0},{"not_picked":["6A","MachineGunSpark","RefractionSpark"],"picked":"SKIP","floor":1.0},{"not_picked":["WitchOfGreed","IllusionStar+1","MysteriousBeam"],"picked":"SKIP","floor":5.0},{"not_picked":["ChargingUp+1","MagicChant+1","DarkMatter+1"],"picked":"SKIP","floor":6.0},{"not_picked":["AbsoluteMagnitude","ManaConvection+1","OrrerysSun"],"picked":"SKIP","floor":8.0},{"not_picked":["PowerUp+1","GravityBeat"],"picked":"MagicAbsorber+1","floor":10.0},{"not_picked":["WitchLeyline","GravityBeat","EarthLightRay+1"],"picked":"SKIP","floor":12.0},{"not_picked":["MysteriousBeam","DC","PowerUp+1"],"picked":"SKIP","floor":13.0},{"not_picked":["DoubleSpark","JA"],"picked":"AsteroidBelt+1","floor":14.0},{"not_picked":["BigCrunch+1","JA"],"picked":"CollectingQuirk","floor":16.0},{"not_picked":["GravityBeat","Acceleration+1"],"picked":"AsteroidBelt+1","floor":18.0},{"not_picked":["SporeBomb+1","MysteriousBeam","DC+1"],"picked":"SKIP","floor":19.0},{"not_picked":["WitchOfGreed","Orbital+1","GravityBeat+1"],"picked":"SKIP","floor":23.0},{"not_picked":["GrandCross","PowerUp+1","StarDustReverie+1"],"picked":"SKIP","floor":25.0},{"not_picked":["GrandCross","PowerUp+1","StarDustReverie+1"],"picked":"SKIP","floor":25.0},{"not_picked":["MagicAbsorber+1","WitchLeyline","ChargingUp+1"],"picked":"Singing Bowl","floor":27.0},{"not_picked":["PowerUp+1","DC","DoubleSpark"],"picked":"Singing Bowl","floor":28.0},{"not_picked":["BigCrunch+1","BinaryStars+1","BlazingStar"],"picked":"Singing Bowl","floor":33.0},{"not_picked":["GalacticHalo+1","UnstableBomb+1","Orbital+1"],"picked":"Singing Bowl","floor":35.0},{"not_picked":["6A","DoubleSpark+1","WitchOfGreed"],"picked":"Singing Bowl","floor":36.0},{"not_picked":["ShootingEcho+1","FinalSpark","ShootTheMoon+1"],"picked":"Singing Bowl","floor":42.0},{"not_picked":["SuperPerseids+1","ShootingEcho","ManaConvection+1"],"picked":"Singing Bowl","floor":44.0},{"not_picked":["WitchOfGreed+1","MysteriousBeam+1","DragonMeteor+1"],"picked":"Singing Bowl","floor":45.0},{"not_picked":["MysteriousBeam","UnstableBomb","OneTimeOff+1"],"picked":"Singing Bowl","floor":46.0},{"not_picked":["AsteroidBelt+1","MeteoricShower","DC+1"],"picked":"Singing Bowl","floor":48.0},{"not_picked":["EmptyBody+1","Havoc+1","AirStrike:ReiMu"],"picked":"Singing Bowl","floor":55.0}],"player_experience":709142,"relics_obtained":[{"floor":6.0,"key":"Turnip"},{"floor":8.0,"key":"Lantern"},{"floor":12.0,"key":"FossilizedHelix"},{"floor":23.0,"key":"War Paint"},{"floor":25.0,"key":"Ancient Tea Set"},{"floor":26.0,"key":"Pear"},{"floor":27.0,"key":"Singing Bowl"},{"floor":36.0,"key":"Incense Burner"},{"floor":42.0,"key":"Whetstone"},{"floor":42.0,"key":"BreadOfAWashokuLover"},{"floor":43.0,"key":"Darkstone Periapt"},{"floor":46.0,"key":"MagicBroom"},{"floor":46.0,"key":"Meat on the Bone"},{"floor":55.0,"key":"ScarletDevilRocket"},{"floor":55.0,"key":"Mastiff:ReiMu"}],"event_choices":[{"damage_healed":0.0,"max_hp_gain":0.0,"max_hp_loss":0.0,"gold_gain":0.0,"event_name":"MindBloom","player_choice":"Fight","floor":36.0,"gold_loss":0.0,"damage_taken":0.0},{"damage_healed":0.0,"max_hp_gain":0.0,"max_hp_loss":0.0,"gold_gain":0.0,"event_name":"Winding Halls","player_choice":"Embrace Madness","floor":37.0,"gold_loss":0.0,"damage_taken":16.0,"cards_obtained":["Madness","Madness"]},{"damage_healed":0.0,"max_hp_gain":0.0,"max_hp_loss":0.0,"gold_gain":0.0,"event_name":"Tomb of Lord Red Mask","player_choice":"Paid","floor":41.0,"gold_loss":158.0,"damage_taken":0.0,"relics_obtained":["Red Mask"]}],"is_beta":false,"boss_relics":[{"not_picked":["Pandora\u0027s Box","Fusion Hammer"],"picked":"SlaversCollar"},{"not_picked":["Runic Pyramid","Sozu"],"picked":"Black Star"}],"items_purged_floors":[0,0,0,0,0,0,0,0,0,0,0,0,21,21,21,21,21,21,21,21,21,30,30,38,47,47],"is_endless":false,"potions_floor_spawned":[6,16,18,19,27,36,44,45,55],"ascension_level":20}}