{"host":"rtq35k3rt1qs984b","time":1607896279,"event":{"mods":["2.2 Compatiblity","AchievementEnabler","Act Like it!","Aspiration","BaseMod","Better Note","BetterRewards","Card Forge","Colored Map","Colored Powertips","Conspire","Downfall","Friendly Minions","Gensokyo","GifTheSpireLib","Grow up Mod","Halation","Hallownest","Highlight Path","Hubris","Infinite Spire","Minty Spire (QoL Compilation)","Permanent Neow","Rare Cards Sparkle","Replay The Spire","Shop Mod","StSLib","Steal the Spire","Stuff the Spire","SuperFastMode"],"gold_per_floor":[116,128,57,57,57,57,91,91,114,141,216,246,246,259,259,357,357,368,368,381,381,401,434,434,467,467,492,567,582,600,611,611,710,710,729,729,744,762,300,327,327,357,380,380,412,439,470,513,513,521],"floor_reached":51,"playtime":1220,"items_purged":[],"score":1202,"play_id":"99dd690d-ee56-433f-932d-86d9f72c475a","local_time":"20201213215119","is_ascension_mode":true,"campfire_choices":[{"data":"1","floor":6,"key":"LIFT"},{"data":"2","floor":8,"key":"LIFT"},{"data":"3","floor":15,"key":"LIFT"},{"data":"infinitespire:Punishment","floor":24,"key":"SMITH"},{"data":"Inflame","floor":41,"key":"SMITH"},{"data":"Reaper","floor":44,"key":"SMITH"},{"data":"Metallicize","floor":49,"key":"SMITH"},{"floor":49,"key":"RECALL"}],"circlet_count":0,"master_deck":["Strike_R+1","Strike_R+1","Strike_R+1","Strike_R+1","Strike_R+1","Defend_R+1","Defend_R+1","Defend_R+1","Defend_R+1","Bash+1","Pommel Strike+1","Cleave+1","Inflame+1","Regret","Perfected Strike+1","Feed+1","Flame Barrier+1","Battle Trance+1","Hemogenesis+1","CurseOfTheBell","Inflame+1","infinitespire:Punishment+1","infinitespire:Starlight","Iron Wave+1","Perfected Strike+1","Feel No Pain","Metallicize+1","Reaper+1","Parasite","Bludgeon"],"relics":["Burning Blood","Hammer of Thor","Seething Fire","Anvil of the Gods","Girya","StuffTheSpire:RedRose","hubris:64BitClover","Dream Catcher","Happy Flower","infinitespire:Broken Mirror","Calling Bell","aspiration:ArtOfWarUpgrade","halation:Toothbrush","Mango","infinitespire:Lychee Nut","ReplayTheSpireMod:Shallot","Replay:Mystery Machine","Iron Hammer","Oddly Smooth Stone","WingedGreaves","Runic Dome","ReplayTheSpireMod:TigerMarble","halation:Sosunser","halation:PenCase","MealTicket","Red Skull","Replay:Bandana","Darkstone Periapt","StuffTheSpire:CocoNut"],"acts_visited":["Exordium","TheCity","TheBeyond"],"potions_floor_usage":[16,16,16,16,16,16,37],"damage_taken":[{"damage":15,"enemies":"2 Louse","floor":1,"turns":4},{"damage":8,"enemies":"Small Slimes","floor":2,"turns":3},{"damage":50,"enemies":"Lagavulin","floor":7,"turns":6},{"damage":35,"enemies":"Gremlin Nob","floor":10,"turns":4},{"damage":57,"enemies":"3 Sentries","floor":12,"turns":6},{"damage":8,"enemies":"Cultist","floor":14,"turns":2},{"damage":35,"enemies":"The Guardian","floor":16,"turns":5},{"damage":24,"enemies":"2 Thieves","floor":18,"turns":3},{"damage":18,"enemies":"Shell Parasite","floor":20,"turns":4},{"damage":31,"enemies":"Snake Plant","floor":22,"turns":3},{"damage":37,"enemies":"Slavers","floor":23,"turns":4},{"damage":22,"enemies":"Gremlin Leader","floor":25,"turns":4},{"damage":11,"enemies":"Book of Stabbing","floor":27,"turns":3},{"damage":14,"enemies":"Centurion and Healer","floor":29,"turns":4},{"damage":2,"enemies":"3 Cultists","floor":30,"turns":3},{"damage":21,"enemies":"Snake Plant","floor":31,"turns":2},{"damage":142,"enemies":"Automaton","floor":33,"turns":7},{"damage":19,"enemies":"3 Darklings","floor":35,"turns":5},{"damage":0,"enemies":"Orb Walker","floor":37,"turns":2},{"damage":19,"enemies":"Writhing Mass","floor":38,"turns":3},{"damage":34,"enemies":"Nemesis","floor":40,"turns":3},{"damage":78,"enemies":"Reptomancer","floor":42,"turns":5},{"damage":18,"enemies":"Maw","floor":45,"turns":6},{"damage":15,"enemies":"Spire Growth","floor":46,"turns":3},{"damage":7,"enemies":"4 Shapes","floor":47,"turns":4},{"damage":68,"enemies":"Giant Head","floor":48,"turns":7},{"damage":48,"enemies":"hubris:GrandSnecko","floor":50,"turns":9}],"seed_played":"2442690392816009753","potions_obtained":[{"floor":1,"key":"ColorlessPotion"},{"floor":2,"key":"Death Potion"},{"floor":10,"key":"Block Potion"},{"floor":20,"key":"Dexterity Potion"},{"floor":22,"key":"DistilledChaos"},{"floor":35,"key":"EntropicBrew"},{"floor":38,"key":"Death Potion"}],"is_trial":false,"path_per_floor":["M","M","$","?","?","R","E","R","T","E","?","E","$","M","R_BF","B",null,"M","AVR","M","?","M","E","R","E","T","E","?","M","M","M","R_BF","B",null,"M","T","M","M","$","E","R","E","T","R","M","M","M","E","R","B",null],"character_chosen":"IRONCLAD","items_purchased":["Inflame","halation:Sosunser","halation:PenCase"],"campfire_rested":0,"item_purchase_floors":[3,39,39],"current_hp_per_floor":[62,70,80,102,112,122,88,98,108,89,88,50,60,68,78,107,241,237,228,231,241,232,225,235,239,249,259,238,250,274,286,296,180,349,363,373,403,405,415,402,412,364,374,384,407,413,436,420,430,419],"gold":521,"neow_bonus":"ONE_RARE_RELIC","is_daily":false,"chose_seed":false,"campfire_upgraded":4,"win_rate":0.0,"timestamp":1607896279,"path_taken":["M","M","$","?","?","R","E","R","T","E","?","E","$","M","R_BF","BOSS","M","AVR","M","?","M","E","R","E","T","E","?","M","M","M","R_BF","BOSS","M","?","M","M","$","E","R","E","T","R","M","M","M","E","R","BOSS"],"items_purchased_type":["Card","Relic","Relic"],"build_version":"2020-11-30","purchased_purges":0,"victory":true,"max_hp_per_floor":[100,110,120,130,140,150,160,170,180,190,200,213,223,233,243,253,277,291,228,242,252,262,272,282,296,306,316,326,340,354,368,378,392,402,412,422,432,442,452,462,472,482,492,502,512,522,532,549,559,569],"card_choices":[{"not_picked":["ReplayReversal","Sever Soul"],"picked":"Pommel Strike","floor":1},{"not_picked":["Twin Strike","Body Slam"],"picked":"Cleave","floor":2},{"not_picked":["Heavy Blade","Life Link"],"picked":"Perfected Strike","floor":7},{"not_picked":["Inflame","Demon Form"],"picked":"Feed","floor":10},{"not_picked":["Intimidate","Perfected Strike"],"picked":"Flame Barrier","floor":12},{"not_picked":["Headbutt","Sword Boomerang"],"picked":"Battle Trance","floor":14},{"not_picked":["Eclipse","Fiend Fire"],"picked":"Hemogenesis","floor":16},{"not_picked":["Pummel+1","Metallicize"],"picked":"Inflame","floor":18},{"not_picked":["StuffTheSpire:RockThrow","StuffTheSpire:Incineration"],"picked":"Iron Wave+1","floor":20},{"not_picked":["Run Through+1","StuffTheSpire:Slingshot+1","Body Slam+1"],"picked":"SKIP","floor":22},{"not_picked":["Dark Embrace","Entrench"],"picked":"Perfected Strike+1","floor":23},{"not_picked":["conspire:ExplosiveBarrier","Iron Wave"],"picked":"Feel No Pain","floor":25},{"not_picked":["Life Link","StuffTheSpire:Incineration+1","Blood for Blood+1"],"picked":"SKIP","floor":27},{"not_picked":["hubris:SharpeningStone","Rage","Iron Wave"],"picked":"SKIP","floor":29},{"not_picked":["Shockwave","Anger+1","conspire:ExplosiveBarrier"],"picked":"SKIP","floor":30},{"not_picked":["Shockwave","ReplayTheSpireMod:Limb From Limb"],"picked":"Metallicize","floor":31},{"not_picked":["StuffTheSpire:TitanForm","Impervious"],"picked":"Reaper","floor":33},{"not_picked":["ReplayTheSpireMod:LeadingStrike+1","Run Through","Flex+1"],"picked":"SKIP","floor":35},{"not_picked":["Rage+1","Battle Trance+1","StuffTheSpire:Slingshot"],"picked":"SKIP","floor":37},{"not_picked":["StuffTheSpire:RockThrow+1","Anger","Second Wind"],"picked":"SKIP","floor":38},{"not_picked":["Eclipse","True Grit+1","Ghostly Armor+1"],"picked":"SKIP","floor":40},{"not_picked":["hubris:ReadiedAction","Cleave+1","Clash+1"],"picked":"SKIP","floor":42},{"not_picked":["Spot Weakness","StuffTheSpire:Incineration+1","Rage+1"],"picked":"SKIP","floor":45},{"not_picked":["Headbutt+1","Perfected Strike+1"],"picked":"Bludgeon","floor":46},{"not_picked":["Evolve","StuffTheSpire:Slingshot","Thunderclap"],"picked":"SKIP","floor":47},{"not_picked":["ReplayReversal+1","Life Link","hubris:ReadiedAction"],"picked":"SKIP","floor":48}],"player_experience":115816,"relics_obtained":[{"floor":7,"key":"hubris:64BitClover"},{"floor":9,"key":"Dream Catcher"},{"floor":10,"key":"Happy Flower"},{"floor":12,"key":"infinitespire:Broken Mirror"},{"floor":17,"key":"Art of War"},{"floor":17,"key":"halation:Toothbrush"},{"floor":17,"key":"Mango"},{"floor":23,"key":"ReplayTheSpireMod:Shallot"},{"floor":25,"key":"Replay:Mystery Machine"},{"floor":26,"key":"Iron Hammer"},{"floor":27,"key":"Oddly Smooth Stone"},{"floor":30,"key":"WingedGreaves"},{"floor":36,"key":"ReplayTheSpireMod:TigerMarble"},{"floor":40,"key":"MealTicket"},{"floor":42,"key":"Red Skull"},{"floor":43,"key":"Replay:Bandana"},{"floor":46,"key":"Darkstone Periapt"},{"floor":48,"key":"StuffTheSpire:CocoNut"}],"event_choices":[{"damage_healed":0,"gold_gain":75,"player_choice":"Gather Gold","damage_taken":11,"max_hp_gain":0,"max_hp_loss":0,"event_name":"World of Goop","floor":11,"gold_loss":0},{"damage_healed":0,"gold_gain":75,"player_choice":"Touch","damage_taken":31,"max_hp_gain":0,"max_hp_loss":0,"event_name":"FaceTrader","floor":28,"gold_loss":0}],"is_beta":false,"boss_relics":[{"not_picked":["Cursed Key","halation:ForbiddenBikini"],"picked":"Calling Bell"},{"not_picked":["hubris:GrandSneckoEye","conspire:RoyalGoblet"],"picked":"Runic Dome"}],"items_purged_floors":[],"is_endless":false,"potions_floor_spawned":[1,2,10,12,20,22,25,27,31,35,38,42,47,48],"ascension_level":6}}