{"host":"rygf0m8z92bga31f","time":1607902720,"event":{"mods":["BaseMod","Colored Powertips","Filter the Spire","Minty Spire (QoL Compilation)","Rare Cards Sparkle","Relic Stats","StSLib","Waifu the Spire"],"gold_per_floor":[117,131,141,194,194,194,226,246,246,258,284,296,296,331,331,403,403,416,70,84,84,101,128,128,158,184,219,232,249,259,294,294,294,294],"floor_reached":33,"playtime":1031,"items_purged":["Strike_R"],"score":798,"play_id":"d7175755-dc0f-4cea-8ad7-6bf6c13240c1","local_time":"20201214013840","is_ascension_mode":true,"campfire_choices":[{"data":"Bash","floor":6,"key":"SMITH"},{"data":"Demon Form","floor":13,"key":"SMITH"},{"data":"Heavy Blade","floor":15,"key":"SMITH"},{"floor":24,"key":"REST"},{"floor":32,"key":"REST"}],"circlet_count":0,"master_deck":["AscendersBane","Strike_R","Strike_R","Strike_R","Defend_R","Defend_R","Defend_R","Defend_R","Bash+1","Heavy Blade+1","Perfected Strike","Demon Form+1","Blood for Blood","Carnage","Clothesline","Barricade","Entrench","Sentinel+1","Spot Weakness+1","Ghostly Armor+1","Immolate","Shrug It Off+1","Shockwave+1"],"relics":["Snecko Eye","Strawberry","Bottled Tornado","Thread and Needle","Red Skull","Sozu","Toxic Egg 2","Kunai","PreservedInsect","Bronze Scales","Nunchaku","Oddly Smooth Stone"],"acts_visited":["Exordium","TheCity"],"potions_floor_usage":[5,12,14,23,23],"damage_taken":[{"damage":9,"enemies":"Jaw Worm","floor":1,"turns":4},{"damage":1,"enemies":"2 Louse","floor":2,"turns":3},{"damage":0,"enemies":"Cultist","floor":3,"turns":2},{"damage":20,"enemies":"3 Sentries","floor":7,"turns":6},{"damage":8,"enemies":"Large Slime","floor":8,"turns":5},{"damage":9,"enemies":"Red Slaver","floor":10,"turns":4},{"damage":8,"enemies":"Gremlin Nob","floor":11,"turns":3},{"damage":4,"enemies":"Exordium Thugs","floor":12,"turns":2},{"damage":1,"enemies":"3 Sentries","floor":14,"turns":4},{"damage":0,"enemies":"Slime Boss","floor":16,"turns":3},{"damage":16,"enemies":"2 Thieves","floor":18,"turns":3},{"damage":11,"enemies":"Shell Parasite","floor":20,"turns":2},{"damage":0,"enemies":"Centurion and Healer","floor":22,"turns":4},{"damage":18,"enemies":"Gremlin Leader","floor":23,"turns":4},{"damage":6,"enemies":"Book of Stabbing","floor":25,"turns":5},{"damage":6,"enemies":"Gremlin Leader","floor":27,"turns":4},{"damage":15,"enemies":"Snake Plant","floor":28,"turns":2},{"damage":8,"enemies":"3 Cultists","floor":29,"turns":4},{"damage":6,"enemies":"Chosen and Byrds","floor":30,"turns":3},{"damage":6,"enemies":"Slavers","floor":31,"turns":2},{"damage":39,"enemies":"Collector","floor":33,"turns":5}],"seed_played":"5405953371482467290","potions_obtained":[{"floor":1,"key":"BloodPotion"},{"floor":2,"key":"EssenceOfSteel"},{"floor":5,"key":"AttackPotion"},{"floor":12,"key":"PowerPotion"},{"floor":16,"key":"Explosive Potion"}],"is_trial":true,"path_per_floor":["M","M","M","?","?","R","E","M","T","M","E","M","R","E","R","B",null,"M","$","M","?","M","E","R","E","T","E","M","M","M","E","R","B"],"character_chosen":"IRONCLAD","items_purchased":["Toxic Egg 2"],"campfire_rested":2,"item_purchase_floors":[19],"current_hp_per_floor":[59,58,58,58,73,73,60,52,52,43,35,31,31,30,30,30,69,53,53,42,42,42,24,48,42,42,36,21,13,7,1,25,0,0],"gold":294,"neow_bonus":"","is_daily":false,"chose_seed":false,"campfire_upgraded":3,"win_rate":0.0,"timestamp":1607902720,"path_taken":["M","M","M","?","?","R","E","?","T","M","E","M","R","E","R","BOSS","M","$","M","?","M","E","R","E","T","E","?","M","M","E","R","BOSS"],"items_purchased_type":["Relic"],"build_version":"2020-11-30","purchased_purges":1,"victory":false,"max_hp_per_floor":[75,75,75,75,75,75,82,82,82,82,82,82,82,82,82,82,82,82,82,82,82,82,82,82,82,82,82,82,82,82,82,82,82,82],"relic_stats":{"Sozu":5,"Nunchaku":[2],"counters":[21,74],"Bronze Scales":[62],"Snecko Eye":[111,117,134,119],"PreservedInsect":86,"Kunai":[5],"obtain_stats":[{"Sozu":17,"Nunchaku":27,"Strawberry":7,"Bronze Scales":26,"Snecko Eye":0,"Oddly Smooth Stone":31,"Thread and Needle":11,"PreservedInsect":25,"Kunai":23,"Bottled Tornado":9,"Toxic Egg 2":19,"Red Skull":14},{"Sozu":10,"Nunchaku":16,"Strawberry":4,"Bronze Scales":15,"Snecko Eye":0,"Oddly Smooth Stone":20,"Thread and Needle":7,"PreservedInsect":15,"Kunai":14,"Bottled Tornado":5,"Toxic Egg 2":11,"Red Skull":9},{"Sozu":36,"Nunchaku":58,"Strawberry":15,"Bronze Scales":54,"Snecko Eye":0,"Oddly Smooth Stone":69,"Thread and Needle":27,"PreservedInsect":54,"Kunai":49,"Bottled Tornado":20,"Toxic Egg 2":39,"Red Skull":33}]},"card_choices":[{"not_picked":["Dark Embrace","Flex"],"picked":"Heavy Blade","floor":1},{"not_picked":["Iron Wave","Thunderclap","Clash"],"picked":"SKIP","floor":2},{"not_picked":["True Grit","Power Through"],"picked":"Perfected Strike","floor":3},{"not_picked":["Flame Barrier","Wild Strike"],"picked":"Demon Form","floor":7},{"not_picked":["True Grit","Headbutt"],"picked":"Blood for Blood","floor":8},{"not_picked":["Headbutt","Twin Strike"],"picked":"Carnage","floor":10},{"not_picked":["Power Through","Clash","Seeing Red"],"picked":"SKIP","floor":11},{"not_picked":["True Grit","Havoc"],"picked":"Clothesline","floor":12},{"not_picked":["Double Tap","Iron Wave","Rage"],"picked":"SKIP","floor":14},{"not_picked":["Feed","Fiend Fire"],"picked":"Barricade","floor":16},{"not_picked":["Thunderclap","Spot Weakness+1"],"picked":"Entrench","floor":18},{"not_picked":["Second Wind+1","Sword Boomerang+1"],"picked":"Sentinel+1","floor":20},{"not_picked":["Sword Boomerang","Pummel"],"picked":"Ghostly Armor+1","floor":22},{"not_picked":["Pummel","Wild Strike","Twin Strike"],"picked":"SKIP","floor":23},{"not_picked":["Anger+1","Clothesline","Barricade"],"picked":"SKIP","floor":25},{"not_picked":["Hemokinesis","Infernal Blade+1"],"picked":"Immolate","floor":27},{"not_picked":["Intimidate+1","Twin Strike","Anger"],"picked":"SKIP","floor":28},{"not_picked":["Iron Wave+1","Thunderclap"],"picked":"Shrug It Off+1","floor":29},{"not_picked":["Wild Strike","Flex+1","Sever Soul"],"picked":"SKIP","floor":30},{"not_picked":["Rupture","Armaments+1"],"picked":"Shockwave+1","floor":31}],"player_experience":1805276,"relics_obtained":[{"floor":7,"key":"Strawberry"},{"floor":9,"key":"Bottled Tornado"},{"floor":11,"key":"Thread and Needle"},{"floor":14,"key":"Red Skull"},{"floor":23,"key":"Kunai"},{"floor":25,"key":"PreservedInsect"},{"floor":26,"key":"Bronze Scales"},{"floor":27,"key":"Nunchaku"},{"floor":31,"key":"Oddly Smooth Stone"}],"event_choices":[{"damage_healed":0,"gold_gain":53,"player_choice":"Gained Gold","damage_taken":0,"max_hp_gain":0,"max_hp_loss":0,"event_name":"Golden Wing","floor":4,"gold_loss":0},{"damage_healed":0,"gold_gain":0,"player_choice":"Got Potions","damage_taken":0,"max_hp_gain":0,"max_hp_loss":0,"event_name":"Lab","floor":5,"gold_loss":0},{"damage_healed":0,"gold_gain":0,"cards_transformed":["Strike_R"],"player_choice":"Transformed","damage_taken":0,"max_hp_gain":0,"max_hp_loss":0,"event_name":"Transmorgrifier","floor":21,"gold_loss":0,"cards_obtained":["Spot Weakness"]}],"is_beta":false,"boss_relics":[{"not_picked":["Coffee Dripper","Tiny House"],"picked":"Sozu"}],"items_purged_floors":[19],"is_endless":false,"potions_floor_spawned":[1,2,7,12,16,18,23,28,30,31],"killed_by":"Collector","ascension_level":20}}