{"host":"z9grmtg2w0nmz8n1","time":1607834384,"event":{"mods":["Aspiration","BaseMod","Better Third Choice","BetterRewards","CCEM","Colored Map","GifTheSpireLib","Highlight Path","Hubris","Infinite Spire","Jedi Mod","Jorbs\u0027s Wanderer Trilogy","Minty Spire (QoL Compilation)","Permanent Neow","Replay The Spire","Spicy Shops","StSLib","Stuff the Spire","The Bug Knight"],"gold_per_floor":[112,126,126,136,150,150,166,195,241,241,241,259,286,286,286,286,286],"floor_reached":16,"playtime":975,"items_purged":[],"score":112,"play_id":"3f3d941a-5eec-442f-a90e-c089e3a93ade","local_time":"20201213023944","is_ascension_mode":false,"campfire_choices":[{"floor":6,"key":"RECALL"},{"data":"Bash","floor":10,"key":"SMITH"},{"floor":15,"key":"REST"}],"circlet_count":0,"master_deck":["Strike_R","Strike_R","Strike_R","Strike_R","Strike_R","Defend_R","Defend_R","Defend_R","Defend_R","Bash+1","Sword Boomerang","Iron Wave","Iron Wave","Cleave","Regret","Twin Strike","Demon Form"],"relics":["Burning Blood","aspiration:Nostalgia","stsjorbsmod:GrimoireRelic","hubris:ToyBattleship","StuffTheSpire:RedRose","Potion Belt","CeramicFish"],"acts_visited":["Exordium"],"potions_floor_usage":[5,13,16,16],"damage_taken":[{"damage":10,"enemies":"Jaw Worm","floor":1,"turns":4},{"damage":1,"enemies":"Cultist","floor":2,"turns":4},{"damage":0,"enemies":"Small Slimes","floor":4,"turns":3},{"damage":22,"enemies":"Exordium Thugs","floor":5,"turns":2},{"damage":2,"enemies":"Large Slime","floor":7,"turns":6},{"damage":22,"enemies":"HollowMod:MossKnight","floor":8,"turns":10},{"damage":6,"enemies":"Blue Slaver","floor":12,"turns":3},{"damage":41,"enemies":"Lagavulin","floor":13,"turns":5},{"damage":51,"enemies":"Fading Forest","floor":16,"turns":7}],"seed_played":"-1929230265621196730","potions_obtained":[{"floor":2,"key":"BloodPotion"},{"floor":3,"key":"Death Potion"},{"floor":3,"key":"Cursed Concoction"},{"floor":3,"key":"jedi:mysterypotion"},{"floor":7,"key":"Explosive Potion"},{"floor":13,"key":"ColorlessPotion"}],"is_trial":false,"path_per_floor":["M","M","?","M","M","R","M","E","T","R","?","M","E","?","R","B"],"character_chosen":"IRONCLAD","items_purchased":[],"campfire_rested":1,"item_purchase_floors":[],"current_hp_per_floor":[76,80,80,80,64,64,68,52,52,52,52,52,17,10,34,0,0],"gold":286,"neow_bonus":"NOSTALGIA","is_daily":false,"chose_seed":false,"campfire_upgraded":1,"win_rate":0.0,"timestamp":1607834384,"path_taken":["M","M","?","M","?","R","M","E","T","R","?","?","E","?","R","BOSS"],"items_purchased_type":[],"build_version":"2020-11-30","purchased_purges":0,"victory":false,"max_hp_per_floor":[80,80,80,80,80,80,80,80,80,80,80,80,80,80,80,80,80],"card_choices":[{"not_picked":["Metallicize","Anger"],"picked":"Sword Boomerang","floor":1},{"not_picked":["Searing Blow","Sword Boomerang","jedi:suffering"],"picked":"SKIP","floor":2},{"not_picked":["Carnage","StuffTheSpire:BloodClot"],"picked":"Iron Wave","floor":4},{"not_picked":["Defy Death","jedi:MakeshiftSword"],"picked":"Iron Wave","floor":5},{"not_picked":["Clash","Warcry"],"picked":"Cleave","floor":7},{"not_picked":["Clothesline","ReplayTheSpireMod:Strike From Hell","Intimidate"],"picked":"SKIP","floor":8},{"not_picked":["Pommel Strike","jedi:fear"],"picked":"Twin Strike","floor":12},{"not_picked":["ReplayTheSpireMod:Strike From Hell","Searing Blow"],"picked":"Demon Form","floor":13}],"player_experience":539480,"relics_obtained":[{"floor":8,"key":"hubris:ToyBattleship"},{"floor":13,"key":"Potion Belt"}],"event_choices":[{"damage_healed":0,"gold_gain":0,"player_choice":"Got Potions","damage_taken":0,"max_hp_gain":0,"max_hp_loss":0,"event_name":"Lab","floor":3,"gold_loss":0},{"damage_healed":0,"gold_gain":0,"player_choice":"Relic ","damage_taken":7,"max_hp_gain":0,"max_hp_loss":0,"event_name":"betterThird:BetterScrap","floor":14,"gold_loss":0,"cards_obtained":["Replay:Battleflow"]}],"is_beta":false,"boss_relics":[],"items_purged_floors":[],"is_endless":false,"potions_floor_spawned":[2,4,7,8,13],"killed_by":"Fading Forest","ascension_level":0}}