{"host":"63sioh49uueqzogg","time":1607875873,"event":{"mods":["BaseMod","Card Forge","Colored Map","Colored Powertips","Minty Spire (QoL Compilation)","StSLib","The Animator"],"gold_per_floor":[111,286,328,40,54,100,100,100,100,100,100],"floor_reached":10,"playtime":211,"items_purged":["Doubt"],"score":120,"play_id":"61824f9e-a4f2-4a62-b4f9-fcc9d0aee179","local_time":"20201213081113","is_ascension_mode":true,"campfire_choices":[{"data":"animator:Hitei","floor":7,"key":"SMITH"}],"circlet_count":0,"master_deck":["animator:Defend_MadokaMagica+1","animator:Strike","animator:Strike","animator:Defend+1","animator:Defend","animator:Defend","animator:IrohaTamaki","animator:YuiTsuruno","animator:AcuraAkari","animator:Hitei+1","animator:Togame","animator:NagisaMomoe"],"relics":["animator:LivingPicture","animator:TheMissingPiece","Hammer of Thor","Seething Fire","Anvil of the Gods","NeowsBlessing","War Paint","Prayer Wheel","Bottled Lightning"],"acts_visited":["Exordium"],"potions_floor_usage":[],"damage_taken":[{"damage":0,"enemies":"Small Slimes","floor":1,"turns":1},{"damage":0,"enemies":"Jaw Worm","floor":5,"turns":1},{"damage":0,"enemies":"3 Sentries","floor":6,"turns":2},{"damage":0,"enemies":"Lagavulin","floor":10,"turns":1}],"seed_played":"573690221989313481","potions_obtained":[{"floor":1,"key":"FairyPotion"},{"floor":6,"key":"SteroidPotion"}],"is_trial":false,"path_per_floor":["M","?","?","$","M","E","R","?","T","E"],"character_chosen":"THE_ANIMATOR","items_purchased":["War Paint","animator:Hitei"],"campfire_rested":0,"item_purchase_floors":[4,4],"current_hp_per_floor":[59,59,59,59,59,59,59,52,52,52,52],"gold":100,"neow_bonus":"THREE_ENEMY_KILL","is_daily":false,"chose_seed":false,"campfire_upgraded":1,"win_rate":0.0,"timestamp":1607875873,"path_taken":["M","?","?","$","M","E","R","?","T","E"],"items_purchased_type":["Relic","Card"],"build_version":"2020-11-30","purchased_purges":1,"victory":false,"max_hp_per_floor":[66,66,66,66,66,66,66,66,66,66,66],"card_choices":[{"not_picked":["animator:DwarfShaman","animator:Demiurge"],"picked":"animator:AcuraAkari","floor":1},{"not_picked":["animator:OrikoMikuni","animator:EmiyaShirou"],"picked":"animator:Togame","floor":5},{"not_picked":["animator:Nanami","animator:AcuraAkari"],"picked":"animator:NagisaMomoe","floor":6}],"player_experience":558328,"relics_obtained":[{"floor":6,"key":"Prayer Wheel"},{"floor":9,"key":"Bottled Lightning"}],"event_choices":[{"damage_healed":0,"gold_gain":175,"player_choice":"AGREE","damage_taken":0,"max_hp_gain":0,"max_hp_loss":0,"event_name":"Liars Game","floor":2,"gold_loss":0,"cards_obtained":["Doubt"]},{"cards_removed":["animator:Strike"],"damage_healed":0,"gold_gain":0,"player_choice":"Card Removal","damage_taken":7,"max_hp_gain":0,"max_hp_loss":0,"event_name":"Golden Wing","floor":8,"gold_loss":0}],"is_beta":false,"boss_relics":[],"items_purged_floors":[4],"is_endless":false,"potions_floor_spawned":[1,6],"killed_by":"Lagavulin","ascension_level":7}}