{"host":"x0ovlu53kkkog8rv","time":1607870413,"event":{"mods":["BaseMod","Colored Map","Minty Spire (QoL Compilation)","Quick Restart","SuperFastMode"],"gold_per_floor":[116,127,143,154,104,104,130,130,130,130,143,159,123,153,153,252,252,265,265,364,364,375,375,406,406,406,406,406,0,0],"floor_reached":29,"playtime":1058,"items_purged":[],"score":253,"play_id":"1dc75bc6-597f-4408-bd2c-806b205e8d28","local_time":"20201213234013","is_ascension_mode":true,"campfire_choices":[{"floor":6,"key":"REST"},{"floor":15,"key":"REST"},{"floor":23,"key":"REST"},{"floor":25,"key":"REST"},{"floor":27,"key":"REST"}],"circlet_count":0,"master_deck":["Strike_B","Strike_B","Strike_B","Defend_B","Defend_B","Defend_B","Defend_B","Zap+1","Dualcast","Capacitor+1","Conserve Battery","Redo+1","Rainbow+1","Cold Snap","Storm","Static Discharge","Echo Form","Darkness","Static Discharge","Redo","Storm"],"relics":["Cracked Core","Omamori","Letter Opener","Fusion Hammer","Bronze Scales","Thread and Needle","Art of War"],"acts_visited":["Exordium","TheCity"],"potions_floor_usage":[7,16,24],"damage_taken":[{"damage":1,"enemies":"Cultist","floor":1,"turns":3},{"damage":6,"enemies":"Jaw Worm","floor":2,"turns":3},{"damage":8,"enemies":"Small Slimes","floor":3,"turns":3},{"damage":5,"enemies":"Exordium Wildlife","floor":4,"turns":4},{"damage":41,"enemies":"Gremlin Nob","floor":7,"turns":5},{"damage":0,"enemies":"Exordium Thugs","floor":11,"turns":4},{"damage":0,"enemies":"Large Slime","floor":12,"turns":6},{"damage":14,"enemies":"Hexaghost","floor":16,"turns":8},{"damage":5,"enemies":"3 Byrds","floor":18,"turns":3},{"damage":3,"enemies":"Chosen","floor":22,"turns":3},{"damage":64,"enemies":"Slavers","floor":24,"turns":4},{"damage":19,"enemies":"Slavers","floor":29,"turns":1}],"seed_played":"5520996478764075919","potions_obtained":[{"floor":2,"key":"PowerPotion"},{"floor":7,"key":"Swift Potion"},{"floor":12,"key":"Energy Potion"},{"floor":16,"key":"SteroidPotion"},{"floor":18,"key":"AttackPotion"},{"floor":24,"key":"LiquidBronze"}],"is_trial":false,"path_per_floor":["M","M","M","M","?","R","E","?","T","?","M","M","$","?","R","B",null,"M","?","?","T","M","R","E","R","T","R","?","?"],"character_chosen":"DEFECT","items_purchased":["Static Discharge"],"campfire_rested":5,"item_purchase_floors":[13],"current_hp_per_floor":[74,68,60,55,55,75,34,34,34,19,19,19,19,19,41,27,75,70,70,70,70,67,75,11,33,33,55,41,41,41],"gold":0,"neow_bonus":"UPGRADE_CARD","is_daily":false,"chose_seed":false,"campfire_upgraded":0,"win_rate":0.0,"timestamp":1607870413,"path_taken":["M","M","?","M","?","R","E","?","T","?","M","?","?","?","R","BOSS","M","?","?","?","?","R","E","R","T","R","?","?"],"items_purchased_type":["Card"],"build_version":"2020-11-30","purchased_purges":0,"victory":false,"max_hp_per_floor":[75,75,75,75,75,75,75,75,75,75,75,75,75,75,75,75,75,75,75,75,75,75,75,75,75,75,75,80,80,80],"card_choices":[{"not_picked":["Leap","Undo","Steam"],"picked":"SKIP","floor":1},{"not_picked":["Hologram","Go for the Eyes"],"picked":"Capacitor","floor":2},{"not_picked":["Rebound","Compile Driver"],"picked":"Conserve Battery","floor":3},{"not_picked":["Reinforced Body","Auto Shields"],"picked":"Redo","floor":4},{"not_picked":["Scrape","Core Surge"],"picked":"Rainbow","floor":7},{"not_picked":["Redo","Go for the Eyes"],"picked":"Cold Snap","floor":11},{"not_picked":["Tempest","Beam Cell"],"picked":"Storm","floor":12},{"not_picked":["Biased Cognition","Multi-Cast"],"picked":"Echo Form","floor":16},{"not_picked":["Rip and Tear","Cold Snap"],"picked":"Darkness","floor":18},{"not_picked":["Doom and Gloom","Reprogram"],"picked":"Redo","floor":22},{"not_picked":["Loop","Turbo"],"picked":"Storm","floor":24}],"player_experience":211694,"relics_obtained":[{"floor":7,"key":"Omamori"},{"floor":9,"key":"Letter Opener"},{"floor":21,"key":"Bronze Scales"},{"floor":24,"key":"Thread and Needle"},{"floor":26,"key":"Art of War"}],"event_choices":[{"cards_removed":["Strike_B"],"damage_healed":0,"gold_gain":0,"player_choice":"Card Removal","damage_taken":0,"max_hp_gain":0,"max_hp_loss":0,"event_name":"The Cleric","floor":5,"gold_loss":50},{"damage_healed":0,"gold_gain":0,"player_choice":"Grow","damage_taken":0,"max_hp_gain":0,"max_hp_loss":0,"event_name":"Living Wall","floor":8,"gold_loss":0,"cards_upgraded":["Rainbow"]},{"damage_healed":0,"gold_gain":0,"player_choice":"Entered Light","damage_taken":15,"max_hp_gain":0,"max_hp_loss":0,"event_name":"Shining Light","floor":10,"gold_loss":0,"cards_upgraded":["Capacitor","Redo"]},{"damage_healed":0,"gold_gain":30,"player_choice":"Searched \u00271\u0027 times","damage_taken":0,"max_hp_gain":0,"max_hp_loss":0,"event_name":"Dead Adventurer","floor":14,"gold_loss":0},{"damage_healed":0,"gold_gain":0,"player_choice":"Read","damage_taken":0,"max_hp_gain":0,"max_hp_loss":0,"event_name":"The Library","floor":19,"gold_loss":0,"cards_obtained":["Static Discharge"]},{"damage_healed":0,"gold_gain":99,"player_choice":"Stole From Cult","damage_taken":0,"max_hp_gain":0,"max_hp_loss":0,"event_name":"Nest","floor":20,"gold_loss":0},{"damage_healed":0,"gold_gain":0,"player_choice":"Shed Blood","damage_taken":19,"max_hp_gain":5,"max_hp_loss":0,"event_name":"Forgotten Altar","floor":28,"gold_loss":0},{"damage_healed":0,"gold_gain":0,"player_choice":"Paid Fearfully","damage_taken":0,"max_hp_gain":0,"max_hp_loss":0,"event_name":"Masked Bandits","floor":29,"gold_loss":406}],"is_beta":false,"boss_relics":[{"not_picked":["Velvet Choker","Snecko Eye"],"picked":"Fusion Hammer"}],"items_purged_floors":[],"is_endless":false,"potions_floor_spawned":[2,7,12,16,18,24],"killed_by":"Slavers","ascension_level":1}}