{"host":"a1eatafr7pisesky","time":1607875040,"event":{"mods":["BaseMod","Colored Map","DeckTracker","Highlight Path","Keyboard Shortcuts","Minty Spire (QoL Compilation)","Permanent Neow","Random Character Button","StSLib","SuperFastMode","everything is the same but u backflip on backflip"],"gold_per_floor":[119,137,150,21,38,38,69,69,69,84,119,139,150,13,13,116,116,136,155,30,30,30,30,42,77,77,90,119,119,119,135,135,239,239,253,263,273,293,293,293,293,293],"floor_reached":41,"playtime":1240,"items_purged":["Defend_B","Strike_B","Strike_B"],"score":536,"play_id":"8fdd6364-e993-4611-99fd-3974c4526100","local_time":"20201214005720","is_ascension_mode":true,"campfire_choices":[{"data":"Dualcast","floor":6.0,"key":"SMITH"},{"floor":8.0,"key":"REST"},{"floor":15.0,"key":"REST"},{"data":"Tempest","floor":23.0,"key":"SMITH"},{"data":"Loop","floor":30.0,"key":"SMITH"},{"floor":32.0,"key":"REST"},{"floor":40.0,"key":"REST"}],"circlet_count":0,"master_deck":["Zap","Dualcast+1","Ball Lightning","Compile Driver","Ball Lightning","Leap","Steam","Ball Lightning","Electrodynamics","Leap","Static Discharge","Thunder Strike","Loop+1","Tempest+1","Blizzard","Conserve Battery","Conserve Battery+1","Amplify","Chill+1","Rip and Tear+1","Recycle+1","Leap+1","Capacitor+1","Turbo+1"],"relics":["Cracked Core","Symbiotic Virus","Bag of Preparation","SlaversCollar","Lantern","Kunai","Oddly Smooth Stone","Astrolabe"],"acts_visited":["Exordium","TheCity","TheBeyond"],"potions_floor_usage":[41],"damage_taken":[{"damage":1.0,"enemies":"Cultist","floor":1.0,"turns":3.0},{"damage":4.0,"enemies":"Small Slimes","floor":2.0,"turns":2.0},{"damage":7.0,"enemies":"Jaw Worm","floor":3.0,"turns":2.0},{"damage":10.0,"enemies":"Blue Slaver","floor":5.0,"turns":3.0},{"damage":34.0,"enemies":"Lagavulin","floor":7.0,"turns":4.0},{"damage":0.0,"enemies":"Exordium Thugs","floor":10.0,"turns":3.0},{"damage":21.0,"enemies":"3 Sentries","floor":11.0,"turns":5.0},{"damage":10.0,"enemies":"Gremlin Gang","floor":12.0,"turns":2.0},{"damage":0.0,"enemies":"Looter","floor":13.0,"turns":2.0},{"damage":25.0,"enemies":"The Guardian","floor":16.0,"turns":8.0},{"damage":15.0,"enemies":"Shell Parasite","floor":18.0,"turns":5.0},{"damage":0.0,"enemies":"3 Byrds","floor":19.0,"turns":2.0},{"damage":10.0,"enemies":"Centurion and Healer","floor":24.0,"turns":4.0},{"damage":15.0,"enemies":"Slavers","floor":25.0,"turns":2.0},{"damage":0.0,"enemies":"Sentry and Sphere","floor":27.0,"turns":3.0},{"damage":14.0,"enemies":"Gremlin Leader","floor":28.0,"turns":4.0},{"damage":9.0,"enemies":"Cultist and Chosen","floor":31.0,"turns":4.0},{"damage":32.0,"enemies":"Champ","floor":33.0,"turns":8.0},{"damage":0.0,"enemies":"3 Shapes","floor":35.0,"turns":3.0},{"damage":26.0,"enemies":"3 Darklings","floor":36.0,"turns":3.0},{"damage":31.0,"enemies":"Maw","floor":37.0,"turns":7.0},{"damage":17.0,"enemies":"4 Shapes","floor":38.0,"turns":4.0},{"damage":26,"enemies":"2 Orb Walkers","floor":41,"turns":2}],"seed_played":"-1569875687428398029","potions_obtained":[{"floor":5.0,"key":"EssenceOfDarkness"},{"floor":7.0,"key":"DistilledChaos"},{"floor":10.0,"key":"ColorlessPotion"},{"floor":12.0,"key":"Ancient Potion"},{"floor":18.0,"key":"PowerPotion"},{"floor":27.0,"key":"Block Potion"},{"floor":31.0,"key":"EntropicBrew"},{"floor":37.0,"key":"ColorlessPotion"}],"is_trial":false,"path_per_floor":["M","M","M","$","M","R","E","R","T","M","E","M","M","$","R","B",null,"M","M","$","?","?","R","M","E","T","M","E","$","R","M","R","B",null,"M","M","M","M","?","R","?"],"character_chosen":"DEFECT","items_purchased":["Ball Lightning","Static Discharge"],"campfire_rested":4,"item_purchase_floors":[4,14],"current_hp_per_floor":[74,70,63,63,53,53,19,41,41,41,20,10,10,10,32,7,75,60,60,60,60,60,60,50,35,35,35,21,21,21,12,34,11,75,75,49,18,1,1,22,0,0],"gold":293,"neow_bonus":"REMOVE_CARD","is_daily":false,"chose_seed":false,"campfire_upgraded":3,"win_rate":0.0,"timestamp":1607875040,"path_taken":["M","M","M","$","M","R","E","R","T","M","E","M","M","$","R","BOSS","M","M","$","?","?","R","M","E","T","M","E","$","R","M","R","BOSS","M","M","M","M","?","R","?"],"items_purchased_type":["Card","Card"],"build_version":"2020-11-30","purchased_purges":3,"victory":false,"max_hp_per_floor":[75,75,75,75,75,75,75,75,75,75,75,75,75,75,75,75,75,75,75,75,75,75,75,75,75,75,75,75,75,75,75,75,75,75,75,75,75,75,71,71,71,71],"card_choices":[{"not_picked":["Steam","Stack"],"picked":"Ball Lightning","floor":1.0},{"not_picked":["BootSequence","Melter"],"picked":"Steam","floor":2.0},{"not_picked":["FTL","Rebound"],"picked":"Compile Driver","floor":3.0},{"not_picked":["Rebound","Hologram"],"picked":"Leap","floor":5.0},{"not_picked":["Double Energy","Turbo"],"picked":"Steam","floor":7.0},{"not_picked":["Steam Power","Steam"],"picked":"Barrage","floor":10.0},{"not_picked":["Barrage","Steam"],"picked":"Ball Lightning","floor":11.0},{"not_picked":["Steam","White Noise"],"picked":"Electrodynamics","floor":12.0},{"not_picked":["Force Field","Barrage"],"picked":"Leap","floor":13.0},{"not_picked":["Electrodynamics","Multi-Cast"],"picked":"Thunder Strike","floor":16.0},{"not_picked":["Sunder","Rip and Tear","Steam"],"picked":"SKIP","floor":18.0},{"not_picked":["Hello World+1","Stack"],"picked":"Loop","floor":19.0},{"not_picked":["Hologram+1","Steam Power+1","Sweeping Beam+1"],"picked":"SKIP","floor":24.0},{"not_picked":["Beam Cell+1","Rip and Tear"],"picked":"Conserve Battery","floor":25.0},{"not_picked":["Reinforced Body","Sweeping Beam"],"picked":"Conserve Battery+1","floor":27.0},{"not_picked":["Gash","Reinforced Body","Stack"],"picked":"SKIP","floor":28.0},{"not_picked":["Sweeping Beam","Coolheaded","Stack"],"picked":"SKIP","floor":31.0},{"not_picked":["Meteor Strike","Buffer"],"picked":"Amplify","floor":33.0},{"not_picked":["Gash","FTL","Chill"],"picked":"SKIP","floor":35.0},{"not_picked":["Rip and Tear","Sweeping Beam+1"],"picked":"Leap+1","floor":36.0},{"not_picked":["Melter","Steam Power+1"],"picked":"Capacitor+1","floor":37.0},{"not_picked":["Streamline+1","Tempest"],"picked":"Turbo+1","floor":38.0}],"player_experience":202473,"relics_obtained":[{"floor":7.0,"key":"Symbiotic Virus"},{"floor":11.0,"key":"Bag of Preparation"},{"floor":25.0,"key":"Lantern"},{"floor":26.0,"key":"Kunai"},{"floor":28.0,"key":"Oddly Smooth Stone"}],"event_choices":[{"damage_healed":0.0,"max_hp_gain":0.0,"max_hp_loss":0.0,"gold_gain":0.0,"cards_transformed":["Defend_B","Strike_B"],"event_name":"Drug Dealer","player_choice":"Became Test Subject","floor":21.0,"gold_loss":0.0,"damage_taken":0.0,"cards_obtained":["Tempest","Blizzard"]},{"cards_removed":["Barrage"],"damage_healed":0.0,"max_hp_gain":0.0,"max_hp_loss":0.0,"gold_gain":0.0,"event_name":"Back to Basics","player_choice":"Elegance","floor":22.0,"gold_loss":0.0,"damage_taken":0.0},{"damage_healed":0.0,"max_hp_gain":0.0,"max_hp_loss":4.0,"gold_gain":0.0,"event_name":"Winding Halls","player_choice":"Max HP","floor":39.0,"gold_loss":0.0,"damage_taken":0.0},{"damage_healed":0,"gold_gain":0,"player_choice":"Fight","damage_taken":0,"max_hp_gain":0,"max_hp_loss":0,"event_name":"Mysterious Sphere","floor":41,"gold_loss":0}],"is_beta":false,"boss_relics":[{"not_picked":["Coffee Dripper","Philosopher\u0027s Stone"],"picked":"SlaversCollar"},{"not_picked":["Black Star","Snecko Eye"],"picked":"Astrolabe"}],"items_purged_floors":[4,14,20],"is_endless":false,"potions_floor_spawned":[5,7,10,12,18,24,27,31,37],"killed_by":"2 Orb Walkers","ascension_level":4}}