{"host":"wukocnei7dgudpva","time":1607902326,"event":{"mods":["AchievementEnabler","BaseMod","Colored Map","Minty Spire (QoL Compilation)","StSLib"],"gold_per_floor":[116,116,135,135,210,227,238,252,252,252,313,313,313],"floor_reached":12,"playtime":576,"items_purged":[],"score":70,"play_id":"b8baddfd-39af-405f-9a94-eafee1c3bce7","local_time":"20201214083206","is_ascension_mode":false,"campfire_choices":[],"circlet_count":0,"master_deck":["Strike_B","Strike_B","Strike_B","Strike_B","Defend_B","Defend_B","Defend_B","Defend_B","Zap","Dualcast","Leap","Lockon","Defragment"],"relics":["Cracked Core","Emotion Chip","Question Card"],"acts_visited":["Exordium"],"potions_floor_usage":[11],"damage_taken":[{"damage":6,"enemies":"Jaw Worm","floor":1,"turns":4},{"damage":1,"enemies":"Small Slimes","floor":3,"turns":4},{"damage":1,"enemies":"Cultist","floor":6,"turns":3},{"damage":3,"enemies":"Large Slime","floor":7,"turns":6},{"damage":2,"enemies":"Blue Slaver","floor":8,"turns":6},{"damage":4,"enemies":"Lagavulin Event","floor":11,"turns":4},{"damage":8,"enemies":"Lagavulin","floor":12,"turns":3}],"seed_played":"-6773621121470298345","potions_obtained":[{"floor":6,"key":"Ancient Potion"},{"floor":7,"key":"CultistPotion"},{"floor":8,"key":"PowerPotion"}],"is_trial":false,"path_per_floor":["M","$","M","?","?","M","M","M","T","?","?","E"],"character_chosen":"DEFECT","items_purchased":[],"campfire_rested":0,"item_purchase_floors":[],"current_hp_per_floor":[76,76,75,80,69,68,65,63,63,63,59,51,51],"gold":313,"neow_bonus":"TEN_PERCENT_HP_BONUS","is_daily":false,"chose_seed":false,"campfire_upgraded":0,"win_rate":0.0,"timestamp":1607902326,"path_taken":["M","$","M","?","?","M","M","?","T","?","?","E"],"items_purchased_type":[],"build_version":"2020-11-30","purchased_purges":0,"victory":false,"max_hp_per_floor":[82,82,82,87,87,87,87,87,87,87,87,87,87],"card_choices":[{"not_picked":["Rebound","Loop"],"picked":"Leap","floor":1},{"not_picked":["Conserve Battery","Steam"],"picked":"Lockon","floor":3},{"not_picked":["Gash","Turbo","Rebound"],"picked":"SKIP","floor":6},{"not_picked":["Steam Power","Hello World","Tempest"],"picked":"SKIP","floor":7},{"not_picked":["Hello World","Coolheaded","Gash"],"picked":"SKIP","floor":8},{"not_picked":["Coolheaded","Stack"],"picked":"Defragment","floor":11}],"player_experience":209233,"relics_obtained":[{"floor":9,"key":"Emotion Chip"},{"floor":11,"key":"Question Card"}],"event_choices":[{"damage_healed":0,"gold_gain":0,"player_choice":"Donut","damage_taken":0,"max_hp_gain":5,"max_hp_loss":0,"event_name":"Big Fish","floor":4,"gold_loss":0},{"damage_healed":0,"gold_gain":75,"player_choice":"Gather Gold","damage_taken":11,"max_hp_gain":0,"max_hp_loss":0,"event_name":"World of Goop","floor":5,"gold_loss":0},{"damage_healed":0,"gold_gain":0,"player_choice":"Ignored","damage_taken":0,"max_hp_gain":0,"max_hp_loss":0,"event_name":"Liars Game","floor":10,"gold_loss":0},{"damage_healed":0,"gold_gain":0,"player_choice":"Searched \u00271\u0027 times","damage_taken":0,"max_hp_gain":0,"max_hp_loss":0,"event_name":"Dead Adventurer","floor":11,"gold_loss":0}],"is_beta":false,"boss_relics":[],"items_purged_floors":[],"is_endless":false,"potions_floor_spawned":[6,7,8],"killed_by":"Lagavulin","ascension_level":0}}