{"host":"otf1z5955ddlv5pq","time":1607836147,"event":{"mods":["BaseMod","Beaked The Cultist","Better Altar","Better Match","Better Note","Better Sensory Stone","Better Skull","Better Third Choice","Colored Map","Colored Powertips","Downfall","Minty Spire (QoL Compilation)","Rare Cards Sparkle","Replay The Spire","StSLib"],"gold_per_floor":[118,43,43,43,58,58,86,86,113,113,132,32,32,45,45,141,141,151,151,151,26,26,54,54,89,112,112,123,141,141,153,153,252,252,269,269,119,119,119,119,148,159,159,159,259,275,294,3,3,3,3,3,3,28,28,28],"floor_reached":55,"playtime":3497,"items_purged":["Defend_B","Strike_B","Strike_B","Strike_B"],"score":747,"play_id":"24732bea-e77f-48cc-a3e6-c6e159f6bd38","local_time":"20201212210907","is_ascension_mode":true,"campfire_choices":[{"data":"Dualcast","floor":6.0,"key":"SMITH"},{"data":"Sweeping Beam","floor":8.0,"key":"SMITH"},{"data":"Defend_B","floor":10.0,"key":"SMITH"},{"floor":15.0,"key":"REST"},{"floor":24.0,"key":"REST"},{"data":"Sunder","floor":27.0,"key":"SMITH"},{"floor":32.0,"key":"REST"},{"data":"Conserve Battery","floor":40,"key":"SMITH"},{"floor":44,"key":"RECALL"},{"floor":49,"key":"REST"},{"data":"1","floor":52,"key":"LIFT"}],"circlet_count":0,"master_deck":["Defend_B+1","Defend_B+1","Zap+1","Dualcast+1","Sweeping Beam+1","Seek","Sunder+1","Gash","Go for the Eyes","Panic Button+1","Conserve Battery+1","Echo Form","beaked:TaskmastersTorture","ReplayGash","Scrape+1","Fusion+1"],"relics":["Cracked Core","Strawberry","MealTicket","SlaversCollar","Happy Flower","Lantern","ReplayTheSpireMod:Lightbulb","Girya","beaked:SacredDeck","Bag of Marbles","ReplayTheSpireMod:Ring of Collecting","ReplayTheSpireMod:Ring of Exchange","Dream Catcher","ReplayTheSpireMod:Ring of Addiction","SacredBark","Chameleon Ring","Ice Cream","Gremlin Horn"],"acts_visited":["Exordium","TheCity","TheBeyond","TheEnding"],"potions_floor_usage":[47,47,50],"damage_taken":[{"damage":5.0,"enemies":"2 Louse","floor":1.0,"turns":3.0},{"damage":0.0,"enemies":"Cultist","floor":5.0,"turns":3.0},{"damage":34.0,"enemies":"Lagavulin","floor":7.0,"turns":6.0},{"damage":7.0,"enemies":"Small Slimes","floor":11.0,"turns":2.0},{"damage":0.0,"enemies":"Looter","floor":14.0,"turns":3.0},{"damage":44.0,"enemies":"Fading Forest","floor":16.0,"turns":11.0},{"damage":23.0,"enemies":"3 Byrds","floor":18.0,"turns":4.0},{"damage":40.0,"enemies":"Slavers","floor":23.0,"turns":5.0},{"damage":24.0,"enemies":"Gremlin Leader","floor":25.0,"turns":7.0},{"damage":0.0,"enemies":"Chosen","floor":28.0,"turns":3.0},{"damage":4.0,"enemies":"3 Cultists","floor":29.0,"turns":4.0},{"damage":0.0,"enemies":"Cultist and Chosen","floor":31.0,"turns":4.0},{"damage":16.0,"enemies":"Collector","floor":33.0,"turns":9.0},{"damage":17,"enemies":"3 Shapes","floor":35,"turns":3},{"damage":13,"enemies":"Nemesis","floor":41,"turns":7},{"damage":38,"enemies":"3 Darklings","floor":42,"turns":3},{"damage":1,"enemies":"Jaw Worm Horde","floor":46,"turns":3},{"damage":17,"enemies":"Writhing Mass","floor":47,"turns":4},{"damage":28,"enemies":"Time Eater","floor":50,"turns":5},{"damage":37,"enemies":"Shield and Spear","floor":54,"turns":4},{"damage":90,"enemies":"The Heart","floor":55,"turns":3}],"seed_played":"2079346924700292732","potions_obtained":[{"floor":11.0,"key":"Languid Potion"},{"floor":14.0,"key":"SteroidPotion"},{"floor":28.0,"key":"ColorlessPotion"},{"floor":31.0,"key":"FearPotion"},{"floor":35,"key":"SkillPotion"},{"floor":42,"key":"ColorlessPotion"},{"floor":43,"key":"Regen Potion"},{"floor":43,"key":"FocusPotion"}],"is_trial":false,"path_per_floor":["M","$","?","$","M","R","E","R","T","R","M","$","?","M","R","B",null,"M","?","?","$","?","E","R","E","T","R","M","M","?","M","R","B",null,"M","T","$","?","?","R","E","M","T","R","?","M","M","$","R","B",null,"R","$","E","B"],"character_chosen":"DEFECT","items_purchased":["Ice Cream"],"campfire_rested":4,"item_purchase_floors":[48],"current_hp_per_floor":[70,70,70,70,70,70,43,43,43,43,36,51,35,35,59,25,82,59,59,59,74,74,34,58,34,34,34,34,30,30,30,54,38,82,65,65,80,80,80,80,67,29,29,29,29,28,23,38,62,34,80,80,80,41,0,0],"gold":28,"neow_bonus":"REMOVE_CARD","is_daily":false,"chose_seed":false,"campfire_upgraded":5,"win_rate":0.0,"timestamp":1607836147,"path_taken":["M","$","?","?","?","R","E","R","T","R","M","$","?","M","R","BOSS","M","?","?","$","?","E","R","E","T","R","M","M","?","M","R","BOSS","M","?","$","?","?","R","E","?","T","R","?","M","?","$","R","BOSS","R","$","E","BOSS"],"items_purchased_type":["Relic"],"build_version":"2020-11-30","purchased_purges":4,"victory":false,"max_hp_per_floor":[75,75,75,75,75,75,82,82,82,82,82,82,82,82,82,82,82,82,82,82,82,82,82,82,82,82,82,82,82,82,82,82,82,82,82,82,82,82,82,82,82,82,82,82,82,82,80,80,80,80,80,80,80,78,78,78],"card_choices":[{"not_picked":["Stack","Force Field","Reinforced Body"],"picked":"SKIP","floor":1.0},{"not_picked":["Barrage","Steam","ReplayTheSpireMod:GoodbyeWorld"],"picked":"SKIP","floor":5.0},{"not_picked":["FIFO Queue","Aggregate"],"picked":"Sweeping Beam","floor":7.0},{"not_picked":["Steam","Coolheaded","BasicCrystalCard"],"picked":"SKIP","floor":11.0},{"not_picked":["Rip and Tear","Steam Power","Compile Driver"],"picked":"SKIP","floor":14.0},{"not_picked":["Mirror Shield","Core Surge"],"picked":"Seek","floor":16.0},{"not_picked":["Streamline","Hologram"],"picked":"Sunder","floor":18.0},{"not_picked":["Creative AI","Heatsinks","Sunder"],"picked":"SKIP","floor":23.0},{"not_picked":["Coolheaded","ReplayTheSpireMod:Reroute Power+1","Go for the Eyes"],"picked":"SKIP","floor":25.0},{"not_picked":["Ball Lightning","Redo"],"picked":"Go for the Eyes","floor":28.0},{"not_picked":["Cold Snap+1","ReplayTheSpireMod:Omega Cannon"],"picked":"Panic Button+1","floor":29.0},{"not_picked":["Rebound","Cold Snap+1"],"picked":"Conserve Battery","floor":31.0},{"not_picked":["Thunder Strike","Seek"],"picked":"Echo Form","floor":33.0},{"not_picked":["Heatsinks","Chill+1"],"picked":"ReplayGash","floor":35},{"not_picked":["Cold Snap","Undo+1","Melter"],"picked":"SKIP","floor":41},{"not_picked":["Storm","Recycle","Turbo+1"],"picked":"SKIP","floor":42},{"not_picked":["Cold Snap","Sweeping Beam"],"picked":"Scrape+1","floor":46},{"not_picked":["Doom and Gloom+1","Ball Lightning+1","Darkness"],"picked":"SKIP","floor":47},{"not_picked":["Capacitor","Consume"],"picked":"Fusion+1","floor":54}],"player_experience":871901,"relics_obtained":[{"floor":7.0,"key":"Strawberry"},{"floor":9.0,"key":"MealTicket"},{"floor":23.0,"key":"Happy Flower"},{"floor":25.0,"key":"Lantern"},{"floor":26.0,"key":"ReplayTheSpireMod:Lightbulb"},{"floor":30.0,"key":"Girya"},{"floor":36,"key":"Bag of Marbles"},{"floor":38,"key":"ReplayTheSpireMod:Ring of Collecting"},{"floor":38,"key":"ReplayTheSpireMod:Ring of Exchange"},{"floor":41,"key":"Dream Catcher"},{"floor":43,"key":"ReplayTheSpireMod:Ring of Addiction"},{"floor":43,"key":"SacredBark"},{"floor":43,"key":"Chameleon Ring"},{"floor":54,"key":"Gremlin Horn"}],"event_choices":[{"damage_healed":0.0,"max_hp_gain":0.0,"max_hp_loss":0.0,"gold_gain":0.0,"event_name":"Upgrade Shrine","player_choice":"Upgraded","floor":3.0,"gold_loss":0.0,"damage_taken":0.0,"cards_upgraded":["Zap"]},{"damage_healed":51.0,"max_hp_gain":0.0,"max_hp_loss":82.0,"gold_gain":0.0,"event_name":"betterThird:BetterShining","player_choice":"Upgrade","floor":13.0,"gold_loss":0.0,"damage_taken":16.0,"cards_upgraded":["Defend_B","Defend_B"]},{"damage_healed":0.0,"max_hp_gain":0.0,"max_hp_loss":0.0,"gold_gain":0.0,"event_name":"Ghosts","player_choice":"Ignored","floor":19.0,"gold_loss":0.0,"damage_taken":0.0},{"damage_healed":0.0,"max_hp_gain":0.0,"max_hp_loss":0.0,"gold_gain":0.0,"event_name":"The Library","player_choice":"Read","floor":20.0,"gold_loss":0.0,"damage_taken":0.0,"cards_obtained":["Gash"]},{"damage_healed":0.0,"max_hp_gain":0.0,"max_hp_loss":0.0,"gold_gain":0.0,"event_name":"Wheel of Change","player_choice":"Relic","floor":30.0,"gold_loss":0.0,"damage_taken":0.0},{"cards_removed":["Defend_B"],"damage_healed":0,"gold_gain":0,"player_choice":"Purged","damage_taken":0,"max_hp_gain":0,"max_hp_loss":0,"event_name":"Purifier","floor":39,"gold_loss":0},{"damage_healed":0,"gold_gain":100,"player_choice":"Pray","damage_taken":0,"max_hp_gain":0,"max_hp_loss":0,"event_name":"Golden Shrine","floor":45,"gold_loss":0}],"is_beta":false,"boss_relics":[{"not_picked":["Ectoplasm","ChewingGum"],"picked":"SlaversCollar"},{"not_picked":["Replay:Bronze Core","Sozu"],"picked":"beaked:SacredDeck"}],"items_purged_floors":[2,12,21,37],"is_endless":false,"potions_floor_spawned":[11,14,28,31,35,42,46],"killed_by":"The Heart","ascension_level":2}}