{"host":"oumbqh1z6oj8ya5w","time":1607854635,"event":{"mods":["A Magickal Journey","AchievementEnabler","Act Like it!","Aspiration","BaseMod","Better Note","Conjunction","Gensokyo","Googly Eyes","Hallownest","Hyrulean Relics","Jedi Mod","Koishi","Marisa????????","Minty Spire (QoL Compilation)","Pale of the Ancients","Rare Cards Sparkle","Reimu??????","SCP261 Mod","SacredBarkPlus","StSLib","The Bladedancer","The Blue Laboratory","The Bug Knight","The Death Knight","The Forsaken","The Servant 0.9.4","The Spell Scribe","Uncapped"],"gold_per_floor":[116,116,46,46,57,86,98,130,209,209,209,2,2,27,27,127,127,144,162,219,234,45,45,74,3,3,3,35,35,35,67,67,162,162,181,181,194,50,50,50],"floor_reached":39,"playtime":2173,"items_purged":[],"score":534,"play_id":"aaf69e24-afb6-4254-a263-0f68525ce492","local_time":"20201213101715","is_ascension_mode":true,"campfire_choices":[{"data":"theScribe:StaticCage","floor":10,"key":"SMITH"},{"data":"theScribe:Frost","floor":13,"key":"SMITH"},{"data":"theScribe:CatalyticCatastrophe","floor":15,"key":"SMITH"},{"data":"theScribe:ScriptedStarfall","floor":23,"key":"SMITH"},{"data":"theScribe:LightningStrike","floor":29,"key":"SMITH"},{"data":"theScribe:Conflagrate","floor":32,"key":"SMITH"}],"circlet_count":0,"master_deck":["theScribe:StarterAttack+1","theScribe:LightningStrike","theScribe:LightningStrike+1","theScribe:StarterDefend","theScribe:StarterDefend","theScribe:StarterDefend","theScribe:IcyDefend","theScribe:IcyDefend","theScribe:StarterModifier+1","theScribe:MirrorImage","theScribe:Thwack+1","theScribe:ScindoSpellstone","theScribe:StaticCage+1","theScribe:CatalyticCatastrophe+1","theScribe:Frost+1","theScribe:ScriptedStarfall+1","theScribe:InvigoratingStrike","theScribe:EnchantedStrike+1","theScribe:WeirdShield+1","theScribe:StaticCage","theScribe:Conflagrate+1","theScribe:ScrollOfScrying","theScribe:AmplifyingSpellstone","theScribe:Meditate+1","theScribe:ScriptedStarfall","theScribe:ScrollOfShadows","theScribe:MirrorImage","theScribe:ScriptedStarfall+1"],"relics":["theScribe:StarterRelic1","NeowsBlessing","Hallownest:StagBellRelic1","Omamori","Blood Vial","CrazyTorch:ReiMu","OrangePellets","Whetstone","Empty Cage","Lee\u0027s Waffle","Calipers","Orichalcum","jedi:purplefairy","aspiration:RunicSpoon","Hallownest:BlackEggRelic","DollysMirror"],"acts_visited":["Exordium","Hallownest:Greenpath","Hallownest:CityofTears"],"potions_floor_usage":[16,33,35],"damage_taken":[{"damage":0,"enemies":"Hallownest:2_MossCreeps","floor":1,"turns":1},{"damage":1,"enemies":"Hallownest:monsterHuskWarrior","floor":5,"turns":2},{"damage":1,"enemies":"Hallownest:eliteCrystalGuardian","floor":6,"turns":1},{"damage":9,"enemies":"Hallownest:monsterHuskGuard","floor":7,"turns":8},{"damage":17,"enemies":"Hallownest:eliteVengeflyKing","floor":8,"turns":8},{"damage":26,"enemies":"Hallownest:BossHornet","floor":16,"turns":7},{"damage":0,"enemies":"Hallownest:Guard_and_Sentry","floor":18,"turns":6},{"damage":22,"enemies":"Hallownest:3_Youths","floor":19,"turns":7},{"damage":19,"enemies":"Hallownest:Glutton_and_Coward","floor":20,"turns":4},{"damage":28,"enemies":"Hallownest:3_Mistakes","floor":21,"turns":10},{"damage":2,"enemies":"Hallownest:eliteSoulWarrior","floor":24,"turns":9},{"damage":32,"enemies":"Hallownest:eliteWatcherKnight","floor":28,"turns":16},{"damage":1,"enemies":"Hallownest:eliteSoulWarrior","floor":31,"turns":9},{"damage":70,"enemies":"Hallownest:BossMantisLord","floor":33,"turns":10},{"damage":58,"enemies":"Hallownest:3_Siblings","floor":35,"turns":13},{"damage":16,"enemies":"Hallownest:2_Littles","floor":37,"turns":3}],"seed_played":"7769862222724790935","potions_obtained":[{"floor":6,"key":"blueLaboratory:HummingbirdPotion"},{"floor":7,"key":"ZuzhouPotion:ReiMu"},{"floor":19,"key":"GrandPatriotsElixir:ReiMu"},{"floor":28,"key":"SkillPotion"},{"floor":33,"key":"LiquidMemories"}],"is_trial":false,"path_per_floor":["M","?","?","?","M","E","M","E","T","R","$","$","R","T","R","B",null,"M","M","M","M","$","R","E","$","T","?","E","R","?","E","R","B",null,"M","?","M","$","M"],"character_chosen":"THE_SCRIBE","items_purchased":["OrangePellets","theScribe:Frost","Lee\u0027s Waffle","theScribe:StaticCage","theScribe:ScrollOfScrying","DollysMirror"],"campfire_rested":0,"item_purchase_floors":[12,12,22,22,25,38],"current_hp_per_floor":[75,75,75,75,74,73,64,47,47,47,47,47,47,47,47,23,75,75,53,36,10,82,82,80,80,80,80,50,82,82,81,82,12,82,24,24,10,10,0,0],"gold":50,"neow_bonus":"THREE_ENEMY_KILL","is_daily":false,"chose_seed":false,"campfire_upgraded":6,"win_rate":0.0,"timestamp":1607854635,"path_taken":["M","?","?","?","M","E","?","E","T","R","?","$","R","?","R","BOSS","M","?","M","M","$","R","E","$","T","?","E","R","?","E","R","BOSS","M","?","M","$","M"],"items_purchased_type":["Relic","Card","Relic","Card","Card","Relic"],"build_version":"2020-11-30","purchased_purges":0,"victory":false,"max_hp_per_floor":[75,75,75,75,75,75,75,75,75,75,75,75,75,75,75,75,75,75,75,75,75,82,82,82,82,82,82,82,82,82,82,82,82,82,82,82,82,82,82,82],"card_choices":[{"not_picked":["theScribe:GatherComponents","theScribe:Thunder"],"picked":"theScribe:MirrorImage","floor":1},{"not_picked":["theScribe:GatherComponents","theScribe:Thunder"],"picked":"theScribe:Thwack","floor":5},{"not_picked":["theScribe:Overcharge","theScribe:AmplifyingSpellstone"],"picked":"theScribe:ScindoSpellstone","floor":6},{"not_picked":["theScribe:FranticSearch","theScribe:Divination"],"picked":"theScribe:StaticCage","floor":7},{"not_picked":["theScribe:Split","theScribe:Incendio"],"picked":"theScribe:CatalyticCatastrophe","floor":8},{"not_picked":["theScribe:InscribeDeath","theScribe:GlacialGuard"],"picked":"theScribe:ScriptedStarfall","floor":16},{"not_picked":["theScribe:BluntWeapons+1","theScribe:TelumSpellstone+1"],"picked":"theScribe:InvigoratingStrike","floor":18},{"not_picked":["theScribe:Frost","theScribe:RecklessResponse","theScribe:ScrollOfShadows"],"picked":"SKIP","floor":19},{"not_picked":["theScribe:WeirdToxin","theScribe:AmplifyingSpellstone+1"],"picked":"theScribe:EnchantedStrike+1","floor":20},{"not_picked":["theScribe:InvigoratingStrike","theScribe:Overcharge"],"picked":"theScribe:WeirdShield+1","floor":21},{"not_picked":["theScribe:Overcharge","theScribe:BlankScroll"],"picked":"theScribe:Conflagrate","floor":24},{"not_picked":["theScribe:ThrownScroll","theScribe:ArcaneBarrier"],"picked":"theScribe:AmplifyingSpellstone","floor":28},{"not_picked":["theScribe:Divination","theScribe:PriceOfKnowledge"],"picked":"theScribe:Meditate+1","floor":31},{"not_picked":["theScribe:GlacialGuard","theScribe:Overexert"],"picked":"theScribe:ScriptedStarfall","floor":33},{"not_picked":["theScribe:EnchantedStrike+1","theScribe:MirrorImage"],"picked":"theScribe:ScrollOfShadows","floor":35},{"not_picked":["theScribe:RecklessResponse","theScribe:WordsOfPower"],"picked":"theScribe:MirrorImage","floor":37}],"player_experience":547553,"relics_obtained":[{"floor":6,"key":"Omamori"},{"floor":8,"key":"Blood Vial"},{"floor":9,"key":"CrazyTorch:ReiMu"},{"floor":14,"key":"Whetstone"},{"floor":24,"key":"Calipers"},{"floor":26,"key":"Orichalcum"},{"floor":28,"key":"jedi:purplefairy"}],"event_choices":[],"is_beta":false,"boss_relics":[{"not_picked":["Runic Pyramid","Pandora\u0027s Box"],"picked":"Empty Cage"},{"not_picked":["RedLine:ReiMu","Black Star"],"picked":"aspiration:RunicSpoon"}],"items_purged_floors":[],"is_endless":false,"potions_floor_spawned":[6,7,16,19,28,33],"killed_by":"Hallownest:Shield_Sturdy","ascension_level":2}}