{"host":"hqvh779b89tfrjxy","time":1607862804,"event":{"mods":["Act Like it!","BaseMod","Better Third Choice","Downfall","Elementarium","Filter the Spire","GifTheSpireLib","Marked Mod","Minty Spire (QoL Compilation)","Replay The Spire","Spicy Shops","StSLib"],"gold_per_floor":[115,127,127,145,169,169,169],"floor_reached":6,"playtime":282,"items_purged":[],"score":53,"play_id":"a42ed0a6-ce22-4755-9380-e8f85a6fd394","local_time":"20201213133324","is_ascension_mode":true,"campfire_choices":[],"circlet_count":0,"master_deck":["Strike_P","Strike_P","Strike_P","Strike_P","Defend_P","Defend_P","Defend_P","Eruption","Vigilance","Replay:AtTheReady","MarkedMod:PinPointDefense"],"relics":["PureWater","Golden Idol"],"acts_visited":["Exordium"],"potions_floor_usage":[6],"damage_taken":[{"damage":1,"enemies":"2 Louse","floor":1,"turns":4},{"damage":0,"enemies":"Cultist","floor":2,"turns":2},{"damage":0,"enemies":"Jaw Worm","floor":4,"turns":4},{"damage":6,"enemies":"Large Slime","floor":5,"turns":8},{"damage":22,"enemies":"Lagavulin","floor":6,"turns":5}],"seed_played":"-5181354233960496972","potions_obtained":[{"floor":2,"key":"Ancient Potion"},{"floor":5,"key":"Regen Potion"}],"is_trial":false,"path_per_floor":["M","M","?","M","M","E"],"character_chosen":"WATCHER","items_purchased":[],"campfire_rested":0,"item_purchase_floors":[],"current_hp_per_floor":[64,64,46,46,40,30,30],"gold":169,"neow_bonus":"REMOVE_CARD","is_daily":false,"chose_seed":false,"campfire_upgraded":0,"win_rate":0.0,"timestamp":1607862804,"path_taken":["M","M","?","M","M","E"],"items_purchased_type":[],"build_version":"2020-11-30","purchased_purges":0,"victory":false,"max_hp_per_floor":[72,72,72,72,72,72,72],"card_choices":[{"not_picked":["Replay:ManipulateFuture","ClearTheMind"],"picked":"Replay:AtTheReady","floor":1},{"not_picked":["MarkedMod:OneThousandNeedles","Replay:ManipulateFuture"],"picked":"MarkedMod:PinPointDefense","floor":2},{"not_picked":["SashWhip","EmptyFist","ClearTheMind"],"picked":"SKIP","floor":4},{"not_picked":["Replay:Vibes","Replay:Battleflow","FollowUp"],"picked":"SKIP","floor":5}],"player_experience":132376,"relics_obtained":[],"event_choices":[{"damage_healed":0,"gold_gain":0,"player_choice":"Take Damage","damage_taken":18,"relics_obtained":["Golden Idol"],"max_hp_gain":0,"max_hp_loss":0,"event_name":"Golden Idol","floor":3,"gold_loss":0}],"is_beta":false,"boss_relics":[],"items_purged_floors":[],"is_endless":false,"potions_floor_spawned":[2,5],"killed_by":"Lagavulin","ascension_level":8}}