{"host":"p6y17sixyu8q9v1f","time":1607865181,"event":{"mods":["BaseMod","Colored Map","Minty Spire (QoL Compilation)"],"gold_per_floor":[119,9,84,100,200,200,228,228,251,251,263,263,293,243,243,338,338,328,347,257,277,277,277,277],"floor_reached":23,"playtime":879,"items_purged":["Strike_B","Defend_B"],"score":266,"play_id":"5b5ef437-6f6c-4368-8193-453e2b4f11f6","local_time":"20201213071301","is_ascension_mode":true,"campfire_choices":[{"data":"Zap","floor":6,"key":"SMITH"},{"data":"Dualcast","floor":8,"key":"SMITH"},{"data":"Conserve Battery","floor":10,"key":"SMITH"},{"data":"Loop","floor":12,"key":"SMITH"},{"floor":15,"key":"REST"}],"circlet_count":0,"master_deck":["Strike_B+1","Strike_B+1","Defend_B","Zap+1","Dualcast+1","Capacitor+1","Sunder","BootSequence","Conserve Battery+1","Loop+1","Reboot","Echo Form","Streamline","Conserve Battery","Reboot"],"relics":["Cracked Core","Whetstone","PreservedInsect","Strawberry","Smiling Mask","Empty Cage"],"acts_visited":["Exordium","TheCity"],"potions_floor_usage":[7,13],"damage_taken":[{"damage":4,"enemies":"Jaw Worm","floor":1,"turns":3},{"damage":12,"enemies":"Small Slimes","floor":4,"turns":3},{"damage":30,"enemies":"Lagavulin","floor":7,"turns":7},{"damage":0,"enemies":"Cultist","floor":11,"turns":3},{"damage":0,"enemies":"3 Sentries","floor":13,"turns":3},{"damage":31,"enemies":"The Guardian","floor":16,"turns":11},{"damage":17,"enemies":"2 Thieves","floor":18,"turns":4},{"damage":15,"enemies":"Chosen","floor":19,"turns":5},{"damage":22,"enemies":"Centurion and Healer","floor":21,"turns":6},{"damage":33,"enemies":"Slavers","floor":23,"turns":2}],"seed_played":"-8457628811711984494","potions_obtained":[{"floor":4,"key":"Strength Potion"},{"floor":7,"key":"Explosive Potion"}],"is_trial":false,"path_per_floor":["M","$","?","M","?","R","E","R","T","R","M","R","E","$","R","B",null,"M","M","?","M","?","E"],"character_chosen":"DEFECT","items_purchased":["Sunder"],"campfire_rested":1,"item_purchase_floors":[2],"current_hp_per_floor":[71,71,60,48,48,48,18,18,25,25,25,25,25,25,49,18,82,65,50,50,28,28,0,0],"gold":277,"neow_bonus":"RANDOM_COMMON_RELIC","is_daily":false,"chose_seed":false,"campfire_upgraded":4,"win_rate":0.0,"timestamp":1607865181,"path_taken":["M","$","?","M","?","R","E","R","T","R","M","R","E","$","R","BOSS","M","M","?","?","?","E"],"items_purchased_type":["Card"],"build_version":"2020-11-30","purchased_purges":2,"victory":false,"max_hp_per_floor":[75,75,75,75,75,75,75,75,82,82,82,82,82,82,82,82,82,82,82,82,82,82,82,82],"card_choices":[{"not_picked":["Stack","Hologram"],"picked":"Capacitor","floor":1},{"not_picked":["Reinforced Body","Turbo"],"picked":"BootSequence","floor":4},{"not_picked":["Coolheaded","Compile Driver"],"picked":"Conserve Battery","floor":7},{"not_picked":["Go for the Eyes","Leap"],"picked":"Loop","floor":11},{"not_picked":["Stack","Leap"],"picked":"Reboot","floor":13},{"not_picked":["Biased Cognition","Meteor Strike"],"picked":"Echo Form","floor":16},{"not_picked":["Stack","Scrape+1"],"picked":"Streamline","floor":18},{"not_picked":["Barrage","Ball Lightning"],"picked":"Conserve Battery","floor":19},{"not_picked":["Barrage","Beam Cell","Tempest"],"picked":"SKIP","floor":21}],"player_experience":743101,"relics_obtained":[{"floor":7,"key":"PreservedInsect"},{"floor":9,"key":"Strawberry"},{"floor":13,"key":"Smiling Mask"}],"event_choices":[{"damage_healed":0,"gold_gain":75,"player_choice":"Gather Gold","damage_taken":11,"max_hp_gain":0,"max_hp_loss":0,"event_name":"World of Goop","floor":3,"gold_loss":0},{"damage_healed":0,"gold_gain":100,"player_choice":"Pray","damage_taken":0,"max_hp_gain":0,"max_hp_loss":0,"event_name":"Golden Shrine","floor":5,"gold_loss":0},{"cards_removed":["Defend_B"],"damage_healed":0,"gold_gain":0,"player_choice":"Upgrade and Remove","damage_taken":0,"max_hp_gain":0,"max_hp_loss":0,"event_name":"Designer","floor":20,"gold_loss":90,"cards_upgraded":["Capacitor"]},{"damage_healed":0,"gold_gain":0,"player_choice":"Copied","damage_taken":0,"max_hp_gain":0,"max_hp_loss":0,"event_name":"Duplicator","floor":22,"gold_loss":0,"cards_obtained":["Reboot"]}],"is_beta":false,"boss_relics":[{"not_picked":["FrozenCore","Black Star"],"picked":"Empty Cage"}],"items_purged_floors":[2,14],"is_endless":false,"potions_floor_spawned":[4,7],"killed_by":"Slavers","ascension_level":4}}