{"host":"1tl36azeqm6yhdgj","time":1607901178,"event":{"mods":["AchievementEnabler","BaseMod","Minty Spire (QoL Compilation)","StSLib","The IronCluck","everything is the same but u backflip on backflip"],"gold_per_floor":[210,137,149,169,32,61,61,61,61,102,102,102,118,20,20,141,141,161,180,180,195,195,195,195,195],"floor_reached":24,"playtime":900,"items_purged":[],"score":341,"play_id":"135b6dbb-2313-4c6e-a12b-88c1762fa9b5","local_time":"20201213181258","is_ascension_mode":true,"campfire_choices":[{"data":"Madness","floor":11.0,"key":"SMITH"},{"data":"Infernal Blade","floor":15.0,"key":"SMITH"},{"data":"Ghostly","floor":23,"key":"SMITH"}],"circlet_count":0,"master_deck":["AscendersBane","Strike_R","Strike_R","Strike_R","Strike_R","Strike_R","Defend_R","Defend_R","Defend_R","Defend_R","Bash","Berserk","Madness+1","Clash","Feed","Uppercut","Infernal Blade+1","Metallicize","Trip","Fiend Fire","Clash","Pummel","Perfected Strike+1","Ghostly","Ghostly","Ghostly+1","Ghostly","Ghostly","Dropkick","Demon Form","Ghostly Armor","Trip","Bash"],"relics":["Burning Blood","Incense Burner","Orichalcum","Peace Pipe","Golden Idol","Prayer Wheel","Gremlin Horn","Busted Crown"],"acts_visited":["Exordium","TheCity"],"potions_floor_usage":[],"damage_taken":[{"damage":14.0,"enemies":"Jaw Worm","floor":1.0,"turns":3.0},{"damage":5.0,"enemies":"Cultist","floor":3.0,"turns":4.0},{"damage":3.0,"enemies":"2 Louse","floor":4.0,"turns":3.0},{"damage":15.0,"enemies":"Lagavulin","floor":6.0,"turns":7.0},{"damage":29.0,"enemies":"3 Sentries","floor":10.0,"turns":12.0},{"damage":10.0,"enemies":"2 Fungi Beasts","floor":13.0,"turns":4.0},{"damage":28.0,"enemies":"The Guardian","floor":16.0,"turns":14.0},{"damage":18.0,"enemies":"Chosen","floor":18.0,"turns":6.0},{"damage":15.0,"enemies":"Shell Parasite","floor":19.0,"turns":5.0},{"damage":0.0,"enemies":"3 Cultists","floor":21.0,"turns":8.0},{"damage":52,"enemies":"Gremlin Leader","floor":24,"turns":4}],"seed_played":"3209095681405435983","potions_obtained":[{"floor":10.0,"key":"FearPotion"},{"floor":16.0,"key":"SpeedPotion"},{"floor":18.0,"key":"Explosive Potion"}],"is_trial":false,"path_per_floor":["M","?","M","M","$","E","?","?","T","E","R","?","M","$","R","B",null,"M","M","?","M","?","R","E"],"character_chosen":"IRONCLAD","items_purchased":["Madness","Clash","Trip"],"campfire_rested":0,"item_purchase_floors":[5,5,14],"current_hp_per_floor":[64,64,65,68,68,59,56,56,56,36,36,36,35,35,35,13,63,51,45,41,41,41,41,0,0],"gold":195,"neow_bonus":"HUNDRED_GOLD","is_daily":false,"chose_seed":false,"campfire_upgraded":3,"win_rate":0.0,"timestamp":1607901178,"path_taken":["M","?","?","M","$","E","?","?","T","E","R","?","M","?","R","BOSS","M","M","?","M","?","R","E"],"items_purchased_type":["Card","Card","Card"],"build_version":"2020-11-30","purchased_purges":0,"victory":false,"max_hp_per_floor":[80,80,80,80,80,80,80,74,74,77,77,77,80,80,80,80,80,80,83,41,41,41,41,41,41],"card_choices":[{"not_picked":["Iron Wave","Headbutt","Armaments"],"picked":"SKIP","floor":1.0},{"not_picked":["Clothesline","Headbutt"],"picked":"Berserk","floor":3.0},{"not_picked":["Sword Boomerang","Iron Wave","Power Through"],"picked":"SKIP","floor":4.0},{"not_picked":["Anger","Power Through"],"picked":"Feed","floor":6.0},{"not_picked":["Pommel Strike","Iron Wave"],"picked":"Uppercut","floor":10.0},{"not_picked":["Rage","Iron Wave"],"picked":"Infernal Blade","floor":13.0},{"not_picked":["True Grit","Twin Strike"],"picked":"Metallicize","floor":13.0},{"not_picked":["Corruption","Offering"],"picked":"Fiend Fire","floor":16.0},{"not_picked":[],"picked":"Clash","floor":18.0},{"not_picked":["Hemokinesis"],"picked":"SKIP","floor":18.0},{"not_picked":[],"picked":"Pummel","floor":19.0},{"not_picked":[],"picked":"Perfected Strike+1","floor":19.0},{"not_picked":[],"picked":"Dropkick","floor":21.0},{"not_picked":["Clothesline"],"picked":"SKIP","floor":21.0}],"player_experience":1922511,"relics_obtained":[{"floor":6.0,"key":"Orichalcum"},{"floor":9.0,"key":"Prayer Wheel"},{"floor":10.0,"key":"Gremlin Horn"}],"event_choices":[{"damage_healed":0.0,"max_hp_gain":0.0,"max_hp_loss":0.0,"gold_gain":0.0,"event_name":"WeMeetAgain","player_choice":"Paid Gold","floor":2.0,"gold_loss":73.0,"damage_taken":0.0,"relics_obtained":["Incense Burner"]},{"damage_healed":0.0,"max_hp_gain":0.0,"max_hp_loss":0.0,"gold_gain":0.0,"event_name":"Scrap Ooze","player_choice":"Success","floor":7.0,"gold_loss":0.0,"damage_taken":3.0,"relics_obtained":["Peace Pipe"]},{"damage_healed":0.0,"max_hp_gain":0.0,"max_hp_loss":6.0,"gold_gain":0.0,"event_name":"Golden Idol","player_choice":"Lose Max HP","floor":8.0,"gold_loss":0.0,"damage_taken":0.0,"relics_obtained":["Golden Idol"]},{"damage_healed":0.0,"max_hp_gain":0.0,"max_hp_loss":0.0,"gold_gain":0.0,"event_name":"Shining Light","player_choice":"Ignored","floor":12.0,"gold_loss":0.0,"damage_taken":0.0},{"damage_healed":0.0,"max_hp_gain":0.0,"max_hp_loss":42.0,"gold_gain":0.0,"event_name":"Ghosts","player_choice":"Became a Ghost","floor":20.0,"gold_loss":0.0,"damage_taken":0.0,"cards_obtained":["Ghostly","Ghostly","Ghostly","Ghostly","Ghostly"]},{"damage_healed":0,"gold_gain":0,"player_choice":"4 cards matched","damage_taken":0,"max_hp_gain":0,"max_hp_loss":0,"event_name":"Match and Keep!","floor":22,"gold_loss":0,"cards_obtained":["Demon Form","Ghostly Armor","Trip","Bash"]}],"is_beta":false,"boss_relics":[{"not_picked":["Runic Dome","Snecko Eye"],"picked":"Busted Crown"}],"items_purged_floors":[],"is_endless":false,"potions_floor_spawned":[10,16,18],"killed_by":"Gremlin Leader","ascension_level":11}}