{"host":"Ilker","time":1607834845,"event":{"mods":["BaseMod","Bestiary","Block Reminder","Colored Map","DeckTracker","Highlight Path","Minty Spire (QoL Compilation)","Quick Restart","Relic Sorter","Relic Stats"],"gold_per_floor":[110,121,132,142,162,162,162,162,238,1,31,48,74,94,94,170,170,185,200,212,228,228,228,228],"floor_reached":23,"playtime":1004,"items_purged":["Pain"],"score":414,"play_id":"1de310fc-5916-4902-94ac-774683b2a8d1","local_time":"20201213074725","is_ascension_mode":true,"campfire_choices":[{"data":"Perfected Strike","floor":6.0,"key":"SMITH"},{"data":"Rage","floor":8.0,"key":"SMITH"},{"floor":15.0,"key":"REST"}],"circlet_count":0,"master_deck":["AscendersBane","Strike_R","Strike_R","Strike_R","Strike_R","Strike_R","Defend_R","Defend_R","Defend_R","Defend_R","Bash","Perfected Strike+1","Pommel Strike","Clothesline","Rage+1","Spot Weakness","Heavy Blade","Perfected Strike","Pommel Strike","Corruption","Wild Strike"],"relics":["Philosopher\u0027s Stone","WarpedTongs","Bottled Lightning","TheAbacus","Calipers","Vajra","Busted Crown"],"acts_visited":["Exordium","TheCity"],"potions_floor_usage":[21],"damage_taken":[{"damage":6.0,"enemies":"Jaw Worm","floor":1.0,"turns":3.0},{"damage":2.0,"enemies":"Cultist","floor":2.0,"turns":3.0},{"damage":1.0,"enemies":"Small Slimes","floor":3.0,"turns":3.0},{"damage":20.0,"enemies":"3 Louse","floor":4.0,"turns":3.0},{"damage":7.0,"enemies":"Lots of Slimes","floor":5.0,"turns":3.0},{"damage":10.0,"enemies":"3 Sentries","floor":11.0,"turns":8.0},{"damage":0.0,"enemies":"Large Slime","floor":12.0,"turns":3.0},{"damage":5.0,"enemies":"Lagavulin","floor":13.0,"turns":5.0},{"damage":0.0,"enemies":"Looter","floor":14.0,"turns":2.0},{"damage":31.0,"enemies":"Hexaghost","floor":16.0,"turns":5.0},{"damage":24,"enemies":"Spheric Guardian","floor":18,"turns":4},{"damage":4,"enemies":"Shell Parasite","floor":19,"turns":3},{"damage":0,"enemies":"Snake Plant","floor":20,"turns":2},{"damage":11,"enemies":"Centurion and Healer","floor":21,"turns":4},{"damage":33,"enemies":"Gremlin Leader","floor":23,"turns":5}],"seed_played":"8833568374918199007","potions_obtained":[{"floor":3.0,"key":"ElixirPotion"},{"floor":4.0,"key":"SteroidPotion"},{"floor":11.0,"key":"Swift Potion"},{"floor":12.0,"key":"Block Potion"},{"floor":13.0,"key":"Dexterity Potion"},{"floor":20,"key":"AttackPotion"}],"is_trial":false,"path_per_floor":["M","M","M","M","M","R","?","R","T","$","E","M","E","M","R","B",null,"M","M","M","M","?","E"],"character_chosen":"IRONCLAD","items_purchased":["TheAbacus"],"campfire_rested":1,"item_purchase_floors":[10],"current_hp_per_floor":[62,60,59,39,32,32,32,32,32,32,22,22,17,17,39,8,58,34,30,30,19,19,0,0],"gold":228,"neow_bonus":"BOSS_RELIC","is_daily":false,"chose_seed":false,"campfire_upgraded":2,"win_rate":0.0,"timestamp":1607834845,"path_taken":["M","M","M","M","M","R","?","R","T","$","E","M","E","?","R","BOSS","M","M","M","M","?","E"],"items_purchased_type":["Relic"],"build_version":"2020-12-07","purchased_purges":1,"victory":false,"max_hp_per_floor":[75,75,75,75,75,75,75,75,75,75,75,75,75,75,75,75,75,75,75,75,75,75,75,75],"relic_stats":{"TheAbacus":[48],"Busted Crown":8,"counters":[15,56],"obtain_stats":[{"TheAbacus":10,"Calipers":11,"Busted Crown":17,"Vajra":13,"Philosopher\u0027s Stone":0,"Bottled Lightning":9,"Burning Blood":0,"WarpedTongs":7},{"TheAbacus":5,"Calipers":6,"Busted Crown":10,"Vajra":8,"Philosopher\u0027s Stone":0,"Bottled Lightning":5,"Burning Blood":0,"WarpedTongs":5},{"TheAbacus":15,"Calipers":23,"Busted Crown":38,"Vajra":31,"Philosopher\u0027s Stone":0,"Bottled Lightning":15,"Burning Blood":0,"WarpedTongs":15}],"WarpedTongs":[40]},"card_choices":[{"not_picked":["Sword Boomerang","Warcry","Dual Wield"],"picked":"SKIP","floor":1.0},{"not_picked":["True Grit","Intimidate"],"picked":"Perfected Strike","floor":2.0},{"not_picked":["Twin Strike","Headbutt"],"picked":"Pommel Strike","floor":3.0},{"not_picked":["Iron Wave","Metallicize"],"picked":"Clothesline","floor":4.0},{"not_picked":["Wild Strike","Infernal Blade"],"picked":"Rage","floor":5.0},{"not_picked":["Reaper","Rampage"],"picked":"Spot Weakness","floor":11.0},{"not_picked":["Clash","Second Wind"],"picked":"Heavy Blade","floor":12.0},{"not_picked":["Searing Blow","Headbutt"],"picked":"Perfected Strike","floor":13.0},{"not_picked":["Dual Wield","Rupture"],"picked":"Pommel Strike","floor":14.0},{"not_picked":["Fiend Fire","Reaper"],"picked":"Corruption","floor":16.0},{"not_picked":["Combust"],"picked":"SKIP","floor":18},{"not_picked":["Infernal Blade"],"picked":"SKIP","floor":19},{"not_picked":["Clothesline"],"picked":"SKIP","floor":20},{"not_picked":[],"picked":"Wild Strike","floor":21}],"player_experience":1659363,"relics_obtained":[{"floor":9.0,"key":"Bottled Lightning"},{"floor":11.0,"key":"Calipers"},{"floor":13.0,"key":"Vajra"}],"event_choices":[{"damage_healed":0.0,"max_hp_gain":0.0,"max_hp_loss":0.0,"gold_gain":0.0,"event_name":"Accursed Blacksmith","player_choice":"Rummage","floor":7.0,"gold_loss":0.0,"damage_taken":0.0,"relics_obtained":["WarpedTongs"],"cards_obtained":["Pain"]},{"damage_healed":0,"gold_gain":0,"player_choice":"Ignored","damage_taken":0,"max_hp_gain":0,"max_hp_loss":0,"event_name":"Beggar","floor":22,"gold_loss":0}],"is_beta":true,"boss_relics":[{"not_picked":["Black Star","Calling Bell"],"picked":"Busted Crown"}],"items_purged_floors":[10],"is_endless":false,"potions_floor_spawned":[3,4,11,12,13,20],"killed_by":"Gremlin Leader","ascension_level":20}}