{"host":"34l0xwm4k3e7q5n2","time":1607871704,"event":{"mods":["2.2 Compatiblity","BaseMod","Colored Powertips","Conspire","Downfall","Hubris","Infinite Spire","Koishi","Marisa????????","Minty Spire (QoL Compilation)","Prisma Mod","Reimu??????","Replay The Spire","StSLib","SuperFastMode","Td1madao Mod","The Servant 0.9.4","The Wild Card"],"gold_per_floor":[362,382,138,155,165,165,165,192,192,202,228,243,271,288,304,61,61,175,175,202,17,48,48,77,123,152,196,276,288,345,407,419,474,486,614,626,658,688,733,271,296,325,356,356,356,401,401,497,513,542,542,542,542,542,195,236,236],"floor_reached":58,"playtime":10645,"items_purged":["ReplayTheSpireMod:Splinters","Strike_MRS","Strike_MRS","Languid","Defend_MRS"],"score":1519,"play_id":"b447ef28-f2ef-416f-b2fc-51212fa3cbbc","local_time":"20201213160144","is_ascension_mode":true,"campfire_choices":[{"data":"SatelliteIllusion","floor":9,"key":"SMITH"},{"floor":17,"key":"REST"},{"data":"Discovery","floor":29,"key":"SMITH"},{"data":"IllusionStar","floor":32,"key":"SMITH"},{"data":"IllusionStar","floor":34,"key":"SMITH"},{"floor":47,"key":"RECALL"},{"floor":51,"key":"REST"},{"data":"Orbital","floor":54,"key":"SMITH"}],"circlet_count":0,"master_deck":["Strike_MRS","Strike_MRS","Defend_MRS","Defend_MRS","Defend_MRS","MasterSpark","UpSweep","GrandCross","GalacticHalo","SatelliteIllusion+1","Deep Breath","EventHorizon","6A","IllusionStar+1","EarthLightRay","IllusionStar+1","IllusionStar","WitchOfGreed","BinaryStars","Acceleration","Discovery+1","Acceleration","OrrerysSun+1","GalacticHalo","PulseMagic","TreasureHunter","MysteriousBeam","TreasureHunter","BigCrunch","BlazeAway","RefractionSpark","AlicesGift","UltimateShortwave","OpenUniverse","Metamorphosis","Discovery","PulseMagic","Parasite","Parasite","BigCrunch","Orbital+1","Orbital+1","Occultation","SuperPerseids","SprinkleStarSeal+1","ManaConvection+1","OrrerysSun"],"relics":["MiniHakkero","HandmadeGrimoire","Smiling Mask","Lantern","Bag of Preparation","Replay:Grab Bag","conspire:RoyalGoblet","Philosopher\u0027s Stone","conspire:RunicOctahedron","SacredBark","MawBank","conspire:GiftBox","InkBottle","Replay:Wax Seal","Bottled Tornado","hubris:PeanutButter","SproutingBranch","Honey Jar","ShroomBag","Vajra","infinitespire:EmpoweringShard","infinitespire:PuzzleCube","Ice Cream","Mirror","Replay:Multitool","infinitespire:BottledMercury"],"acts_visited":["Exordium","TheCity","TheBeyond","TheEnding"],"potions_floor_usage":[5,13,18,18,20,20,26,27,30,30,35,39,42,46,46,46,50,50,50,50,52,56],"damage_taken":[{"damage":1,"enemies":"Jaw Worm","floor":1,"turns":3},{"damage":0,"enemies":"Small Slimes","floor":2,"turns":3},{"damage":12,"enemies":"infinitespire:Voidling","floor":4,"turns":4},{"damage":5,"enemies":"Looter","floor":5,"turns":3},{"damage":11,"enemies":"Lagavulin","floor":8,"turns":7},{"damage":9,"enemies":"2 Fungi Beasts","floor":10,"turns":3},{"damage":1,"enemies":"3 Louse","floor":12,"turns":4},{"damage":5,"enemies":"Replay:BlueRogue","floor":13,"turns":5},{"damage":0,"enemies":"Exordium Thugs","floor":14,"turns":4},{"damage":0,"enemies":"Looter","floor":15,"turns":3},{"damage":18,"enemies":"Fading Forest","floor":18,"turns":11},{"damage":12,"enemies":"conspire:FuzzyDice","floor":20,"turns":3},{"damage":0,"enemies":"Shell Parasite","floor":22,"turns":2},{"damage":6,"enemies":"Chosen and Byrds","floor":24,"turns":5},{"damage":11,"enemies":"Slavers","floor":25,"turns":2},{"damage":16,"enemies":"Snecko","floor":26,"turns":4},{"damage":0,"enemies":"Gremlin Leader","floor":27,"turns":2},{"damage":0,"enemies":"Slavers","floor":30,"turns":3},{"damage":0,"enemies":"conspire:SneckoGhost","floor":33,"turns":6},{"damage":14,"enemies":"hubris:MusketHawk","floor":35,"turns":6},{"damage":0,"enemies":"3 Shapes","floor":37,"turns":1},{"damage":0,"enemies":"Orb Walker","floor":38,"turns":1},{"damage":0,"enemies":"Sphere and 2 Shapes","floor":39,"turns":3},{"damage":0,"enemies":"Spire Growth","floor":41,"turns":2},{"damage":4,"enemies":"R_Hoarder","floor":42,"turns":3},{"damage":1,"enemies":"4 Shapes","floor":43,"turns":2},{"damage":37,"enemies":"Reptomancer","floor":46,"turns":3},{"damage":0,"enemies":"Maw","floor":49,"turns":2},{"damage":10,"enemies":"Transient","floor":50,"turns":4},{"damage":32,"enemies":"conspire:OrnateMirror","floor":52,"turns":5},{"damage":14,"enemies":"Shield and Spear","floor":56,"turns":5},{"damage":11,"enemies":"The Heart","floor":57,"turns":5}],"seed_played":"-3236614166887905994","potions_obtained":[{"floor":1,"key":"LiquidBronze"},{"floor":10,"key":"Adrenaline Potion"},{"floor":13,"key":"Swift Potion"},{"floor":14,"key":"Fire Potion"},{"floor":18,"key":"SpeedPotion"},{"floor":18,"key":"LiquidBronze"},{"floor":22,"key":"Ancient Potion"},{"floor":24,"key":"SteroidPotion"},{"floor":25,"key":"Fire Potion"},{"floor":26,"key":"Slimebound:ThreeZeroPotion"},{"floor":27,"key":"SkillPotion"},{"floor":30,"key":"Doom Potion"},{"floor":33,"key":"Regen Potion"},{"floor":35,"key":"SkillPotion"},{"floor":38,"key":"SteroidPotion"},{"floor":39,"key":"EntropicBrew"},{"floor":41,"key":"Doom Potion"},{"floor":43,"key":"EntropicBrew"},{"floor":46,"key":"StarNLove"},{"floor":49,"key":"SneckoOil"},{"floor":50,"key":"Fire Potion"},{"floor":56,"key":"conspire:TimeTravelPotion"}],"is_trial":false,"path_per_floor":["M","M","$","M","M","PTL","PTL","E","R","M","T","M","E","M","M","$","R","B",null,"M","$","M","?","M","E","M","E","T","R","E","?","R","E","R","B",null,"M","M","M","$","M","E","M","?","T","E","R","?","M","M","R","B",null,"R","$","E","B",null],"character_chosen":"MARISA","items_purchased":["SatelliteIllusion","Deep Breath","Bag of Preparation","WitchOfGreed","Acceleration","Discovery","UltimateShortwave","OpenUniverse","Metamorphosis","Discovery","Ice Cream"],"campfire_rested":2,"item_purchase_floors":[3,3,16,16,21,21,40,40,40,40,55],"current_hp_per_floor":[74,74,74,66,61,61,61,50,50,41,41,40,35,39,43,43,65,57,75,63,63,67,67,65,58,42,42,42,42,46,46,46,50,50,40,75,75,75,75,75,75,71,75,75,75,40,40,22,31,33,55,45,75,75,75,70,69],"gold":236,"neow_bonus":"TWO_FIFTY_GOLD","is_daily":false,"chose_seed":false,"campfire_upgraded":5,"win_rate":0.0,"timestamp":1607871704,"path_taken":["M","M","$","M","M","PTL","PTL","E","R","M","T","M","E","M","M","$","R","BOSS","M","$","M","?","M","E","M","E","T","R","E","?","R","E","R","BOSS","M","M","M","$","M","E","?","?","T","E","R","?","M","?","R","BOSS","R","$","E","BOSS"],"items_purchased_type":["Card","Card","Relic","Card","Card","Card","Card","Card","Card","Card","Relic"],"build_version":"2020-11-30","purchased_purges":5,"victory":true,"max_hp_per_floor":[75,75,75,75,75,75,75,75,75,75,75,75,75,75,75,75,75,75,75,75,75,75,75,75,75,75,75,75,75,75,75,75,75,75,75,75,75,75,75,75,75,75,75,75,75,75,75,75,75,75,75,75,75,75,75,75,75],"card_choices":[{"not_picked":["StarBarrage","DarkMatter"],"picked":"GrandCross","floor":1},{"not_picked":["LuminesStrike","PropBag"],"picked":"GalacticHalo","floor":2},{"not_picked":["6A","ShootingEcho"],"picked":"EventHorizon","floor":4},{"not_picked":["DoubleSpark","WitchLeyline"],"picked":"6A","floor":5},{"not_picked":["DragonMeteor","BlazingStar","DoubleSpark"],"picked":"SKIP","floor":8},{"not_picked":["NonDirectionalLaser","ChargeUpSpray"],"picked":"IllusionStar","floor":10},{"not_picked":["OortCloud","JA"],"picked":"IllusionStar","floor":12},{"not_picked":["PropBag","PowerUp"],"picked":"EarthLightRay","floor":13},{"not_picked":["UnstableBomb","MysteriousBeam"],"picked":"IllusionStar","floor":14},{"not_picked":["ManaConvection","DoubleSpark"],"picked":"IllusionStar","floor":15},{"not_picked":["MaximisePower","UltimateShortwave"],"picked":"BinaryStars","floor":18},{"not_picked":["GalacticHalo","PowerUp","WitchLeyline"],"picked":"SKIP","floor":20},{"not_picked":["SporeBomb","DC+1","MachineGunSpark"],"picked":"SKIP","floor":22},{"not_picked":["Singularity","PowerUp"],"picked":"Acceleration","floor":24},{"not_picked":["Occultation","BinaryStars"],"picked":"OrrerysSun+1","floor":25},{"not_picked":["MilkyWay","DarkSpark"],"picked":"GalacticHalo","floor":26},{"not_picked":["SporeBomb","ChargeUpSpray"],"picked":"PulseMagic","floor":27},{"not_picked":["UltimateShortwave","EscapeVelocity"],"picked":"TreasureHunter","floor":27},{"not_picked":["WitchLeyline","MilkyWay"],"picked":"MysteriousBeam","floor":30},{"not_picked":["MagicChant","AsteroidBelt"],"picked":"TreasureHunter","floor":33},{"not_picked":["BinaryStars","CollectingQuirk"],"picked":"BigCrunch","floor":35},{"not_picked":["GasGiant+1","GrandCross","DarkSpark+1"],"picked":"BlazeAway","floor":37},{"not_picked":["PowerUp","OneTimeOff+1","MilkyWay"],"picked":"RefractionSpark","floor":38},{"not_picked":["MysteriousBeam","SporeBomb","Occultation+1"],"picked":"AlicesGift","floor":39},{"not_picked":["EventHorizon+1","ShootingEcho+1","OneTimeOff"],"picked":"PulseMagic","floor":41},{"not_picked":["ShootingEcho","AsteroidBelt+1","GravityBeat"],"picked":"BigCrunch","floor":42},{"not_picked":["SporeBomb","AsteroidBelt+1","DoubleSpark+1"],"picked":"Orbital+1","floor":43},{"not_picked":["EventHorizon","PowerUp","AsteroidBelt+1"],"picked":"Orbital","floor":46},{"not_picked":["PowerUp","FinalSpark","Orbital+1"],"picked":"Occultation","floor":48},{"not_picked":["NonDirectionalLaser","ChargingUp+1","LuminesStrike"],"picked":"SuperPerseids","floor":48},{"not_picked":["LuminesStrike+1","ChargingUp+1","PowerUp"],"picked":"SprinkleStarSeal+1","floor":49},{"not_picked":["MilkyWay+1","SprinkleStarSeal","WitchOfGreed+1"],"picked":"ManaConvection+1","floor":50},{"not_picked":["LuminesStrike+1","WitchLeyline+1","PowerUp+1"],"picked":"OrrerysSun","floor":56}],"player_experience":535370,"relics_obtained":[{"floor":8,"key":"HandmadeGrimoire"},{"floor":11,"key":"Smiling Mask"},{"floor":13,"key":"Lantern"},{"floor":25,"key":"MawBank"},{"floor":27,"key":"conspire:GiftBox"},{"floor":28,"key":"InkBottle"},{"floor":30,"key":"Replay:Wax Seal"},{"floor":30,"key":"Bottled Tornado"},{"floor":33,"key":"hubris:PeanutButter"},{"floor":35,"key":"SproutingBranch"},{"floor":42,"key":"ShroomBag"},{"floor":46,"key":"Vajra"},{"floor":46,"key":"infinitespire:EmpoweringShard"},{"floor":48,"key":"infinitespire:PuzzleCube"},{"floor":56,"key":"Mirror"},{"floor":56,"key":"Replay:Multitool"},{"floor":56,"key":"infinitespire:BottledMercury"}],"event_choices":[{"damage_healed":0,"gold_gain":100,"player_choice":"Bet on Murderer","damage_taken":0,"max_hp_gain":0,"max_hp_loss":0,"event_name":"The Joust","floor":31,"gold_loss":50},{"cards_removed":["IllusionStar"],"damage_healed":0,"gold_gain":0,"player_choice":"Removed Skill","damage_taken":0,"max_hp_gain":0,"max_hp_loss":0,"event_name":"Falling","floor":44,"gold_loss":0}],"is_beta":false,"boss_relics":[{"not_picked":["conspire:SeveredTorchhead","hubris:ScarierMask"],"picked":"Replay:Grab Bag"},{"not_picked":["Ectoplasm","Cursed Key"],"picked":"conspire:RoyalGoblet"},{"not_picked":["Busted Crown","infinitespire:Cupcake"],"picked":"Philosopher\u0027s Stone"},{"not_picked":["hubris:Backtick","Astrolabe"],"picked":"conspire:RunicOctahedron"},{"not_picked":["Runic Pyramid","hubris:HollowSoul"],"picked":"SacredBark"},{"not_picked":["Ring of Chaos","hubris:BlackHole"],"picked":"Honey Jar"}],"items_purged_floors":[3,16,21,40,55],"is_endless":false,"potions_floor_spawned":[1,10,13,14,18,26,27,38,49],"ascension_level":1}}