{"host":"hjw1ay65n7jm40lc","time":1607903620,"event":{"mods":["AchievementEnabler","BaseMod","Colored Map","Colored Powertips","Googly Eyes","Highlight Path","Minty Spire (QoL Compilation)","Quick Restart","Relic Stats"],"gold_per_floor":[210,210,222,240,102,102,135,135,135,147,179,179,209,219,219,219,219],"floor_reached":16,"playtime":777,"items_purged":[],"score":193,"play_id":"644b7e56-fe6f-4d27-8a37-84ce698f81ec","local_time":"20201213185340","is_ascension_mode":true,"campfire_choices":[{"data":"Fiend Fire","floor":6,"key":"SMITH"},{"data":"Clothesline","floor":8,"key":"SMITH"},{"data":"Shrug It Off","floor":15,"key":"SMITH"}],"circlet_count":0,"master_deck":["AscendersBane","Strike_R","Strike_R","Strike_R","Strike_R","Strike_R","Defend_R","Defend_R","Defend_R","Defend_R","Bash","Sword Boomerang","Clothesline+1","Fiend Fire+1","Hemokinesis","Pommel Strike","Shrug It Off+1","Inflame+1"],"relics":["Burning Blood","Bottled Flame","Ornamental Fan","Frozen Egg 2"],"acts_visited":["Exordium"],"potions_floor_usage":[10,16],"damage_taken":[{"damage":11,"enemies":"Jaw Worm","floor":1,"turns":6},{"damage":1,"enemies":"Cultist","floor":3,"turns":3},{"damage":0,"enemies":"Small Slimes","floor":4,"turns":3},{"damage":20,"enemies":"Gremlin Nob","floor":7,"turns":4},{"damage":5,"enemies":"Looter","floor":10,"turns":2},{"damage":40,"enemies":"3 Sentries","floor":11,"turns":7},{"damage":9,"enemies":"2 Fungi Beasts","floor":14,"turns":3},{"damage":25,"enemies":"Hexaghost","floor":16,"turns":8}],"seed_played":"803475762716785772","potions_obtained":[{"floor":1,"key":"Weak Potion"},{"floor":2,"key":"DuplicationPotion"}],"is_trial":false,"path_per_floor":["M","?","M","M","$","R","E","R","T","M","E","?","?","M","R","B"],"character_chosen":"IRONCLAD","items_purchased":["Fiend Fire"],"campfire_rested":0,"item_purchase_floors":[5],"current_hp_per_floor":[63,63,68,74,74,74,60,60,60,61,27,27,27,24,24,0,0],"gold":219,"neow_bonus":"HUNDRED_GOLD","is_daily":false,"chose_seed":false,"campfire_upgraded":3,"win_rate":0.0,"timestamp":1607903620,"path_taken":["M","?","?","M","$","R","E","R","T","M","E","?","?","M","R","BOSS"],"items_purchased_type":["Card"],"build_version":"2020-11-30","purchased_purges":0,"victory":false,"max_hp_per_floor":[75,75,75,75,75,75,75,75,75,75,75,75,75,75,75,75,75],"relic_stats":{"counters":[8,36],"Ornamental Fan":[4],"obtain_stats":[{"Bottled Flame":7,"Ornamental Fan":9,"Frozen Egg 2":11,"Burning Blood":0},{"Bottled Flame":4,"Ornamental Fan":4,"Frozen Egg 2":6,"Burning Blood":0},{"Bottled Flame":16,"Ornamental Fan":16,"Frozen Egg 2":25,"Burning Blood":0}],"Burning Blood":42},"card_choices":[{"not_picked":["Seeing Red","Warcry"],"picked":"Sword Boomerang","floor":1},{"not_picked":["Sword Boomerang","Infernal Blade","Warcry"],"picked":"SKIP","floor":3},{"not_picked":["Iron Wave","Perfected Strike"],"picked":"Clothesline","floor":4},{"not_picked":["Dark Embrace","Iron Wave"],"picked":"Hemokinesis","floor":7},{"not_picked":["Warcry","Entrench"],"picked":"Pommel Strike","floor":10},{"not_picked":["Headbutt","Hemokinesis"],"picked":"Shrug It Off","floor":11},{"not_picked":["True Grit","Power Through"],"picked":"Inflame+1","floor":14}],"player_experience":205249,"relics_obtained":[{"floor":7,"key":"Bottled Flame"},{"floor":9,"key":"Ornamental Fan"},{"floor":11,"key":"Frozen Egg 2"}],"event_choices":[{"damage_healed":0,"gold_gain":0,"player_choice":"Got Potions","damage_taken":0,"max_hp_gain":0,"max_hp_loss":0,"event_name":"Lab","floor":2,"gold_loss":0},{"damage_healed":0,"gold_gain":0,"player_choice":"Ignored","damage_taken":0,"max_hp_gain":0,"max_hp_loss":0,"event_name":"Shining Light","floor":12,"gold_loss":0},{"damage_healed":0,"gold_gain":30,"player_choice":"Searched \u00272\u0027 times","damage_taken":0,"max_hp_gain":0,"max_hp_loss":0,"event_name":"Dead Adventurer","floor":13,"gold_loss":0}],"is_beta":false,"boss_relics":[],"items_purged_floors":[],"is_endless":false,"potions_floor_spawned":[1,4],"killed_by":"Hexaghost","ascension_level":15}}