{"host":"usewcu4ohw2wtmxk","time":1607902180,"event":{"mods":["AchievementEnabler","BaseMod","BetterRewards","Colored Powertips","Minty Spire (QoL Compilation)","Permanent Neow","Quick Restart","Relic Sorter","Relic Stats","Shop Mod","StSLib","UnlockEverythingMod"],"gold_per_floor":[117,167,183,183,183,183,217,217,217,248,4,14,49,69,69,146,146,157,57,77,2,20,20,51,82,82,82,82],"floor_reached":27,"playtime":657,"items_purged":["Defend_P","Strike_P"],"score":548,"play_id":"7bd0e44e-609c-404c-bcc6-14827fab2eab","local_time":"20201214072940","is_ascension_mode":true,"campfire_choices":[{"data":"Eruption","floor":6.0,"key":"SMITH"},{"data":"Vault","floor":8.0,"key":"SMITH"},{"data":"FlurryOfBlows","floor":15.0,"key":"SMITH"},{"data":"Wallop","floor":23.0,"key":"SMITH"}],"circlet_count":0,"master_deck":["AscendersBane","Strike_P","Defend_P","Eruption+1","Vigilance","Brilliance","FearNoEvil","FlurryOfBlows+1","Vault+1","BowlingBash","Worship","Scrawl","MasterReality+1","ThirdEye+1","Study+1","Wallop+1"],"relics":["PureWater","WingedGreaves","Meat on the Bone","Shuriken","TheAbacus","Juzu Bracelet","Astrolabe","Strawberry","Red Mask"],"acts_visited":["Exordium","TheCity"],"potions_floor_usage":[24],"damage_taken":[{"damage":5.0,"enemies":"Small Slimes","floor":1.0,"turns":5.0},{"damage":0.0,"enemies":"Cultist","floor":3.0,"turns":2.0},{"damage":12.0,"enemies":"3 Sentries","floor":7.0,"turns":7.0},{"damage":25.0,"enemies":"Lagavulin","floor":10.0,"turns":6.0},{"damage":0.0,"enemies":"2 Louse","floor":12.0,"turns":2.0},{"damage":14.0,"enemies":"3 Sentries","floor":13.0,"turns":6.0},{"damage":9.0,"enemies":"Red Slaver","floor":14.0,"turns":2.0},{"damage":15.0,"enemies":"Slime Boss","floor":16.0,"turns":9.0},{"damage":9.0,"enemies":"2 Thieves","floor":18.0,"turns":3.0},{"damage":0.0,"enemies":"Chosen","floor":20.0,"turns":3.0},{"damage":5.0,"enemies":"Centurion and Healer","floor":22.0,"turns":4.0},{"damage":0,"enemies":"Gremlin Leader","floor":24,"turns":4},{"damage":15,"enemies":"Masked Bandits","floor":25,"turns":4},{"damage":39,"enemies":"Book of Stabbing","floor":27,"turns":3}],"seed_played":"-1835061011332889035","potions_obtained":[{"floor":3.0,"key":"Ambrosia"},{"floor":7.0,"key":"SneckoOil"},{"floor":18.0,"key":"Swift Potion"},{"floor":22.0,"key":"Swift Potion"},{"floor":25,"key":"Explosive Potion"}],"is_trial":false,"path_per_floor":["M","?","M","T","?","R","E","R","T","E","$","M","E","M","R","B",null,"M","$","M","?","M","R","E","?","T","E"],"character_chosen":"WATCHER","items_purchased":["TheAbacus"],"campfire_rested":0,"item_purchase_floors":[11],"current_hp_per_floor":[56,56,56,56,56,56,44,44,44,31,31,43,41,44,44,41,61,52,52,52,52,47,47,54,39,39,0,0],"gold":82,"neow_bonus":"ONE_RANDOM_RARE_CARD","is_daily":false,"chose_seed":false,"campfire_upgraded":4,"win_rate":0.0,"timestamp":1607902180,"path_taken":["M","?","?","?","?","R","E","R","T","E","$","M","E","M","R","BOSS","M","$","M","?","M","R","E","?","T","E"],"items_purchased_type":["Relic"],"build_version":"2020-11-30","purchased_purges":2,"victory":false,"max_hp_per_floor":[68,68,68,68,68,68,68,68,68,68,68,68,68,68,68,68,68,68,68,68,68,68,68,75,75,75,75,75],"relic_stats":{"TheAbacus":[72],"counters":[14,60],"Shuriken":[17],"Astrolabe":["MasterReality","ThirdEye","Study"],"Juzu Bracelet":0,"obtain_stats":[{"TheAbacus":11,"Shuriken":10,"Astrolabe":17,"Strawberry":24,"WingedGreaves":4,"Juzu Bracelet":13,"Red Mask":25,"PureWater":0,"Meat on the Bone":9},{"TheAbacus":4,"Shuriken":4,"Astrolabe":8,"Strawberry":12,"WingedGreaves":2,"Juzu Bracelet":6,"Red Mask":13,"PureWater":0,"Meat on the Bone":3},{"TheAbacus":20,"Shuriken":20,"Astrolabe":39,"Strawberry":53,"WingedGreaves":7,"Juzu Bracelet":28,"Red Mask":57,"PureWater":0,"Meat on the Bone":14}],"Meat on the Bone":60},"card_choices":[{"not_picked":["Crescendo","JustLucky"],"picked":"FearNoEvil","floor":1.0},{"not_picked":["Vengeance","EmptyBody"],"picked":"FlurryOfBlows","floor":3.0},{"not_picked":["LikeWater","PathToVictory"],"picked":"Vault","floor":7.0},{"not_picked":["ClearTheMind","InnerPeace"],"picked":"BowlingBash","floor":10.0},{"not_picked":["JustLucky","FlyingSleeves","Consecrate"],"picked":"SKIP","floor":12.0},{"not_picked":["DeceiveReality","EmptyFist","Evaluate"],"picked":"SKIP","floor":13.0},{"not_picked":["Collect","EmptyBody"],"picked":"Worship","floor":14.0},{"not_picked":["MasterReality","Wish"],"picked":"Scrawl","floor":16.0},{"not_picked":["Vengeance","EmptyBody"],"picked":"Wallop","floor":18.0},{"not_picked":["CutThroughFate","BowlingBash","JustLucky"],"picked":"SKIP","floor":20.0},{"not_picked":["Swivel","Crescendo","Worship"],"picked":"SKIP","floor":22.0},{"not_picked":["ThirdEye","BowlingBash","FlurryOfBlows"],"picked":"SKIP","floor":24}],"player_experience":252579,"relics_obtained":[{"floor":4.0,"key":"WingedGreaves"},{"floor":9.0,"key":"Meat on the Bone"},{"floor":10.0,"key":"Shuriken"},{"floor":13.0,"key":"Juzu Bracelet"},{"floor":24,"key":"Strawberry"},{"floor":25,"key":"Red Mask"}],"event_choices":[{"damage_healed":0.0,"max_hp_gain":0.0,"max_hp_loss":0.0,"gold_gain":50.0,"event_name":"Golden Shrine","player_choice":"Pray","floor":2.0,"gold_loss":0.0,"damage_taken":0.0},{"damage_healed":0.0,"max_hp_gain":0.0,"max_hp_loss":0.0,"gold_gain":0.0,"event_name":"Shining Light","player_choice":"Ignored","floor":5.0,"gold_loss":0.0,"damage_taken":0.0},{"cards_removed":["Strike_P"],"damage_healed":0.0,"max_hp_gain":0.0,"max_hp_loss":0.0,"gold_gain":0.0,"event_name":"Beggar","player_choice":"Gave Gold","floor":21.0,"gold_loss":75.0,"damage_taken":0.0},{"damage_healed":0,"gold_gain":0,"player_choice":"Fought Bandits","damage_taken":0,"max_hp_gain":0,"max_hp_loss":0,"event_name":"Masked Bandits","floor":25,"gold_loss":0}],"is_beta":false,"boss_relics":[{"not_picked":["Empty Cage","Cursed Key"],"picked":"Astrolabe"}],"items_purged_floors":[11,19],"is_endless":false,"potions_floor_spawned":[3,7,18,22,25],"killed_by":"Book of Stabbing","ascension_level":20}}