{"host":"xuxmsn6olavvgi6l","time":1607897433,"event":{"mods":["AchievementEnabler","Act Like it!","BaseMod","Better Third Choice","BetterRewards","Colored Map","Colored Powertips","Hermit","Highlight Path","Hubris","Infinite Spire","Marisa????????","Minty Spire (QoL Compilation)","Rare Cards Sparkle","Replay The Spire","Shop Mod","StSLib","The Administrix","The Animator","The Construct","The Cursed","The Disciple","The Necromancer","The Runesmith","The Servant 0.9.4"],"gold_per_floor":[120,120,120,137,153,183,183,48,48,68,68,78,89,115,115,214,214,226,141,240,240,259,259,294,345,345,355,355,355,28,44,44,148,148,168,199,199,210,210,210,236,236,285,302,322,232,246,246,246,347,347,350,350,234,244,87,109,114,135,182,182,182,192,192,142,142,223,223,228,228,229,226,226,226,226,212,212],"floor_reached":76,"playtime":4494,"items_purged":["AdministrixMod:Strike_Administrix","AdministrixMod:BlueCloak","AdministrixMod:Strike_Administrix","AdministrixMod:RedCloak"],"score":1162,"play_id":"ba492d88-b438-48ae-b70c-c11276e4f2bf","local_time":"20201213161033","is_ascension_mode":false,"campfire_choices":[{"data":"AdministrixMod:JustRewards","floor":7,"key":"SMITH"},{"data":"AdministrixMod:CosmosControl","floor":11,"key":"SMITH"},{"data":"AdministrixMod:BishamonBlessing","floor":15,"key":"SMITH"},{"data":"AdministrixMod:BegetEternity","floor":23,"key":"SMITH"},{"data":"AdministrixMod:AmassedMasks","floor":32,"key":"SMITH"},{"data":"ReplayTheSpireMod:Private Reserves","floor":40,"key":"SMITH"},{"floor":42,"key":"REST"},{"floor":49,"key":"REST"},{"data":"Pot Of Greed","floor":66,"key":"SMITH"},{"data":"Pot Of Greed","floor":74,"key":"SMITH"}],"circlet_count":0,"master_deck":["AdministrixMod:Defend_Administrix","AdministrixMod:Defend_Administrix","AdministrixMod:NewbornDivinity+1","AdministrixMod:NoblePath+1","AdministrixMod:Schism+1","AdministrixMod:UnstableVigor","AdministrixMod:JustRewards+1","ReplayTheSpireMod:IOU","AdministrixMod:CosmosControl+1","AdministrixMod:BishamonBlessing+1","AdministrixMod:TrickOfTheLight","AdministrixMod:TouchOfCinnabar","Pot Of Greed+1","Pot Of Greed","AdministrixMod:BegetEternity+1","AdministrixMod:AmassedMasks+1","AdministrixMod:RebukeDesires+1","ReplayTheSpireMod:Private Reserves+1","Pot Of Greed+1","AdministrixMod:LifeforceNet+1","AdministrixMod:FeastOfDew+1","AdministrixMod:ArmillarySphere+1","AdministrixMod:Convergence","Insight","AdministrixMod:NoblePath","AdministrixMod:TrickOfTheLight+1"],"relics":["AdministrixMod:ConductorRitualBaton","Lantern","Replay:Wax Seal","MerchantsRug","Mercury Hourglass","construct:BoolHorns","Replay:Bronze Core","infinitespire:Satchel","Bag of Preparation","Sling","AdministrixMod:ElixirOfImmorality","hubris:GlazedTorus","Runesmith:Locket","infinitespire:WardingShard","Boot","Busted Crown","FaceOfCleric","Juzu Bracelet","Oddly Smooth Stone","HornCleat","Pen Nib","Potion Belt","MealTicket","Replay:Grab Bag","infinitespire:Cupcake","construct:ClawGrip","The Courier","Frozen Eye","Ancient Tea Set","Quantum Egg"],"acts_visited":["Exordium","TheCity","TheBeyond","Exordium","TheCity"],"potions_floor_usage":[14,14,27,33,41,50,72],"damage_taken":[{"damage":3,"enemies":"Jaw Worm","floor":1,"turns":3},{"damage":5,"enemies":"Small Slimes","floor":4,"turns":3},{"damage":0,"enemies":"Cultist","floor":5,"turns":3},{"damage":1,"enemies":"Replay:BlueRogue","floor":6,"turns":4},{"damage":0,"enemies":"Large Slime","floor":10,"turns":3},{"damage":0,"enemies":"2 Fungi Beasts","floor":12,"turns":1},{"damage":2,"enemies":"Looter","floor":13,"turns":2},{"damage":12,"enemies":"Gremlin Nob","floor":14,"turns":3},{"damage":27,"enemies":"Hexaghost","floor":16,"turns":6},{"damage":0,"enemies":"Spheric Guardian","floor":18,"turns":3},{"damage":4,"enemies":"Chosen","floor":22,"turns":3},{"damage":34,"enemies":"Nightmare","floor":24,"turns":7},{"damage":5,"enemies":"Snake Plant","floor":27,"turns":2},{"damage":0,"enemies":"Centurion and Healer","floor":31,"turns":2},{"damage":23,"enemies":"Collector","floor":33,"turns":5},{"damage":12,"enemies":"3 Darklings","floor":35,"turns":3},{"damage":2,"enemies":"3 Shapes","floor":38,"turns":2},{"damage":21,"enemies":"Nemesis","floor":41,"turns":3},{"damage":47,"enemies":"Writhing Mass","floor":44,"turns":4},{"damage":2,"enemies":"3 Darklings","floor":45,"turns":2},{"damage":10,"enemies":"Transient","floor":47,"turns":5},{"damage":31,"enemies":"Donu and Deca","floor":50,"turns":4},{"damage":7,"enemies":"Jaw Worm","floor":52,"turns":1},{"damage":0,"enemies":"2 Louse","floor":55,"turns":1},{"damage":1,"enemies":"Gremlin Nob","floor":57,"turns":2},{"damage":4,"enemies":"Small Slimes","floor":58,"turns":3},{"damage":1,"enemies":"Lagavulin","floor":59,"turns":2},{"damage":0,"enemies":"2 Fungi Beasts","floor":63,"turns":1},{"damage":0,"enemies":"Slime Boss","floor":67,"turns":2},{"damage":0,"enemies":"Spheric Guardian","floor":69,"turns":2},{"damage":0,"enemies":"3 Byrds","floor":72,"turns":2},{"damage":0,"enemies":"Centurion and Healer","floor":76,"turns":1}],"seed_played":"2602536330799199459","potions_obtained":[{"floor":5,"key":"SteroidPotion"},{"floor":12,"key":"Milkshake"},{"floor":16,"key":"Explosive Potion"},{"floor":24,"key":"SkillPotion"},{"floor":27,"key":"Explosive Potion"},{"floor":47,"key":"LiquidMemories"},{"floor":57,"key":"SpeedPotion"},{"floor":63,"key":"Adrenaline Potion"}],"is_trial":false,"path_per_floor":["M","?","?","M","M","E","R","$","T","M","R","M","M","E","R","B",null,"M","?","?","?","M","R","NM","T","T","M","?","?","$","M","R","B",null,"M","?","?","M","?","R","E","R","T","M","M","?","M","?","R","B",null,"M","?","$","M","$","E","M","E","T","$","?","M","?","?","R","B",null,"M","?","$","M","AVR","R","?","M"],"character_chosen":"TheAdministrix","items_purchased":["Replay:Wax Seal","MerchantsRug","ReplayTheSpireMod:Private Reserves","Sling","Juzu Bracelet","Oddly Smooth Stone","Frozen Eye","AdministrixMod:NoblePath"],"campfire_rested":2,"item_purchase_floors":[8,8,30,30,54,56,71,71],"current_hp_per_floor":[62,62,62,57,57,56,56,56,56,56,56,56,54,42,42,15,65,65,65,65,65,61,61,27,27,27,22,22,25,25,25,25,2,68,56,39,39,37,37,37,16,36,36,11,9,9,20,20,40,9,68,61,61,61,62,62,62,59,59,59,59,47,48,48,48,48,49,74,75,75,75,76,76,76,76,76,76],"gold":212,"neow_bonus":"ONE_RANDOM_RARE_CARD","is_daily":false,"chose_seed":false,"campfire_upgraded":8,"win_rate":0.0,"timestamp":1607897433,"path_taken":["M","?","?","M","M","E","R","$","T","M","R","?","M","E","R","BOSS","M","?","?","?","M","R","NM","?","T","?","?","?","$","M","R","BOSS","M","?","?","?","?","R","E","R","T","M","M","?","?","?","R","BOSS","M","?","$","M","$","E","M","E","T","?","?","M","?","?","R","BOSS","M","?","$","M","AVR","R","?","M"],"items_purchased_type":["Relic","Relic","Card","Relic","Relic","Relic","Relic","Card"],"build_version":"2020-11-30","purchased_purges":4,"victory":false,"max_hp_per_floor":[65,65,65,65,65,65,65,65,65,65,65,65,65,65,65,65,65,65,65,65,65,65,65,65,65,65,65,65,68,68,68,68,68,68,68,68,68,68,68,68,68,68,68,68,68,68,68,68,68,68,68,68,68,68,69,69,70,71,72,72,72,72,73,73,73,73,74,74,75,75,75,76,76,76,76,76,76],"card_choices":[{"not_picked":["AdministrixMod:BloodlessSapphire","AdministrixMod:CrackingPangu"],"picked":"AdministrixMod:NoblePath","floor":1},{"not_picked":["AdministrixMod:ShadowPlay","AdministrixMod:WickedPunishment"],"picked":"AdministrixMod:UnstableVigor","floor":4},{"not_picked":["AdministrixMod:MixOfMercury","AdministrixMod:QuietConspiracy"],"picked":"AdministrixMod:JustRewards","floor":5},{"not_picked":["AdministrixMod:FuneraryRites","AdministrixMod:ShadowPlay"],"picked":"AdministrixMod:SealAway","floor":6},{"not_picked":["AdministrixMod:TouchOfCinnabar","AdministrixMod:RegentEdict"],"picked":"AdministrixMod:CosmosControl","floor":10},{"not_picked":["AdministrixMod:Untouchable","AdministrixMod:FuneraryRites"],"picked":"AdministrixMod:BishamonBlessing","floor":12},{"not_picked":["AdministrixMod:SealAway","AdministrixMod:PassageOfAges"],"picked":"AdministrixMod:TrickOfTheLight","floor":13},{"not_picked":["AdministrixMod:CastOffRegrets","AdministrixMod:ShadowPlay"],"picked":"AdministrixMod:TouchOfCinnabar","floor":14},{"not_picked":["AdministrixMod:FearOfDeath","AdministrixMod:LuminaryPath"],"picked":"AdministrixMod:StarSwordSoul","floor":16},{"not_picked":["AdministrixMod:CenturiesAscent","AdministrixMod:CrackingPangu","AdministrixMod:HiddenPower"],"picked":"SKIP","floor":18},{"not_picked":["AdministrixMod:BishamonBlessing","AdministrixMod:ImmortalGrace"],"picked":"AdministrixMod:BegetEternity","floor":22},{"not_picked":["AdministrixMod:NoblePath","AdministrixMod:BloodlessSapphire"],"picked":"AdministrixMod:AmassedMasks","floor":24},{"not_picked":["AdministrixMod:Metempsychosis","AdministrixMod:UnstableVigor+1","AdministrixMod:MixOfMercury"],"picked":"SKIP","floor":27},{"not_picked":["AdministrixMod:ExtolVirtue","AdministrixMod:NoblePath","AdministrixMod:TrickOfTheLight"],"picked":"SKIP","floor":31},{"not_picked":["AdministrixMod:FearOfDeath","AdministrixMod:ImmortalClarity"],"picked":"AdministrixMod:LifeforceNet","floor":33},{"not_picked":["AdministrixMod:Convergence","AdministrixMod:FuneraryRites+1"],"picked":"AdministrixMod:FeastOfDew+1","floor":35},{"not_picked":["AdministrixMod:FiendishCrimson","AdministrixMod:TrickOfTheLight","AdministrixMod:Transition+1"],"picked":"SKIP","floor":38},{"not_picked":["AdministrixMod:RebukeDesires+1","AdministrixMod:FuneraryRites"],"picked":"AdministrixMod:ArmillarySphere+1","floor":41},{"not_picked":["AdministrixMod:SeventeenArticleLaser+1","AdministrixMod:DiversionaryTactic","AdministrixMod:CastOffRegrets+1"],"picked":"SKIP","floor":44},{"not_picked":["AdministrixMod:PassageOfAges","AdministrixMod:LightOfYourLife","AdministrixMod:Overdrive+1"],"picked":"SKIP","floor":45},{"not_picked":["AdministrixMod:ImmortalPurity+1","AdministrixMod:Transition+1","AdministrixMod:PlateOfAntiquity"],"picked":"SKIP","floor":47},{"not_picked":["AdministrixMod:Transition"],"picked":"SKIP","floor":52},{"not_picked":["AdministrixMod:RegentEdict"],"picked":"SKIP","floor":55},{"not_picked":[],"picked":"AdministrixMod:Convergence","floor":57},{"not_picked":["AdministrixMod:FuneraryRites"],"picked":"SKIP","floor":58},{"not_picked":["AdministrixMod:QuietConspiracy"],"picked":"SKIP","floor":59},{"not_picked":["AdministrixMod:FiendishCrimson"],"picked":"SKIP","floor":63},{"not_picked":["AdministrixMod:PassageOfAges"],"picked":"SKIP","floor":69},{"not_picked":[],"picked":"AdministrixMod:TrickOfTheLight+1","floor":72}],"player_experience":1309486,"relics_obtained":[{"floor":6,"key":"Lantern"},{"floor":9,"key":"Mercury Hourglass"},{"floor":14,"key":"construct:BoolHorns"},{"floor":24,"key":"infinitespire:Satchel"},{"floor":25,"key":"Whetstone"},{"floor":26,"key":"Bag of Preparation"},{"floor":36,"key":"hubris:GlazedTorus"},{"floor":41,"key":"infinitespire:WardingShard"},{"floor":43,"key":"Boot"},{"floor":57,"key":"HornCleat"},{"floor":59,"key":"Pen Nib"},{"floor":60,"key":"Potion Belt"}],"event_choices":[{"cards_removed":["AdministrixMod:Defend_Administrix"],"damage_healed":0,"gold_gain":0,"player_choice":"Purged","damage_taken":0,"max_hp_gain":0,"max_hp_loss":0,"event_name":"Purifier","floor":3,"gold_loss":0},{"damage_healed":0,"gold_gain":0,"player_choice":"Obtained Relic","damage_taken":0,"relics_obtained":["Grinning Jar"],"max_hp_gain":0,"max_hp_loss":0,"event_name":"Addict","floor":19,"gold_loss":85},{"damage_healed":0,"gold_gain":99,"player_choice":"Steal","damage_taken":0,"max_hp_gain":0,"max_hp_loss":0,"event_name":"betterThird:BetterNest","floor":20,"gold_loss":0},{"damage_healed":0,"gold_gain":0,"player_choice":"Read","damage_taken":0,"max_hp_gain":0,"max_hp_loss":0,"event_name":"The Library","floor":28,"gold_loss":0,"cards_obtained":["AdministrixMod:RebukeDesires"]},{"damage_healed":0,"gold_gain":0,"player_choice":"Gave Potion","damage_taken":0,"relics_obtained":["Runesmith:Locket"],"max_hp_gain":0,"max_hp_loss":0,"event_name":"WeMeetAgain","floor":37,"gold_loss":0},{"cards_removed":["AdministrixMod:StarSwordSoul"],"damage_healed":0,"gold_gain":0,"player_choice":"Removed Power","damage_taken":0,"max_hp_gain":0,"max_hp_loss":0,"event_name":"Falling","floor":39,"gold_loss":0},{"cards_removed":["AdministrixMod:SealAway"],"damage_healed":0,"gold_gain":0,"player_choice":"Upgrade and Remove","damage_taken":0,"max_hp_gain":0,"max_hp_loss":0,"event_name":"Designer","floor":46,"gold_loss":90,"cards_upgraded":["AdministrixMod:LifeforceNet"]},{"cards_removed":["AdministrixMod:Strike_Administrix"],"damage_healed":0,"gold_gain":0,"player_choice":"Purged","damage_taken":0,"max_hp_gain":0,"max_hp_loss":0,"event_name":"Purifier","floor":48,"gold_loss":0},{"damage_healed":0,"gold_gain":0,"player_choice":"Trade","damage_taken":0,"relics_obtained":["FaceOfCleric"],"max_hp_gain":0,"max_hp_loss":0,"event_name":"FaceTrader","floor":53,"gold_loss":0},{"damage_healed":0,"gold_gain":0,"player_choice":"Relic ","damage_taken":12,"max_hp_gain":0,"max_hp_loss":0,"event_name":"betterThird:BetterScrap","floor":62,"gold_loss":0,"cards_obtained":["Fluid Movement"]},{"damage_healed":0,"gold_gain":0,"player_choice":"Forge","damage_taken":0,"max_hp_gain":0,"max_hp_loss":0,"event_name":"Accursed Blacksmith","floor":64,"gold_loss":0,"cards_upgraded":["AdministrixMod:RebukeDesires"]},{"cards_removed":["AdministrixMod:Defend_Administrix"],"damage_healed":0,"gold_gain":0,"player_choice":"Card Removal","damage_taken":0,"max_hp_gain":0,"max_hp_loss":0,"event_name":"The Cleric","floor":65,"gold_loss":50},{"damage_healed":0,"gold_gain":0,"player_choice":"Insight","damage_taken":0,"max_hp_gain":0,"max_hp_loss":0,"event_name":"betterThird:BetterWriting","floor":70,"gold_loss":0,"cards_obtained":["Insight"]}],"is_beta":false,"boss_relics":[{"not_picked":["hubris:CrackedHourglass","Pandora\u0027s Box"],"picked":"Replay:Bronze Core"},{"not_picked":["Honey Jar","Cursed Key"],"picked":"AdministrixMod:ElixirOfImmorality"},{"not_picked":["hubris:RunicObelisk","Kintsugi"],"picked":"Busted Crown"},{"not_picked":["SlaversCollar","Replay:Wanted Poster"],"picked":"Replay:Grab Bag"},{"not_picked":["Velvet Choker","ChewingGum"],"picked":"infinitespire:Cupcake"},{"not_picked":["Sozu","ReplayTheSpireMod:Onyx Gauntlets"],"picked":"Cursed Key"},{"not_picked":["Kintsugi","Pandora\u0027s Box"],"picked":"construct:ClawGrip"},{"not_picked":["hubris:HollowSoul","construct:WeddingRing"],"picked":"hubris:Backtick"}],"items_purged_floors":[30,54,71,73],"is_endless":true,"potions_floor_spawned":[5,12,16,24,27,41,45,47,50,57,58,63,67],"killed_by":"Centurion and Healer","ascension_level":0}}