{"host":"m1ntkrf87179kmo6","time":1607871549,"event":{"mods":["BaseMod","Better Third Choice","Minty Spire (QoL Compilation)","Shade Mod","StSLib"],"gold_per_floor":[117,117,292,317,317,351,351,384,407,407,427,427,446,461,461,582,582,602,622,645,230,254,254,254,254,254,275,319,319,418,7,7,7,7],"floor_reached":33,"playtime":2392,"items_purged":["Injury"],"score":300,"play_id":"2c67f886-3ee4-418b-9810-5a489f1bc776","local_time":"20201213095909","is_ascension_mode":false,"campfire_choices":[{"floor":7,"key":"RECALL"},{"floor":12,"key":"REST"},{"data":"Shade:GreyBargain","floor":15,"key":"SMITH"},{"data":"Shade:AnimateDead","floor":23,"key":"SMITH"},{"floor":32,"key":"REST"}],"circlet_count":0,"master_deck":["Shade:Strike_Shade","Shade:Strike_Shade","Shade:Strike_Shade","Shade:Strike_Shade","Shade:Defend_Shade","Shade:Defend_Shade","Shade:Defend_Shade","Shade:Defend_Shade","Shade:AnimateDead+1","Shade:CarefulCut","Shade:ExtraLimbs","Shade:ExtraLimbs","Shade:AncientSpear","Shade:GreyBargain+1","Shade:Coordination","Shade:FleshLikeOak","Shade:Bite_Shade","Shade:Bite_Shade","Bandage Up+1"],"relics":["Shade:YorickSkull","NeowsBlessing","Golden Idol","Bag of Preparation","Torii","Strawberry","Happy Flower","Busted Crown","Lee\u0027s Waffle","Tiny Chest","PreservedInsect","Toxic Egg 2","HornCleat"],"acts_visited":["Exordium","TheCity"],"potions_floor_usage":[16,16,16,27,28],"damage_taken":[{"damage":0,"enemies":"Jaw Worm","floor":1,"turns":1},{"damage":0,"enemies":"2 Louse","floor":4,"turns":1},{"damage":0,"enemies":"Gremlin Nob","floor":6,"turns":1},{"damage":22,"enemies":"3 Sentries","floor":8,"turns":11},{"damage":0,"enemies":"Cultist","floor":11,"turns":3},{"damage":0,"enemies":"Gremlin Gang","floor":13,"turns":4},{"damage":1,"enemies":"Lots of Slimes","floor":14,"turns":4},{"damage":1,"enemies":"Hexaghost","floor":16,"turns":9},{"damage":0,"enemies":"Spheric Guardian","floor":18,"turns":3},{"damage":0,"enemies":"Shell Parasite","floor":19,"turns":3},{"damage":3,"enemies":"Shelled Parasite and Fungi","floor":20,"turns":8},{"damage":25,"enemies":"Cultist and Chosen","floor":22,"turns":8},{"damage":6,"enemies":"Centurion and Healer","floor":27,"turns":5},{"damage":36,"enemies":"Gremlin Leader","floor":28,"turns":7},{"damage":76,"enemies":"Champ","floor":33,"turns":12}],"seed_played":"8335247593000653194","potions_obtained":[{"floor":8,"key":"Block Potion"},{"floor":11,"key":"Dexterity Potion"},{"floor":14,"key":"Dexterity Potion"},{"floor":20,"key":"Weak Potion"}],"is_trial":false,"path_per_floor":["M","?","?","M","?","E","R","E","T","?","M","R","M","M","R","B",null,"M","M","M","$","M","R","?","?","T","M","E","T","?","$","R","B"],"character_chosen":"SHADE","items_purchased":["Lee\u0027s Waffle","Tiny Chest","PowerPotion","Shade:Bite_Shade","Bandage Up+1","HornCleat"],"campfire_rested":2,"item_purchase_floors":[21,21,21,31,31,31],"current_hp_per_floor":[65,65,65,65,62,62,62,47,47,47,47,68,68,67,67,66,72,72,72,69,79,54,54,54,54,54,52,22,22,22,22,45,0,0],"gold":7,"neow_bonus":"THREE_ENEMY_KILL","is_daily":false,"chose_seed":false,"campfire_upgraded":2,"win_rate":0.0,"timestamp":1607871549,"path_taken":["M","?","?","M","?","E","R","E","T","?","?","R","M","M","R","BOSS","M","M","?","$","?","R","?","?","T","M","E","?","?","$","R","BOSS"],"items_purchased_type":["Relic","Relic","Potion","Card","Card","Relic"],"build_version":"2020-11-30","purchased_purges":1,"victory":false,"max_hp_per_floor":[65,65,65,65,65,65,65,72,72,72,72,72,72,72,72,72,72,72,72,72,79,79,79,79,79,79,79,79,79,79,79,79,79,79],"card_choices":[{"not_picked":["Shade:FleshToFlesh","Shade:Frenzy","Shade:CoffinDance"],"picked":"SKIP","floor":1},{"not_picked":["Shade:RavenousHorde","Shade:RitualOffering","Shade:CoffinDance"],"picked":"SKIP","floor":4},{"not_picked":["Shade:FleshLikeOak","Shade:Frenzy"],"picked":"Shade:ExtraLimbs","floor":6},{"not_picked":["Shade:FleshOffering","Shade:FeralStrike"],"picked":"Shade:ExtraLimbs","floor":8},{"not_picked":["Shade:AuraOfUnlife","Shade:FingerOfDeath"],"picked":"Shade:AncientSpear","floor":11},{"not_picked":["Shade:CloudOfShrapnel","Shade:ExtraLimbs","Shade:CallWraith"],"picked":"SKIP","floor":13},{"not_picked":["Shade:BoneShards","Shade:Trample"],"picked":"Shade:GreyBargain","floor":14},{"not_picked":["Shade:UnbarTheGrave","Shade:LoseControl"],"picked":"Shade:Coordination","floor":16},{"not_picked":[],"picked":"Shade:FleshLikeOak","floor":18},{"not_picked":["Shade:GraveStillness+1"],"picked":"SKIP","floor":19},{"not_picked":["Shade:SkeletonHug+1"],"picked":"SKIP","floor":20},{"not_picked":["Shade:CommandSoldier"],"picked":"SKIP","floor":22},{"not_picked":["Shade:CoffinDance+1"],"picked":"SKIP","floor":27},{"not_picked":["Shade:AncientSpear"],"picked":"SKIP","floor":28}],"player_experience":993412,"relics_obtained":[{"floor":6,"key":"Torii"},{"floor":8,"key":"Strawberry"},{"floor":9,"key":"Happy Flower"},{"floor":28,"key":"PreservedInsect"},{"floor":29,"key":"Toxic Egg 2"}],"event_choices":[{"damage_healed":0,"gold_gain":0,"player_choice":"Take Wound","damage_taken":0,"relics_obtained":["Golden Idol"],"max_hp_gain":0,"max_hp_loss":0,"event_name":"Golden Idol","floor":2,"gold_loss":0,"cards_obtained":["Injury"]},{"damage_healed":0,"gold_gain":175,"player_choice":"AGREE","damage_taken":117,"max_hp_gain":0,"max_hp_loss":0,"event_name":"betterThird:BetterSerpent","floor":3,"gold_loss":0},{"damage_healed":0,"gold_gain":0,"player_choice":"Relic ","damage_taken":3,"max_hp_gain":0,"max_hp_loss":0,"event_name":"betterThird:BetterScrap","floor":5,"gold_loss":0,"cards_obtained":["ReachHeaven"]},{"cards_removed":["Doubt"],"damage_healed":0,"gold_gain":0,"player_choice":"Purged","damage_taken":0,"max_hp_gain":0,"max_hp_loss":0,"event_name":"Purifier","floor":10,"gold_loss":0},{"damage_healed":0,"gold_gain":0,"player_choice":"Read","damage_taken":0,"max_hp_gain":0,"max_hp_loss":0,"event_name":"The Library","floor":24,"gold_loss":0,"cards_obtained":["Shade:Bite_Shade"]},{"damage_healed":0,"gold_gain":0,"player_choice":"Ignored","damage_taken":0,"max_hp_gain":0,"max_hp_loss":0,"event_name":"Ghosts","floor":25,"gold_loss":0},{"damage_healed":0,"gold_gain":99,"player_choice":"Steal","damage_taken":0,"max_hp_gain":0,"max_hp_loss":0,"event_name":"betterThird:BetterNest","floor":30,"gold_loss":0}],"is_beta":false,"boss_relics":[{"not_picked":["Velvet Choker","Runic Pyramid"],"picked":"Busted Crown"}],"items_purged_floors":[21],"is_endless":false,"potions_floor_spawned":[8,11,14,20],"killed_by":"Champ","ascension_level":0}}