{"host":"5pvsezzv96u4cz40","time":1607888608,"event":{"mods":["Act Like it!","BaseMod","BetterRewards","CapriCore","Colored Map","Colored Powertips","GifTheSpireLib","Hermit","Hubris","Menagerie","Minty Spire (QoL Compilation)","Remilia??????","Replay The Spire","Shop Mod","StSLib","The Blue Laboratory","The Necromancer","The Vixen","??????REMEMod"],"gold_per_floor":[113,129,129,156,156,185,202,216,216,216,241,260,14,34,34,137,137,154,164,164,15,34,34,45,45,45],"floor_reached":25,"playtime":3647,"items_purged":[],"score":265,"play_id":"aa6b8495-bf07-42a5-9806-1cf2ef073b4e","local_time":"20201213204328","is_ascension_mode":false,"campfire_choices":[{"data":"Poison Darts","floor":10,"key":"SMITH"},{"floor":15,"key":"REST"},{"data":"Injury","floor":23,"key":"PURGE"}],"circlet_count":0,"master_deck":["Strike_G","Strike_G","Strike_G","Strike_G","Strike_G","Defend_G","Defend_G+1","Defend_G+1","Defend_G","Defend_G","Survivor","Neutralize","Poison Darts+1","Deadly Poison","PiercingWail","Masterful Stab+1","Outmaneuver","Outmaneuver","REME_GrazeFinale","CommonCold","CommonCold","Deadly Poison+1","Prepared+1","Catalyst","Masterful Stab+1","Poisoned Stab","Fluid Movement"],"relics":["Ring of the Snake","REME_ComplimentaryCards","NeowsBlessing","Replay:Kaleidoscope","hubris:Towel","Ice Cream","Mango","Gremlin Food","Lantern","Replay:Ancient Bell","Simple Rune","hubris:BottledRain","Replay:Multitool","DollysMirror"],"acts_visited":["Menagerie:Menagerie","TheCity"],"potions_floor_usage":[16,18,22,25],"damage_taken":[{"damage":0,"enemies":"Menagerie:MonstrousExperiment","floor":1,"turns":1},{"damage":0,"enemies":"Menagerie:WhisperingWraith","floor":2,"turns":1},{"damage":0,"enemies":"Menagerie:VoidReaper","floor":6,"turns":1},{"damage":1,"enemies":"Menagerie:StygianBoar","floor":7,"turns":3},{"damage":1,"enemies":"Menagerie:KEEPER_AND_YOUNG_SUNEATER","floor":8,"turns":5},{"damage":1,"enemies":"Menagerie:Hydra","floor":11,"turns":5},{"damage":8,"enemies":"Menagerie:BEAST_MAGE_AND_PROWLING_AMALGAM","floor":12,"turns":4},{"damage":5,"enemies":"Menagerie:MENAGERIE_WILDLIFE","floor":14,"turns":4},{"damage":44,"enemies":"Menagerie:Suneater","floor":16,"turns":7},{"damage":7,"enemies":"3 Byrds","floor":18,"turns":5},{"damage":0,"enemies":"Spheric Guardian","floor":19,"turns":2},{"damage":20,"enemies":"Chosen and Byrds","floor":22,"turns":5},{"damage":21,"enemies":"Centurion and Healer","floor":24,"turns":6},{"damage":39,"enemies":"Book of Stabbing","floor":25,"turns":4}],"seed_played":"6910535825055935665","potions_obtained":[{"floor":7,"key":"blueLaboratory:BottleOfRum"},{"floor":11,"key":"blueLaboratory:NinjaPotion"},{"floor":12,"key":"blueLaboratory:NullPotion"},{"floor":18,"key":"EntropicBrew"},{"floor":19,"key":"Explosive Potion"},{"floor":24,"key":"blueLaboratory:BottleOfVodka"}],"is_trial":false,"path_per_floor":["M","M","?","?","?","E","M","M","T","R","E","M","$","M","R","B",null,"M","M","?","$","M","R","M","E"],"character_chosen":"THE_SILENT","items_purchased":["Lantern","Outmaneuver","blueLaboratory:BlinkPotion","DollysMirror"],"campfire_rested":1,"item_purchase_floors":[13,13,13,21],"current_hp_per_floor":[70,70,70,53,53,53,52,51,65,65,64,56,56,51,76,32,84,77,77,77,77,57,57,36,0,0],"gold":45,"neow_bonus":"THREE_ENEMY_KILL","is_daily":false,"chose_seed":false,"campfire_upgraded":1,"win_rate":0.0,"timestamp":1607888608,"path_taken":["M","M","?","?","?","E","?","M","T","R","E","M","$","M","R","BOSS","M","M","?","$","M","R","M","E"],"items_purchased_type":["Relic","Card","Potion","Relic"],"build_version":"2020-11-30","purchased_purges":0,"victory":false,"max_hp_per_floor":[70,70,70,70,70,70,70,70,84,84,84,84,84,84,84,84,84,84,84,84,84,84,84,84,84,84],"card_choices":[{"not_picked":["ReplayTheSpireMod:Tripwire","Prepared"],"picked":"Deadly Poison","floor":1},{"not_picked":["Cloak And Dagger","Riddle With Holes","hubris:SlightOfHand"],"picked":"SKIP","floor":2},{"not_picked":["Quick Slash","Dodge and Roll"],"picked":"PiercingWail","floor":4},{"not_picked":["Bane","ReplayTheSpireMod:Exploit Weakness"],"picked":"Masterful Stab","floor":6},{"not_picked":["Bane","Dagger Spray","hubris:SlightOfHand"],"picked":"SKIP","floor":7},{"not_picked":["Hidden Blade","Calculated Gamble","Endless Agony"],"picked":"SKIP","floor":8},{"not_picked":["A Thousand Cuts","Prepared"],"picked":"Outmaneuver","floor":11},{"not_picked":["REME_GreenPollution","ReplayTheSpireMod:Scrap Shanks","Sucker Punch"],"picked":"SKIP","floor":12},{"not_picked":["ReplayTheSpireMod:The Works","Flying Knee"],"picked":"REME_GrazeFinale","floor":14},{"not_picked":["ReplayTheSpireMod:Faulty Equipment","Voices"],"picked":"Injury","floor":17},{"not_picked":["Hallucinations","hubris:Greed"],"picked":"CommonCold","floor":17},{"not_picked":["Pain","Hallucinations"],"picked":"CommonCold","floor":17},{"not_picked":["Riddle With Holes","Poisoned Stab"],"picked":"Deadly Poison+1","floor":18},{"not_picked":["Hidden Blade","Acrobatics"],"picked":"Prepared+1","floor":19},{"not_picked":["Hidden Blade","Outmaneuver"],"picked":"Poisoned Stab","floor":22},{"not_picked":["PiercingWail","hubris:Sniper"],"picked":"Fluid Movement","floor":24}],"player_experience":97960,"relics_obtained":[{"floor":4,"key":"Replay:Kaleidoscope"},{"floor":6,"key":"Ice Cream"},{"floor":9,"key":"Mango"},{"floor":11,"key":"Gremlin Food"}],"event_choices":[{"damage_healed":0,"gold_gain":0,"player_choice":"Ignored","damage_taken":0,"max_hp_gain":0,"max_hp_loss":0,"event_name":"Menagerie:BigGameHunter","floor":3,"gold_loss":0},{"damage_healed":0,"gold_gain":0,"player_choice":"Read","damage_taken":0,"max_hp_gain":0,"max_hp_loss":0,"event_name":"The Library","floor":20,"gold_loss":0,"cards_obtained":["Catalyst"]}],"is_beta":false,"boss_relics":[{"not_picked":["Ring of Chaos","Kintsugi"],"picked":"Replay:Ancient Bell"},{"not_picked":["Grinning Jar","Bag of Preparation"],"picked":"Simple Rune"},{"not_picked":["Onion Ring","hubris:TinFlute"],"picked":"hubris:BottledRain"},{"not_picked":["hubris:MedicalManual","hubris:CuriousFeather"],"picked":"Replay:Multitool"}],"items_purged_floors":[],"is_endless":false,"potions_floor_spawned":[7,11,12,18,19,24],"killed_by":"Book of Stabbing","ascension_level":0}}