{"host":"vjza61176pkzgzt7","time":1607848861,"event":{"mods":["BaseMod","Better Third Choice","Minty Spire (QoL Compilation)","StSLib","The Alterego","The Poker Player","The Senshi"],"gold_per_floor":[118,118,136,71,71,71,71,71,96,108,108,108,126,146,146,241,241,257,257,277,277,295,295,4,38,109,109,55,55,55,68,68,168,168,181,196,196,196,1195,1195,1213,1213,1213,1226,22,22,22,38,38,38,38,38],"floor_reached":50,"playtime":4265,"items_purged":["Normality"],"score":523,"play_id":"ff9f5d68-1fd3-4687-8b1b-bfe85aae5b27","local_time":"20201213024101","is_ascension_mode":false,"metric_token":466,"campfire_choices":[{"data":"PokerPlayerMod:Diamond3","floor":6.0,"key":"SMITH"},{"data":"PokerPlayerMod:Spade3","floor":8.0,"key":"SMITH"},{"data":"PokerPlayerMod:Club1","floor":12.0,"key":"SMITH"},{"data":"PokerPlayerMod:Mulligan","floor":15.0,"key":"SMITH"},{"data":"PokerPlayerMod:Club1","floor":23,"key":"SMITH"},{"floor":27,"key":"REST"},{"data":"PokerPlayerMod:Raise","floor":29,"key":"SMITH"},{"data":"PokerPlayerMod:Configure","floor":32,"key":"SMITH"},{"data":"PokerPlayerMod:FakeSymbols","floor":40,"key":"SMITH"},{"floor":42,"key":"REST"},{"floor":47,"key":"REST"},{"data":"Apotheosis","floor":49,"key":"SMITH"}],"circlet_count":0,"master_deck":["PokerPlayerMod:Diamond2","PokerPlayerMod:Diamond2","PokerPlayerMod:Diamond4","PokerPlayerMod:Diamond4","PokerPlayerMod:Diamond5","PokerPlayerMod:Spade1","PokerPlayerMod:Spade2","PokerPlayerMod:Spade4","PokerPlayerMod:Spade4","PokerPlayerMod:Club2","PokerPlayerMod:Club2","PokerPlayerMod:Heart2","PokerPlayerMod:BadJoker","PokerPlayerMod:Mulligan+1","PokerPlayerMod:Diamond4","PokerPlayerMod:SpadeStrike","PokerPlayerMod:Heart4","PokerPlayerMod:Spade4","PokerPlayerMod:DiamondStrike","PokerPlayerMod:ClubShade","PokerPlayerMod:Diamond7","PokerPlayerMod:Configure+1","PokerPlayerMod:Club2","PokerPlayerMod:ClubsClub","PokerPlayerMod:Diamond8","PokerPlayerMod:FlyingCard","PokerPlayerMod:Raise+1","PokerPlayerMod:Club10+","PokerPlayerMod:JackOfSpades+1","PokerPlayerMod:FakeSymbols+1","PokerPlayerMod:HeartStrike+1","PanicButton","Normality","PokerPlayerMod:DiamondStrike","Apotheosis+1","PokerPlayerMod:ClubShade","PokerPlayerMod:SecondChance","PokerPlayerMod:Heart3","PokerPlayerMod:ClubDance","PokerPlayerMod:Heart4","PokerPlayerMod:JackOfSpades+1"],"relics":["PokerPlayerMod:DeckCase","Lantern","Blood Vial","PokerPlayerMod:AceCard","Bag of Marbles","HandDrill","Vajra","Matryoshka","SlaversCollar","Strawberry","Thread and Needle","Oddly Smooth Stone","Sundial","Sling"],"acts_visited":["TheBeyond"],"potions_floor_usage":[33,33,41,44,48,50,50],"damage_taken":[{"damage":0.0,"enemies":"Cultist","floor":1.0,"turns":2.0},{"damage":0.0,"enemies":"Small Slimes","floor":3.0,"turns":3.0},{"damage":0.0,"enemies":"2 Louse","floor":10.0,"turns":2.0},{"damage":0.0,"enemies":"Gremlin Gang","floor":13.0,"turns":3.0},{"damage":0.0,"enemies":"Looter","floor":14.0,"turns":3.0},{"damage":22.0,"enemies":"Hexaghost","floor":16.0,"turns":8.0},{"damage":0.0,"enemies":"Chosen","floor":18.0,"turns":3.0},{"damage":0.0,"enemies":"3 Byrds","floor":20.0,"turns":4.0},{"damage":13,"enemies":"Snake Plant","floor":22,"turns":3},{"damage":0,"enemies":"HollowMod:Nosk","floor":25,"turns":1},{"damage":1,"enemies":"Chosen and Byrds","floor":31,"turns":3},{"damage":45,"enemies":"Automaton","floor":33,"turns":8},{"damage":20,"enemies":"Orb Walker","floor":35,"turns":4},{"damage":2,"enemies":"3 Shapes","floor":36,"turns":3},{"damage":46,"enemies":"Spire Growth","floor":41,"turns":6},{"damage":27,"enemies":"4 Shapes","floor":44,"turns":5},{"damage":30,"enemies":"3 Darklings","floor":48,"turns":5},{"damage":92,"enemies":"Donu and Deca","floor":50,"turns":8}],"seed_played":"1284819595376544403","potions_obtained":[{"floor":1.0,"key":"AttackPotion"},{"floor":3.0,"key":"GamblersBrew"},{"floor":16.0,"key":"PowerPotion"},{"floor":20,"key":"DuplicationPotion"},{"floor":22,"key":"AttackPotion"},{"floor":31,"key":"ColorlessPotion"},{"floor":36,"key":"Dexterity Potion"},{"floor":48,"key":"SmokeBomb"}],"is_trial":false,"path_per_floor":["M","?","M","$","?","R","$","R","T","M","?","R","M","M","R","B",null,"M","?","M","?","M","R","$","E","T","R","$","R","?","M","R","B",null,"M","M","?","?","?","R","M","R","T","M","$","?","R","M","R","B"],"character_chosen":"THE_POKER_PLAYER","items_purchased":["PokerPlayerMod:Heart4","HandDrill","PokerPlayerMod:Diamond8","PokerPlayerMod:Club1","PokerPlayerMod:Raise","Oddly Smooth Stone","Apotheosis","Sundial","Ancient Potion","FearPotion","ColorlessPotion","PokerPlayerMod:ClubShade","Sling","PokerPlayerMod:SecondChance","PokerPlayerMod:Heart3","PokerPlayerMod:ClubDance"],"campfire_rested":3,"item_purchase_floors":[4,24,24,24,28,45,45,45,45,45,45,45,45,45,45,45],"current_hp_per_floor":[57,57,57,57,50,50,50,50,50,57,57,57,57,57,57,37,57,57,57,57,57,44,44,44,46,46,57,57,57,57,56,56,18,57,37,37,37,37,37,37,6,22,29,25,25,25,43,52,52,0,0,0],"gold":38,"neow_bonus":"TEN_PERCENT_HP_BONUS","is_daily":false,"chose_seed":false,"campfire_upgraded":9,"win_rate":0.0,"timestamp":1607848861,"path_taken":["M","?","?","$","?","R","$","R","T","M","?","R","M","M","R","BOSS","M","?","?","?","?","R","$","E","T","R","?","R","?","M","R","BOSS","M","M","?","?","?","R","M","R","T","M","$","?","R","M","R","BOSS"],"items_purchased_type":["Card","Relic","Card","Card","Card","Relic","Card","Relic","Potion","Potion","Potion","Card","Relic","Card","Card","Card"],"build_version":"2020-11-30","purchased_purges":1,"victory":false,"max_hp_per_floor":[57,57,57,57,57,57,57,57,57,57,57,57,57,57,57,57,57,57,57,57,57,57,57,57,57,57,57,57,57,57,57,57,57,57,57,57,57,54,54,54,54,54,61,61,61,61,61,61,61,61,61,61],"card_choices":[{"not_picked":["PokerPlayerMod:Spade3","PokerPlayerMod:DartThrow"],"picked":"PokerPlayerMod:Diamond4","floor":1.0},{"not_picked":["PokerPlayerMod:Heart5","PokerPlayerMod:ChangeRules"],"picked":"PokerPlayerMod:SpadeStrike","floor":3.0},{"not_picked":["PokerPlayerMod:Club3","PokerPlayerMod:Fold"],"picked":"PokerPlayerMod:Spade4","floor":10.0},{"not_picked":["PokerPlayerMod:Heart1","PokerPlayerMod:PoorCopy"],"picked":"PokerPlayerMod:DiamondStrike","floor":13.0},{"not_picked":["PokerPlayerMod:Diamond5","PokerPlayerMod:CardBurn"],"picked":"PokerPlayerMod:ClubShade","floor":14.0},{"not_picked":["PokerPlayerMod:Diamond9","PokerPlayerMod:ItsShowtime"],"picked":"PokerPlayerMod:Diamond7","floor":16.0},{"not_picked":["PokerPlayerMod:Diamond1","PokerPlayerMod:ClubsClub"],"picked":"PokerPlayerMod:Configure","floor":18.0},{"not_picked":["PokerPlayerMod:Diamond4","PokerPlayerMod:CloakAndDiamond"],"picked":"PokerPlayerMod:Club1","floor":20},{"not_picked":["PokerPlayerMod:Trickery","PokerPlayerMod:Spade9"],"picked":"PokerPlayerMod:ClubsClub","floor":22},{"not_picked":["PokerPlayerMod:Diamond1","PokerPlayerMod:Club3"],"picked":"PokerPlayerMod:FlyingCard","floor":25},{"not_picked":["PokerPlayerMod:ClubsClub","PokerPlayerMod:Configure+1"],"picked":"PokerPlayerMod:JackOfSpades+1","floor":31},{"not_picked":["PokerPlayerMod:Spade10+","PokerPlayerMod:Spade9"],"picked":"PokerPlayerMod:FakeSymbols","floor":33},{"not_picked":["PokerPlayerMod:Spade1","PokerPlayerMod:Club2"],"picked":"PokerPlayerMod:HeartStrike+1","floor":35},{"not_picked":["PokerPlayerMod:Fold","PokerPlayerMod:Club2","PokerPlayerMod:Diamond2"],"picked":"SKIP","floor":36},{"not_picked":["Transmutation","Forethought"],"picked":"PanicButton","floor":37},{"not_picked":["PokerPlayerMod:Heart1","PokerPlayerMod:Configure","PokerPlayerMod:Spade2"],"picked":"SKIP","floor":41},{"not_picked":["PokerPlayerMod:Spade3","PokerPlayerMod:Diamond4"],"picked":"PokerPlayerMod:DiamondStrike","floor":44},{"not_picked":["PokerPlayerMod:Diamond4","PokerPlayerMod:Fold"],"picked":"PokerPlayerMod:JackOfSpades+1","floor":48}],"player_experience":124479,"relics_obtained":[{"floor":9.0,"key":"Blood Vial"},{"floor":25,"key":"Vajra"},{"floor":26,"key":"Matryoshka"},{"floor":43,"key":"Strawberry"},{"floor":43,"key":"Thread and Needle"}],"event_choices":[{"cards_removed":["PokerPlayerMod:TrumpStrike"],"damage_healed":0.0,"max_hp_gain":0.0,"max_hp_loss":0.0,"gold_gain":0.0,"event_name":"Bonfire Elementals","player_choice":"Offered Basic","floor":2.0,"gold_loss":0.0,"damage_taken":0.0},{"damage_healed":0.0,"max_hp_gain":0.0,"max_hp_loss":0.0,"gold_gain":0.0,"event_name":"betterThird:BetterScrap","player_choice":"Relic ","floor":5.0,"gold_loss":0.0,"damage_taken":7.0,"cards_obtained":["Sever Soul"]},{"damage_healed":0.0,"max_hp_gain":0.0,"max_hp_loss":0.0,"gold_gain":0.0,"event_name":"betterThird:BetterSerpent","player_choice":"Ignored","floor":11.0,"gold_loss":0.0,"damage_taken":108.0},{"damage_healed":0.0,"max_hp_gain":0.0,"max_hp_loss":0.0,"gold_gain":0.0,"event_name":"Accursed Blacksmith","player_choice":"Forge","floor":19.0,"gold_loss":0.0,"damage_taken":0.0,"cards_upgraded":["PokerPlayerMod:Diamond2"]},{"damage_healed":0,"gold_gain":0,"player_choice":"Gave Potion","damage_taken":0,"relics_obtained":["Bag of Marbles"],"max_hp_gain":0,"max_hp_loss":0,"event_name":"WeMeetAgain","floor":21,"gold_loss":0},{"damage_healed":0,"gold_gain":0,"player_choice":"Read","damage_taken":0,"max_hp_gain":0,"max_hp_loss":0,"event_name":"The Library","floor":30,"gold_loss":0,"cards_obtained":["PokerPlayerMod:Club10"]},{"damage_healed":0,"gold_gain":0,"player_choice":"Memory 1","damage_taken":0,"max_hp_gain":0,"max_hp_loss":0,"event_name":"SensoryStone","floor":37,"gold_loss":0},{"damage_healed":0,"gold_gain":0,"player_choice":"Max HP","damage_taken":0,"max_hp_gain":0,"max_hp_loss":3,"event_name":"Winding Halls","floor":38,"gold_loss":0},{"damage_healed":0,"gold_gain":999,"player_choice":"Gold","damage_taken":0,"max_hp_gain":0,"max_hp_loss":0,"event_name":"MindBloom","floor":39,"gold_loss":0,"cards_obtained":["Normality","Normality"]},{"damage_healed":0,"gold_gain":0,"cards_transformed":["PokerPlayerMod:Club1"],"player_choice":"Transformed","damage_taken":0,"max_hp_gain":0,"max_hp_loss":0,"event_name":"Transmorgrifier","floor":46,"gold_loss":0,"cards_obtained":["PokerPlayerMod:Heart4"]}],"is_beta":false,"boss_relics":[{"not_picked":["Astrolabe","Tiny House"],"picked":"PokerPlayerMod:AceCard"},{"not_picked":["Empty Cage","Busted Crown"],"picked":"SlaversCollar"}],"items_purged_floors":[45],"is_endless":false,"potions_floor_spawned":[1,3,16,20,22,31,36,48],"killed_by":"Donu and Deca","ascension_level":0}}