{"host":"f6tqpspb2ou2a4h5","time":1607826087,"event":{"mods":["2.2 Compatiblity","Ascension Unlocker","BaseMod","Colored Map","DeckTracker","Hermit","Highlight Path","KOR Keyword Fix","Keyboard Shortcuts","Minty Spire (QoL Compilation)","Permanent Neow","Quick Restart","Random Character Button","StSLib","SuperFastMode","The Poker Player","everything is the same but u backflip on backflip"],"gold_per_floor":[359,284,303,315,390,390,417,417,441,441,421,421,441,37,37,111,111,130,142,142,162,177,177,20,32,32,32,50,50,50,65,65,136,136,152,152,152,152,152,152,152,152],"floor_reached":41,"playtime":1699,"items_purged":["Strike_G"],"score":661,"play_id":"28b769b2-c54b-407f-8fc6-b7c2f58fed02","local_time":"20201213112127","is_ascension_mode":true,"campfire_choices":[{"floor":6.0,"key":"REST"},{"floor":8.0,"key":"REST"},{"data":"Terror","floor":10.0,"key":"SMITH"},{"data":"Neutralize","floor":12.0,"key":"SMITH"},{"data":"Poisoned Stab","floor":15.0,"key":"SMITH"},{"floor":23,"key":"REST"},{"floor":27,"key":"REST"},{"data":"Leg Sweep","floor":29,"key":"SMITH"},{"floor":32,"key":"REST"},{"floor":40,"key":"REST"}],"circlet_count":0,"master_deck":["AscendersBane","Strike_G+1","Strike_G+1","Strike_G+1","Defend_G+1","Defend_G+1","Defend_G+1","Defend_G+1","Survivor","Neutralize+1","Dagger Spray","Terror+1","Deadly Poison","Leg Sweep+1","Die Die Die","Grand Finale","Acrobatics","Footwork","Well Laid Plans+1","Quick Slash","PiercingWail+1","Writhe","Wraith Form v2","Dagger Throw","Grand Finale"],"relics":["Ring of the Snake","Happy Flower","Juzu Bracelet","Ornamental Fan","Empty Cage","Oddly Smooth Stone","Toxic Egg 2","Sundial","Fusion Hammer"],"acts_visited":["Exordium","TheCity","TheBeyond"],"potions_floor_usage":[33,35],"damage_taken":[{"damage":3.0,"enemies":"Small Slimes","floor":1.0,"turns":6.0},{"damage":14.0,"enemies":"Jaw Worm","floor":3.0,"turns":8.0},{"damage":0.0,"enemies":"Cultist","floor":4.0,"turns":3.0},{"damage":28.0,"enemies":"Lagavulin","floor":7.0,"turns":8.0},{"damage":4.0,"enemies":"Large Slime","floor":13.0,"turns":4.0},{"damage":10.0,"enemies":"Hexaghost","floor":16.0,"turns":8.0},{"damage":22.0,"enemies":"Spheric Guardian","floor":18.0,"turns":6.0},{"damage":8.0,"enemies":"Chosen","floor":19.0,"turns":6.0},{"damage":8,"enemies":"Snake Plant","floor":21,"turns":5},{"damage":6,"enemies":"Centurion and Healer","floor":22,"turns":3},{"damage":0,"enemies":"Snecko","floor":25,"turns":3},{"damage":9,"enemies":"Snake Plant","floor":28,"turns":3},{"damage":5,"enemies":"Centurion and Healer","floor":31,"turns":7},{"damage":14,"enemies":"Champ","floor":33,"turns":10},{"damage":18,"enemies":"3 Darklings","floor":35,"turns":6},{"damage":58,"enemies":"3 Shapes","floor":41,"turns":3}],"seed_played":"-183780495605455657","potions_obtained":[{"floor":7.0,"key":"GhostInAJar"},{"floor":11.0,"key":"CultistPotion"},{"floor":16.0,"key":"BlessingOfTheForge"},{"floor":19.0,"key":"ColorlessPotion"},{"floor":21,"key":"CultistPotion"},{"floor":33,"key":"ColorlessPotion"}],"is_trial":false,"path_per_floor":["M","$","M","M","?","R","E","R","T","R","?","R","M","$","R","B",null,"M","M","?","M","M","R","$","M","T","R","M","R","?","M","R","B",null,"M","?","?","?","?","R","M"],"character_chosen":"THE_SILENT","items_purchased":["Die Die Die","Ornamental Fan","Oddly Smooth Stone"],"campfire_rested":6,"item_purchase_floors":[14,14,24],"current_hp_per_floor":[56,56,42,42,31,49,21,39,39,39,39,39,35,35,35,25,51,29,21,21,13,7,25,25,25,25,43,34,34,34,29,47,33,53,35,35,35,35,35,52,0,0],"gold":152,"neow_bonus":"TWO_FIFTY_GOLD","is_daily":false,"chose_seed":false,"campfire_upgraded":4,"win_rate":0.0,"timestamp":1607826087,"path_taken":["M","$","M","M","?","R","E","R","T","R","?","R","M","$","R","BOSS","M","M","?","M","M","R","$","M","T","R","M","R","?","M","R","BOSS","M","?","?","?","?","R","M"],"items_purchased_type":["Card","Relic","Relic"],"build_version":"2020-11-30","purchased_purges":1,"victory":false,"max_hp_per_floor":[60,60,60,60,60,60,60,60,60,60,60,60,60,60,60,60,60,60,60,60,60,60,60,60,60,60,60,60,60,60,60,60,60,60,60,60,60,57,57,57,57,57],"card_choices":[{"not_picked":["Acrobatics","Bane"],"picked":"Dagger Spray","floor":1.0},{"not_picked":["Acrobatics","Caltrops"],"picked":"Terror","floor":3.0},{"not_picked":["Cloak And Dagger","Burst"],"picked":"Deadly Poison","floor":4.0},{"not_picked":["Backflip","Noxious Fumes"],"picked":"Poisoned Stab","floor":7.0},{"not_picked":["All Out Attack","PiercingWail"],"picked":"Leg Sweep","floor":13.0},{"not_picked":["Night Terror","Storm of Steel"],"picked":"Grand Finale","floor":16.0},{"not_picked":["Deadly Poison","Dagger Spray"],"picked":"Acrobatics","floor":18.0},{"not_picked":["Predator","Backstab"],"picked":"Footwork","floor":19.0},{"not_picked":["Cloak And Dagger","Flying Knee+1"],"picked":"Well Laid Plans+1","floor":21},{"not_picked":["Poisoned Stab","Blade Dance","Acrobatics"],"picked":"SKIP","floor":22},{"not_picked":["Heel Hook","Outmaneuver"],"picked":"Quick Slash","floor":25},{"not_picked":["Noxious Fumes","All Out Attack"],"picked":"PiercingWail+1","floor":28},{"not_picked":["Dodge and Roll+1","Deadly Poison+1","Dagger Spray"],"picked":"SKIP","floor":31},{"not_picked":["Doppelganger+1","After Image"],"picked":"Wraith Form v2","floor":33},{"not_picked":["Noxious Fumes","Skewer"],"picked":"Dagger Throw","floor":35}],"player_experience":8386,"relics_obtained":[{"floor":7.0,"key":"Happy Flower"},{"floor":9.0,"key":"Juzu Bracelet"},{"floor":26,"key":"Toxic Egg 2"}],"event_choices":[{"damage_healed":0.0,"max_hp_gain":0.0,"max_hp_loss":0.0,"gold_gain":75.0,"event_name":"World of Goop","player_choice":"Gather Gold","floor":5.0,"gold_loss":0.0,"damage_taken":11.0},{"damage_healed":0.0,"max_hp_gain":0.0,"max_hp_loss":0.0,"gold_gain":0.0,"event_name":"The Woman in Blue","player_choice":"Bought 1 Potion","floor":11.0,"gold_loss":0.0,"damage_taken":0.0},{"damage_healed":0,"gold_gain":0,"player_choice":"Simplicity","damage_taken":0,"max_hp_gain":0,"max_hp_loss":0,"event_name":"Back to Basics","floor":20,"gold_loss":0,"cards_upgraded":["Strike_G","Strike_G","Strike_G","Defend_G","Defend_G","Defend_G","Defend_G"]},{"damage_healed":0,"gold_gain":0,"player_choice":"Opened","damage_taken":0,"relics_obtained":["Sundial"],"max_hp_gain":0,"max_hp_loss":0,"event_name":"The Mausoleum","floor":30,"gold_loss":0,"cards_obtained":["Writhe"]},{"cards_removed":["Poisoned Stab"],"damage_healed":0,"gold_gain":0,"player_choice":"Removed Attack","damage_taken":0,"max_hp_gain":0,"max_hp_loss":0,"event_name":"Falling","floor":36,"gold_loss":0},{"damage_healed":0,"gold_gain":0,"player_choice":"Copied","damage_taken":0,"max_hp_gain":0,"max_hp_loss":0,"event_name":"Duplicator","floor":37,"gold_loss":0,"cards_obtained":["Grand Finale"]},{"damage_healed":0,"gold_gain":0,"player_choice":"Max HP","damage_taken":0,"max_hp_gain":0,"max_hp_loss":3,"event_name":"Winding Halls","floor":38,"gold_loss":0},{"damage_healed":0,"gold_gain":0,"player_choice":"Ignored","damage_taken":0,"max_hp_gain":0,"max_hp_loss":0,"event_name":"Tomb of Lord Red Mask","floor":39,"gold_loss":0}],"is_beta":false,"boss_relics":[{"not_picked":["Ring of the Serpent","Busted Crown"],"picked":"Empty Cage"},{"not_picked":["Coffee Dripper","Velvet Choker"],"picked":"Fusion Hammer"}],"items_purged_floors":[2],"is_endless":false,"potions_floor_spawned":[7,16,18,19,21,33],"killed_by":"3 Shapes","ascension_level":14}}