{"host":"d43m95u7l79th215","time":1607880384,"event":{"mods":["BaseMod","Colored Map","Downfall","Friendly Minions","GungeonMod","Hermit","Hubris","Hunter ??","Jorbs\u0027s Wanderer Trilogy","Marisa????????","Minty Spire (QoL Compilation)","Quick Restart","Replay The Spire","StSLib","The Cursed","The Necromancer","The Servant 0.9.4","[IsaacMod]????","vexMod"],"gold_per_floor":[116,135,135,151,165,192,192,202,229,240,259,20,120,120,120,215,215,233,251,251,251],"floor_reached":20,"playtime":1149,"items_purged":[],"score":187,"play_id":"7727bc63-d1ad-4832-8b04-7da311ad4641","local_time":"20201213182624","is_ascension_mode":true,"campfire_choices":[{"floor":7,"key":"REST"},{"data":"Apotheosis","floor":15,"key":"SMITH"}],"circlet_count":0,"master_deck":["Strike_G","Strike_G","Strike_G","Strike_G","Strike_G","Defend_G","Defend_G","Defend_G","Defend_G","Defend_G","Survivor","Neutralize","Replay:Light Bash","hexamod:Strike","Apotheosis+1","Cloak And Dagger","Dagger Spray","hubris:Counter","Blade Dance","Dodge and Roll","Fluid Movement","Outmaneuver","Deflect","Noxious Fumes","Noxious Fumes","Grand Finale","Dagger Spray","Glass Knife","Footwork","Blade Dance+1","Deadly Poison+1"],"relics":["Ring of the Snake","HushsDoor","PunchingBag","BookOfRevelations","Omamori","ReplayTheSpireMod:Ring of Exchange","HandDrill"],"acts_visited":["Exordium","TheCity"],"potions_floor_usage":[6,11,16,20],"damage_taken":[{"damage":2,"enemies":"Cultist","floor":1,"turns":4},{"damage":7,"enemies":"2 Louse","floor":2,"turns":3},{"damage":6,"enemies":"Small Slimes","floor":4,"turns":3},{"damage":2,"enemies":"Exordium Wildlife","floor":5,"turns":5},{"damage":10,"enemies":"3 Sentries","floor":6,"turns":5},{"damage":0,"enemies":"Looter","floor":8,"turns":3},{"damage":0,"enemies":"Large Slime","floor":10,"turns":6},{"damage":3,"enemies":"Blue Slaver","floor":11,"turns":5},{"damage":2,"enemies":"Fading Forest","floor":16,"turns":11},{"damage":10,"enemies":"Shell Parasite","floor":18,"turns":4},{"damage":41,"enemies":"Chosen","floor":19,"turns":5},{"damage":24,"enemies":"3 Cultists","floor":20,"turns":4}],"seed_played":"-3124134251892685755","potions_obtained":[{"floor":1,"key":"GamblersBrew"},{"floor":5,"key":"AttackPotion"},{"floor":8,"key":"Energy Potion"},{"floor":11,"key":"DemoMod:LeadSkinPotion"},{"floor":16,"key":"AttackPotion"},{"floor":19,"key":"Elixir"}],"is_trial":false,"path_per_floor":["M","M","?","M","M","E","R","M","T","M","M","$","?","?","R","B",null,"M","M","M"],"character_chosen":"THE_SILENT","items_purchased":["Noxious Fumes","Grand Finale","Dagger Spray","Footwork"],"campfire_rested":1,"item_purchase_floors":[12,12,12,17],"current_hp_per_floor":[68,61,61,55,53,43,64,64,64,64,61,61,61,61,61,69,67,57,16,0,0],"gold":251,"neow_bonus":"RANDOM_COLORLESS_2","is_daily":false,"chose_seed":false,"campfire_upgraded":1,"win_rate":0.0,"timestamp":1607880384,"path_taken":["M","M","?","M","M","E","R","M","T","M","?","$","?","?","R","BOSS","M","M","M"],"items_purchased_type":["Card","Card","Card","Card"],"build_version":"2020-11-30","purchased_purges":0,"victory":false,"max_hp_per_floor":[70,70,70,70,70,70,70,70,70,70,70,70,70,70,70,70,67,67,67,67,67],"card_choices":[{"not_picked":["DoctorFetus","Master of Strategy"],"picked":"Apotheosis","floor":0},{"not_picked":["ReplayTheSpireMod:The Works","All Out Attack"],"picked":"Cloak And Dagger","floor":1},{"not_picked":["Terror","Heel Hook"],"picked":"Dagger Spray","floor":2},{"not_picked":["Tactician","Sucker Punch"],"picked":"hubris:Counter","floor":4},{"not_picked":["Quick Slash","PiercingWail"],"picked":"Blade Dance","floor":5},{"not_picked":["Dagger Throw","Underhanded Strike"],"picked":"Dodge and Roll","floor":6},{"not_picked":["Deflect","Outmaneuver"],"picked":"Fluid Movement","floor":8},{"not_picked":["Terror","Prepared"],"picked":"Outmaneuver","floor":10},{"not_picked":["Quick Slash","Predator"],"picked":"Deflect","floor":11},{"not_picked":["Adrenaline","Burst"],"picked":"Glass Knife","floor":16},{"not_picked":["Deflect","Flying Knee+1"],"picked":"Blade Dance+1","floor":18},{"not_picked":["Distraction","Dagger Throw"],"picked":"Deadly Poison+1","floor":19}],"player_experience":415269,"relics_obtained":[{"floor":6,"key":"BookOfRevelations"},{"floor":9,"key":"Omamori"},{"floor":14,"key":"ReplayTheSpireMod:Ring of Exchange"}],"event_choices":[{"damage_healed":0,"gold_gain":100,"player_choice":"Pray","damage_taken":0,"max_hp_gain":0,"max_hp_loss":0,"event_name":"Golden Shrine","floor":13,"gold_loss":0}],"is_beta":false,"boss_relics":[{"not_picked":["Busted Crown","Cauldron"],"picked":"HandDrill"},{"not_picked":[]}],"items_purged_floors":[],"is_endless":false,"potions_floor_spawned":[1,5,8,11,16,19],"killed_by":"3 Cultists","ascension_level":1}}