{"host":"y76x98twjnyyxs83","time":1607880996,"event":{"mods":["BaseMod","Colored Powertips","Minty Spire (QoL Compilation)","Permanent Neow","Quick Restart","Rare Cards Sparkle","Relic Stats","StSLib"],"gold_per_floor":[119,99,112,37,48,48,77,94,166,166,177,59,93,93,93,168,168,183,199,199,212,262,262,262],"floor_reached":23,"playtime":832,"items_purged":["Strike_P"],"score":452,"play_id":"bf7d69f5-793d-49ce-9fa1-583cd7ca88ee","local_time":"20201214013636","is_ascension_mode":true,"campfire_choices":[{"floor":6.0,"key":"RECALL"},{"floor":10.0,"key":"REST"},{"floor":15.0,"key":"REST"}],"circlet_count":0,"master_deck":["AscendersBane","Strike_P","Defend_P+1","Defend_P","Eruption","Vigilance","SignatureMove","TalkToTheHand","Indignation","TalkToTheHand","Wallop","Halt+1","FearNoEvil+1","CrushJoints","LessonLearned","DeceiveReality+1","EmptyMind+1","Sanctity+1","Wallop","FlurryOfBlows"],"relics":["Fusion Hammer","CloakClasp","Oddly Smooth Stone","Astrolabe"],"acts_visited":["Exordium","TheCity"],"potions_floor_usage":[18,23],"damage_taken":[{"damage":0.0,"enemies":"2 Louse","floor":1.0,"turns":2.0},{"damage":0.0,"enemies":"Cultist","floor":3.0,"turns":2.0},{"damage":0.0,"enemies":"Jaw Worm","floor":5.0,"turns":3.0},{"damage":0.0,"enemies":"Lagavulin","floor":7.0,"turns":2.0},{"damage":4.0,"enemies":"2 Fungi Beasts","floor":8.0,"turns":4.0},{"damage":1.0,"enemies":"Looter","floor":11.0,"turns":2.0},{"damage":16.0,"enemies":"3 Sentries","floor":13.0,"turns":7.0},{"damage":17.0,"enemies":"Hexaghost","floor":16.0,"turns":7.0},{"damage":5,"enemies":"Spheric Guardian","floor":18,"turns":4},{"damage":3,"enemies":"Chosen","floor":19,"turns":4},{"damage":0,"enemies":"Centurion and Healer","floor":21,"turns":9},{"damage":60,"enemies":"Gremlin Leader","floor":23,"turns":4}],"seed_played":"-2780015694591398118","potions_obtained":[{"floor":1.0,"key":"SneckoOil"},{"floor":2.0,"key":"StancePotion"},{"floor":7.0,"key":"Strength Potion"},{"floor":18,"key":"Weak Potion"}],"is_trial":false,"path_per_floor":["M","?","M","?","M","R","E","M","T","R","M","$","E","?","R","B",null,"M","M","?","M","?","E"],"character_chosen":"WATCHER","items_purchased":["FearNoEvil"],"campfire_rested":2,"item_purchase_floors":[12],"current_hp_per_floor":[61,61,61,61,61,61,61,57,57,68,67,67,51,31,51,34,60,55,52,52,52,52,0,0],"gold":262,"neow_bonus":"BOSS_RELIC","is_daily":false,"chose_seed":false,"campfire_upgraded":0,"win_rate":0.0,"timestamp":1607880996,"path_taken":["M","?","?","?","M","R","E","M","T","R","M","$","E","?","R","BOSS","M","M","?","M","?","E"],"items_purchased_type":["Card"],"build_version":"2020-11-30","purchased_purges":1,"victory":false,"max_hp_per_floor":[68,68,68,68,68,68,68,68,68,68,68,68,68,68,68,68,68,68,68,68,68,68,68,68],"relic_stats":{"counters":[12,50],"Astrolabe":["DeceiveReality","EmptyMind","Sanctity"],"CloakClasp":[92],"obtain_stats":[{"Astrolabe":17,"Oddly Smooth Stone":13,"Fusion Hammer":0,"CloakClasp":7,"PureWater":0},{"Astrolabe":8,"Oddly Smooth Stone":7,"Fusion Hammer":0,"CloakClasp":4,"PureWater":0},{"Astrolabe":29,"Oddly Smooth Stone":22,"Fusion Hammer":0,"CloakClasp":9,"PureWater":0}]},"card_choices":[{"not_picked":["WaveOfTheHand","EmptyBody"],"picked":"SignatureMove","floor":1.0},{"not_picked":["SandsOfTime","LikeWater"],"picked":"TalkToTheHand","floor":3.0},{"not_picked":["Prostrate","Collect"],"picked":"Indignation","floor":5.0},{"not_picked":["Fasting2","JustLucky"],"picked":"TalkToTheHand","floor":7.0},{"not_picked":["BowlingBash","ReachHeaven"],"picked":"Wallop","floor":8.0},{"not_picked":["Nirvana","EmptyBody"],"picked":"Halt","floor":11.0},{"not_picked":["CrushJoints","WindmillStrike","FlyingSleeves"],"picked":"SKIP","floor":13.0},{"not_picked":["WindmillStrike","FlyingSleeves"],"picked":"CrushJoints","floor":13.0},{"not_picked":["Devotion","Wish"],"picked":"LessonLearned","floor":16.0},{"not_picked":["EmptyFist","FollowUp"],"picked":"Wallop","floor":18},{"not_picked":["Fasting2","FlyingSleeves","LikeWater+1"],"picked":"SKIP","floor":19},{"not_picked":["Fasting2","FlyingSleeves","LikeWater+1"],"picked":"SKIP","floor":19},{"not_picked":["Pray","Indignation"],"picked":"FlurryOfBlows","floor":21}],"player_experience":1079342,"relics_obtained":[{"floor":7.0,"key":"CloakClasp"},{"floor":13.0,"key":"Oddly Smooth Stone"}],"event_choices":[{"damage_healed":0.0,"max_hp_gain":0.0,"max_hp_loss":0.0,"gold_gain":0.0,"event_name":"The Woman in Blue","player_choice":"Bought 1 Potion","floor":2.0,"gold_loss":0.0,"damage_taken":0.0},{"cards_removed":["Strike_P"],"damage_healed":0.0,"max_hp_gain":0.0,"max_hp_loss":0.0,"gold_gain":0.0,"event_name":"The Cleric","player_choice":"Card Removal","floor":4.0,"gold_loss":75.0,"damage_taken":0.0},{"damage_healed":0.0,"max_hp_gain":0.0,"max_hp_loss":0.0,"gold_gain":0.0,"event_name":"Shining Light","player_choice":"Entered Light","floor":14.0,"gold_loss":0.0,"damage_taken":20.0,"cards_upgraded":["Halt","Defend_P"]},{"damage_healed":0,"gold_gain":0,"player_choice":"Ignored","damage_taken":0,"max_hp_gain":0,"max_hp_loss":0,"event_name":"Ghosts","floor":20,"gold_loss":0},{"damage_healed":0,"gold_gain":50,"player_choice":"Stole From Cult","damage_taken":0,"max_hp_gain":0,"max_hp_loss":0,"event_name":"Nest","floor":22,"gold_loss":0}],"is_beta":false,"boss_relics":[{"not_picked":["Ectoplasm","Philosopher\u0027s Stone"],"picked":"Astrolabe"}],"items_purged_floors":[12],"is_endless":false,"potions_floor_spawned":[1,3,7,18],"killed_by":"Gremlin Leader","ascension_level":20}}