{"host":"63howft1cojq0ioc","time":1607873462,"event":{"mods":["Act Like it!","Aspiration","BaseMod","DeckTracker","Downfall","Infinite Spire","Minty Spire (QoL Compilation)","Quick Restart","Relic Stats","Replay The Spire","StSLib","SuperFastMode","The Jungle"],"gold_per_floor":[119,131,206,223,223,223,255,275,343,374,549,549,575,64,64,161,161,177,194,194,46,60,92,103,103,127,127,87,100,117,127,127,127,127],"floor_reached":33,"playtime":1064,"items_purged":["Doubt"],"score":344,"play_id":"11e36cd1-81e3-4aa9-8823-f197b1fcb062","local_time":"20201213133102","is_ascension_mode":true,"campfire_choices":[{"data":"Cleave","floor":6,"key":"SMITH"},{"floor":12,"key":"REST"},{"floor":15,"key":"REST"},{"floor":25,"key":"REST"},{"data":"Limit Break","floor":27,"key":"SMITH"},{"floor":32,"key":"REST"}],"circlet_count":0,"master_deck":["Strike_R","Strike_R","Strike_R","Strike_R","Strike_R","Defend_R+1","Defend_R","Defend_R","Defend_R+1","Bash","Cleave+1","Infernal Blade","Shrug It Off","Cleave","Flex+1","Spot Weakness","Limit Break+1","Twin Strike","Cleave+1","Flex"],"relics":["Burning Blood","aspiration:Nostalgia","Guardian:ModeShifter","Boot","Mummified Hand","ReplayTheSpireMod:TigerMarble","Darkstone Periapt","infinitespire:EmpoweringShard","Lantern","Replay:Multitool","Red Skull"],"acts_visited":["Exordium","TheCity"],"potions_floor_usage":[10,13,16,19,23,24,33],"damage_taken":[{"damage":3,"enemies":"Small Slimes","floor":1,"turns":4},{"damage":8,"enemies":"2 Louse","floor":2,"turns":3},{"damage":7,"enemies":"Jaw Worm","floor":4,"turns":3},{"damage":15,"enemies":"3 Sentries","floor":7,"turns":5},{"damage":13,"enemies":"Blue Slaver","floor":8,"turns":3},{"damage":27,"enemies":"Lagavulin","floor":10,"turns":9},{"damage":13,"enemies":"Replay:BlueRogue","floor":13,"turns":6},{"damage":29,"enemies":"The Guardian","floor":16,"turns":11},{"damage":9,"enemies":"Chosen","floor":18,"turns":5},{"damage":8,"enemies":"3 Byrds","floor":19,"turns":5},{"damage":13,"enemies":"Sentry and Sphere","floor":22,"turns":4},{"damage":27,"enemies":"Book of Stabbing","floor":23,"turns":4},{"damage":23,"enemies":"Centurion and Healer","floor":24,"turns":4},{"damage":12,"enemies":"3 Cultists","floor":29,"turns":3},{"damage":42,"enemies":"Snake Plant","floor":30,"turns":4},{"damage":0,"enemies":"Snecko","floor":31,"turns":2},{"damage":62,"enemies":"Collector","floor":33,"turns":5}],"seed_played":"8930721158328800648","potions_obtained":[{"floor":2,"key":"Swift Potion"},{"floor":8,"key":"SmokeBomb"},{"floor":10,"key":"Weak Potion"},{"floor":22,"key":"PowerPotion"},{"floor":23,"key":"Regen Potion"},{"floor":24,"key":"Swift Potion"}],"is_trial":false,"path_per_floor":["M","M","?","M","?","R","E","M","T","E","?","R","E","$","R","B",null,"M","M","?","$","M","E","M","R","T","R","?","M","M","M","R","B"],"character_chosen":"IRONCLAD","items_purchased":["infinitespire:EmpoweringShard","Spot Weakness","Block Potion","SteroidPotion","Lantern"],"campfire_rested":4,"item_purchase_floors":[14,14,14,14,21],"current_hp_per_floor":[80,78,67,66,50,50,41,34,34,13,13,37,30,30,54,31,80,77,75,80,80,73,52,47,71,71,71,71,65,29,35,59,0,0],"gold":127,"neow_bonus":"NOSTALGIA","is_daily":false,"chose_seed":false,"campfire_upgraded":2,"win_rate":0.0,"timestamp":1607873462,"path_taken":["M","M","?","M","?","R","E","M","T","E","?","R","E","?","R","BOSS","M","M","?","$","M","E","M","R","T","R","?","M","?","M","R","BOSS"],"items_purchased_type":["Relic","Card","Potion","Potion","Relic"],"build_version":"2020-11-30","purchased_purges":1,"victory":false,"max_hp_per_floor":[80,80,80,80,80,80,80,80,80,80,80,80,80,80,80,80,80,80,80,80,80,80,80,80,80,80,80,80,80,80,80,80,80,80],"relic_stats":{"Darkstone Periapt":0,"counters":[17,80],"Mummified Hand":[1],"Boot":[8],"obtain_stats":[{"Darkstone Periapt":13,"Lantern":21,"aspiration:Nostalgia":0,"Mummified Hand":9,"Guardian:ModeShifter":0,"ReplayTheSpireMod:TigerMarble":10,"infinitespire:EmpoweringShard":14,"Replay:Multitool":23,"Boot":7,"Burning Blood":0,"Red Skull":26},{"Darkstone Periapt":7,"Lantern":10,"aspiration:Nostalgia":0,"Mummified Hand":5,"Guardian:ModeShifter":0,"ReplayTheSpireMod:TigerMarble":6,"infinitespire:EmpoweringShard":7,"Replay:Multitool":12,"Boot":4,"Burning Blood":0,"Red Skull":13},{"Darkstone Periapt":33,"Lantern":54,"aspiration:Nostalgia":0,"Mummified Hand":18,"Guardian:ModeShifter":0,"ReplayTheSpireMod:TigerMarble":27,"infinitespire:EmpoweringShard":33,"Replay:Multitool":62,"Boot":15,"Burning Blood":0,"Red Skull":66}],"Burning Blood":93},"card_choices":[{"not_picked":["ReplayTheSpireMod:Strike From Hell","Pommel Strike"],"picked":"Cleave","floor":1},{"not_picked":["Pummel","Havoc","Shockwave"],"picked":"SKIP","floor":2},{"not_picked":["Entrench","Run Through"],"picked":"Infernal Blade","floor":4},{"not_picked":["Pummel","Twin Strike"],"picked":"Shrug It Off","floor":7},{"not_picked":["Replay:Undeath\u0027s Touch","Body Slam"],"picked":"Cleave","floor":8},{"not_picked":["Pummel","Whirlwind"],"picked":"Flex","floor":10},{"not_picked":["Body Slam","Impervious","Replay:Undeath\u0027s Touch"],"picked":"SKIP","floor":13},{"not_picked":["Immolate","Exhume"],"picked":"Limit Break","floor":16},{"not_picked":["Headbutt+1","Shrug It Off","Wild Strike"],"picked":"SKIP","floor":18},{"not_picked":["Headbutt+1","Havoc"],"picked":"Twin Strike","floor":19},{"not_picked":["Replay:Undeath\u0027s Touch+1","Life Link"],"picked":"Cleave+1","floor":22},{"not_picked":["Ghostly Armor","Perfected Strike","Pommel Strike+1"],"picked":"SKIP","floor":23},{"not_picked":["ReplayTheSpireMod:Strike From Hell+1","Warcry+1","ReplayTheSpireMod:Muscle Training"],"picked":"SKIP","floor":24},{"not_picked":["Bloodletting","ReplayTheSpireMod:Strike From Hell","Warcry"],"picked":"SKIP","floor":29},{"not_picked":["ReplayTheSpireMod:Strike From Hell","Burning Pact"],"picked":"Flex","floor":30},{"not_picked":["Brutality","Armaments","Iron Wave"],"picked":"SKIP","floor":31}],"player_experience":87511,"relics_obtained":[{"floor":7,"key":"Boot"},{"floor":9,"key":"Mummified Hand"},{"floor":10,"key":"ReplayTheSpireMod:TigerMarble"},{"floor":13,"key":"Darkstone Periapt"},{"floor":23,"key":"Replay:Multitool"},{"floor":26,"key":"Red Skull"}],"event_choices":[{"damage_healed":0,"gold_gain":75,"player_choice":"Gather Gold","damage_taken":11,"max_hp_gain":0,"max_hp_loss":0,"event_name":"World of Goop","floor":3,"gold_loss":0},{"damage_healed":0,"gold_gain":0,"player_choice":"Entered Light","damage_taken":16,"max_hp_gain":0,"max_hp_loss":0,"event_name":"Shining Light","floor":5,"gold_loss":0,"cards_upgraded":["Defend_R","Defend_R"]},{"damage_healed":0,"gold_gain":175,"player_choice":"AGREE","damage_taken":0,"max_hp_gain":0,"max_hp_loss":0,"event_name":"Liars Game","floor":11,"gold_loss":0,"cards_obtained":["Doubt"]},{"damage_healed":0,"gold_gain":0,"player_choice":"Upgrade","damage_taken":0,"max_hp_gain":0,"max_hp_loss":0,"event_name":"Designer","floor":28,"gold_loss":40,"cards_upgraded":["Flex"]}],"is_beta":false,"boss_relics":[{"not_picked":["Replay:Bronze Core","aspiration:RunicSpoon","infinitespire:Cupcake"]}],"items_purged_floors":[14],"is_endless":false,"potions_floor_spawned":[2,8,10,22,23,24],"killed_by":"Collector","ascension_level":4}}