{"host":"kntpungskobv1jqb","time":1607868815,"event":{"mods":["BaseMod","Minty Spire (QoL Compilation)","Replay The Spire","StSLib","SuperFastMode"],"gold_per_floor":[111,111,129,209,209,234,250,250,273,290,33,33,33,46,46,125,125,139,165,22,22,97,97,18,44,92,108,108,108,120,137,137,137,137],"floor_reached":33,"playtime":736,"items_purged":["Regret"],"score":490,"play_id":"dbdae531-c5d3-4268-8e85-21e6e3234913","local_time":"20201213221335","is_ascension_mode":true,"campfire_choices":[{"data":"Rampage","floor":8,"key":"SMITH"},{"data":"Pot Of Greed","floor":12,"key":"SMITH"},{"data":"Pot Of Greed","floor":15,"key":"SMITH"},{"floor":23,"key":"REST"},{"floor":29,"key":"REST"},{"floor":32,"key":"REST"}],"circlet_count":0,"master_deck":["AscendersBane","Strike_R","Strike_R","Strike_R","Strike_R+1","Strike_R+1","Defend_R+1","Bash","Rampage+1","Pummel","Wild Strike+1","Perfected Strike+1","Pot Of Greed+1","Pot Of Greed+1","Wild Strike+1","Brutality+1","Offering+1","Sword Boomerang+1","ReplayTheSpireMod:Muscle Training","Heavy Blade+1","Anger+1","Pain","Pommel Strike+1"],"relics":["Burning Blood","NeowsBlessing","Garlic","Molten Egg 2","Grinning Jar","Golden Egg","Ring of Chaos","Blue Doll","Gremlin Food","ReplayTheSpireMod:CursedCoin","Replay:Wax Seal","Red Skull","Replay:Baseball","WarpedTongs"],"acts_visited":["Exordium","TheCity"],"potions_floor_usage":[16,16,31,33],"damage_taken":[{"damage":0,"enemies":"Small Slimes","floor":1,"turns":1},{"damage":0,"enemies":"Cultist","floor":3,"turns":1},{"damage":0,"enemies":"Gremlin Nob","floor":6,"turns":1},{"damage":12,"enemies":"Jaw Worm","floor":7,"turns":2},{"damage":0,"enemies":"Exordium Wildlife","floor":10,"turns":3},{"damage":11,"enemies":"3 Louse","floor":14,"turns":2},{"damage":48,"enemies":"Fading Forest","floor":16,"turns":11},{"damage":10,"enemies":"3 Byrds","floor":18,"turns":5},{"damage":60,"enemies":"Gremlin Leader","floor":25,"turns":9},{"damage":19,"enemies":"2 Thieves","floor":27,"turns":2},{"damage":14,"enemies":"Sentry and Sphere","floor":30,"turns":3},{"damage":13,"enemies":"Centurion and Healer","floor":31,"turns":2},{"damage":54,"enemies":"Champ","floor":33,"turns":3}],"seed_played":"2588207803056391015","potions_obtained":[{"floor":1,"key":"Block Potion"},{"floor":7,"key":"SkillPotion"},{"floor":25,"key":"PowerPotion"},{"floor":27,"key":"ElixirPotion"},{"floor":30,"key":"Adrenaline Potion"}],"is_trial":false,"path_per_floor":["M","?","M","T","?","E","M","R","T","M","$","R","?","M","R","B",null,"M","T","$","?","$","R","$","E","T","M","?","R","M","M","R","B"],"character_chosen":"IRONCLAD","items_purchased":["Golden Egg","Gremlin Food","ReplayTheSpireMod:CursedCoin","Replay:Wax Seal"],"campfire_rested":3,"item_purchase_floors":[11,20,22,24],"current_hp_per_floor":[74,74,75,75,75,75,69,69,69,75,75,75,75,70,70,36,65,61,61,61,61,61,75,75,21,21,8,8,30,22,15,37,0,0],"gold":137,"neow_bonus":"THREE_ENEMY_KILL","is_daily":false,"chose_seed":false,"campfire_upgraded":3,"win_rate":0.0,"timestamp":1607868815,"path_taken":["M","?","?","?","?","E","M","R","T","M","$","R","?","M","R","BOSS","M","?","$","?","?","R","$","E","T","M","?","R","?","M","R","BOSS"],"items_purchased_type":["Relic","Relic","Relic","Relic"],"build_version":"2020-11-30","purchased_purges":1,"victory":false,"max_hp_per_floor":[75,75,75,75,75,75,75,75,75,75,75,75,75,75,75,75,75,75,75,75,75,75,75,75,75,75,75,75,75,75,75,75,75,75],"card_choices":[{"not_picked":["Body Slam","Anger"],"picked":"Rampage","floor":1},{"not_picked":["Sever Soul","Pommel Strike"],"picked":"Pummel","floor":3},{"not_picked":["Feel No Pain","Entrench"],"picked":"Wild Strike+1","floor":6},{"not_picked":["Exhume","ReplayTheSpireMod:Strike From Hell+1"],"picked":"Perfected Strike+1","floor":7},{"not_picked":["Dropkick+1","Clash+1"],"picked":"Wild Strike+1","floor":10},{"not_picked":["Warcry","Feel No Pain","ReplayTheSpireMod:Strike From Hell+1"],"picked":"SKIP","floor":14},{"not_picked":["Barricade","Brutality"],"picked":"Offering","floor":16},{"not_picked":["Heavy Blade+1","Clothesline+1"],"picked":"Sword Boomerang+1","floor":18},{"not_picked":["Reckless Charge+1","Sword Boomerang+1"],"picked":"Heavy Blade+1","floor":25},{"not_picked":["Warcry+1","Perfected Strike+1"],"picked":"Anger+1","floor":27},{"not_picked":["Metallicize","Defy Death","Shrug It Off"],"picked":"SKIP","floor":30},{"not_picked":["Massacre+1","Run Through+1"],"picked":"Pommel Strike+1","floor":31}],"player_experience":457717,"relics_obtained":[{"floor":4,"key":"Garlic"},{"floor":6,"key":"Molten Egg 2"},{"floor":9,"key":"Grinning Jar"},{"floor":19,"key":"Blue Doll"},{"floor":25,"key":"Red Skull"},{"floor":26,"key":"Replay:Baseball"}],"event_choices":[{"cards_removed":["Defend_R"],"damage_healed":0,"gold_gain":0,"player_choice":"Purged","damage_taken":0,"max_hp_gain":0,"max_hp_loss":0,"event_name":"Purifier","floor":2,"gold_loss":0},{"damage_healed":0,"gold_gain":0,"cards_transformed":["Defend_R"],"player_choice":"Transformed","damage_taken":0,"max_hp_gain":0,"max_hp_loss":0,"event_name":"Transmorgrifier","floor":13,"gold_loss":0,"cards_obtained":["Brutality"]},{"damage_healed":0,"gold_gain":0,"player_choice":"Read","damage_taken":0,"max_hp_gain":0,"max_hp_loss":0,"event_name":"The Library","floor":21,"gold_loss":0,"cards_obtained":["ReplayTheSpireMod:Muscle Training"]},{"damage_healed":0,"gold_gain":0,"player_choice":"Rummage","damage_taken":0,"relics_obtained":["WarpedTongs"],"max_hp_gain":0,"max_hp_loss":0,"event_name":"Accursed Blacksmith","floor":28,"gold_loss":0,"cards_obtained":["Pain"]}],"is_beta":false,"boss_relics":[{"not_picked":["ReplayTheSpireMod:DimensionalGlitch","Mark of Pain"],"picked":"Ring of Chaos"}],"items_purged_floors":[22],"is_endless":false,"potions_floor_spawned":[1,7,25,27,30],"killed_by":"Champ","ascension_level":14}}