{"host":"ul103bh19qas5vs8","time":1607863816,"event":{"mods":["BaseMod","Googly Eyes","Minty Spire (QoL Compilation)","Replay The Spire","Shop Mod","StSLib","[IsaacMod]ÒÔÈö¼âËþ"],"gold_per_floor":[116,134,134,59,59,59,86,86,86,119,141,160,174,208,208,303,303,333,333],"floor_reached":18,"playtime":646,"items_purged":["Strike_R"],"score":446,"play_id":"ef9293f5-eae8-405a-bb6a-a751edbca9c3","local_time":"20201213205016","is_ascension_mode":true,"campfire_choices":[{"data":"Burning Pact","floor":6.0,"key":"SMITH"},{"floor":8.0,"key":"RECALL"},{"data":"Body Slam","floor":15.0,"key":"SMITH"}],"circlet_count":0,"master_deck":["AscendersBane","Strike_R","Strike_R","Strike_R","Strike_R","Defend_R","Defend_R","Defend_R","Defend_R","Bash","DoctorFetus+1","Burning Pact+1","Body Slam+1","Barricade","Shrug It Off+1"],"relics":["Burning Blood","HushsDoor","PillsDrop","NeowsBlessing","ReplayTheSpireMod:Ninjato","Singing Bowl","Gremlin Horn","Odd Mushroom","Replay:Mystery Machine","ChampionBelt","Centennial Puzzle"],"acts_visited":["Exordium","TheCity","TheBeyond"],"potions_floor_usage":[],"damage_taken":[{"damage":0.0,"enemies":"2 Louse","floor":1.0,"turns":2.0},{"damage":0.0,"enemies":"Cultist","floor":2.0,"turns":1.0},{"damage":0.0,"enemies":"3 Sentries","floor":7.0,"turns":2.0},{"damage":12.0,"enemies":"Lagavulin","floor":10.0,"turns":7.0},{"damage":21.0,"enemies":"The Mushroom Lair","floor":11.0,"turns":3.0},{"damage":4.0,"enemies":"Jaw Worm","floor":12.0,"turns":5.0},{"damage":22.0,"enemies":"3 Louse","floor":13.0,"turns":3.0},{"damage":30.0,"enemies":"3 Sentries","floor":14.0,"turns":5.0},{"damage":14.0,"enemies":"Fading Forest","floor":16.0,"turns":11.0},{"damage":57.0,"enemies":"Slavers","floor":18.0,"turns":4.0}],"seed_played":"-6289862064328208712","potions_obtained":[{"floor":1.0,"key":"Energy Potion"},{"floor":3.0,"key":"Toxic Potion"},{"floor":3.0,"key":"Adrenaline Potion"}],"is_trial":false,"path_per_floor":["M","M","?","$","?","R","E","R","T","E","?","M","M","E","R","B",null,"M"],"character_chosen":"IRONCLAD","items_purchased":[],"campfire_rested":0,"item_purchase_floors":[],"current_hp_per_floor":[78,80,80,80,80,80,80,80,80,76,63,67,53,29,29,25,72,68,68],"gold":333,"neow_bonus":"THREE_ENEMY_KILL","is_daily":false,"chose_seed":false,"campfire_upgraded":2,"win_rate":0.0,"timestamp":1607863816,"path_taken":["M","M","?","$","?","R","E","R","T","E","?","?","M","E","R","BOSS","M"],"items_purchased_type":[],"build_version":"2020-11-30","purchased_purges":1,"victory":false,"max_hp_per_floor":[80,80,80,80,80,80,80,80,80,82,84,86,88,88,88,88,88,83,83],"card_choices":[{"not_picked":[],"picked":"DoctorFetus","floor":0.0},{"not_picked":["Exhume","Flame Barrier"],"picked":"Burning Pact","floor":1.0},{"not_picked":["Clothesline","Ghostly Armor","Twin Strike"],"picked":"SKIP","floor":2.0},{"not_picked":["Perfected Strike","Sever Soul","Havoc"],"picked":"SKIP","floor":7.0},{"not_picked":["Thunderclap","Havoc","Pummel"],"picked":"Singing Bowl","floor":10.0},{"not_picked":["Disarm","Warcry","Sword Boomerang"],"picked":"Singing Bowl","floor":11.0},{"not_picked":["Headbutt","Shrug It Off","Dual Wield"],"picked":"Singing Bowl","floor":12.0},{"not_picked":["Wild Strike","Perfected Strike","Power Through"],"picked":"Singing Bowl","floor":13.0},{"not_picked":["True Grit","Perfected Strike"],"picked":"Body Slam","floor":14.0},{"not_picked":["Demon Form","Hemogenesis"],"picked":"Barricade","floor":16.0},{"not_picked":["Wild Strike","Ghostly Armor"],"picked":"Shrug It Off+1","floor":18}],"player_experience":89421,"relics_obtained":[{"floor":7.0,"key":"ReplayTheSpireMod:Ninjato"},{"floor":9.0,"key":"Singing Bowl"},{"floor":10.0,"key":"Gremlin Horn"},{"floor":11.0,"key":"Odd Mushroom"},{"floor":14.0,"key":"Replay:Mystery Machine"},{"floor":18,"key":"Centennial Puzzle"}],"event_choices":[{"damage_healed":0.0,"max_hp_gain":0.0,"max_hp_loss":0.0,"gold_gain":0.0,"event_name":"Lab","player_choice":"Got Potions","floor":3.0,"gold_loss":0.0,"damage_taken":0.0},{"damage_healed":0.0,"max_hp_gain":0.0,"max_hp_loss":0.0,"gold_gain":0.0,"event_name":"Living Wall","player_choice":"Grow","floor":5.0,"gold_loss":0.0,"damage_taken":0.0,"cards_upgraded":["DoctorFetus"]},{"damage_healed":0.0,"max_hp_gain":0.0,"max_hp_loss":0.0,"gold_gain":0.0,"event_name":"Mushrooms","player_choice":"Fought Mushrooms","floor":11.0,"gold_loss":0.0,"damage_taken":0.0}],"is_beta":false,"boss_relics":[{"not_picked":["Ectoplasm","Replay:Grab Bag"],"picked":"ChampionBelt"},{"not_picked":[]},{"not_picked":[]},{"not_picked":[]}],"items_purged_floors":[4],"is_endless":false,"potions_floor_spawned":[1,11,12,14,16],"killed_by":"Spheric Guardian","ascension_level":20}}