{"host":"q9718omregw4er46","time":1607886349,"event":{"mods":["BaseMod","Bestiary","Colored Powertips","Custom Start","Highlight Path","Minty Spire (QoL Compilation)","Practice Mode","Quick Restart","Relic Stats"],"gold_per_floor":[116,127,47,64,64,98,109,109,186,204,204,217,249,261,261,338,338,356,77,77,113,163,163,163,205,205,263,263,304,344,414,414,525,525,550,550],"floor_reached":35,"playtime":1204,"items_purged":["Strike_P"],"score":761,"play_id":"2f195975-c695-4fdb-b5a6-c16c79798722","local_time":"20201214000549","is_ascension_mode":true,"campfire_choices":[{"floor":8,"key":"REST"},{"data":"CrushJoints","floor":15,"key":"SMITH"},{"data":"HandOfGreed","floor":23,"key":"SMITH"},{"floor":28,"key":"REST"},{"data":"TalkToTheHand","floor":32,"key":"SMITH"}],"circlet_count":0,"master_deck":["AscendersBane","Strike_P","Strike_P","Strike_P","Defend_P","Defend_P","Defend_P","Defend_P","Eruption","Vigilance","FearNoEvil","CrushJoints+1","WheelKick","FlurryOfBlows","LikeWater","Tantrum","Adaptation","Halt","HandOfGreed+1","EmptyMind+1","Decay","TalkToTheHand+1","LessonLearned"],"relics":["Cursed Key","Du-Vu Doll","Matryoshka","Spirit Poop","Bag of Marbles","Runic Pyramid","CeramicFish","Blue Candle","Thread and Needle","SacredBark"],"acts_visited":["Exordium","TheCity","TheBeyond"],"potions_floor_usage":[6,10,16,27,33],"damage_taken":[{"damage":2,"enemies":"Jaw Worm","floor":1,"turns":2},{"damage":3,"enemies":"2 Louse","floor":2,"turns":3},{"damage":0,"enemies":"Cultist","floor":4,"turns":2},{"damage":30,"enemies":"3 Sentries","floor":6,"turns":6},{"damage":3,"enemies":"Blue Slaver","floor":7,"turns":2},{"damage":0,"enemies":"3 Louse","floor":10,"turns":2},{"damage":3,"enemies":"Exordium Wildlife","floor":12,"turns":2},{"damage":7,"enemies":"Lagavulin","floor":13,"turns":5},{"damage":6,"enemies":"Looter","floor":14,"turns":2},{"damage":10,"enemies":"Hexaghost","floor":16,"turns":6},{"damage":0,"enemies":"Chosen","floor":18,"turns":2},{"damage":13,"enemies":"Shell Parasite","floor":21,"turns":3},{"damage":3,"enemies":"Sentry and Sphere","floor":25,"turns":3},{"damage":20,"enemies":"Slavers","floor":27,"turns":4},{"damage":0,"enemies":"Snecko","floor":29,"turns":3},{"damage":0,"enemies":"3 Cultists","floor":30,"turns":4},{"damage":0,"enemies":"Chosen and Byrds","floor":31,"turns":9},{"damage":22,"enemies":"Champ","floor":33,"turns":7},{"damage":66,"enemies":"3 Shapes","floor":35,"turns":6}],"seed_played":"1974963256673318236","potions_obtained":[{"floor":1,"key":"Fire Potion"},{"floor":2,"key":"Strength Potion"},{"floor":6,"key":"Weak Potion"},{"floor":10,"key":"LiquidBronze"},{"floor":13,"key":"BlessingOfTheForge"},{"floor":18,"key":"LiquidBronze"},{"floor":31,"key":"Strength Potion"},{"floor":33,"key":"Dexterity Potion"}],"is_trial":false,"path_per_floor":["M","M","$","M","?","E","M","R","T","M","?","M","E","M","R","B",null,"M","$","?","M","?","R","?","M","T","E","R","M","M","M","R","B",null,"M"],"character_chosen":"WATCHER","items_purchased":["WheelKick","HandOfGreed"],"campfire_rested":2,"item_purchase_floors":[3,19],"current_hp_per_floor":[59,56,56,56,56,26,23,43,43,43,43,40,33,27,27,17,55,55,55,55,42,42,42,42,39,39,19,39,39,39,39,39,17,55,0,0],"gold":550,"neow_bonus":"BOSS_RELIC","is_daily":false,"chose_seed":false,"campfire_upgraded":3,"win_rate":0.0,"timestamp":1607886349,"path_taken":["M","M","$","M","?","E","M","R","T","M","?","?","E","M","R","BOSS","M","$","?","M","?","R","?","?","T","E","R","M","M","M","R","BOSS","M"],"items_purchased_type":["Card","Card"],"build_version":"2020-11-30","purchased_purges":1,"victory":false,"max_hp_per_floor":[68,68,68,68,68,68,68,68,68,68,68,68,68,68,68,68,68,68,68,68,68,68,68,68,68,68,68,68,68,68,68,68,68,68,68,68],"relic_stats":{"counters":[19,73],"CeramicFish":18,"Blue Candle":[0],"Cursed Key":2,"obtain_stats":[{"Du-Vu Doll":6,"Matryoshka":9,"CeramicFish":26,"Blue Candle":26,"SacredBark":34,"Spirit Poop":11,"Thread and Needle":27,"Bag of Marbles":13,"PureWater":0,"Cursed Key":0,"Runic Pyramid":17},{"Du-Vu Doll":4,"Matryoshka":5,"CeramicFish":13,"Blue Candle":13,"SacredBark":18,"Spirit Poop":6,"Thread and Needle":14,"Bag of Marbles":8,"PureWater":0,"Cursed Key":0,"Runic Pyramid":10},{"Du-Vu Doll":13,"Matryoshka":15,"CeramicFish":40,"Blue Candle":40,"SacredBark":67,"Spirit Poop":17,"Thread and Needle":44,"Bag of Marbles":24,"PureWater":0,"Cursed Key":0,"Runic Pyramid":32}]},"card_choices":[{"not_picked":["CrushJoints","ForeignInfluence"],"picked":"FearNoEvil","floor":1},{"not_picked":["Weave","Collect"],"picked":"CrushJoints","floor":2},{"not_picked":["WaveOfTheHand","ForeignInfluence"],"picked":"FlurryOfBlows","floor":4},{"not_picked":["Worship","Weave","WheelKick"],"picked":"SKIP","floor":6},{"not_picked":["DeceiveReality","CutThroughFate"],"picked":"LikeWater","floor":7},{"not_picked":["CutThroughFate","FlurryOfBlows"],"picked":"Tantrum","floor":10},{"not_picked":["FearNoEvil","SashWhip"],"picked":"Adaptation","floor":12},{"not_picked":["WaveOfTheHand","SignatureMove","ThirdEye"],"picked":"SKIP","floor":13},{"not_picked":["ClearTheMind","MasterReality","FlyingSleeves"],"picked":"SKIP","floor":14},{"not_picked":["SandsOfTime","ReachHeaven"],"picked":"Halt","floor":18},{"not_picked":["PathToVictory","Indignation","EmptyFist"],"picked":"SKIP","floor":21},{"not_picked":["JustLucky","Vengeance"],"picked":"EmptyMind+1","floor":25},{"not_picked":["Consecrate","Nirvana","Pray+1"],"picked":"SKIP","floor":27},{"not_picked":["PathToVictory","CrushJoints","ThirdEye"],"picked":"SKIP","floor":29},{"not_picked":["EmptyBody","Adaptation","JustLucky"],"picked":"SKIP","floor":30},{"not_picked":["ReachHeaven","SashWhip"],"picked":"TalkToTheHand","floor":31},{"not_picked":["Scrawl","MasterReality"],"picked":"LessonLearned","floor":33}],"player_experience":1005220,"relics_obtained":[{"floor":6,"key":"Du-Vu Doll"},{"floor":9,"key":"Matryoshka"},{"floor":13,"key":"Bag of Marbles"},{"floor":26,"key":"CeramicFish"},{"floor":26,"key":"Blue Candle"},{"floor":27,"key":"Thread and Needle"}],"event_choices":[{"damage_healed":0,"gold_gain":0,"player_choice":"Leave","damage_taken":0,"max_hp_gain":0,"max_hp_loss":0,"event_name":"The Cleric","floor":5,"gold_loss":0},{"cards_removed":["Shame"],"damage_healed":0,"gold_gain":0,"player_choice":"Offered Curse","damage_taken":0,"relics_obtained":["Spirit Poop"],"max_hp_gain":0,"max_hp_loss":0,"event_name":"Bonfire Elementals","floor":11,"gold_loss":0},{"damage_healed":0,"gold_gain":0,"player_choice":"Ignored","damage_taken":0,"max_hp_gain":0,"max_hp_loss":0,"event_name":"The Mausoleum","floor":20,"gold_loss":0},{"damage_healed":0,"gold_gain":50,"player_choice":"Stole From Cult","damage_taken":0,"max_hp_gain":0,"max_hp_loss":0,"event_name":"Nest","floor":22,"gold_loss":0},{"damage_healed":0,"gold_gain":0,"player_choice":"Ignored","damage_taken":0,"max_hp_gain":0,"max_hp_loss":0,"event_name":"Vampires","floor":24,"gold_loss":0}],"is_beta":false,"boss_relics":[{"not_picked":["Ectoplasm","Astrolabe"],"picked":"Runic Pyramid"},{"not_picked":["Velvet Choker","Runic Dome"],"picked":"SacredBark"}],"items_purged_floors":[19],"is_endless":false,"potions_floor_spawned":[1,2,6,10,13,18,31,33],"killed_by":"3 Shapes","ascension_level":19}}