{"host":"vm8b3ptwl81uq21f","time":1607893001,"event":{"mods":["BaseMod","BetterRewards","Colored Powertips","Downfall","GifTheSpireLib","Googly Eyes","GungeonMod","Halation","Hubris","Minty Spire (QoL Compilation)","Quick Restart","Rare Cards Sparkle","Replay The Spire","Shop Mod","StSLib","Stuff the Spire","The Bug Knight","The IronCluck","[IsaacMod]????"],"gold_per_floor":[99,99,99,99,99,99,99,134,59,102,114,114,256,256,297,322,322],"floor_reached":16,"playtime":677,"items_purged":[],"score":123,"play_id":"dbe9da1f-9b01-4f7f-8dba-cc2c6594fbd5","local_time":"20201213155641","is_ascension_mode":false,"campfire_choices":[{"data":"BettingIsNotGood","floor":1,"key":"SMITH"},{"data":"hexamod:Float","floor":3,"key":"SMITH"},{"data":"hexamod:TimeOfNeed","floor":9,"key":"SMITH"}],"circlet_count":0,"master_deck":["hexamod:Strike","hexamod:Strike","hexamod:Strike","hexamod:Strike","hexamod:Defend","hexamod:Defend","hexamod:Defend","hexamod:Defend","hexamod:Sear","hexamod:Float+1","BettingIsNotGood+1","hexamod:Incineration","hexamod:NightmareStrike","hexamod:TimeOfNeed+1","hexamod:GhostOfSpirePast+1","hexamod:Rewind","hexamod:RainOfEmbers","hexamod:EtherealExpedition"],"relics":["hexamod:SpiritBrand","HushsDoor","BloodDonationMachine","downfall:HeartsMalice","hubris:Icosahedron","StuffTheSpire:RubySignet","halation:BlackBeret","downfall:HeartBlessingGreen"],"acts_visited":["Exordium"],"potions_floor_usage":[16,16,16],"damage_taken":[{"damage":0,"enemies":"Small Slimes","floor":4,"turns":1},{"damage":0,"enemies":"Cultist","floor":5,"turns":1},{"damage":0,"enemies":"Replay:BlueRogue","floor":8,"turns":1},{"damage":7,"enemies":"2 Louse","floor":10,"turns":3},{"damage":6,"enemies":"2 Fungi Beasts","floor":11,"turns":3},{"damage":34,"enemies":"Gremlin Gang","floor":13,"turns":5},{"damage":20,"enemies":"3 Louse","floor":15,"turns":4},{"damage":23,"enemies":"downfall:Watcher","floor":16,"turns":5}],"seed_played":"-5429819986972712854","potions_obtained":[{"floor":11,"key":"Strength Potion"},{"floor":13,"key":"Fire Potion"},{"floor":15,"key":"hexamod:DoubleChargePotion"}],"is_trial":false,"path_per_floor":["R","?","R","M","M","?","T","E","R","M","M","?","M","?","M","B"],"character_chosen":"THE_SPIRIT","items_purchased":[],"campfire_rested":0,"item_purchase_floors":[],"current_hp_per_floor":[70,70,70,70,70,70,70,70,70,70,70,70,36,36,16,3,3],"gold":322,"neow_bonus":"THREE_ENEMY_KILL","is_daily":false,"chose_seed":false,"campfire_upgraded":3,"win_rate":0.0,"timestamp":1607893001,"path_taken":["R","?","R","?","M","?","T","E","R","M","?","?","M","?","M","BOSS"],"items_purchased_type":[],"build_version":"2020-11-30","purchased_purges":0,"victory":false,"max_hp_per_floor":[70,70,70,70,70,70,70,70,70,70,70,70,70,70,70,70,70],"card_choices":[{"not_picked":[],"picked":"BettingIsNotGood","floor":0},{"not_picked":["hexamod:GhostShield","hexamod:BacktrackSmack"],"picked":"hexamod:Incineration","floor":4},{"not_picked":["hexamod:HeatShield","hexamod:FastForward"],"picked":"hexamod:NightmareStrike","floor":5},{"not_picked":["hexamod:SpectersWail","hexamod:Hexaguard"],"picked":"hexamod:TimeOfNeed","floor":8},{"not_picked":["hexamod:NecessarySacrifice","hexamod:HeatMetal"],"picked":"hexamod:GhostOfSpirePast","floor":10},{"not_picked":["hexamod:NecessarySacrifice","hexamod:BurningTouch"],"picked":"hexamod:Rewind","floor":11},{"not_picked":["hexamod:RetreatToShadows","hexamod:HauntingEcho"],"picked":"hexamod:RainOfEmbers","floor":13},{"not_picked":["hexamod:ThirdSeal","hexamod:RadiantFlame"],"picked":"hexamod:EtherealExpedition","floor":15}],"player_experience":289764,"relics_obtained":[{"floor":7,"key":"StuffTheSpire:RubySignet"},{"floor":8,"key":"halation:BlackBeret"}],"event_choices":[],"is_beta":false,"boss_relics":[],"items_purged_floors":[],"is_endless":false,"potions_floor_spawned":[11,13,15],"killed_by":"downfall:Watcher","ascension_level":0}}