{"host":"sabve5zmqufxyc5o","time":1607863482,"event":{"mods":["2.2 Compatiblity","AchievementEnabler","Act Like it!","BaseMod","Block Reminder","Colored Map","Colored Powertips","DeckTracker","Downfall","KOR Keyword Fix","Keyboard Shortcuts","Minty Spire (QoL Compilation)","Quick Restart","Rare Cards Sparkle","Relic Stats","StSLib","SuperFastMode"],"gold_per_floor":[99,99,99,109,128,141,223,249,261,186,96,113,128,142,161,266,266,266,283,294,294,308,328,328,70,70,98,115,115,127,127,145,145,145],"floor_reached":33,"playtime":3622,"items_purged":["hexamod:Strike","hexamod:Strike"],"score":315,"play_id":"0b40d9e4-d07c-4e91-9bb5-c11f06b4ce31","local_time":"20201213214442","is_ascension_mode":true,"campfire_choices":[{"data":"hexamod:Sear","floor":1.0,"key":"SMITH"},{"floor":3.0,"key":"RECALL"},{"data":"hexamod:GiftsFromTheDead","floor":10.0,"key":"SMITH"},{"data":"hexamod:EmpoweredFlame","floor":18.0,"key":"SMITH"},{"floor":26,"key":"REST"}],"circlet_count":0,"master_deck":["hexamod:Strike","hexamod:Defend+1","hexamod:Defend","hexamod:Defend","hexamod:Defend","hexamod:Sear+1","hexamod:Float+1","hexamod:DynamicBlow","hexamod:NightmareStrike","hexamod:RecurringNightmare","hexamod:GiftsFromTheDead+1","hexamod:RetreatToShadows","hexamod:SpectersWail","hexamod:TimeWarp","hexamod:EmpoweredFlame+1","hexamod:VolcanoVisage","hexamod:RadiantFlame+1","hexamod:ThermalTransfer","hexamod:Hexaguard+1","hexamod:ShieldOfDarkness+1","hexamod:PhantomCloak","hexamod:FirstSeal"],"relics":["hexamod:SpiritBrand","InkBottle","Mummified Hand","downfall:HeartBlessingRed","hexamod:IceCube","Enchiridion","PreservedInsect","MealTicket","Shovel"],"acts_visited":["Exordium","TheCity"],"potions_floor_usage":[],"damage_taken":[{"damage":0.0,"enemies":"Jaw Worm","floor":4.0,"turns":4.0},{"damage":0.0,"enemies":"Cultist","floor":5.0,"turns":3.0},{"damage":4.0,"enemies":"Small Slimes","floor":6.0,"turns":3.0},{"damage":0.0,"enemies":"Gremlin Nob","floor":8.0,"turns":3.0},{"damage":0.0,"enemies":"2 Fungi Beasts","floor":9.0,"turns":4.0},{"damage":0.0,"enemies":"downfall:FleeingMerchant","floor":11.0,"turns":4.0},{"damage":6.0,"enemies":"Exordium Thugs","floor":12.0,"turns":4.0},{"damage":0.0,"enemies":"Exordium Wildlife","floor":13.0,"turns":4.0},{"damage":6.0,"enemies":"Red Slaver","floor":14.0,"turns":3.0},{"damage":0.0,"enemies":"3 Louse","floor":15.0,"turns":3.0},{"damage":9.0,"enemies":"downfall:Silent","floor":16.0,"turns":6.0},{"damage":9.0,"enemies":"3 Byrds","floor":19.0,"turns":5.0},{"damage":0,"enemies":"Chosen","floor":20,"turns":4},{"damage":0,"enemies":"Centurion and Healer","floor":22,"turns":5},{"damage":16,"enemies":"Shelled Parasite and Fungi","floor":23,"turns":5},{"damage":6,"enemies":"downfall:FleeingMerchant","floor":25,"turns":4},{"damage":15,"enemies":"Book of Stabbing","floor":27,"turns":5},{"damage":20,"enemies":"Cultist and Chosen","floor":28,"turns":5},{"damage":10,"enemies":"Snake Plant","floor":30,"turns":5},{"damage":2,"enemies":"Snecko","floor":32,"turns":4},{"damage":25,"enemies":"downfall:Watcher","floor":33,"turns":4}],"seed_played":"-221416238508810620","potions_obtained":[{"floor":4.0,"key":"Fire Potion"},{"floor":5.0,"key":"Block Potion"},{"floor":8.0,"key":"EssenceOfSteel"},{"floor":13.0,"key":"Weak Potion"},{"floor":14.0,"key":"SneckoOil"},{"floor":15.0,"key":"Fire Potion"},{"floor":19.0,"key":"AttackPotion"},{"floor":22,"key":"FairyPotion"},{"floor":23,"key":"PowerPotion"},{"floor":28,"key":"Block Potion"},{"floor":30,"key":"GamblersBrew"}],"is_trial":false,"path_per_floor":["R","?","R","M","M","M","T","E","M","R","$","M","M","M","M","B",null,"R","M","M","?","M","M","T","$","R","E","M","?","M","?","M","B"],"character_chosen":"THE_SPIRIT","items_purchased":["MealTicket"],"campfire_rested":1,"item_purchase_floors":[25],"current_hp_per_floor":[70,70,70,70,70,66,66,66,66,66,66,60,60,54,54,45,70,70,61,61,45,45,29,29,23,44,29,9,9,21,14,19,0,0],"gold":145,"neow_bonus":"UPGRADE_CARD","is_daily":false,"chose_seed":false,"campfire_upgraded":3,"win_rate":0.0,"timestamp":1607863482,"path_taken":["R","?","R","M","?","M","T","E","M","R","$","M","M","M","M","BOSS","R","?","M","?","M","M","T","$","R","E","M","?","M","?","M","BOSS"],"items_purchased_type":["Relic"],"build_version":"2020-11-30","purchased_purges":2,"victory":false,"max_hp_per_floor":[70,70,70,70,70,70,70,70,70,70,70,70,70,70,70,70,70,70,70,70,70,70,70,70,70,70,70,70,70,70,70,70,70,70],"relic_stats":{"Shovel":0,"counters":[21,87],"Mummified Hand":[42],"MealTicket":0,"PreservedInsect":41,"obtain_stats":[{"Shovel":27,"downfall:HeartBlessingRed":10,"Mummified Hand":8,"Enchiridion":21,"MealTicket":25,"PreservedInsect":24,"hexamod:SpiritBrand":0,"InkBottle":7,"hexamod:IceCube":17},{"Shovel":17,"downfall:HeartBlessingRed":5,"Mummified Hand":4,"Enchiridion":13,"MealTicket":16,"PreservedInsect":15,"hexamod:SpiritBrand":0,"InkBottle":3,"hexamod:IceCube":11},{"Shovel":69,"downfall:HeartBlessingRed":17,"Mummified Hand":13,"Enchiridion":50,"MealTicket":64,"PreservedInsect":60,"hexamod:SpiritBrand":0,"InkBottle":10,"hexamod:IceCube":41}],"InkBottle":[31]},"card_choices":[{"not_picked":["hexamod:CatchUp","hexamod:Haunt"],"picked":"hexamod:DynamicBlow","floor":4.0},{"not_picked":["hexamod:GhostShield","hexamod:NecessarySacrifice"],"picked":"hexamod:NightmareStrike","floor":5.0},{"not_picked":["hexamod:NightmareStrike","hexamod:HauntingEcho","hexamod:GhostShield"],"picked":"SKIP","floor":6.0},{"not_picked":["hexamod:GhostLash","hexamod:StepThrough"],"picked":"hexamod:RecurringNightmare","floor":8.0},{"not_picked":["hexamod:AdvancingGuard","hexamod:Firestarter"],"picked":"hexamod:GiftsFromTheDead","floor":9.0},{"not_picked":["hexamod:ThirdSeal","hexamod:BurningTouch"],"picked":"hexamod:RetreatToShadows","floor":11.0},{"not_picked":["hexamod:Incineration","hexamod:GhostOfSpirePresent"],"picked":"hexamod:SpectersWail","floor":12.0},{"not_picked":["hexamod:SecondSeal","hexamod:BurningTouch","hexamod:Firestarter"],"picked":"SKIP","floor":13.0},{"not_picked":["hexamod:SecondSeal","hexamod:ThermalTransfer"],"picked":"hexamod:TimeWarp","floor":14.0},{"not_picked":["hexamod:Haunt","hexamod:Firestarter"],"picked":"hexamod:EmpoweredFlame","floor":15.0},{"not_picked":["hexamod:FifthSeal","hexamod:GhostflameInferno"],"picked":"hexamod:VolcanoVisage","floor":16.0},{"not_picked":["hexamod:GhostShield","hexamod:Rewind"],"picked":"hexamod:RadiantFlame+1","floor":19.0},{"not_picked":["hexamod:FourthSeal","hexamod:GhostOfSpirePast"],"picked":"hexamod:ThermalTransfer","floor":20},{"not_picked":["hexamod:HauntingEcho+1","hexamod:GhostLash"],"picked":"hexamod:Hexaguard+1","floor":22},{"not_picked":["hexamod:SwordOfDarkness","hexamod:BurningTouch","hexamod:ThirdSeal"],"picked":"SKIP","floor":23},{"not_picked":["hexamod:GhostflameBarrier","hexamod:BacktrackSmack","hexamod:Firestarter"],"picked":"SKIP","floor":25},{"not_picked":["hexamod:InspiringFlames","hexamod:WildfireWeapon"],"picked":"hexamod:ShieldOfDarkness+1","floor":27},{"not_picked":["hexamod:RainOfEmbers","hexamod:BacktrackSmack","hexamod:ThirdSeal"],"picked":"SKIP","floor":28},{"not_picked":["hexamod:RainOfEmbers","hexamod:BurningTouch"],"picked":"hexamod:PhantomCloak","floor":30},{"not_picked":["hexamod:DynamicBlow","hexamod:Rewind","hexamod:InspiringFlames+1"],"picked":"SKIP","floor":32}],"player_experience":895382,"relics_obtained":[{"floor":7.0,"key":"InkBottle"},{"floor":8.0,"key":"Mummified Hand"},{"floor":21,"key":"Enchiridion"},{"floor":24,"key":"PreservedInsect"},{"floor":27,"key":"Shovel"}],"event_choices":[{"damage_healed":0.0,"max_hp_gain":0.0,"max_hp_loss":0.0,"gold_gain":0.0,"event_name":"Accursed Blacksmith","player_choice":"Forge","floor":2.0,"gold_loss":0.0,"damage_taken":0.0,"cards_upgraded":["hexamod:Defend"]}],"is_beta":false,"boss_relics":[{"not_picked":["Coffee Dripper","Runic Dome"],"picked":"hexamod:IceCube"}],"items_purged_floors":[11,25],"is_endless":false,"potions_floor_spawned":[4,5,8,13,14,15,19,22,23,28,30],"killed_by":"downfall:Watcher","ascension_level":1}}