{"host":"o7ymgqw1bx1zbjaa","time":1607832027,"event":{"mods":["AchievementEnabler","BaseMod","Colored Map","Downfall","Highlight Path","Minty Spire (QoL Compilation)","Permanent Neow","Quick Restart","Random Character Button","Rare Cards Sparkle","Relic Stats","Replay The Spire","Spicy Shops","StSLib","The Blue Laboratory"],"gold_per_floor":[199,233,258,328,359,371,383,415,427,439,451,463,65,80,92,187,187,187,205,205,219,230,230,280,205,240,165,365,16,28,41,57,161,161,161,178,17,117,128,147,217,217,249,174,193,207,207,207,222,222,222,253,1,1,1],"floor_reached":56,"playtime":12951,"items_purged":["Looming Evil","Regret"],"score":1599,"play_id":"55061d03-61dd-498c-911c-31141a47b3bc","local_time":"20201212220027","is_ascension_mode":false,"campfire_choices":[{"data":"champ:Taunt","floor":1.0,"key":"SMITH"},{"data":"champ:CrookedStrike","floor":6.0,"key":"SMITH"},{"data":"champ:Duel","floor":10.0,"key":"SMITH"},{"data":"champ:MurderStrike","floor":18.0,"key":"SMITH"},{"data":"champ:MurderStrike","floor":20.0,"key":"SMITH"},{"floor":25.0,"key":"RECALL"},{"data":"champ:Lariat","floor":27.0,"key":"SMITH"},{"data":"champ:Devastate","floor":35,"key":"SMITH"},{"data":"champ:CheapShot","floor":42,"key":"SMITH"},{"data":"champ:FanOfKnives","floor":44,"key":"SMITH"},{"data":"champ:Duel","floor":54,"key":"SMITH"}],"circlet_count":0,"master_deck":["champ:Strike","champ:Strike","champ:Strike","champ:Strike","champ:Defend","champ:Defend","champ:Defend","champ:Defend","champ:Execute+1","champ:Taunt+1","champ:BringItOn","champ:Duel+1","champ:Lariat+1","champ:CrookedStrike+1","champ:StanceDance","champ:FaceSlap+1","champ:MurderStrike+1","champ:EndlessRage+1","champ:DefensiveShout","champ:RisingSlash+1","champ:MurderStrike+1","champ:GutPunch","champ:StanceDance","champ:FanOfKnives+1","champ:Lariat+1","champ:CrookedStrike","champ:ArenaPreparation","champ:CalledShot+1","Spreading Infection","champ:CheapShot+1","champ:Duel+1","champ:FanOfKnives+1","champ:Devastate+1","champ:ArenaPreparation","champ:Haymaker","champ:BerserkersShout","champ:PreciseThrust+1","champ:CrookedStrike+1","champ:BringItOn+1","champ:IronFortress+1","champ:FocusedBerserking+1","expansioncontent:Chronoboost+1","expansioncontent:ChargeUp","expansioncontent:Torchfire","champ:FanOfKnives+1","champ:RisingSlash"],"relics":["champ:ChampionCrown","MawBank","Replay:Ringing Soul","Frozen Egg 2","ReplayTheSpireMod:Ring of Addiction","Toy Ornithopter","Potion Belt","Ring of Hypnosis","champ:BerserkersGuideToSlaughter","Coffee Dripper","Vajra","downfall:HeartBlessingBlue","Mummified Hand","downfall:HeartBlessingRed","ReplayTheSpireMod:CursedCoin","Pantograph","champ:ChampionCrownUpgraded","Calipers","Pondfish Scales","White Beast Statue","Singing Bowl","Bag of Preparation","downfall:HeartBlessingGreen","HornCleat","Guide Book","Replay:Towering Pillar of Hats","Simple Rune"],"acts_visited":["Exordium","TheCity","TheBeyond","TheEnding"],"potions_floor_usage":[29,31,33,39,39,50,52,52,55,55,55],"damage_taken":[{"damage":54.0,"enemies":"3 Sentries","floor":2.0,"turns":14.0},{"damage":6.0,"enemies":"Cultist","floor":3.0,"turns":4.0},{"damage":0.0,"enemies":"Jaw Worm","floor":5.0,"turns":4.0},{"damage":0.0,"enemies":"2 Louse","floor":8.0,"turns":2.0},{"damage":13.0,"enemies":"downfall:FleeingMerchant","floor":13.0,"turns":4.0},{"damage":0.0,"enemies":"Lots of Slimes","floor":14.0,"turns":4.0},{"damage":0.0,"enemies":"Red Slaver","floor":15.0,"turns":3.0},{"damage":33.0,"enemies":"downfall:Ironclad","floor":16.0,"turns":8.0},{"damage":5.0,"enemies":"Chosen","floor":19.0,"turns":4.0},{"damage":9.0,"enemies":"Shell Parasite","floor":21.0,"turns":4.0},{"damage":8.0,"enemies":"Snecko","floor":22.0,"turns":4.0},{"damage":39.0,"enemies":"Book of Stabbing","floor":26.0,"turns":5.0},{"damage":10,"enemies":"downfall:FleeingMerchant","floor":29,"turns":4},{"damage":32,"enemies":"Snake Plant","floor":30,"turns":3},{"damage":27,"enemies":"Shelled Parasite and Fungi","floor":31,"turns":4},{"damage":13,"enemies":"Cultist and Chosen","floor":32,"turns":5},{"damage":94,"enemies":"downfall:Watcher","floor":33,"turns":7},{"damage":8,"enemies":"Orb Walker","floor":36,"turns":2},{"damage":43,"enemies":"downfall:FleeingMerchant","floor":37,"turns":4},{"damage":52,"enemies":"downfall:LadyInBlue","floor":38,"turns":4},{"damage":34,"enemies":"3 Darklings","floor":39,"turns":4},{"damage":25,"enemies":"Spire Growth","floor":40,"turns":4},{"damage":33,"enemies":"R_Hoarder","floor":43,"turns":5},{"damage":22,"enemies":"Maw","floor":45,"turns":4},{"damage":52,"enemies":"Transient","floor":46,"turns":5},{"damage":56,"enemies":"Spire Growth","floor":49,"turns":2},{"damage":41,"enemies":"downfall:Defect","floor":50,"turns":5},{"damage":100,"enemies":"downfall:CharBossMerchant","floor":52,"turns":9},{"damage":116,"enemies":"downfall:NeowBoss","floor":55,"turns":25}],"seed_played":"-7747492952116524304","potions_obtained":[{"floor":2.0,"key":"DuplicationPotion"},{"floor":9.0,"key":"champ:OpenerPotion"},{"floor":9.0,"key":"blueLaboratory:RecallPotion"},{"floor":9.0,"key":"Swift Potion"},{"floor":14.0,"key":"Explosive Potion"},{"floor":15.0,"key":"GamblersBrew"},{"floor":19.0,"key":"Guardian:BlockOnCardUsePotion"},{"floor":26.0,"key":"champ:CounterPotion"},{"floor":33,"key":"Doom Potion"},{"floor":38,"key":"blueLaboratory:ImpenetrablePotion"},{"floor":38,"key":"blueLaboratory:NullPotion"},{"floor":38,"key":"LifebloodPotion"},{"floor":39,"key":"blueLaboratory:EnragingPotion"},{"floor":40,"key":"blueLaboratory:FruitPreserves"},{"floor":45,"key":"Energy Potion"},{"floor":49,"key":"LiquidMemories"},{"floor":52,"key":"blueLaboratory:LouseDecoction"}],"is_trial":false,"path_per_floor":["R","E","M","?","M","R","T","M","?","R","?","?","$","M","M","B",null,"R","M","R","M","M","T","T","R","E","R","?","$","M","M","M","B",null,"R","M","$","?","M","M","T","R","E","R","M","M","?","T","M","B",null,"E","$","R","B",null],"character_chosen":"THE_CHAMP","items_purchased":["champ:BerserkersGuideToSlaughter","champ:EndlessRage+1","champ:ArenaPreparation","champ:TechniquePotion","champ:CalledShot+1","ReplayTheSpireMod:CursedCoin","Pantograph","Calipers","Pondfish Scales","champ:BerserkersShout","blueLaboratory:FrostheartPotion","Simple Rune"],"campfire_rested":0,"item_purchase_floors":[13,13,29,29,29,29,29,37,37,37,53,53],"current_hp_per_floor":[90,41,40,43,46,46,46,49,52,52,52,55,64,67,75,67,117,117,118,118,121,124,124,124,132,119,119,119,137,141,129,145,135,150,150,153,154,153,147,160,160,160,163,163,166,167,160,160,171,171,171,174,174,174,174],"gold":1,"neow_bonus":"HUNDRED_GOLD","is_daily":false,"chose_seed":false,"campfire_upgraded":10,"win_rate":0.0,"timestamp":1607832027,"path_taken":["R","E","M","?","M","R","T","M","?","R","?","?","?","M","M","BOSS","R","M","R","M","?","?","T","R","E","R","?","$","M","?","M","BOSS","R","?","$","?","?","M","T","R","E","R","M","M","?","?","M","BOSS","E","$","R","BOSS"],"items_purchased_type":["Relic","Card","Card","Potion","Card","Relic","Relic","Relic","Relic","Card","Potion","Relic"],"build_version":"2020-11-30","purchased_purges":2,"victory":true,"max_hp_per_floor":[90,90,90,93,96,96,96,99,102,102,102,105,108,111,114,117,117,117,118,118,121,124,124,124,132,135,135,135,138,141,144,147,150,150,150,153,154,157,160,163,163,163,163,163,166,167,170,170,171,171,171,174,174,174,174],"relic_stats":{"Singing Bowl":2,"counters":[29,156],"Mummified Hand":[52],"Pantograph":2,"Bag of Preparation":[12],"MawBank":132,"obtain_stats":[{"Calipers":37,"Singing Bowl":41,"Vajra":24,"champ:ChampionCrown":0,"downfall:HeartBlessingGreen":44,"Bag of Preparation":43,"Replay:Ringing Soul":4,"HornCleat":48,"downfall:HeartBlessingBlue":25,"Mummified Hand":26,"Pantograph":29,"champ:BerserkersGuideToSlaughter":13,"Potion Belt":9,"Ring of Hypnosis":9,"downfall:HeartBlessingRed":27,"Replay:Towering Pillar of Hats":52,"ReplayTheSpireMod:CursedCoin":29,"ReplayTheSpireMod:Ring of Addiction":9,"Guide Book":52,"champ:ChampionCrownUpgraded":34,"Frozen Egg 2":7,"MawBank":2,"White Beast Statue":38,"Pondfish Scales":37,"Simple Rune":53,"Coffee Dripper":17,"Toy Ornithopter":9},{"Calipers":19,"Singing Bowl":22,"Vajra":11,"champ:ChampionCrown":0,"downfall:HeartBlessingGreen":23,"Bag of Preparation":23,"Replay:Ringing Soul":2,"HornCleat":25,"downfall:HeartBlessingBlue":11,"Mummified Hand":12,"Pantograph":13,"champ:BerserkersGuideToSlaughter":5,"Potion Belt":4,"Ring of Hypnosis":4,"downfall:HeartBlessingRed":12,"Replay:Towering Pillar of Hats":28,"ReplayTheSpireMod:CursedCoin":13,"ReplayTheSpireMod:Ring of Addiction":4,"Guide Book":28,"champ:ChampionCrownUpgraded":17,"Frozen Egg 2":3,"MawBank":1,"White Beast Statue":20,"Pondfish Scales":19,"Simple Rune":28,"Coffee Dripper":8,"Toy Ornithopter":4},{"Calipers":89,"Singing Bowl":101,"Vajra":55,"champ:ChampionCrown":0,"downfall:HeartBlessingGreen":106,"Bag of Preparation":106,"Replay:Ringing Soul":18,"HornCleat":115,"downfall:HeartBlessingBlue":55,"Mummified Hand":60,"Pantograph":64,"champ:BerserkersGuideToSlaughter":28,"Potion Belt":24,"Ring of Hypnosis":24,"downfall:HeartBlessingRed":60,"Replay:Towering Pillar of Hats":131,"ReplayTheSpireMod:CursedCoin":64,"ReplayTheSpireMod:Ring of Addiction":24,"Guide Book":131,"champ:ChampionCrownUpgraded":83,"Frozen Egg 2":22,"MawBank":14,"White Beast Statue":93,"Pondfish Scales":89,"Simple Rune":131,"Coffee Dripper":43,"Toy Ornithopter":24}],"Toy Ornithopter":57},"card_choices":[{"not_picked":["champ:Haymaker","champ:DefensiveShout"],"picked":"champ:BringItOn","floor":2.0},{"not_picked":["champ:StanceDance","champ:GladiatorsShout"],"picked":"champ:Duel","floor":3.0},{"not_picked":["champ:BringItOn","champ:AdrenalArmor"],"picked":"champ:Lariat","floor":4.0},{"not_picked":["champ:DeathBlow","champ:PerfectedStrike"],"picked":"champ:CrookedStrike","floor":4.0},{"not_picked":["champ:FalseCounter","champ:BladeFlurry"],"picked":"champ:StanceDance","floor":5.0},{"not_picked":["champ:BerserkersShout","champ:HeartStrike"],"picked":"champ:FaceSlap","floor":8.0},{"not_picked":["champ:FlashCut","champ:FocusedGladiator"],"picked":"champ:MurderStrike","floor":13.0},{"not_picked":["champ:CrookedStrike","champ:GladiatorsShout"],"picked":"champ:DefensiveShout","floor":14.0},{"not_picked":["champ:StanceDance","champ:DeathBlow"],"picked":"champ:RisingSlash","floor":15.0},{"not_picked":["champ:HeavySlash","champ:StrikeOfGenius+1"],"picked":"champ:MurderStrike","floor":16.0},{"not_picked":["champ:Haymaker","champ:Circumvent"],"picked":"champ:GutPunch","floor":19.0},{"not_picked":["champ:TornadoPunch+1","champ:BringItOn+1"],"picked":"champ:StanceDance","floor":21.0},{"not_picked":["champ:TornadoPunch","champ:FlashCut"],"picked":"champ:FanOfKnives+1","floor":22.0},{"not_picked":["champ:BerserkersShout","champ:ShieldWall+1"],"picked":"champ:Lariat","floor":26.0},{"not_picked":["champ:FightOn","champ:HeartStrike"],"picked":"champ:CrookedStrike","floor":29},{"not_picked":["champ:ShieldWall+1","champ:DefensiveShout"],"picked":"champ:CheapShot","floor":30},{"not_picked":["champ:SkillfulDodge","champ:BringItOn"],"picked":"champ:Duel","floor":31},{"not_picked":["champ:SkillfulDodge","champ:Encircle+1"],"picked":"champ:FanOfKnives","floor":32},{"not_picked":["champ:CheapShot","champ:SwordThrow"],"picked":"champ:Devastate","floor":33},{"not_picked":["champ:StanceDance+1","champ:GladiatorStyle+1"],"picked":"champ:ArenaPreparation","floor":36},{"not_picked":["champ:EndlessRage+1","champ:Encircle+1"],"picked":"champ:Haymaker","floor":37},{"not_picked":["champ:TornadoPunch","champ:GladiatorsShout+1"],"picked":"champ:PreciseThrust+1","floor":38},{"not_picked":["champ:FlashCut","champ:Riposte+1"],"picked":"champ:CrookedStrike+1","floor":39},{"not_picked":["champ:BerserkersShout+1","champ:BladeFlurry+1"],"picked":"champ:BringItOn+1","floor":40},{"not_picked":["champ:SkillfulDodge+1","champ:EnGarde+1","champ:DefensiveStyle+1"],"picked":"Singing Bowl","floor":43},{"not_picked":["champ:FanOfKnives","champ:FightOn"],"picked":"champ:IronFortress+1","floor":45},{"not_picked":["champ:DefensiveShout+1","champ:FlashCut"],"picked":"champ:FocusedBerserking+1","floor":46},{"not_picked":["expansioncontent:DecasProtection","expansioncontent:ManipulateTime"],"picked":"expansioncontent:Chronoboost+1","floor":47},{"not_picked":["expansioncontent:Collect+1","expansioncontent:DonusPower"],"picked":"expansioncontent:ChargeUp","floor":47},{"not_picked":["expansioncontent:HyperBeam","expansioncontent:DecasProtection"],"picked":"expansioncontent:Torchfire","floor":47},{"not_picked":["champ:CrookedStrike+1","champ:DeathBlow"],"picked":"champ:FanOfKnives+1","floor":49},{"not_picked":["champ:FalseCounter","champ:RapidStrikes+1"],"picked":"champ:RisingSlash","floor":52}],"player_experience":386321,"relics_obtained":[{"floor":2.0,"key":"MawBank"},{"floor":4.0,"key":"Replay:Ringing Soul"},{"floor":7.0,"key":"Frozen Egg 2"},{"floor":9.0,"key":"ReplayTheSpireMod:Ring of Addiction"},{"floor":9.0,"key":"Toy Ornithopter"},{"floor":9.0,"key":"Potion Belt"},{"floor":9.0,"key":"Ring of Hypnosis"},{"floor":24.0,"key":"Vajra"},{"floor":26.0,"key":"Mummified Hand"},{"floor":38,"key":"White Beast Statue"},{"floor":41,"key":"Singing Bowl"},{"floor":43,"key":"Bag of Preparation"},{"floor":48,"key":"HornCleat"},{"floor":52,"key":"Guide Book"},{"floor":52,"key":"Replay:Towering Pillar of Hats"}],"event_choices":[],"is_beta":false,"boss_relics":[{"not_picked":["Honey Jar","Kintsugi"],"picked":"Coffee Dripper"},{"not_picked":["Pandora\u0027s Box","Tiny House"],"picked":"champ:ChampionCrownUpgraded"}],"items_purged_floors":[13,13],"is_endless":false,"potions_floor_spawned":[2,14,15,19,26,33,39,40,43,45,46,49,52],"ascension_level":0}}