{"host":"cr9rpoy6dx9riis3","time":1607860677,"event":{"mods":["AchievementEnabler","BaseMod","Better Altar","Better Note","Better Sensory Stone","Better Skull","Better Third Choice","Better-Laid Plans","BetterRewards","Block Reminder","Curses Come First","Displayed Cursed Tome","Emptier Cage","Marked Mod","Minty Spire (QoL Compilation)","Permanent Neow","Relic Sorter","StSLib","The Blue Laboratory","Transform Curses"],"gold_per_floor":[117,80,90,90,265,265,279,279,279,279,314,53,53,71,71,168,168,180,80,98,114,128,128,128,128],"floor_reached":24,"playtime":1080,"items_purged":["Strike_R","Doubt"],"score":326,"play_id":"0ffdc090-7ae3-43b5-9013-e3d1dd8b751d","local_time":"20201213125757","is_ascension_mode":true,"campfire_choices":[{"data":"Evolve","floor":6.0,"key":"SMITH"},{"data":"Bash","floor":8.0,"key":"SMITH"},{"data":"Spot Weakness","floor":10.0,"key":"SMITH"},{"floor":15.0,"key":"REST"},{"floor":23,"key":"REST"}],"circlet_count":0,"master_deck":["Strike_R","Strike_R","Strike_R","Defend_R","Defend_R","Defend_R","Defend_R","Bash+1","Evolve+1","Spot Weakness+1","Evolve","Fire Breathing","Power Through","Offering","Inflame"],"relics":["Burning Blood","MealTicket","ClockworkSouvenir","Mark of Pain"],"acts_visited":["Exordium","TheCity"],"potions_floor_usage":[16,16],"damage_taken":[{"damage":1.0,"enemies":"Cultist","floor":1.0,"turns":3.0},{"damage":11.0,"enemies":"Small Slimes","floor":3.0,"turns":5.0},{"damage":7.0,"enemies":"2 Louse","floor":7.0,"turns":3.0},{"damage":51.0,"enemies":"Lagavulin","floor":11.0,"turns":6.0},{"damage":9.0,"enemies":"Exordium Wildlife","floor":14.0,"turns":5.0},{"damage":33,"enemies":"Hexaghost","floor":16,"turns":9},{"damage":8,"enemies":"Spheric Guardian","floor":18,"turns":5},{"damage":22,"enemies":"Shell Parasite","floor":20,"turns":5},{"damage":29,"enemies":"Snake Plant","floor":21,"turns":4},{"damage":24,"enemies":"Shelled Parasite and Fungi","floor":22,"turns":6},{"damage":56,"enemies":"Slavers","floor":24,"turns":3}],"seed_played":"4613706092693164323","potions_obtained":[{"floor":11.0,"key":"blueLaboratory:SmithPotion"},{"floor":14.0,"key":"SteroidPotion"},{"floor":16,"key":"blueLaboratory:HorrorPotion"}],"is_trial":false,"path_per_floor":["M","$","M","?","?","R","M","R","T","R","E","$","?","M","R","B",null,"M","$","M","M","M","R","E"],"character_chosen":"IRONCLAD","items_purchased":["ClockworkSouvenir","Evolve","Fire Breathing","Power Through","MealTicket"],"campfire_rested":2,"item_purchase_floors":[0,2,12,12,12],"current_hp_per_floor":[75,75,70,63,63,63,62,62,62,62,17,17,17,14,38,11,80,78,80,64,41,23,47,0,0],"gold":128,"neow_bonus":"","is_daily":false,"chose_seed":false,"campfire_upgraded":3,"win_rate":0.0,"timestamp":1607860677,"path_taken":["M","$","?","?","?","R","M","R","T","R","E","$","?","M","R","BOSS","M","$","M","M","M","R","E"],"items_purchased_type":["Relic","Card","Card","Card","Relic"],"build_version":"2020-11-30","purchased_purges":2,"victory":false,"max_hp_per_floor":[80,80,80,80,80,80,80,80,80,80,80,80,80,80,80,80,80,80,80,80,80,80,80,80,80],"card_choices":[{"not_picked":["Wild Strike","Combust","Anger"],"picked":"SKIP","floor":1.0},{"not_picked":["Body Slam","Intimidate","Headbutt"],"picked":"SKIP","floor":3.0},{"not_picked":["Clothesline","Twin Strike"],"picked":"Spot Weakness","floor":7.0},{"not_picked":["Sever Soul","Uppercut"],"picked":"Evolve","floor":11.0},{"not_picked":["Clash","Thunderclap","Cleave"],"picked":"SKIP","floor":14.0},{"not_picked":["Bludgeon","Corruption"],"picked":"Offering","floor":16},{"not_picked":["Heavy Blade","Anger","Perfected Strike"],"picked":"SKIP","floor":18},{"not_picked":["Clash","Iron Wave+1","Twin Strike"],"picked":"SKIP","floor":20},{"not_picked":["Thunderclap+1","True Grit","Rupture"],"picked":"SKIP","floor":21},{"not_picked":["Carnage","Warcry+1"],"picked":"Inflame","floor":22}],"player_experience":690370,"relics_obtained":[],"event_choices":[{"cards_removed":["Strike_R"],"damage_healed":0.0,"max_hp_gain":0.0,"max_hp_loss":0.0,"gold_gain":0.0,"event_name":"Golden Wing","player_choice":"Card Removal","floor":4.0,"gold_loss":0.0,"damage_taken":7.0},{"damage_healed":0.0,"max_hp_gain":0.0,"max_hp_loss":0.0,"gold_gain":175.0,"event_name":"betterThird:BetterSerpent","player_choice":"AGREE","floor":5.0,"gold_loss":0.0,"damage_taken":90.0},{"damage_healed":0.0,"max_hp_gain":0.0,"max_hp_loss":0.0,"gold_gain":1.0,"event_name":"betterThird:BetterScrap","player_choice":"LEAVE","floor":13.0,"gold_loss":0.0,"damage_taken":0.0,"cards_obtained":["Phantasmal Killer"]}],"is_beta":false,"boss_relics":[{"not_picked":["Ectoplasm","Pandora\u0027s Box"],"picked":"Mark of Pain"}],"items_purged_floors":[0,19],"is_endless":false,"potions_floor_spawned":[11,14,16],"killed_by":"Slavers","ascension_level":2}}