{"host":"qr1bwouox9un7py1","time":1607837978,"event":{"mods":["2.2 Compatiblity","AchievementEnabler","BaseMod","Colored Map","Colored Powertips","GifTheSpireLib","Highlight Path","Infinite Spire","Lobotomy","LobotomyExtend","Minty Spire (QoL Compilation)","Quick Restart","Shop Mod","StSLib","Unceasing Turn Reminder"],"gold_per_floor":[114,114,114,129,146,178,178],"floor_reached":6,"playtime":185,"items_purged":[],"score":62,"play_id":"4fb1360c-5dc9-47db-880a-87d53fed28a5","local_time":"20201213163938","is_ascension_mode":true,"campfire_choices":[],"circlet_count":0,"master_deck":["Strike_R","Strike_R","Strike_R","Strike_R","Strike_R","Defend_R","Defend_R","Defend_R","Defend_R","Bash","PunishingBird","Cleave+1","OSAHOGD","Sword Boomerang","CrumblingArmor","Clash","WallGazer","Flame Barrier"],"relics":["Burning Blood","CogitoBucket","LetterFromLob","Kunai"],"acts_visited":["Exordium"],"potions_floor_usage":[],"damage_taken":[{"damage":12,"enemies":"Small Slimes","floor":1,"turns":3},{"damage":1,"enemies":"Cultist","floor":4,"turns":2},{"damage":9,"enemies":"Jaw Worm","floor":5,"turns":3},{"damage":62,"enemies":"3 Sentries","floor":6,"turns":8}],"seed_played":"-4467350408177648551","potions_obtained":[{"floor":5,"key":"Weak Potion"}],"is_trial":false,"path_per_floor":["M","?","?","M","M","E"],"character_chosen":"IRONCLAD","items_purchased":[],"campfire_rested":0,"item_purchase_floors":[],"current_hp_per_floor":[66,71,71,76,73,17,17],"gold":178,"neow_bonus":"","is_daily":false,"chose_seed":false,"campfire_upgraded":0,"win_rate":0.0,"timestamp":1607837978,"path_taken":["M","?","?","M","M","E"],"items_purchased_type":[],"build_version":"2020-11-30","purchased_purges":0,"victory":false,"max_hp_per_floor":[80,85,85,85,85,85,85],"card_choices":[{"not_picked":["OSAHOGD","Freischutz"],"picked":"PunishingBird","floor":1},{"not_picked":["Flame Barrier","Dropkick"],"picked":"Cleave","floor":1},{"not_picked":["ShyLook","CherryBlossoms"],"picked":"OSAHOGD","floor":4},{"not_picked":["Rupture","Dual Wield"],"picked":"Sword Boomerang","floor":4},{"not_picked":["Alriune","Scarecrow"],"picked":"CrumblingArmor","floor":5},{"not_picked":["Iron Wave","Second Wind"],"picked":"Clash","floor":5},{"not_picked":["Wellcheers","WhitesApple"],"picked":"WallGazer","floor":6},{"not_picked":["Warcry","Reckless Charge"],"picked":"Flame Barrier","floor":6}],"player_experience":239967,"relics_obtained":[{"floor":1,"key":"LetterFromLob"},{"floor":6,"key":"Kunai"}],"event_choices":[{"damage_healed":0,"gold_gain":0,"player_choice":"Donut","damage_taken":0,"max_hp_gain":5,"max_hp_loss":0,"event_name":"Big Fish","floor":2,"gold_loss":0},{"damage_healed":0,"gold_gain":0,"player_choice":"Forge","damage_taken":0,"max_hp_gain":0,"max_hp_loss":0,"event_name":"Accursed Blacksmith","floor":3,"gold_loss":0,"cards_upgraded":["Cleave"]}],"is_beta":false,"boss_relics":[],"items_purged_floors":[],"is_endless":false,"potions_floor_spawned":[5],"killed_by":"3 Sentries","ascension_level":7}}