{"host":"x1qj4d8ympd5jdqh","time":1607866406,"event":{"mods":["AchievementEnabler","AlwaysNeverKeys","BaseMod","Colored Map","Custom Start","DeckTracker","Highlight Path","Minty Spire (QoL Compilation)","StSLib","SuperFastMode"],"gold_per_floor":[111,186,111,111,28,59,78,90,172,172,202,215,241,257,257,335,335,353,58,58,108,124,124,124,124,151,162,162,188,207,219,219,291,291,309,329,279,296,63,63,13,45,45,45,74,74,94,121,121,121,121],"floor_reached":50,"playtime":1542,"items_purged":["Strike_G","Finisher","Defend_G"],"score":1166,"play_id":"39bd8a65-461d-448b-9186-ed7817ac57a2","local_time":"20201213223326","is_ascension_mode":true,"campfire_choices":[{"data":"Noxious Fumes","floor":10.0,"key":"SMITH"},{"floor":15.0,"key":"REST"},{"data":"Well Laid Plans","floor":23.0,"key":"SMITH"},{"data":"Blade Dance","floor":25.0,"key":"SMITH"},{"data":"Wraith Form v2","floor":28.0,"key":"SMITH"},{"data":"Prepared","floor":32.0,"key":"SMITH"},{"data":"Night Terror","floor":40.0,"key":"SMITH"},{"floor":46.0,"key":"REST"},{"floor":49.0,"key":"REST"}],"circlet_count":0,"master_deck":["AscendersBane","Defend_G","Defend_G","Defend_G","Defend_G","Survivor","Neutralize","Blade Dance+1","Accuracy","Noxious Fumes+1","Deadly Poison","Well Laid Plans+1","Wraith Form v2+1","PiercingWail+1","Night Terror+1","Accuracy+1","Reflex","Accuracy","Infinite Blades","Prepared+1","Blade Dance","Venomology+1","Blur","Prepared+1","PiercingWail+1","Footwork","Backflip","Forethought+1","Footwork+1","Terror","Acrobatics"],"relics":["Ring of the Snake","NeowsBlessing","Oddly Smooth Stone","Mummified Hand","Snake Skull","Smiling Mask","HoveringKite","Strawberry","PreservedInsect","SlaversCollar","Orichalcum","War Paint","Nunchaku"],"acts_visited":["Exordium","TheCity","TheBeyond"],"potions_floor_usage":[50],"damage_taken":[{"damage":0.0,"enemies":"Jaw Worm","floor":1.0,"turns":1.0},{"damage":0.0,"enemies":"Lagavulin","floor":6.0,"turns":1.0},{"damage":0.0,"enemies":"2 Louse","floor":7.0,"turns":1.0},{"damage":0.0,"enemies":"Cultist","floor":8.0,"turns":3.0},{"damage":5.0,"enemies":"Looter","floor":12.0,"turns":3.0},{"damage":31.0,"enemies":"Gremlin Nob","floor":13.0,"turns":4.0},{"damage":4.0,"enemies":"3 Louse","floor":14.0,"turns":4.0},{"damage":8.0,"enemies":"The Guardian","floor":16.0,"turns":9.0},{"damage":2.0,"enemies":"Spheric Guardian","floor":18.0,"turns":6.0},{"damage":18.0,"enemies":"Chosen","floor":22.0,"turns":5.0},{"damage":11.0,"enemies":"Snake Plant","floor":27.0,"turns":5.0},{"damage":5.0,"enemies":"Book of Stabbing","floor":29.0,"turns":6.0},{"damage":0.0,"enemies":"Snecko","floor":30.0,"turns":2.0},{"damage":0.0,"enemies":"Centurion and Healer","floor":31.0,"turns":5.0},{"damage":5.0,"enemies":"Collector","floor":33.0,"turns":7.0},{"damage":10.0,"enemies":"Orb Walker","floor":35.0,"turns":3.0},{"damage":2.0,"enemies":"3 Darklings","floor":36.0,"turns":5.0},{"damage":14.0,"enemies":"Spire Growth","floor":38.0,"turns":3.0},{"damage":3.0,"enemies":"Reptomancer","floor":42.0,"turns":5.0},{"damage":5.0,"enemies":"Giant Head","floor":45.0,"turns":4.0},{"damage":0.0,"enemies":"Maw","floor":47.0,"turns":7.0},{"damage":19.0,"enemies":"Reptomancer","floor":48.0,"turns":3.0},{"damage":8,"enemies":"Awakened One","floor":50,"turns":2}],"seed_played":"-4673559873677862713","potions_obtained":[{"floor":6.0,"key":"EssenceOfSteel"},{"floor":13.0,"key":"LiquidBronze"},{"floor":14.0,"key":"SkillPotion"},{"floor":16.0,"key":"SkillPotion"},{"floor":22.0,"key":"Ancient Potion"},{"floor":33.0,"key":"EssenceOfSteel"},{"floor":38.0,"key":"FearPotion"},{"floor":42.0,"key":"Fire Potion"}],"is_trial":false,"path_per_floor":["M","?","?","?","$","E","M","M","T","R","?","M","E","M","R","B",null,"M","$","?","?","M","R","?","R","T","M","R","E","M","M","R","B",null,"M","M","?","M","$","R","$","E","T","?","E","R","M","E","R","B"],"character_chosen":"THE_SILENT","items_purchased":["Accuracy","Accuracy","Reflex","LiquidBronze","Footwork","Backflip","Forethought"],"campfire_rested":3,"item_purchase_floors":[5,19,19,19,39,39,39],"current_hp_per_floor":[59,48,48,48,48,48,48,48,48,48,48,43,12,8,27,19,54,52,52,52,52,34,34,34,34,41,30,30,25,25,25,25,20,60,50,48,48,34,34,34,34,31,31,31,26,47,47,28,49,41,41],"gold":121,"neow_bonus":"THREE_ENEMY_KILL","is_daily":false,"chose_seed":false,"campfire_upgraded":6,"win_rate":0.0,"timestamp":1607866406,"path_taken":["M","?","?","?","$","E","M","?","T","R","?","M","E","M","R","BOSS","M","$","?","?","M","R","?","R","T","M","R","E","?","M","R","BOSS","M","M","?","?","$","R","?","E","T","?","E","R","M","E","R","BOSS"],"items_purchased_type":["Card","Card","Card","Potion","Card","Card","Card"],"build_version":"2020-11-30","purchased_purges":3,"victory":false,"max_hp_per_floor":[66,66,66,66,66,66,66,66,66,66,66,66,66,66,66,66,66,66,66,66,66,66,66,66,66,73,73,73,73,73,73,73,73,73,73,73,73,73,73,73,73,73,73,73,73,73,73,73,73,73,73],"card_choices":[{"not_picked":["Catalyst","Dodge and Roll"],"picked":"Blade Dance","floor":1.0},{"not_picked":["Bouncing Flask","Poisoned Stab"],"picked":"Noxious Fumes","floor":6.0},{"not_picked":["Sucker Punch","Slice"],"picked":"Deadly Poison","floor":7.0},{"not_picked":["Dagger Spray","Distraction"],"picked":"Well Laid Plans","floor":8.0},{"not_picked":["Leg Sweep","Deflect"],"picked":"Wraith Form v2","floor":12.0},{"not_picked":["Deflect","Slice","Blade Dance"],"picked":"SKIP","floor":13.0},{"not_picked":["Poisoned Stab","Backflip"],"picked":"PiercingWail","floor":14.0},{"not_picked":["Wraith Form v2","Bullet Time"],"picked":"Night Terror","floor":16.0},{"not_picked":["Slice","Poisoned Stab","Riddle With Holes"],"picked":"SKIP","floor":18.0},{"not_picked":["Poisoned Stab","Slice","Deflect+1"],"picked":"SKIP","floor":22.0},{"not_picked":["Blade Dance","PiercingWail"],"picked":"Infinite Blades","floor":27.0},{"not_picked":["Grand Finale","Finisher+1"],"picked":"Prepared","floor":29.0},{"not_picked":["Quick Slash","Dagger Throw"],"picked":"Blade Dance","floor":30.0},{"not_picked":["All Out Attack+1","Skewer","Deflect+1"],"picked":"SKIP","floor":31.0},{"not_picked":["Grand Finale","Unload"],"picked":"Venomology","floor":33.0},{"not_picked":["Blade Dance","Poisoned Stab"],"picked":"Blur","floor":35.0},{"not_picked":["Expertise","Dagger Spray"],"picked":"Prepared+1","floor":36.0},{"not_picked":["Expertise","Quick Slash"],"picked":"PiercingWail+1","floor":38.0},{"not_picked":["Prepared","Unload","Flechettes"],"picked":"SKIP","floor":42.0},{"not_picked":["Quick Slash","Backstab+1"],"picked":"Footwork+1","floor":45.0},{"not_picked":["Prepared","Backflip"],"picked":"Terror","floor":47.0},{"not_picked":["Masterful Stab+1","Sucker Punch"],"picked":"Acrobatics","floor":48.0}],"player_experience":1219126,"relics_obtained":[{"floor":6.0,"key":"Oddly Smooth Stone"},{"floor":9.0,"key":"Mummified Hand"},{"floor":13.0,"key":"Smiling Mask"},{"floor":26.0,"key":"Strawberry"},{"floor":29.0,"key":"PreservedInsect"},{"floor":42.0,"key":"Orichalcum"},{"floor":45.0,"key":"War Paint"},{"floor":48.0,"key":"Nunchaku"}],"event_choices":[{"damage_healed":0.0,"max_hp_gain":0.0,"max_hp_loss":0.0,"gold_gain":75.0,"event_name":"World of Goop","player_choice":"Gather Gold","floor":2.0,"gold_loss":0.0,"damage_taken":11.0},{"cards_removed":["Strike_G"],"damage_healed":0.0,"max_hp_gain":0.0,"max_hp_loss":0.0,"gold_gain":0.0,"event_name":"The Cleric","player_choice":"Card Removal","floor":3.0,"gold_loss":75.0,"damage_taken":0.0},{"damage_healed":0.0,"max_hp_gain":0.0,"max_hp_loss":0.0,"gold_gain":0.0,"event_name":"Match and Keep!","player_choice":"0 cards matched","floor":4.0,"gold_loss":0.0,"damage_taken":0.0,"cards_obtained":[]},{"damage_healed":0.0,"max_hp_gain":0.0,"max_hp_loss":0.0,"gold_gain":30.0,"event_name":"Dead Adventurer","player_choice":"Searched \u00272\u0027 times","floor":11.0,"gold_loss":0.0,"damage_taken":0.0,"relics_obtained":["Snake Skull"]},{"damage_healed":0.0,"max_hp_gain":0.0,"max_hp_loss":0.0,"gold_gain":0.0,"cards_transformed":["Strike_G","Strike_G"],"event_name":"Drug Dealer","player_choice":"Became Test Subject","floor":20.0,"gold_loss":0.0,"damage_taken":0.0,"cards_obtained":["Accuracy","Finisher"]},{"damage_healed":0.0,"max_hp_gain":0.0,"max_hp_loss":0.0,"gold_gain":50.0,"event_name":"Nest","player_choice":"Stole From Cult","floor":21.0,"gold_loss":0.0,"damage_taken":0.0},{"cards_removed":["Strike_G"],"damage_healed":0.0,"max_hp_gain":0.0,"max_hp_loss":0.0,"gold_gain":0.0,"event_name":"Bonfire Elementals","player_choice":"Offered Basic","floor":24.0,"gold_loss":0.0,"damage_taken":0.0},{"damage_healed":0.0,"max_hp_gain":0.0,"max_hp_loss":0.0,"gold_gain":0.0,"event_name":"Designer","player_choice":"Upgraded Two","floor":37.0,"gold_loss":50.0,"damage_taken":0.0,"cards_upgraded":["Accuracy","Venomology"]},{"damage_healed":0.0,"max_hp_gain":0.0,"max_hp_loss":0.0,"gold_gain":0.0,"event_name":"Mysterious Sphere","player_choice":"Ignored","floor":44.0,"gold_loss":0.0,"damage_taken":0.0}],"is_beta":false,"boss_relics":[{"not_picked":["Runic Dome","Velvet Choker"],"picked":"HoveringKite"},{"not_picked":["Fusion Hammer","Black Star"],"picked":"SlaversCollar"}],"items_purged_floors":[19,39,41],"is_endless":false,"potions_floor_spawned":[6,13,14,16,22,27,29,33,38,42,45],"killed_by":"Awakened One","ascension_level":20}}