{"host":"h759rl08g2j14n8x","time":1607822359,"event":{"mods":["BaseMod","Better Third Choice","Colored Powertips","Minty Spire (QoL Compilation)","Replay The Spire","StSLib"],"gold_per_floor":[368,378,453,263,275,275,285,301,325,325,400,430,449,114,114,217,217,227,244,261,276,287,287,287],"floor_reached":23,"playtime":2640,"items_purged":[],"score":197,"play_id":"1dd06322-cfaf-4323-9e2d-fc1b6cb1441f","local_time":"20201212171919","is_ascension_mode":false,"campfire_choices":[{"floor":6.0,"key":"RECALL"},{"floor":10.0,"key":"REST"},{"floor":15.0,"key":"REST"}],"circlet_count":0,"master_deck":["Strike_R","Strike_R","Strike_R","Strike_R","Strike_R","Defend_R","Defend_R","Defend_R","Defend_R","Bash","Evolve","Headbutt","Havoc","Havoc","Twin Strike","Demon Form","ReplayTheSpireMod:Stacked","Pot Of Greed","Pot Of Greed","Clothesline","Feed","Heavy Blade","Heavy Blade","Reaper","Armaments+1","Rampage","Pot Of Greed","Armaments","Flex","Juggernaut"],"relics":["Burning Blood","Lantern","Grinning Jar","Bronze Scales","Another Sword","Runic Cube"],"acts_visited":["Exordium","TheCity"],"potions_floor_usage":[23,23],"damage_taken":[{"damage":8.0,"enemies":"Cultist","floor":1.0,"turns":5.0},{"damage":4.0,"enemies":"Jaw Worm","floor":2.0,"turns":5.0},{"damage":0.0,"enemies":"Small Slimes","floor":5.0,"turns":2.0},{"damage":19.0,"enemies":"Exordium Wildlife","floor":7.0,"turns":4.0},{"damage":11.0,"enemies":"Exordium Thugs","floor":8.0,"turns":4.0},{"damage":24.0,"enemies":"3 Sentries","floor":12.0,"turns":7.0},{"damage":19.0,"enemies":"Red Slaver","floor":13.0,"turns":3.0},{"damage":46.0,"enemies":"The Guardian","floor":16.0,"turns":8.0},{"damage":32.0,"enemies":"2 Thieves","floor":18.0,"turns":4.0},{"damage":20.0,"enemies":"Spheric Guardian","floor":19.0,"turns":4.0},{"damage":30.0,"enemies":"Chosen and Byrds","floor":20.0,"turns":6.0},{"damage":33.0,"enemies":"3 Cultists","floor":21.0,"turns":5.0},{"damage":9.0,"enemies":"Centurion and Healer","floor":22.0,"turns":6.0},{"damage":44,"enemies":"Book of Stabbing","floor":23,"turns":4}],"seed_played":"3390585103152897811","potions_obtained":[{"floor":5.0,"key":"Elixir"},{"floor":7.0,"key":"BloodPotion"},{"floor":8.0,"key":"Venom Potion"},{"floor":16.0,"key":"Regen Potion"},{"floor":20.0,"key":"Toxic Potion"},{"floor":22.0,"key":"Block Potion"}],"is_trial":false,"path_per_floor":["M","M","?","$","M","R","M","M","T","R","?","E","M","$","R","B",null,"M","M","M","M","M","E"],"character_chosen":"IRONCLAD","items_purchased":["Havoc","Lantern","Another Sword","Heavy Blade"],"campfire_rested":2,"item_purchase_floors":[4,4,14,14],"current_hp_per_floor":[70,72,61,61,67,67,54,49,49,70,63,45,32,32,53,16,75,49,42,36,19,43,0,0],"gold":287,"neow_bonus":"TWO_FIFTY_GOLD","is_daily":false,"chose_seed":false,"campfire_upgraded":0,"win_rate":0.0,"timestamp":1607822359,"path_taken":["M","M","?","$","M","R","M","M","T","R","?","E","M","$","R","BOSS","M","M","M","?","M","E"],"items_purchased_type":["Card","Relic","Relic","Card"],"build_version":"2020-11-30","purchased_purges":0,"victory":false,"max_hp_per_floor":[72,72,72,72,72,72,72,72,72,72,72,72,72,72,72,75,75,75,78,81,81,84,84,84],"card_choices":[{"not_picked":["Clash","Burning Pact"],"picked":"Evolve","floor":1.0},{"not_picked":["Flex","Twin Strike"],"picked":"Headbutt","floor":2.0},{"not_picked":["Abandon","Run Through"],"picked":"Twin Strike","floor":5.0},{"not_picked":["Body Slam","ReplayTheSpireMod:Stacked"],"picked":"Demon Form","floor":7.0},{"not_picked":["Abandon","Reckless Charge"],"picked":"ReplayTheSpireMod:Stacked","floor":8.0},{"not_picked":["Rupture","Headbutt"],"picked":"Clothesline","floor":12.0},{"not_picked":["Entrench","Perfected Strike"],"picked":"Feed","floor":13.0},{"not_picked":["Feed","Bludgeon"],"picked":"Reaper","floor":16.0},{"not_picked":["Havoc","Clash"],"picked":"Armaments+1","floor":18.0},{"not_picked":["Thunderclap","Pummel"],"picked":"Rampage","floor":19.0},{"not_picked":["Havoc","Sword Boomerang"],"picked":"Armaments","floor":20.0},{"not_picked":["Replay:Undeath\u0027s Touch","Rupture+1"],"picked":"Flex","floor":21.0},{"not_picked":["Whirlwind","Iron Wave"],"picked":"Juggernaut","floor":22.0}],"player_experience":600405,"relics_obtained":[{"floor":9.0,"key":"Grinning Jar"},{"floor":12.0,"key":"Bronze Scales"}],"event_choices":[{"damage_healed":0.0,"max_hp_gain":0.0,"max_hp_loss":0.0,"gold_gain":75.0,"event_name":"betterThird:BetterGoop","player_choice":"Gold","floor":3.0,"gold_loss":0.0,"damage_taken":11.0},{"damage_healed":0.0,"max_hp_gain":0.0,"max_hp_loss":0.0,"gold_gain":75.0,"event_name":"FaceTrader","player_choice":"Touch","floor":11.0,"gold_loss":0.0,"damage_taken":7.0}],"is_beta":false,"boss_relics":[{"not_picked":["Kintsugi","Tiny House"],"picked":"Runic Cube"}],"items_purged_floors":[],"is_endless":false,"potions_floor_spawned":[5,7,8,16,18,20,22],"killed_by":"Book of Stabbing","ascension_level":0}}