{"host":"ul103bh19qas5vs8","time":1607870451,"event":{"mods":["BaseMod","Googly Eyes","Minty Spire (QoL Compilation)","Replay The Spire","Shop Mod","StSLib"],"gold_per_floor":[113,126,126,51,65,65,95,95,95,95,130,150,76,105,105,208,208,228,228,228,228,3,38,48,67,67,99,117,151,165,7,7,107,107,124,9,9,59,0,40,40,59,86,86,197,214,184,214,214,214,214,214,7,41,41],"floor_reached":56,"playtime":2913,"items_purged":["Delirium","Strike_P","Eruption","Strike_P","Defend_P+1"],"score":1937,"play_id":"89e4b66a-b5e8-4cc6-b5b8-f4e13f4b5b86","local_time":"20201213224051","is_ascension_mode":true,"campfire_choices":[{"data":"Tantrum","floor":6.0,"key":"SMITH"},{"data":"LikeWater","floor":15.0,"key":"SMITH"},{"floor":32.0,"key":"RECALL"},{"data":"RitualDagger","floor":41.0,"key":"SMITH"},{"data":"TalkToTheHand","floor":49.0,"key":"SMITH"},{"data":"Vigilance","floor":52,"key":"SMITH"}],"circlet_count":0,"master_deck":["Strike_P+1","Defend_P+1","Defend_P+1","Vigilance+1","LikeWater+1","Tantrum+1","DeusExMachina+1","Vault+1","ClearTheMind+1","FearNoEvil+1","LessonLearned","RitualDagger+1","LikeWater+1","Protect+1","FlurryOfBlows+1","MentalFortress+1","SpiritShield+1","InnerPeace+1","Fasting2+1","Fasting2+1","Adaptation+1","Scrawl+1","TalkToTheHand+1","DevaForm+1","Fasting2+1","Sanctity","Sanctity+1"],"relics":["PureWater","NeowsBlessing","Ring of Searing","Ring of Peace","ReplayTheSpireMod:Shallot","Quantum Egg","Kunai","MerchantsRug","Pantograph","The Courier","Black Star","Medical Kit","Calipers","DollysMirror","InkBottle","Nunchaku"],"acts_visited":["Exordium","TheCity","TheBeyond","TheEnding"],"potions_floor_usage":[],"damage_taken":[{"damage":0.0,"enemies":"Cultist","floor":1.0,"turns":1.0},{"damage":0.0,"enemies":"Small Slimes","floor":2.0,"turns":1.0},{"damage":0.0,"enemies":"Jaw Worm","floor":5.0,"turns":1.0},{"damage":39.0,"enemies":"Replay:BlueRogue","floor":7.0,"turns":6.0},{"damage":0.0,"enemies":"Lagavulin","floor":11.0,"turns":4.0},{"damage":0.0,"enemies":"Blue Slaver","floor":12.0,"turns":3.0},{"damage":0.0,"enemies":"Replay:BlueRogue","floor":14.0,"turns":4.0},{"damage":0.0,"enemies":"Slime Boss","floor":16.0,"turns":5.0},{"damage":20.0,"enemies":"3 Byrds","floor":18.0,"turns":5.0},{"damage":0.0,"enemies":"Slavers","floor":23.0,"turns":10.0},{"damage":0.0,"enemies":"Spheric Guardian","floor":25.0,"turns":8.0},{"damage":0.0,"enemies":"Gremlin Leader","floor":27.0,"turns":7.0},{"damage":9.0,"enemies":"Cultist and Chosen","floor":28.0,"turns":5.0},{"damage":11.0,"enemies":"Replay:Snechameleon","floor":29.0,"turns":7.0},{"damage":0.0,"enemies":"Centurion and Healer","floor":30.0,"turns":9.0},{"damage":18.0,"enemies":"Pondfish","floor":33.0,"turns":13.0},{"damage":20.0,"enemies":"3 Darklings","floor":35.0,"turns":5.0},{"damage":25.0,"enemies":"Mind Bloom Boss Battle","floor":38.0,"turns":7.0},{"damage":0.0,"enemies":"Giant Head","floor":40.0,"turns":5.0},{"damage":0.0,"enemies":"Orb Walker","floor":42.0,"turns":5.0},{"damage":5.0,"enemies":"Maw","floor":46.0,"turns":6.0},{"damage":0.0,"enemies":"Nemesis","floor":48.0,"turns":6.0},{"damage":68,"enemies":"Awakened One","floor":50,"turns":13},{"damage":31,"enemies":"Shield and Spear","floor":54,"turns":5},{"damage":48,"enemies":"The Heart","floor":55,"turns":10}],"seed_played":"4154587572230483209","potions_obtained":[{"floor":1.0,"key":"Dexterity Potion"},{"floor":7.0,"key":"Energy Potion"},{"floor":12.0,"key":"PowerPotion"},{"floor":23.0,"key":"Fruit Juice"},{"floor":27.0,"key":"SteroidPotion"},{"floor":28.0,"key":"SkillPotion"},{"floor":29.0,"key":"Swift Potion"},{"floor":46.0,"key":"DistilledChaos"},{"floor":54,"key":"BottledMiracle"}],"is_trial":false,"path_per_floor":["M","M","?","$","M","R","E","?","T","T","E","M","$","E","R","B",null,"M","?","?","?","$","E","$","M","T","E","M","E","M","$","R","B",null,"M","$","?","?","$","E","R","M","T","?","$","M","$","E","R","B",null,"R","$","E","B",null],"character_chosen":"WATCHER","items_purchased":["FearNoEvil","MerchantsRug","ClockworkSouvenir","LikeWater+1","MentalFortress+1","Medical Kit","Fasting2+1","Adaptation+1","DevaForm+1","DollysMirror","Sanctity"],"campfire_rested":0,"item_purchase_floors":[13,22,22,24,31,36,39,39,47,53,53],"current_hp_per_floor":[72,72,72,72,72,72,33,33,33,33,33,33,33,35,35,35,74,56,42,42,36,36,43,43,43,43,45,38,29,29,29,29,36,94,74,74,74,69,69,69,69,69,69,69,69,64,64,69,69,26,94,94,94,63,40],"gold":41,"neow_bonus":"THREE_ENEMY_KILL","is_daily":false,"chose_seed":false,"campfire_upgraded":5,"win_rate":0.0,"timestamp":1607870451,"path_taken":["M","M","?","$","M","R","E","?","T","?","E","M","?","E","R","BOSS","M","?","?","?","$","E","$","M","T","E","M","E","M","$","R","BOSS","M","$","?","?","$","E","R","M","T","?","$","M","?","E","R","BOSS","R","$","E","BOSS"],"items_purchased_type":["Card","Relic","Relic","Card","Card","Relic","Card","Card","Card","Relic","Card"],"build_version":"2020-11-30","purchased_purges":5,"victory":true,"max_hp_per_floor":[72,72,72,72,72,72,72,72,72,72,72,72,72,74,74,74,74,76,81,81,81,81,88,88,88,88,90,92,94,94,94,94,94,94,94,94,94,94,94,94,94,94,94,89,89,89,89,94,94,94,94,94,94,94,94],"card_choices":[{"not_picked":["MentalFortress","SashWhip"],"picked":"LikeWater","floor":1.0},{"not_picked":["SashWhip","EmptyFist","ThirdEye"],"picked":"SKIP","floor":2.0},{"not_picked":["FollowUp","Indignation"],"picked":"Tantrum","floor":5.0},{"not_picked":["Wish","Replay:BluntJabs"],"picked":"DeusExMachina","floor":7.0},{"not_picked":["Swivel","Evaluate"],"picked":"Vault","floor":11.0},{"not_picked":["FlyingSleeves","Pray"],"picked":"ClearTheMind","floor":12.0},{"not_picked":["SpiritShield","CutThroughFate","FlurryOfBlows"],"picked":"Singing Bowl","floor":14.0},{"not_picked":["Replay:LoomingThreat+1","MasterReality+1"],"picked":"LessonLearned","floor":16.0},{"not_picked":["FearNoEvil","Wallop","Replay:AtTheReady"],"picked":"Singing Bowl","floor":18.0},{"not_picked":["Halt","WaveOfTheHand","Perseverance"],"picked":"Singing Bowl","floor":23.0},{"not_picked":["Pray","PathToVictory"],"picked":"Protect+1","floor":25.0},{"not_picked":["Prostrate","Replay:Battleflow","Evaluate"],"picked":"Singing Bowl","floor":27.0},{"not_picked":["CrushJoints+1","ReachHeaven","Replay:Anticipation"],"picked":"Singing Bowl","floor":28.0},{"not_picked":["FollowUp","FearNoEvil","Crescendo"],"picked":"Singing Bowl","floor":29.0},{"not_picked":["EmptyBody+1","ClearTheMind"],"picked":"FlurryOfBlows+1","floor":30.0},{"not_picked":["LessonLearned","Establishment+1"],"picked":"SpiritShield","floor":33.0},{"not_picked":["Replay:BluntJabs+1","ThirdEye"],"picked":"InnerPeace+1","floor":35.0},{"not_picked":["FollowUp+1","ForeignInfluence+1"],"picked":"Fasting2+1","floor":38.0},{"not_picked":["Crescendo","Protect+1"],"picked":"Scrawl","floor":40.0},{"not_picked":["EmptyFist","Swivel"],"picked":"TalkToTheHand","floor":42.0},{"not_picked":["PathToVictory+1","TalkToTheHand+1","SandsOfTime"],"picked":"SKIP","floor":46.0},{"not_picked":["Replay:AtTheReady+1","Replay:LoomingThreat","Replay:ManipulateFuture"],"picked":"SKIP","floor":48.0},{"not_picked":["ClearTheMind+1","Replay:ManipulateFuture+1"],"picked":"Sanctity+1","floor":54}],"player_experience":92025,"relics_obtained":[{"floor":3.0,"key":"Ring of Searing"},{"floor":3.0,"key":"Ring of Peace"},{"floor":7.0,"key":"Singing Bowl"},{"floor":9.0,"key":"ReplayTheSpireMod:Shallot"},{"floor":10.0,"key":"Quantum Egg"},{"floor":11.0,"key":"Kunai"},{"floor":14.0,"key":"Frozen Egg 2"},{"floor":23.0,"key":"Replay:Ringing Soul"},{"floor":26.0,"key":"Pantograph"},{"floor":27.0,"key":"The Courier"},{"floor":29.0,"key":"Tiny Chest"},{"floor":38.0,"key":"Unceasing Top"},{"floor":40.0,"key":"CeramicFish"},{"floor":40.0,"key":"War Paint"},{"floor":48.0,"key":"Durian"},{"floor":48.0,"key":"Calipers"},{"floor":54,"key":"InkBottle"},{"floor":54,"key":"Nunchaku"}],"event_choices":[{"damage_healed":0.0,"max_hp_gain":0.0,"max_hp_loss":0.0,"gold_gain":0.0,"event_name":"Liars Game","player_choice":"Ignored","floor":8.0,"gold_loss":0.0,"damage_taken":0.0},{"damage_healed":0.0,"max_hp_gain":5.0,"max_hp_loss":0.0,"gold_gain":0.0,"event_name":"Forgotten Altar","player_choice":"Shed Blood","floor":19.0,"gold_loss":0.0,"damage_taken":19.0},{"cards_removed":["Strike_P"],"damage_healed":0.0,"max_hp_gain":0.0,"max_hp_loss":0.0,"gold_gain":0.0,"event_name":"Back to Basics","player_choice":"Elegance","floor":20.0,"gold_loss":0.0,"damage_taken":0.0},{"damage_healed":0.0,"max_hp_gain":0.0,"max_hp_loss":0.0,"gold_gain":0.0,"event_name":"Nest","player_choice":"Joined the Cult","floor":21.0,"gold_loss":0.0,"damage_taken":6.0,"cards_obtained":["RitualDagger"]},{"cards_removed":["Defend_P"],"damage_healed":0.0,"max_hp_gain":0.0,"max_hp_loss":0.0,"gold_gain":0.0,"event_name":"Falling","player_choice":"Removed Skill","floor":37.0,"gold_loss":0.0,"damage_taken":0.0},{"damage_healed":0.0,"max_hp_gain":0.0,"max_hp_loss":0.0,"gold_gain":0.0,"event_name":"MindBloom","player_choice":"Fight","floor":38.0,"gold_loss":0.0,"damage_taken":0.0},{"damage_healed":0.0,"max_hp_gain":0.0,"max_hp_loss":5.0,"gold_gain":0.0,"event_name":"Winding Halls","player_choice":"Max HP","floor":44.0,"gold_loss":0.0,"damage_taken":0.0}],"is_beta":false,"boss_relics":[{"not_picked":["Runic Dome","ReplayTheSpireMod:DimensionalGlitch"],"picked":"Replay:Bronze Core"},{"not_picked":["ChewingGum","Honey Jar"],"picked":"Black Star"}],"items_purged_floors":[4,22,31,39,53],"is_endless":false,"potions_floor_spawned":[1,7,12,16,23,27,28,29,46,54],"ascension_level":3}}