{"host":"1c52r9kaxdyo25eq","time":1607855473,"event":{"mods":["AchievementEnabler","BaseMod","Minty Spire (QoL Compilation)","Rare Cards Sparkle","SuperFastMode","everything is the same but u backflip on backflip"],"gold_per_floor":[110,110,122,122,135,135,2,2,2,22,22,22,51,68,68,147,147,163,63,83,94,106,106,132,132,132,132,143,243,254,283,283,359,359,371,371,371],"floor_reached":36,"playtime":917,"items_purged":["Strike_G","Strike_G"],"score":818,"play_id":"d99ac0e7-b1c6-413c-977e-7b8885300569","local_time":"20201213193113","is_ascension_mode":true,"campfire_choices":[{"data":"Quick Slash","floor":6.0,"key":"SMITH"},{"data":"Dagger Spray","floor":8.0,"key":"SMITH"},{"data":"Infinite Blades","floor":12.0,"key":"SMITH"},{"data":"Prepared","floor":15.0,"key":"SMITH"},{"data":"Well Laid Plans","floor":23.0,"key":"SMITH"},{"data":"Eviscerate","floor":25.0,"key":"SMITH"},{"data":"1","floor":27.0,"key":"LIFT"},{"data":"2","floor":32.0,"key":"LIFT"}],"circlet_count":0,"master_deck":["AscendersBane","Strike_G+1","Strike_G","Strike_G+1","Defend_G","Defend_G","Defend_G","Defend_G","Defend_G","Survivor","Neutralize+1","Prepared+1","Acrobatics","Quick Slash+1","Dagger Spray+1","Infinite Blades+1","Eviscerate+1","Blade Dance","Corpse Explosion","Crippling Poison+1","Acrobatics","Well Laid Plans+1","Acrobatics+1","Backflip"],"relics":["Ring of the Snake","Whetstone","Ninja Scroll","Gambling Chip","Torii","Busted Crown","Centennial Puzzle","Girya","FossilizedHelix","Bottled Tornado","Red Mask","Black Star"],"acts_visited":["Exordium","TheCity","TheBeyond"],"potions_floor_usage":[33,33],"damage_taken":[{"damage":4.0,"enemies":"2 Louse","floor":1.0,"turns":2.0},{"damage":0.0,"enemies":"Small Slimes","floor":3.0,"turns":3.0},{"damage":0.0,"enemies":"Cultist","floor":5.0,"turns":3.0},{"damage":0.0,"enemies":"Lots of Slimes","floor":10.0,"turns":1.0},{"damage":17.0,"enemies":"3 Sentries","floor":13.0,"turns":6.0},{"damage":0.0,"enemies":"Exordium Thugs","floor":14.0,"turns":2.0},{"damage":1.0,"enemies":"Slime Boss","floor":16.0,"turns":6.0},{"damage":1.0,"enemies":"Spheric Guardian","floor":18.0,"turns":3.0},{"damage":0.0,"enemies":"2 Thieves","floor":20.0,"turns":1.0},{"damage":1.0,"enemies":"Snecko","floor":21.0,"turns":4.0},{"damage":18.0,"enemies":"Shelled Parasite and Fungi","floor":22.0,"turns":3.0},{"damage":0.0,"enemies":"Slavers","floor":24.0,"turns":1.0},{"damage":0.0,"enemies":"Cultist and Chosen","floor":28.0,"turns":3.0},{"damage":0.0,"enemies":"Colosseum Slavers","floor":29.0,"turns":1.0},{"damage":1.0,"enemies":"Colosseum Nobs","floor":29.0,"turns":2.0},{"damage":0.0,"enemies":"3 Cultists","floor":30.0,"turns":1.0},{"damage":0.0,"enemies":"Masked Bandits","floor":31.0,"turns":1.0},{"damage":30,"enemies":"Collector","floor":33,"turns":6},{"damage":0,"enemies":"3 Darklings","floor":35,"turns":1},{"damage":0,"enemies":"3 Shapes","floor":36,"turns":1}],"seed_played":"9069085504265600882","potions_obtained":[{"floor":1.0,"key":"CultistPotion"},{"floor":13.0,"key":"Fruit Juice"},{"floor":20.0,"key":"Ancient Potion"},{"floor":22.0,"key":"Ancient Potion"},{"floor":31.0,"key":"LiquidMemories"},{"floor":33,"key":"SpeedPotion"},{"floor":35,"key":"ColorlessPotion"}],"is_trial":false,"path_per_floor":["M","?","M","?","M","R","$","R","T","M","$","R","E","M","R","B",null,"M","$","M","M","M","R","E","R","T","R","M","?","M","?","R","B",null,"M","M"],"character_chosen":"THE_SILENT","items_purchased":["Dagger Spray"],"campfire_rested":0,"item_purchase_floors":[7],"current_hp_per_floor":[55,37,37,37,37,37,37,37,37,37,37,37,20,20,20,19,54,53,53,53,52,34,34,34,34,34,34,34,33,33,33,33,8,55,55,55,55],"gold":371,"neow_bonus":"RANDOM_COMMON_RELIC","is_daily":false,"chose_seed":false,"campfire_upgraded":6,"win_rate":0.0,"timestamp":1607855473,"path_taken":["M","?","M","?","?","R","$","R","T","?","?","R","E","M","R","BOSS","M","$","M","M","M","R","E","R","T","R","M","?","M","?","R","BOSS","M","M"],"items_purchased_type":["Card"],"build_version":"2020-11-30","purchased_purges":2,"victory":false,"max_hp_per_floor":[66,66,66,66,66,66,66,66,66,66,66,66,66,66,66,66,66,66,66,66,66,66,66,66,66,66,66,66,66,66,66,66,71,71,71,71,71],"card_choices":[{"not_picked":["Catalyst","Underhanded Strike"],"picked":"Prepared","floor":1.0},{"not_picked":["Outmaneuver","Bane"],"picked":"Acrobatics","floor":3.0},{"not_picked":["Dagger Spray","Backflip"],"picked":"Quick Slash","floor":5.0},{"not_picked":["Cloak And Dagger","Prepared"],"picked":"Infinite Blades","floor":10.0},{"not_picked":["Cloak And Dagger","Corpse Explosion"],"picked":"Eviscerate","floor":13.0},{"not_picked":["Deadly Poison","Terror"],"picked":"Blade Dance","floor":14.0},{"not_picked":["Tools of the Trade","Wraith Form v2"],"picked":"Corpse Explosion","floor":16.0},{"not_picked":["Riddle With Holes"],"picked":"SKIP","floor":18.0},{"not_picked":[],"picked":"Crippling Poison+1","floor":20.0},{"not_picked":[],"picked":"Acrobatics","floor":21.0},{"not_picked":[],"picked":"Well Laid Plans","floor":22.0},{"not_picked":["Expertise"],"picked":"SKIP","floor":24.0},{"not_picked":[],"picked":"Acrobatics+1","floor":28.0},{"not_picked":["Endless Agony"],"picked":"SKIP","floor":30.0},{"not_picked":[],"picked":"Backflip","floor":35}],"player_experience":468100,"relics_obtained":[{"floor":9.0,"key":"Gambling Chip"},{"floor":13.0,"key":"Torii"},{"floor":24.0,"key":"Centennial Puzzle"},{"floor":26.0,"key":"Girya"},{"floor":29.0,"key":"FossilizedHelix"},{"floor":29.0,"key":"Bottled Tornado"},{"floor":31.0,"key":"Red Mask"}],"event_choices":[{"damage_healed":0.0,"max_hp_gain":0.0,"max_hp_loss":0.0,"gold_gain":0.0,"event_name":"Scrap Ooze","player_choice":"Success","floor":2.0,"gold_loss":0.0,"damage_taken":18.0,"relics_obtained":["Ninja Scroll"]},{"damage_healed":0.0,"max_hp_gain":0.0,"max_hp_loss":0.0,"gold_gain":0.0,"event_name":"Accursed Blacksmith","player_choice":"Forge","floor":4.0,"gold_loss":0.0,"damage_taken":0.0,"cards_upgraded":["Neutralize"]},{"damage_healed":0.0,"max_hp_gain":0.0,"max_hp_loss":0.0,"gold_gain":0.0,"event_name":"Colosseum","player_choice":"Fight","floor":29.0,"gold_loss":0.0,"damage_taken":0.0},{"damage_healed":0.0,"max_hp_gain":0.0,"max_hp_loss":0.0,"gold_gain":0.0,"event_name":"Colosseum","player_choice":"Fought Nobs","floor":29.0,"gold_loss":0.0,"damage_taken":0.0},{"damage_healed":0.0,"max_hp_gain":0.0,"max_hp_loss":0.0,"gold_gain":0.0,"event_name":"Masked Bandits","player_choice":"Fought Bandits","floor":31.0,"gold_loss":0.0,"damage_taken":0.0}],"is_beta":false,"boss_relics":[{"not_picked":["Coffee Dripper","Ring of the Serpent"],"picked":"Busted Crown"},{"not_picked":["Cursed Key","Calling Bell"],"picked":"Black Star"}],"items_purged_floors":[7,19],"is_endless":false,"potions_floor_spawned":[1,13,14,20,21,22,24,29,31,33,35],"killed_by":"3 Shapes","ascension_level":20}}