{"host":"uceopoba4zvqsgiy","time":1607889528,"event":{"mods":["Act Like it!","BaseMod","Better Skull","Better Third Choice","Elementarium","GifTheSpireLib","Hermit","Humility","Infinite Spire","Jorbs\u0027s Wanderer Trilogy","Marked Mod","Minty Spire (QoL Compilation)","Potionbrewer","Replay The Spire","Robot Space Explorer","Shade Mod","Spicy Shops","StSLib","Stuff the Spire","The Blue Laboratory","The Cursed","The Dragon Tamer","The Hierophant","The Judge","The Jungle","Wandering Minibosses"],"gold_per_floor":[114,124,124,299,99,99,128,128,153,163,198,217,167,167,167,167,167,167,167],"floor_reached":18,"playtime":803,"items_purged":[],"score":186,"play_id":"5d4fdad5-e7de-4f50-a1a9-d43b29faa0ea","local_time":"20201214062848","is_ascension_mode":true,"campfire_choices":[{"data":"Shade:SoulPierce","floor":6,"key":"SMITH"},{"floor":17,"key":"REST"}],"circlet_count":0,"master_deck":["Shade:Strike_Shade","Shade:Strike_Shade","Shade:Strike_Shade","Shade:Strike_Shade","Shade:Defend_Shade","Shade:Defend_Shade","Shade:Defend_Shade","Shade:Defend_Shade","Shade:AnimateDead","Shade:CarefulCut","Shade:Bite_Shade","Shade:FreshBones","Shade:SoulPierce+1","Shade:Bite_Shade","Shade:SkeletonHug","Shade:Awaken+1","Shade:FingerOfDeath"],"relics":["hermit:Momento","NeowsBlessing","Toxic Egg 2","potionbrewer:ToyAutogyro","Dream Catcher","betterThird:SlimedRelic","infinitespire:Cubic Diamond"],"acts_visited":["Exordium"],"potions_floor_usage":[11,11,11],"damage_taken":[{"damage":0,"enemies":"Small Slimes","floor":1,"turns":1},{"damage":0,"enemies":"Jaw Worm","floor":2,"turns":1},{"damage":0,"enemies":"3 Sentries","floor":7,"turns":2},{"damage":0,"enemies":"Cultist","floor":10,"turns":3},{"damage":20,"enemies":"Lagavulin","floor":11,"turns":5},{"damage":24,"enemies":"3 Louse","floor":12,"turns":4},{"damage":50,"enemies":"Fading Forest","floor":18,"turns":7}],"seed_played":"7844406194573151679","potions_obtained":[{"floor":1,"key":"Elixir"},{"floor":2,"key":"Elixir"},{"floor":10,"key":"Energy Potion"}],"is_trial":false,"path_per_floor":["M","M","?","?","$","R","E","?","T","M","E","M","?","PTL","PTL","?","R","B"],"character_chosen":"SHADE","items_purchased":["Shade:SoulPierce","Shade:Bite_Shade"],"campfire_rested":1,"item_purchase_floors":[5,5],"current_hp_per_floor":[59,59,59,59,59,59,61,61,61,65,47,29,18,18,18,18,37,0,0],"gold":167,"neow_bonus":"THREE_ENEMY_KILL","is_daily":false,"chose_seed":false,"campfire_upgraded":1,"win_rate":0.0,"timestamp":1607889528,"path_taken":["M","M","?","?","$","R","E","?","T","M","E","?","?","PTL","PTL","?","R","BOSS"],"items_purchased_type":["Card","Card"],"build_version":"2020-11-30","purchased_purges":0,"victory":false,"max_hp_per_floor":[65,65,65,65,65,65,65,65,65,65,65,65,65,65,65,65,65,65,65],"card_choices":[{"not_picked":["Shade:FeralStrike","Shade:SpontaneousRitual"],"picked":"Shade:Bite_Shade","floor":1},{"not_picked":["Shade:ExtraLimbs","Shade:FleshToFlesh"],"picked":"Shade:FreshBones","floor":2},{"not_picked":["Shade:CoffinDance","Shade:GreyBargain+1","Shade:AncientSpear"],"picked":"SKIP","floor":7},{"not_picked":["Shade:Consume","Shade:FingerOfDeath"],"picked":"Shade:SkeletonHug","floor":10},{"not_picked":["Shade:AncientSpear","Shade:FingerOfDeath"],"picked":"Shade:Awaken+1","floor":11},{"not_picked":["Shade:GraveStillness+1","Shade:AblativeArmor+1","Shade:ExtraLimbs"],"picked":"SKIP","floor":12},{"not_picked":["Shade:Trample","Shade:Brains+1"],"picked":"Shade:FingerOfDeath","floor":17}],"player_experience":1514379,"relics_obtained":[{"floor":7,"key":"Toxic Egg 2"},{"floor":9,"key":"potionbrewer:ToyAutogyro"},{"floor":11,"key":"Dream Catcher"}],"event_choices":[{"damage_healed":0,"gold_gain":0,"player_choice":"Ignored","damage_taken":0,"max_hp_gain":0,"max_hp_loss":0,"event_name":"Golden Wing","floor":3,"gold_loss":0},{"damage_healed":0,"gold_gain":175,"player_choice":"AGREE","damage_taken":124,"max_hp_gain":0,"max_hp_loss":0,"event_name":"betterThird:BetterSerpent","floor":4,"gold_loss":0},{"cards_removed":["Doubt"],"damage_healed":0,"gold_gain":0,"player_choice":"Purged","damage_taken":0,"max_hp_gain":0,"max_hp_loss":0,"event_name":"Purifier","floor":8,"gold_loss":0},{"damage_healed":0,"gold_gain":0,"player_choice":"Slimed","damage_taken":11,"max_hp_gain":0,"max_hp_loss":0,"event_name":"betterThird:BetterGoop","floor":13,"gold_loss":50}],"is_beta":false,"boss_relics":[],"items_purged_floors":[],"is_endless":false,"potions_floor_spawned":[1,2,10],"killed_by":"Fading Forest","ascension_level":6}}