{"host":"6z6y4ky8uzsz1dpj","time":1607820413,"event":{"mods":["2.2 Compatiblity","BaseMod","BetterRewards","Challenge The Spire","Colored Map","Hubris","Minty Spire (QoL Compilation)","Quick Restart","Replay The Spire","StSLib","The Construct","The Cursed","The Hierophant","The Necromancer","The Poker Player","The Servant 0.9.4"],"gold_per_floor":[109,0,18,29,29,56,56,75,123,153,168,178,198,229,229,326,326,338,338,356,134,150,175,175,207,207,234,234,251,270,270,270,369,369,388,182,200,50,64,93,108,108,108,118,151,0,0,19,19,19],"floor_reached":51,"playtime":1777,"items_purged":["Strike_G","Strike_G","Strike_G","Strike_G"],"score":1158,"play_id":"2013f743-01d0-44ae-bdc5-5876de6b5ce1","local_time":"20201212194653","is_ascension_mode":true,"campfire_choices":[{"data":"ReplayTheSpireMod:Scrap Shanks","floor":7,"key":"SMITH"},{"data":"Storm of Steel","floor":24,"key":"SMITH"},{"data":"Blade Dance","floor":32,"key":"SMITH"},{"data":"Storm of Steel","floor":42,"key":"SMITH"},{"data":"ReplayTheSpireMod:Scrap Shanks","floor":49,"key":"SMITH"}],"circlet_count":0,"master_deck":["Strike_G","Defend_G","Defend_G+1","Defend_G","Defend_G","Defend_G","Survivor+1","Neutralize","ReplayTheSpireMod:Scrap Shanks+1","Underhanded Strike","Dagger Throw+1","Infinite Blades","Eviscerate","Dagger Throw","Blade Dance+1","Prepared+1","Escape Plan","Cloak And Dagger","Storm of Steel+1","hubris:Sniper+1","Prepared+1","Prepared+1","hubris:Insight+1","Blade Dance+1","Storm of Steel+1","Prepared+1","ReplayTheSpireMod:Scrap Shanks+1","Tools of the Trade"],"relics":["Ring of the Snake","hubris:CuriousFeather","Tough Bandages","War Paint","ReplayFunnel","Bird Faced Urn","WristBlade","Replay:Bottled Eggs","Shuriken","Bottled Tornado","TungstenRod","Molten Egg 2","Painkiller Herb","hubris:DeckOfHolding","construct:BoolHorns","Ginger","Red Mask","hubris:MysteriousPyramids"],"acts_visited":["Exordium","TheCity","TheBeyond"],"potions_floor_usage":[10,14],"damage_taken":[{"damage":1.0,"enemies":"Cultist","floor":1.0,"turns":3.0},{"damage":0.0,"enemies":"2 Louse","floor":3.0,"turns":2.0},{"damage":0,"enemies":"Jaw Worm","floor":4,"turns":2},{"damage":16,"enemies":"Gremlin Nob","floor":6,"turns":3},{"damage":8,"enemies":"Exordium Thugs","floor":8,"turns":3},{"damage":14,"enemies":"Lagavulin","floor":10,"turns":4},{"damage":0,"enemies":"Blue Slaver","floor":11,"turns":2},{"damage":7,"enemies":"2 Fungi Beasts","floor":12,"turns":2},{"damage":7,"enemies":"Lots of Slimes","floor":13,"turns":3},{"damage":1,"enemies":"3 Sentries","floor":14,"turns":5},{"damage":19,"enemies":"The Guardian","floor":16,"turns":10},{"damage":11,"enemies":"2 Thieves","floor":18,"turns":3},{"damage":0,"enemies":"Shell Parasite","floor":20,"turns":2},{"damage":7,"enemies":"Shelled Parasite and Fungi","floor":22,"turns":3},{"damage":0,"enemies":"Gremlin Leader","floor":23,"turns":3},{"damage":0,"enemies":"Replay:Snechameleon","floor":25,"turns":2},{"damage":0,"enemies":"Gremlin Leader","floor":27,"turns":2},{"damage":0,"enemies":"Cultist and Chosen","floor":29,"turns":2},{"damage":2,"enemies":"Chosen and Byrds","floor":30,"turns":2},{"damage":1,"enemies":"Pondfish","floor":33,"turns":3},{"damage":0,"enemies":"Orb Walker","floor":35,"turns":1},{"damage":0,"enemies":"3 Darklings","floor":37,"turns":2},{"damage":14,"enemies":"4 Shapes","floor":39,"turns":2},{"damage":0,"enemies":"R_Hoarder","floor":40,"turns":4},{"damage":0,"enemies":"Sphere and 2 Shapes","floor":41,"turns":2},{"damage":0,"enemies":"3 Darklings","floor":44,"turns":2},{"damage":0,"enemies":"Giant Head","floor":45,"turns":3},{"damage":0,"enemies":"Jaw Worm Horde","floor":48,"turns":1},{"damage":10,"enemies":"Replay:Hell Engine","floor":50,"turns":3}],"seed_played":"-8259697773360221140","potions_obtained":[{"floor":1.0,"key":"Milkshake"},{"floor":4,"key":"Poison Potion"},{"floor":5,"key":"GamblersBrew"},{"floor":5,"key":"Milkshake"},{"floor":14,"key":"CunningPotion"},{"floor":22,"key":"Reflective Coating"},{"floor":25,"key":"Block Potion"},{"floor":35,"key":"Block Potion"}],"is_trial":false,"path_per_floor":["M","$","M","M","?","E","R","M","T","E","M","M","M","E","R_BF","B",null,"M","?","M","$","M","E","R","E","T","E","?","M","M","T","R","B",null,"?","T","?","T","?","E","?","T","T","?","E","?","?","?","T","B",null],"character_chosen":"THE_SILENT","items_purchased":["ReplayTheSpireMod:Scrap Shanks","Underhanded Strike","Infinite Blades","Eviscerate","Prepared","hubris:Insight","ReplayTheSpireMod:Scrap Shanks"],"campfire_rested":0,"item_purchase_floors":[0,0,2,2,21,21,36],"current_hp_per_floor":[62,62,62,62,62,46,46,38,38,24,24,17,10,9,30,15,56,49,49,51,51,46,48,48,50,50,54,54,56,56,56,56,57,67,69,69,70,70,56,64,68,68,68,70,70,70,70,70,70,60],"gold":19,"neow_bonus":"","is_daily":false,"chose_seed":false,"campfire_upgraded":5,"win_rate":0.0,"timestamp":1607820413,"path_taken":["M","?","M","M","?","E","R","M","T","E","?","M","M","E","R_BF","BOSS","M","?","M","$","M","E","R","E","T","E","?","M","?","?","R","BOSS","?","T","?","T","?","E","?","T","T","?","E","?","?","?","T","BOSS"],"items_purchased_type":["Card","Card","Card","Card","Card","Card","Card"],"build_version":"2020-11-30","purchased_purges":4,"victory":true,"max_hp_per_floor":[70,70,70,70,70,70,70,70,70,70,70,70,70,70,70,70,70,70,70,70,70,70,70,70,70,70,70,70,70,70,70,70,70,70,70,70,70,70,70,70,70,70,70,70,70,70,70,70,70,70],"card_choices":[{"not_picked":["Distraction","hubris:SlightOfHand"],"picked":"Dagger Throw","floor":1.0},{"not_picked":["Blur","Cloak And Dagger"],"picked":"Dagger Throw","floor":3.0},{"not_picked":["hubris:SlightOfHand","Flying Knee"],"picked":"Blade Dance","floor":4},{"not_picked":["Underhanded Strike","Dodge and Roll","Replay:Poison Smokescreen"],"picked":"SKIP","floor":6},{"not_picked":["Outmaneuver","Deflect","Footwork"],"picked":"SKIP","floor":8},{"not_picked":["Eviscerate","Distraction","Malaise"],"picked":"SKIP","floor":10},{"not_picked":["Dagger Throw","Deadly Poison","Backstab"],"picked":"SKIP","floor":11},{"not_picked":["Underhanded Strike","Poisoned Stab"],"picked":"Prepared","floor":12},{"not_picked":["Dagger Spray","Well Laid Plans"],"picked":"Escape Plan","floor":13},{"not_picked":["Tactician","Bane"],"picked":"Cloak And Dagger","floor":14},{"not_picked":["Envenom","Replay:Bag of Tricks"],"picked":"Storm of Steel","floor":16},{"not_picked":["Slice","Sucker Punch+1"],"picked":"hubris:Sniper+1","floor":18},{"not_picked":["Dagger Spray","Flying Knee","Backflip"],"picked":"SKIP","floor":20},{"not_picked":["PiercingWail","Dagger Throw+1","Fluid Movement+1"],"picked":"SKIP","floor":22},{"not_picked":["Blur","ReplayTheSpireMod:The Works","Backflip"],"picked":"SKIP","floor":23},{"not_picked":["Blur","ReplayTheSpireMod:The Works","Backflip"],"picked":"SKIP","floor":23},{"not_picked":["Poisoned Stab+1","PiercingWail","Flying Knee"],"picked":"SKIP","floor":25},{"not_picked":["Dodge and Roll","Quick Slash"],"picked":"Blade Dance+1","floor":27},{"not_picked":["After Image","Quick Slash","Expertise"],"picked":"SKIP","floor":29},{"not_picked":["Bane","Deflect","Outmaneuver"],"picked":"SKIP","floor":30},{"not_picked":["Phantasmal Killer","ReplayTheSpireMod:From All Sides+1"],"picked":"Storm of Steel","floor":33},{"not_picked":["Dagger Spray+1","hubris:TrickCloak"],"picked":"Prepared","floor":35},{"not_picked":["Sneak Up","Endless Agony+1","Blade Dance+1"],"picked":"SKIP","floor":37},{"not_picked":["Distraction","Dash+1","hubris:SlightOfHand"],"picked":"SKIP","floor":39},{"not_picked":["Sneak Up","Caltrops+1"],"picked":"Tools of the Trade","floor":40},{"not_picked":["Terror","hubris:Counter+1","Cloak And Dagger"],"picked":"SKIP","floor":41},{"not_picked":["All Out Attack+1","Acrobatics","Backstab+1"],"picked":"SKIP","floor":44},{"not_picked":["Deflect","Terror","ReplayTheSpireMod:The Works"],"picked":"SKIP","floor":45},{"not_picked":["Cloak And Dagger","Deadly Poison+1","Flying Knee+1"],"picked":"SKIP","floor":48}],"player_experience":181657,"relics_obtained":[{"floor":6,"key":"Tough Bandages"},{"floor":9,"key":"War Paint"},{"floor":10,"key":"ReplayFunnel"},{"floor":14,"key":"Bird Faced Urn"},{"floor":23,"key":"Replay:Bottled Eggs"},{"floor":25,"key":"Shuriken"},{"floor":26,"key":"Bottled Tornado"},{"floor":27,"key":"TungstenRod"},{"floor":31,"key":"Molten Egg 2"},{"floor":40,"key":"hubris:DeckOfHolding"},{"floor":43,"key":"construct:BoolHorns"},{"floor":45,"key":"Ginger"}],"event_choices":[{"damage_healed":0,"gold_gain":0,"player_choice":"Got Potions","damage_taken":0,"max_hp_gain":0,"max_hp_loss":0,"event_name":"Lab","floor":5,"gold_loss":0},{"damage_healed":0,"gold_gain":0,"player_choice":"Ignored","damage_taken":0,"max_hp_gain":0,"max_hp_loss":0,"event_name":"Cursed Tome","floor":19,"gold_loss":0},{"damage_healed":0,"gold_gain":0,"player_choice":"Upgraded","damage_taken":0,"max_hp_gain":0,"max_hp_loss":0,"event_name":"Upgrade Shrine","floor":28,"gold_loss":0,"cards_upgraded":["hubris:Insight"]},{"damage_healed":0,"gold_gain":0,"player_choice":"Paid","damage_taken":0,"relics_obtained":["Red Mask"],"max_hp_gain":0,"max_hp_loss":0,"event_name":"Tomb of Lord Red Mask","floor":46,"gold_loss":151},{"damage_healed":0,"gold_gain":0,"player_choice":"Gave Potion","damage_taken":0,"relics_obtained":["hubris:MysteriousPyramids"],"max_hp_gain":0,"max_hp_loss":0,"event_name":"WeMeetAgain","floor":47,"gold_loss":0}],"is_beta":false,"boss_relics":[{"not_picked":["Honey Jar","SlaversCollar"],"picked":"WristBlade"},{"not_picked":["Kintsugi","Velvet Choker"],"picked":"Painkiller Herb"}],"items_purged_floors":[0,21,36,38],"is_endless":false,"potions_floor_spawned":[1,4,14,22,25,33,35,39,44,45],"ascension_level":5}}