{"host":"vd5put2n5b3t1prw","time":1607837381,"event":{"mods":["2.2 Compatiblity","AchievementEnabler","BaseMod","Better Altar","Better Match","Better Note","Better Sensory Stone","Better Silent Start","Better Skull","Better Third Choice","Better Vampires","Better-Laid Plans","BetterRewards","Block Reminder","Card Forge","Colored Map","Custom Start","Downfall","Emptier Cage","Minty Spire (QoL Compilation)","Quick Restart","Random Character Button","Relic Stats","Reorder Act Four","Spicy Shops","StSLib","Transform Curses","Waifu the Spire"],"gold_per_floor":[121,143,143,143,143,170,216,216,216,216,49,67,81,123,48,147,147,173,281,331,381,431,492,492,516,545,595,612,243,311,343,268,377,377,394,444,494,544,603,707,758,771,302,227,277,300,300,317,317,317,317,348,348,133,133],"floor_reached":56,"playtime":5789,"items_purged":["hexamod:EmpoweredFlame+1","hexamod:HauntingEcho+1"],"score":1511,"play_id":"4d55b7ee-b5a0-46f2-9fcb-cd841e996072","local_time":"20201212232941","is_ascension_mode":true,"campfire_choices":[{"floor":5.0,"key":"RECALL"},{"data":"hexamod:PhantomCloak","floor":10.0,"key":"SMITH"},{"floor":15.0,"key":"REST"},{"floor":32.0,"key":"REST"},{"floor":44.0,"key":"REST"},{"floor":47.0,"key":"REST"},{"floor":49.0,"key":"REST"},{"floor":53,"key":"REST"}],"circlet_count":0,"master_deck":["hexamod:Defend+1","hexamod:Defend+1","hexamod:Defend+1","hexamod:Defend+1","hexamod:VolcanoVisage+1","hexamod:StepThrough+1","hexamod:VolcanoVisage+1","hexamod:StepThrough+1","hexamod:StepThrough+1","hexamod:VolcanoVisage+1","hexamod:StepThrough+1","hexamod:SoulSteal+1","hexamod:ShieldOfDarkness+1","hexamod:PhantomCloak+1","hexamod:StepThrough+1","hexamod:GhostShield+1","hexamod:ThirdSeal","hexamod:Hexaguard+1","hexamod:HauntingEcho+1","hexamod:SixthSeal","hexamod:VolcanoVisage+1","hexamod:SpectersWail+1","hexamod:FlamesFromBeyond+1","hexamod:FirstSeal","hexamod:HexaLevel+1","Amplify+1","Storm+1","Storm+1","hexamod:FirstSeal","hexamod:SoulSteal+1","hexamod:FirstSeal","hexamod:FlamesFromBeyond+1","hexamod:ShieldOfDarkness+1","hexamod:Hexaguard+1","hexamod:SpectersWail+1","hexamod:TimeOfNeed+1","hexamod:GiftsFromTheDead+1","expansioncontent:ManipulateTime","expansioncontent:AwakenDeath","AscendersBane","expansioncontent:DefensiveMode+1","Storm+1","hexamod:Hexaguard+1","Master of Strategy","hexamod:NightmareGuise+1","expansioncontent:Corrupt"],"relics":["hexamod:SpiritBrand","Hammer of Thor","Seething Fire","Anvil of the Gods","Happy Flower","hexamod:TheBrokenSeal","Boot","Orichalcum","Membership Card","Bronze Scales","downfall:HeartBlessingRed","Fusion Hammer","downfall:CloakOfManyFaces","CultistMask","FaceOfCleric","NlothsMask","GremlinMask","SsserpentHead","Bottled Tornado","Dream Catcher","Lee\u0027s Waffle","Bottled Flame","Anchor","HandDrill","Pear","Gambling Chip","downfall:HeartBlessingGreen","SlaversCollar","Art of War","DollysMirror","Pantograph","TungstenRod","Torii","Bag of Preparation","Frozen Eye","downfall:HeartBlessingBlue","Ancient Tea Set","Vajra","Dead Branch","hexamod:InflammatoryLetter","hexamod:TheBrokenSeal"],"acts_visited":["Exordium","TheCity","TheBeyond","TheEnding"],"potions_floor_usage":[],"damage_taken":[{"damage":15.0,"enemies":"Cultist","floor":1.0,"turns":5.0},{"damage":4.0,"enemies":"2 Louse","floor":2.0,"turns":3.0},{"damage":5.0,"enemies":"Jaw Worm","floor":3.0,"turns":3.0},{"damage":9.0,"enemies":"Blue Slaver","floor":6.0,"turns":4.0},{"damage":16.0,"enemies":"Exordium Wildlife","floor":9.0,"turns":4.0},{"damage":0.0,"enemies":"downfall:FleeingMerchant","floor":11.0,"turns":4.0},{"damage":0.0,"enemies":"2 Fungi Beasts","floor":12.0,"turns":2.0},{"damage":15.0,"enemies":"Lots of Slimes","floor":13.0,"turns":5.0},{"damage":3.0,"enemies":"3 Sentries","floor":14.0,"turns":5.0},{"damage":29.0,"enemies":"downfall:Watcher","floor":16.0,"turns":7.0},{"damage":0.0,"enemies":"Spheric Guardian","floor":18.0,"turns":3.0},{"damage":0.0,"enemies":"downfall:FaceTrader","floor":19.0,"turns":4.0},{"damage":0.0,"enemies":"Chosen","floor":23.0,"turns":3.0},{"damage":4.0,"enemies":"Sentry and Sphere","floor":25.0,"turns":3.0},{"damage":27.0,"enemies":"Slavers","floor":26.0,"turns":4.0},{"damage":5.0,"enemies":"Snecko","floor":28.0,"turns":3.0},{"damage":9.0,"enemies":"downfall:FleeingMerchant","floor":29.0,"turns":4.0},{"damage":3.0,"enemies":"Chosen and Byrds","floor":30.0,"turns":3.0},{"damage":19.0,"enemies":"Book of Stabbing","floor":31.0,"turns":3.0},{"damage":12.0,"enemies":"downfall:Defect","floor":33.0,"turns":5.0},{"damage":0.0,"enemies":"Orb Walker","floor":35.0,"turns":2.0},{"damage":0.0,"enemies":"downfall:FleeingMerchant","floor":39.0,"turns":3.0},{"damage":53.0,"enemies":"2 Orb Walkers","floor":40.0,"turns":4.0},{"damage":0.0,"enemies":"3 Shapes","floor":42.0,"turns":4.0},{"damage":7.0,"enemies":"Sphere and 2 Shapes","floor":46.0,"turns":3.0},{"damage":5.0,"enemies":"Spire Growth","floor":48.0,"turns":2.0},{"damage":46.0,"enemies":"downfall:Silent","floor":50.0,"turns":4.0},{"damage":15.0,"enemies":"downfall:CharBossMerchant","floor":52.0,"turns":6.0},{"damage":0,"enemies":"downfall:NeowBoss","floor":55,"turns":13}],"seed_played":"-5846205805965078496","potions_obtained":[{"floor":1.0,"key":"Swift Potion"},{"floor":2.0,"key":"PowerPotion"},{"floor":13.0,"key":"FearPotion"},{"floor":19.0,"key":"Weak Potion"},{"floor":23.0,"key":"SkillPotion"},{"floor":25.0,"key":"Explosive Potion"},{"floor":26.0,"key":"Explosive Potion"},{"floor":30.0,"key":"AttackPotion"},{"floor":31.0,"key":"Fruit Juice"},{"floor":33.0,"key":"AttackPotion"},{"floor":42.0,"key":"FearPotion"},{"floor":46.0,"key":"DistilledChaos"},{"floor":52,"key":"EssenceOfSteel"}],"is_trial":false,"path_per_floor":["M","M","M","?","R","M","T","?","M","R","$","M","M","E","R","B",null,"M","?","T","?","?","M","T","M","E","?","M","$","M","E","R","B",null,"M","?","?","?","$","?","T","M","$","R","T","M","R","M","R","B",null,"E","R","$","B",null],"character_chosen":"THE_SPIRIT","items_purchased":["Membership Card","Lee\u0027s Waffle","Bottled Flame","Anchor","HandDrill","Pear","Art of War","DollysMirror","Pantograph","Torii","Bag of Preparation","Frozen Eye","Master of Strategy","Dead Branch","hexamod:InflammatoryLetter","expansioncontent:Corrupt"],"campfire_rested":6,"item_purchase_floors":[11,29,29,29,29,29,39,39,39,43,43,43,43,54,54,54],"current_hp_per_floor":[80,80,80,80,80,78,78,78,69,69,69,69,54,58,80,51,80,80,80,80,80,80,81,81,82,56,56,52,102,103,104,104,110,110,111,101,101,101,112,60,60,75,75,122,122,116,125,126,126,95,127,128,128,128,139],"gold":133,"neow_bonus":"RANDOM_COMMON_RELIC","is_daily":false,"chose_seed":false,"campfire_upgraded":1,"win_rate":0.0,"timestamp":1607837381,"path_taken":["M","M","M","?","R","M","T","?","M","R","$","M","M","E","R","BOSS","M","?","?","?","?","?","T","M","E","?","M","?","?","E","R","BOSS","M","?","?","?","$","?","T","M","$","R","?","M","R","M","R","BOSS","E","R","$","BOSS"],"items_purchased_type":["Relic","Relic","Relic","Relic","Relic","Relic","Relic","Relic","Relic","Relic","Relic","Relic","Card","Relic","Relic","Card"],"build_version":"2020-11-30","purchased_purges":2,"victory":true,"max_hp_per_floor":[80,80,80,80,80,80,80,80,80,80,80,80,80,80,80,80,80,80,80,80,80,80,81,81,82,83,83,84,102,103,104,104,110,110,111,111,111,111,112,113,113,114,114,124,124,125,125,126,126,127,127,128,128,128,139],"relic_stats":{"Lee\u0027s Waffle":34,"Happy Flower":[39],"Torii":3,"counters":[19,69],"Dead Branch":[43],"Bag of Preparation":[10],"Orichalcum":[102],"Boot":[1],"SsserpentHead":600,"Dream Catcher":6,"FaceOfCleric":17,"Bronze Scales":[188],"Gambling Chip":[18],"Pantograph":0,"HandDrill":[24],"Art of War":[18],"obtain_stats":[{"Torii":43,"Vajra":52,"downfall:HeartBlessingGreen":15,"GremlinMask":0,"Hammer of Thor":0,"Bag of Preparation":43,"Bottled Tornado":0,"sneckomod:SneckoSoul":0,"Ancient Tea Set":45,"Boot":0,"Old Coin":7,"Frozen Eye":43,"SsserpentHead":0,"Dream Catcher":8,"FaceOfCleric":0,"DollysMirror":39,"downfall:HeartBlessingBlue":44,"Pantograph":39,"Gambling Chip":0,"Fusion Hammer":0,"downfall:CloakOfManyFaces":0,"HandDrill":0,"Kunai":14,"hexamod:SpiritBrand":0,"Lee\u0027s Waffle":0,"Pear":0,"Happy Flower":0,"downfall:HeartBlessingRed":0,"Dead Branch":54,"hexamod:TheBrokenSeal":0,"downfall:HeartsMalice":0,"hexamod:InflammatoryLetter":54,"Seething Fire":0,"Orichalcum":0,"SlaversCollar":0,"Bottled Flame":0,"Anchor":0,"Anvil of the Gods":0,"Bronze Scales":0,"CultistMask":0,"Art of War":39,"Membership Card":0,"TungstenRod":40,"NlothsMask":0},{"Torii":14,"Vajra":18,"downfall:HeartBlessingGreen":10,"GremlinMask":0,"Hammer of Thor":0,"Bag of Preparation":14,"Bottled Tornado":0,"sneckomod:SneckoSoul":0,"Ancient Tea Set":14,"Boot":0,"Old Coin":4,"Frozen Eye":14,"SsserpentHead":0,"Dream Catcher":5,"FaceOfCleric":0,"DollysMirror":12,"downfall:HeartBlessingBlue":14,"Pantograph":12,"Gambling Chip":0,"Fusion Hammer":0,"downfall:CloakOfManyFaces":0,"HandDrill":0,"Kunai":10,"hexamod:SpiritBrand":0,"Lee\u0027s Waffle":0,"Pear":0,"Happy Flower":0,"downfall:HeartBlessingRed":0,"Dead Branch":18,"hexamod:TheBrokenSeal":0,"downfall:HeartsMalice":0,"hexamod:InflammatoryLetter":18,"Seething Fire":0,"Orichalcum":0,"SlaversCollar":0,"Bottled Flame":0,"Anchor":0,"Anvil of the Gods":0,"Bronze Scales":0,"CultistMask":0,"Art of War":12,"Membership Card":0,"TungstenRod":13,"NlothsMask":0},{"Torii":41,"Vajra":56,"downfall:HeartBlessingGreen":26,"GremlinMask":0,"Hammer of Thor":0,"Bag of Preparation":41,"Bottled Tornado":0,"sneckomod:SneckoSoul":0,"Ancient Tea Set":41,"Boot":0,"Old Coin":7,"Frozen Eye":41,"SsserpentHead":0,"Dream Catcher":12,"FaceOfCleric":0,"DollysMirror":33,"downfall:HeartBlessingBlue":41,"Pantograph":33,"Gambling Chip":0,"Fusion Hammer":0,"downfall:CloakOfManyFaces":0,"HandDrill":0,"Kunai":26,"hexamod:SpiritBrand":0,"Lee\u0027s Waffle":0,"Pear":0,"Happy Flower":0,"downfall:HeartBlessingRed":0,"Dead Branch":56,"hexamod:TheBrokenSeal":0,"downfall:HeartsMalice":0,"hexamod:InflammatoryLetter":56,"Seething Fire":0,"Orichalcum":0,"SlaversCollar":0,"Bottled Flame":0,"Anchor":0,"Anvil of the Gods":0,"Bronze Scales":0,"CultistMask":0,"Art of War":33,"Membership Card":0,"TungstenRod":37,"NlothsMask":0}],"TungstenRod":9},"card_choices":[{"not_picked":["hexamod:Firestarter","hexamod:BurningTouch"],"picked":"hexamod:HauntingEcho","floor":1.0},{"not_picked":["hexamod:ThermalTransfer","hexamod:HauntingEcho"],"picked":"hexamod:SoulSteal","floor":1.0},{"not_picked":["hexamod:BurningTouch","hexamod:AdvancingGuard","hexamod:NightmareStrike"],"picked":"SKIP","floor":2.0},{"not_picked":["hexamod:NightmareStrike","hexamod:Firestarter"],"picked":"hexamod:ShieldOfDarkness","floor":3.0},{"not_picked":["hexamod:SpectersWail","hexamod:Again"],"picked":"hexamod:PhantomCloak","floor":3.0},{"not_picked":["hexamod:RainOfEmbers","hexamod:InspiringFlames"],"picked":"hexamod:StepThrough","floor":6.0},{"not_picked":["hexamod:Firestarter","hexamod:ShieldOfDarkness"],"picked":"hexamod:GhostShield","floor":6.0},{"not_picked":["hexamod:GhostOfSpirePast","hexamod:Hexaguard"],"picked":"hexamod:FifthSeal","floor":9.0},{"not_picked":["hexamod:InspiringFlames","hexamod:NightmareStrike"],"picked":"hexamod:ThirdSeal","floor":9.0},{"not_picked":["hexamod:GhostOfSpirePresent","hexamod:BacktrackSmack"],"picked":"hexamod:Hexaguard","floor":11.0},{"not_picked":["hexamod:PowerFromBeyond","hexamod:DynamicBlow","hexamod:PhantomCloak"],"picked":"SKIP","floor":11.0},{"not_picked":["hexamod:GhostLash","hexamod:SpectersWail","hexamod:RainOfEmbers"],"picked":"SKIP","floor":11.0},{"not_picked":["hexamod:GhostOfSpirePast","hexamod:GhostLash"],"picked":"hexamod:HauntingEcho","floor":12.0},{"not_picked":["hexamod:SecondSeal","hexamod:ThirdSeal"],"picked":"hexamod:SixthSeal","floor":13.0},{"not_picked":["hexamod:InspiringFlames","hexamod:DynamicBlow"],"picked":"hexamod:VolcanoVisage","floor":13.0},{"not_picked":["hexamod:GhostLash","hexamod:FastForward"],"picked":"hexamod:SpectersWail","floor":13.0},{"not_picked":["hexamod:GhostOfSpirePast","hexamod:BurningTouch"],"picked":"hexamod:FlamesFromBeyond","floor":14.0},{"not_picked":["hexamod:HeatMetal","hexamod:BacktrackSmack","hexamod:PhantomFireball"],"picked":"SKIP","floor":14.0},{"not_picked":["hexamod:GhostShield","hexamod:PhantomCloak","hexamod:SwordOfDarkness"],"picked":"SKIP","floor":14.0},{"not_picked":["hexamod:SixthSeal","hexamod:FifthSeal"],"picked":"hexamod:FirstSeal","floor":16.0},{"not_picked":["hexamod:UnleashSpirits","hexamod:SearingWound"],"picked":"hexamod:HexaLevel","floor":16.0},{"not_picked":["hexamod:SpectralAdrenaline","hexamod:SpectersWail"],"picked":"hexamod:FourthSeal","floor":18.0},{"not_picked":["hexamod:NightmareStrike+1","hexamod:GhostOfSpirePresent","hexamod:BacktrackSmack+1"],"picked":"SKIP","floor":18.0},{"not_picked":["hexamod:AdvancingGuard","hexamod:NightmareStrike"],"picked":"hexamod:TurnItUp","floor":19.0},{"not_picked":["hexamod:FourthSeal","hexamod:ThirdSeal"],"picked":"hexamod:FirstSeal","floor":23.0},{"not_picked":["hexamod:SpectralAdrenaline","hexamod:Incineration","hexamod:GhostOfSpirePast"],"picked":"SKIP","floor":23.0},{"not_picked":["hexamod:SpectersWail","hexamod:FastForward","hexamod:CatchUp"],"picked":"SKIP","floor":23.0},{"not_picked":["hexamod:GhostOfSpireFuture+1","hexamod:NecessarySacrifice+1","hexamod:SpectersWail+1"],"picked":"SKIP","floor":25.0},{"not_picked":["hexamod:InspiringFlames","hexamod:ShieldOfDarkness","hexamod:HeatMetal"],"picked":"SKIP","floor":25.0},{"not_picked":["hexamod:HeatMetal","hexamod:ThermalTransfer"],"picked":"hexamod:SoulSteal","floor":26.0},{"not_picked":["hexamod:NecessarySacrifice","hexamod:FastForward+1","hexamod:HauntingEcho"],"picked":"SKIP","floor":26.0},{"not_picked":["hexamod:ThirdSeal","hexamod:SecondSeal"],"picked":"hexamod:FirstSeal","floor":28.0},{"not_picked":["hexamod:RainOfEmbers","hexamod:BurningTouch+1"],"picked":"hexamod:FlamesFromBeyond","floor":28.0},{"not_picked":["hexamod:GhostLash","hexamod:FastForward"],"picked":"hexamod:ShieldOfDarkness+1","floor":29.0},{"not_picked":["hexamod:ChargedBarrage","hexamod:GhostflameBarrier","hexamod:DynamicBlow+1"],"picked":"SKIP","floor":29.0},{"not_picked":["hexamod:InspiringFlames","hexamod:GhostLash+1","hexamod:TurnItUp"],"picked":"SKIP","floor":29.0},{"not_picked":["hexamod:SoulSteal","hexamod:HauntingEcho"],"picked":"hexamod:Hexaguard","floor":30.0},{"not_picked":["hexamod:CatchUp","hexamod:HauntingEcho","hexamod:ThermalTransfer"],"picked":"SKIP","floor":31.0},{"not_picked":["hexamod:Firestarter","hexamod:GhostShield"],"picked":"hexamod:SpectersWail+1","floor":32.0},{"not_picked":["hexamod:GhostflameInferno","hexamod:TurnItUp"],"picked":"hexamod:TimeOfNeed","floor":33.0},{"not_picked":["hexamod:ParanormalForm","hexamod:CrushingStance"],"picked":"hexamod:GiftsFromTheDead","floor":33.0},{"not_picked":["hexamod:BacktrackSmack+1","hexamod:ThirdSeal","hexamod:FastForward+1"],"picked":"SKIP","floor":35.0},{"not_picked":["expansioncontent:LastStand","expansioncontent:PolyBeam"],"picked":"expansioncontent:ManipulateTime","floor":36.0},{"not_picked":["expansioncontent:CaCaw","expansioncontent:PrepareCrush"],"picked":"expansioncontent:AwakenDeath","floor":36.0},{"not_picked":["hexamod:FlamesFromBeyond+1","hexamod:BacktrackSmack+1","hexamod:HauntingEcho+1"],"picked":"SKIP","floor":39.0},{"not_picked":["hexamod:SkipABeat","hexamod:Firestarter+1"],"picked":"hexamod:EmpoweredFlame+1","floor":40.0},{"not_picked":["hexamod:NightmareGuise+1","hexamod:HeatShield+1"],"picked":"hexamod:Hexaguard+1","floor":42.0},{"not_picked":["hexamod:BacktrackSmack+1","hexamod:GhostShield","hexamod:CatchUp+1"],"picked":"SKIP","floor":42.0},{"not_picked":["hexamod:SwordOfDarkness","hexamod:PowerFromBeyond+1","hexamod:GhostLash+1"],"picked":"SKIP","floor":42.0},{"not_picked":["hexamod:EtherealExpedition","hexamod:HeatMetal"],"picked":"hexamod:NightmareGuise+1","floor":46.0},{"not_picked":["hexamod:FifthSeal","hexamod:SecondSeal","hexamod:ThirdSeal"],"picked":"SKIP","floor":46.0},{"not_picked":["hexamod:SkipABeat","hexamod:NightmareGuise","hexamod:Firestarter"],"picked":"SKIP","floor":48.0},{"not_picked":["hexamod:BurningTouch","hexamod:Firestarter+1","hexamod:GhostOfSpirePast+1"],"picked":"SKIP","floor":52}],"player_experience":193212,"relics_obtained":[{"floor":7.0,"key":"Orichalcum"},{"floor":14.0,"key":"Bronze Scales"},{"floor":19.0,"key":"downfall:CloakOfManyFaces"},{"floor":24.0,"key":"Bottled Tornado"},{"floor":26.0,"key":"Dream Catcher"},{"floor":31.0,"key":"Gambling Chip"},{"floor":40.0,"key":"TungstenRod"},{"floor":45.0,"key":"Ancient Tea Set"},{"floor":52,"key":"Vajra"}],"event_choices":[{"damage_healed":0.0,"max_hp_gain":0.0,"max_hp_loss":0.0,"gold_gain":0.0,"event_name":"Big Fish","player_choice":"Box","floor":4.0,"gold_loss":0.0,"damage_taken":0.0,"relics_obtained":["Boot"],"cards_obtained":["Regret"]},{"cards_removed":["Regret"],"damage_healed":0.0,"max_hp_gain":0.0,"max_hp_loss":0.0,"gold_gain":0.0,"event_name":"The Cleric","player_choice":"Card Removal","floor":8.0,"gold_loss":0.0,"damage_taken":0.0},{"cards_removed":["hexamod:SixthSeal"],"damage_healed":0.0,"max_hp_gain":0.0,"max_hp_loss":0.0,"gold_gain":0.0,"event_name":"betterNote:BetterNote","player_choice":"Give","floor":21.0,"gold_loss":0.0,"damage_taken":0.0,"cards_obtained":["None"]},{"cards_removed":["hexamod:TurnItUp"],"damage_healed":0.0,"max_hp_gain":0.0,"max_hp_loss":0.0,"gold_gain":0.0,"event_name":"betterThird:BetterWriting","player_choice":"Elegance","floor":22.0,"gold_loss":0.0,"damage_taken":0.0},{"damage_healed":0.0,"max_hp_gain":0.0,"max_hp_loss":0.0,"gold_gain":3.0,"event_name":"betterStone:BetterStone","player_choice":"3","floor":37.0,"gold_loss":0.0,"damage_taken":0.0,"cards_obtained":["expansioncontent:DefensiveMode"]},{"damage_healed":0.0,"max_hp_gain":0.0,"max_hp_loss":0.0,"gold_gain":0.0,"event_name":"Mysterious Sphere","player_choice":"Fight","floor":40.0,"gold_loss":0.0,"damage_taken":0.0}],"is_beta":false,"boss_relics":[{"not_picked":["Snecko Eye","Busted Crown"],"picked":"Fusion Hammer"},{"not_picked":["Empty Cage","Coffee Dripper"],"picked":"SlaversCollar"}],"items_purged_floors":[43,43],"is_endless":false,"potions_floor_spawned":[1,2,13,25,30,31,33,42,46,48],"ascension_level":1}}