{"host":"2461dio7vetlq1z3","time":1607895064,"event":{"mods":["AchievementEnabler","Aspiration","BaseMod","Hermit","Lobotomy","Minty Spire (QoL Compilation)","Relic Stats","Spicy Shops","StSLib","Waifu the Spire"],"gold_per_floor":[118,118,138,158,158,158,183,195,195,228,246,264,289,42,42,113,113,132,57,73,86,99,99,112,112,184,201,201,234,36,63,63,134,134,148,160,160,176,176,176,208,221,221,239,239,239,239],"floor_reached":46,"playtime":3151,"items_purged":["Strike_B","Strike_B","Riddle With Holes"],"score":943,"play_id":"f8c1ac52-d727-4a97-830d-55a06fdd79d4","local_time":"20201213223104","is_ascension_mode":true,"campfire_choices":[{"data":"Malaise","floor":6,"key":"SMITH"},{"data":"Defragment","floor":15,"key":"SMITH"},{"floor":23,"key":"REST"},{"floor":25,"key":"REST"},{"floor":28,"key":"REST"},{"floor":32,"key":"REST"},{"data":"Echo Form","floor":40,"key":"SMITH"},{"floor":45,"key":"RECALL"}],"circlet_count":0,"master_deck":["AscendersBane","Defend_B","Defend_B","Zap","Dualcast","Redo","Predator","Malaise+1","Gash","BootSequence","Glacier","All For One","Self Repair","Steam","Defragment+1","Echo Form+1","White Noise+1","Skim","Skim+1","Static Discharge","Fusion","Recycle+1","Creative AI","Skim","Parasite","Hologram+1","aspiration:Polymerization","Cold Snap+1"],"relics":["Cracked Core","aspiration:DSix","Ornamental Fan","Art of War","Torii","Girya","Inserter","DataDisk","Toy Ornithopter","Dream Catcher","Runic Dome","Oddly Smooth Stone"],"acts_visited":["Exordium","TheCity","TheBeyond"],"potions_floor_usage":[29,33,44,46],"damage_taken":[{"damage":1,"enemies":"Cultist","floor":1,"turns":4},{"damage":8,"enemies":"Jaw Worm","floor":3,"turns":2},{"damage":7,"enemies":"2 Louse","floor":4,"turns":2},{"damage":13,"enemies":"Lagavulin","floor":7,"turns":8},{"damage":0,"enemies":"Exordium Wildlife","floor":8,"turns":5},{"damage":10,"enemies":"3 Sentries","floor":10,"turns":9},{"damage":0,"enemies":"Blue Slaver","floor":11,"turns":5},{"damage":6,"enemies":"Exordium Thugs","floor":12,"turns":5},{"damage":21,"enemies":"Gremlin Nob","floor":13,"turns":6},{"damage":1,"enemies":"The Guardian","floor":16,"turns":19},{"damage":12,"enemies":"Chosen","floor":18,"turns":8},{"damage":9,"enemies":"2 Thieves","floor":20,"turns":5},{"damage":32,"enemies":"Snake Plant","floor":21,"turns":6},{"damage":42,"enemies":"Sentry and Sphere","floor":22,"turns":10},{"damage":35,"enemies":"3 Cultists","floor":24,"turns":8},{"damage":21,"enemies":"Shelled Parasite and Fungi","floor":27,"turns":7},{"damage":1,"enemies":"Book of Stabbing","floor":29,"turns":7},{"damage":44,"enemies":"Slavers","floor":31,"turns":6},{"damage":9,"enemies":"Champ","floor":33,"turns":13},{"damage":49,"enemies":"3 Darklings","floor":35,"turns":6},{"damage":10,"enemies":"3 Shapes","floor":36,"turns":7},{"damage":2,"enemies":"Writhing Mass","floor":38,"turns":7},{"damage":7,"enemies":"Giant Head","floor":41,"turns":11},{"damage":0,"enemies":"3 Darklings","floor":42,"turns":10},{"damage":39,"enemies":"Spire Growth","floor":44,"turns":8},{"damage":65,"enemies":"Reptomancer","floor":46,"turns":2}],"seed_played":"1536136619740676157","potions_obtained":[{"floor":3,"key":"SkillPotion"},{"floor":4,"key":"Strength Potion"},{"floor":11,"key":"PowerPotion"},{"floor":24,"key":"PowerPotion"},{"floor":29,"key":"Dexterity Potion"},{"floor":31,"key":"DuplicationPotion"},{"floor":35,"key":"Block Potion"}],"is_trial":false,"path_per_floor":["M","?","M","M","T","R","E","M","T","E","M","M","E","$","R","B",null,"M","?","M","M","M","R","M","R","T","M","R","E","$","E","R","B",null,"M","M","?","M","?","R","E","M","T","M","R","E"],"character_chosen":"DEFECT","items_purchased":["Defragment","Fusion"],"campfire_rested":4,"item_purchase_floors":[14,30],"current_hp_per_floor":[63,63,55,48,48,48,35,35,35,25,25,26,12,12,12,18,58,60,60,65,47,19,40,12,33,33,19,40,53,53,9,30,40,63,28,32,32,44,44,44,44,58,58,38,38,0,0],"gold":239,"neow_bonus":"DSIX","is_daily":false,"chose_seed":false,"campfire_upgraded":3,"win_rate":0.0,"timestamp":1607895064,"path_taken":["M","?","M","M","?","R","E","M","T","E","M","?","E","$","R","BOSS","M","?","M","M","M","R","M","R","T","M","R","E","$","E","R","BOSS","M","M","?","M","?","R","E","M","T","?","R","E"],"items_purchased_type":["Card","Card"],"build_version":"2020-11-30","purchased_purges":3,"victory":false,"max_hp_per_floor":[71,71,71,71,71,71,71,71,71,71,71,71,71,71,71,71,71,71,71,71,71,71,71,71,71,71,71,71,71,71,71,71,71,71,71,71,67,67,67,67,67,67,67,67,67,67,67],"relic_stats":{"Dream Catcher":1,"Inserter":[60],"Torii":35,"counters":[26,186],"Ornamental Fan":[76],"Art of War":[68],"obtain_stats":[{"Girya":13,"Runic Dome":34,"DataDisk":26,"Dream Catcher":31,"Inserter":17,"Torii":10,"Ornamental Fan":7,"Oddly Smooth Stone":41,"Art of War":9,"Cracked Core":0,"aspiration:DSix":0,"Toy Ornithopter":29},{"Girya":9,"Runic Dome":19,"DataDisk":15,"Dream Catcher":18,"Inserter":10,"Torii":6,"Ornamental Fan":4,"Oddly Smooth Stone":23,"Art of War":5,"Cracked Core":0,"aspiration:DSix":0,"Toy Ornithopter":17},{"Girya":46,"Runic Dome":135,"DataDisk":102,"Dream Catcher":122,"Inserter":65,"Torii":30,"Ornamental Fan":16,"Oddly Smooth Stone":166,"Art of War":21,"Cracked Core":0,"aspiration:DSix":0,"Toy Ornithopter":116}],"Toy Ornithopter":15},"card_choices":[{"not_picked":["Beam Cell","Steam"],"picked":"Redo","floor":1},{"not_picked":["Tempest","aspiration:Polymerization"],"picked":"Gash","floor":3},{"not_picked":["Go for the Eyes","Barrage"],"picked":"BootSequence","floor":4},{"not_picked":["Streamline","Multi-Cast"],"picked":"Glacier","floor":7},{"not_picked":["Conserve Battery","Go for the Eyes","Barrage"],"picked":"SKIP","floor":8},{"not_picked":["Barrage","Stack"],"picked":"All For One","floor":10},{"not_picked":["Steam Power","Coolheaded"],"picked":"Self Repair","floor":11},{"not_picked":["Sweeping Beam","Redo"],"picked":"Steam","floor":12},{"not_picked":["Storm","Auto Shields","Streamline"],"picked":"SKIP","floor":13},{"not_picked":["Seek","Multi-Cast"],"picked":"Echo Form","floor":16},{"not_picked":["Cold Snap","Beam Cell","BootSequence"],"picked":"SKIP","floor":18},{"not_picked":["Barrage","Leap"],"picked":"White Noise+1","floor":20},{"not_picked":["Chill","Turbo+1","Compile Driver"],"picked":"SKIP","floor":21},{"not_picked":["FTL","Sweeping Beam","Reprogram+1"],"picked":"SKIP","floor":22},{"not_picked":["Rainbow","FTL"],"picked":"Skim","floor":24},{"not_picked":["Streamline","Leap"],"picked":"Skim+1","floor":27},{"not_picked":["Core Surge","Barrage"],"picked":"Static Discharge","floor":29},{"not_picked":["Turbo+1","Streamline"],"picked":"Recycle+1","floor":31},{"not_picked":["Fission","Rainbow"],"picked":"Creative AI","floor":33},{"not_picked":["Hello World","Recycle"],"picked":"Skim","floor":35},{"not_picked":["Redo","FTL","Stack+1"],"picked":"SKIP","floor":36},{"not_picked":["Conserve Battery","Ball Lightning+1"],"picked":"Hologram+1","floor":38},{"not_picked":["Cold Snap","Stack","Compile Driver"],"picked":"SKIP","floor":41},{"not_picked":["Hologram","Streamline","Compile Driver"],"picked":"SKIP","floor":42},{"not_picked":["Redo","Go for the Eyes+1","Cold Snap+1"],"picked":"SKIP","floor":44},{"not_picked":["Redo","Go for the Eyes+1"],"picked":"Cold Snap+1","floor":44}],"player_experience":697785,"relics_obtained":[{"floor":7,"key":"Ornamental Fan"},{"floor":9,"key":"Art of War"},{"floor":10,"key":"Torii"},{"floor":13,"key":"Girya"},{"floor":26,"key":"DataDisk"},{"floor":29,"key":"Toy Ornithopter"},{"floor":31,"key":"Dream Catcher"},{"floor":41,"key":"Oddly Smooth Stone"}],"event_choices":[{"cards_removed":["Defend_B"],"damage_healed":0,"gold_gain":0,"player_choice":"Gave Gold","damage_taken":0,"max_hp_gain":0,"max_hp_loss":0,"event_name":"Beggar","floor":19,"gold_loss":75},{"damage_healed":0,"gold_gain":0,"player_choice":"Max HP","damage_taken":0,"max_hp_gain":0,"max_hp_loss":4,"event_name":"Winding Halls","floor":37,"gold_loss":0},{"damage_healed":0,"gold_gain":0,"player_choice":"1 cards matched","damage_taken":0,"max_hp_gain":0,"max_hp_loss":0,"event_name":"Match and Keep!","floor":39,"gold_loss":0,"cards_obtained":["aspiration:Polymerization"]}],"is_beta":false,"boss_relics":[{"not_picked":["Coffee Dripper","FrozenCore"],"picked":"Inserter"},{"not_picked":["aspiration:BursterCore","SlaversCollar"],"picked":"Runic Dome"}],"items_purged_floors":[14,14,30],"is_endless":false,"potions_floor_spawned":[3,4,8,11,21,24,29,31,35,38],"killed_by":"Reptomancer","ascension_level":15}}