{"host":"yk98keyoflza93y0","time":1607882907,"event":{"mods":["AchievementEnabler","BaseMod","BetterRewards","Card Forge","Colored Map","DeckTracker","Minty Spire (QoL Compilation)","Shop Mod","StSLib","SuperFastMode","The Poker Player"],"gold_per_floor":[119,135,135,135,35,35,67,86,86,99,126,144,172,188,188,289,289,300,80,80,80,91,116,116,149,203,203,232,248,163,178,178,276,276,294,294,294,71,88,88,113,113,187,222,222,222,251,263,263,263],"floor_reached":51,"playtime":1656,"items_purged":["PokerPlayerMod:Diamond1","PokerPlayerMod:Diamond2","PokerPlayerMod:Diamond3"],"score":1375,"play_id":"1701018c-688a-4837-861a-a8645961a5c9","local_time":"20201214030827","is_ascension_mode":true,"metric_token":734,"campfire_choices":[{"floor":15,"key":"DIG"},{"floor":24,"key":"DIG"},{"floor":27,"key":"DIG"},{"floor":32,"key":"DIG"},{"floor":40,"key":"DIG"},{"floor":42,"key":"DIG"},{"floor":45,"key":"DIG"},{"floor":49,"key":"DIG"}],"circlet_count":0,"master_deck":["PokerPlayerMod:Diamond4","PokerPlayerMod:Diamond5","PokerPlayerMod:Spade3","PokerPlayerMod:Spade4","PokerPlayerMod:TrumpStrike+1","PokerPlayerMod:BadJoker+1","PokerPlayerMod:Mulligan+1","PokerPlayerMod:Club10+","PokerPlayerMod:CardPrinter+7","PokerPlayerMod:Club10+","PokerPlayerMod:CardBurn+1","PokerPlayerMod:FlyingCard+1","PokerPlayerMod:Diamond10+","PokerPlayerMod:Spade9","PokerPlayerMod:Heart10+","Finesse+1","PokerPlayerMod:Diamond10+","PokerPlayerMod:Duplicate+1"],"relics":["PokerPlayerMod:DeckCase","Hammer of Thor","Seething Fire","Anvil of the Gods","Shovel","Orrery","OrangePellets","Thread and Needle","Bird Faced Urn","DollysMirror","Pen Nib","Pear","PokerPlayerMod:BottledPoker","StrikeDummy","White Beast Statue","Empty Cage","Lantern","Boot","Toy Ornithopter","Akabeko","Bronze Scales","PreservedInsect","Bottled Lightning","MealTicket","Pantograph","SacredBark","TheAbacus","Nunchaku","Dream Catcher","PokerPlayerMod:Splitter","Mercury Hourglass","Meat on the Bone","Orichalcum","Ornamental Fan","FossilizedHelix"],"acts_visited":["Exordium","TheCity","TheBeyond"],"potions_floor_usage":[23,23,33,33,50],"damage_taken":[{"damage":0,"enemies":"Cultist","floor":1,"turns":1},{"damage":0,"enemies":"Small Slimes","floor":2,"turns":1},{"damage":0,"enemies":"Gremlin Nob","floor":7,"turns":3},{"damage":3,"enemies":"Jaw Worm","floor":8,"turns":2},{"damage":6,"enemies":"Blue Slaver","floor":10,"turns":3},{"damage":0,"enemies":"3 Sentries","floor":11,"turns":3},{"damage":0,"enemies":"Looter","floor":12,"turns":2},{"damage":1,"enemies":"Lagavulin","floor":13,"turns":5},{"damage":0,"enemies":"Exordium Thugs","floor":14,"turns":2},{"damage":34,"enemies":"Hexaghost","floor":16,"turns":5},{"damage":0,"enemies":"3 Byrds","floor":18,"turns":2},{"damage":2,"enemies":"2 Thieves","floor":22,"turns":2},{"damage":17,"enemies":"Slavers","floor":23,"turns":3},{"damage":9,"enemies":"Book of Stabbing","floor":25,"turns":3},{"damage":0,"enemies":"Slavers","floor":28,"turns":1},{"damage":0,"enemies":"Sentry and Sphere","floor":29,"turns":2},{"damage":0,"enemies":"Snake Plant","floor":31,"turns":1},{"damage":0,"enemies":"Collector","floor":33,"turns":4},{"damage":0,"enemies":"3 Darklings","floor":35,"turns":1},{"damage":0,"enemies":"3 Shapes","floor":39,"turns":1},{"damage":26,"enemies":"Nemesis","floor":41,"turns":3},{"damage":1,"enemies":"Giant Head","floor":44,"turns":4},{"damage":35,"enemies":"Nemesis","floor":47,"turns":3},{"damage":6,"enemies":"Writhing Mass","floor":48,"turns":3},{"damage":0,"enemies":"Donu and Deca","floor":50,"turns":3}],"seed_played":"-8287174255853153150","potions_obtained":[{"floor":1,"key":"Fire Potion"},{"floor":7,"key":"SmokeBomb"},{"floor":12,"key":"Fire Potion"},{"floor":23,"key":"Ancient Potion"},{"floor":25,"key":"Fire Potion"},{"floor":28,"key":"Block Potion"},{"floor":29,"key":"Energy Potion"},{"floor":33,"key":"AttackPotion"},{"floor":35,"key":"AttackPotion"},{"floor":41,"key":"Energy Potion"}],"is_trial":false,"path_per_floor":["M","M","?","?","$","T","E","M","T","M","E","M","E","M","R","B",null,"M","$","?","T","M","E","R","E","T","R","E","M","?","M","R","B",null,"M","?","?","$","M","R","E","R","T","E","R","?","E","M","R","B",null],"character_chosen":"THE_POKER_PLAYER","items_purchased":["PokerPlayerMod:Club10+","Orrery","OrangePellets","Bird Faced Urn","DollysMirror","PokerPlayerMod:Spade7","TheAbacus","PokerPlayerMod:Diamond10+"],"campfire_rested":0,"item_purchase_floors":[0,0,0,0,0,19,38,38],"current_hp_per_floor":[52,52,52,57,57,57,57,56,66,63,67,67,67,67,67,33,67,67,67,67,67,67,62,62,58,58,58,67,67,67,67,67,67,67,67,67,57,67,67,67,45,45,45,58,58,63,44,65,65,67],"gold":263,"neow_bonus":"","is_daily":false,"chose_seed":false,"campfire_upgraded":0,"win_rate":0.0,"timestamp":1607882907,"path_taken":["M","M","?","?","?","?","E","M","T","M","E","M","E","M","R","BOSS","M","$","?","?","M","E","R","E","T","R","E","M","?","M","R","BOSS","M","?","?","$","M","R","E","R","T","E","R","?","E","?","R","BOSS"],"items_purchased_type":["Undefined","Relic","Relic","Relic","Relic","Card","Relic","Undefined"],"build_version":"2020-11-30","purchased_purges":3,"victory":true,"max_hp_per_floor":[52,52,52,57,57,57,57,57,67,67,67,67,67,67,67,67,67,67,67,67,67,67,67,67,67,67,67,67,67,67,67,67,67,67,67,67,67,67,67,67,67,67,67,67,67,67,67,67,67,67],"card_choices":[{"not_picked":["PokerPlayerMod:FillThePot","PokerPlayerMod:Club1"],"picked":"PokerPlayerMod:CardPrinter","floor":0},{"not_picked":["PokerPlayerMod:Heart1","PokerPlayerMod:Diamond2","PokerPlayerMod:Raise"],"picked":"SKIP","floor":1},{"not_picked":["PokerPlayerMod:Diamond3","PokerPlayerMod:SecondChance","PokerPlayerMod:Diamond2"],"picked":"SKIP","floor":2},{"not_picked":["PokerPlayerMod:Configure","PokerPlayerMod:Club2","PokerPlayerMod:ClubShade"],"picked":"SKIP","floor":7},{"not_picked":["PokerPlayerMod:Spade5","PokerPlayerMod:Spade1","PokerPlayerMod:Diamond1"],"picked":"SKIP","floor":8},{"not_picked":["PokerPlayerMod:Spade5","PokerPlayerMod:Spade1"],"picked":"PokerPlayerMod:CardBurn","floor":10},{"not_picked":["PokerPlayerMod:Club5","PokerPlayerMod:SpadeStrike","PokerPlayerMod:Configure"],"picked":"SKIP","floor":11},{"not_picked":["PokerPlayerMod:Spade4","PokerPlayerMod:Configure"],"picked":"PokerPlayerMod:FlyingCard","floor":12},{"not_picked":["PokerPlayerMod:MagicTrick","PokerPlayerMod:Diamond6","PokerPlayerMod:Raise"],"picked":"SKIP","floor":13},{"not_picked":["PokerPlayerMod:Configure","PokerPlayerMod:ClubsClub","PokerPlayerMod:Spade1"],"picked":"SKIP","floor":14},{"not_picked":["PokerPlayerMod:Diamond9","PokerPlayerMod:Diamond8"],"picked":"PokerPlayerMod:Diamond10+","floor":16},{"not_picked":["PokerPlayerMod:Diamond2","PokerPlayerMod:CardBurn","PokerPlayerMod:CardPrinter+1"],"picked":"SKIP","floor":18},{"not_picked":["PokerPlayerMod:DartThrow","PokerPlayerMod:Club3","PokerPlayerMod:Spade5"],"picked":"SKIP","floor":22},{"not_picked":["PokerPlayerMod:CardBurn","PokerPlayerMod:Fold","PokerPlayerMod:Spade2"],"picked":"SKIP","floor":23},{"not_picked":["PokerPlayerMod:MagicTrick+1","PokerPlayerMod:Heart4","PokerPlayerMod:Club5"],"picked":"SKIP","floor":25},{"not_picked":["PokerPlayerMod:Club3","PokerPlayerMod:Club2","PokerPlayerMod:Trickery"],"picked":"SKIP","floor":28},{"not_picked":["PokerPlayerMod:JackOfSpades+1","PokerPlayerMod:Club1","PokerPlayerMod:Club5"],"picked":"SKIP","floor":29},{"not_picked":["PokerPlayerMod:FlyingCard","PokerPlayerMod:Club4","PokerPlayerMod:Diamond3"],"picked":"SKIP","floor":31},{"not_picked":["PokerPlayerMod:SpadeStrike+1","PokerPlayerMod:Diamond3"],"picked":"PokerPlayerMod:Raise+1","floor":35},{"not_picked":["PanicButton","Bandage Up"],"picked":"Finesse","floor":37},{"not_picked":["PokerPlayerMod:DiamondStrike+1","PokerPlayerMod:ClubsClub+1","PokerPlayerMod:DamnStraight+1"],"picked":"SKIP","floor":39},{"not_picked":["PokerPlayerMod:Diamond1","PokerPlayerMod:CardBurn+1"],"picked":"PokerPlayerMod:Duplicate","floor":41},{"not_picked":["PokerPlayerMod:Heart1","PokerPlayerMod:ClubDance","PokerPlayerMod:HotShotCut+1"],"picked":"SKIP","floor":44},{"not_picked":["PokerPlayerMod:ClubsClub","PokerPlayerMod:Diamond3","PokerPlayerMod:Spade4"],"picked":"SKIP","floor":47},{"not_picked":["PokerPlayerMod:Heart1","PokerPlayerMod:Spade1","PokerPlayerMod:FillThePot+1"],"picked":"SKIP","floor":48}],"player_experience":1467525,"relics_obtained":[{"floor":7,"key":"Pen Nib"},{"floor":9,"key":"Pear"},{"floor":11,"key":"PokerPlayerMod:BottledPoker"},{"floor":13,"key":"StrikeDummy"},{"floor":15,"key":"White Beast Statue"},{"floor":21,"key":"Lantern"},{"floor":23,"key":"Boot"},{"floor":24,"key":"Toy Ornithopter"},{"floor":25,"key":"Akabeko"},{"floor":26,"key":"Bronze Scales"},{"floor":27,"key":"PreservedInsect"},{"floor":28,"key":"Bottled Lightning"},{"floor":32,"key":"Pantograph"},{"floor":40,"key":"Nunchaku"},{"floor":41,"key":"Dream Catcher"},{"floor":42,"key":"PokerPlayerMod:Splitter"},{"floor":43,"key":"Mercury Hourglass"},{"floor":44,"key":"Meat on the Bone"},{"floor":45,"key":"Orichalcum"},{"floor":47,"key":"Ornamental Fan"},{"floor":49,"key":"FossilizedHelix"}],"event_choices":[{"cards_removed":["PokerPlayerMod:Club1"],"damage_healed":0,"gold_gain":0,"player_choice":"Trade","damage_taken":0,"max_hp_gain":0,"max_hp_loss":0,"event_name":"PokerPlayerMod:ExordiumClub","floor":3,"gold_loss":0,"cards_obtained":["PokerPlayerMod:Club2"]},{"damage_healed":0,"gold_gain":0,"player_choice":"Donut","damage_taken":0,"max_hp_gain":5,"max_hp_loss":0,"event_name":"Big Fish","floor":4,"gold_loss":0},{"damage_healed":0,"gold_gain":0,"player_choice":"Read","damage_taken":0,"max_hp_gain":0,"max_hp_loss":0,"event_name":"The Library","floor":20,"gold_loss":0,"cards_obtained":["PokerPlayerMod:Heart10"]},{"damage_healed":0,"gold_gain":0,"player_choice":"Obtained Relic","damage_taken":0,"relics_obtained":["MealTicket"],"max_hp_gain":0,"max_hp_loss":0,"event_name":"Addict","floor":30,"gold_loss":85},{"cards_removed":["PokerPlayerMod:Raise"],"damage_healed":0,"gold_gain":0,"player_choice":"Removed Skill","damage_taken":0,"max_hp_gain":0,"max_hp_loss":0,"event_name":"Falling","floor":36,"gold_loss":0},{"damage_healed":0,"gold_gain":0,"player_choice":"Memory 3","damage_taken":10,"max_hp_gain":0,"max_hp_loss":0,"event_name":"SensoryStone","floor":37,"gold_loss":0},{"cards_removed":["PokerPlayerMod:Heart2"],"damage_healed":5,"gold_gain":0,"player_choice":"Offered Special","damage_taken":0,"max_hp_gain":0,"max_hp_loss":0,"event_name":"Bonfire Elementals","floor":46,"gold_loss":0}],"is_beta":false,"boss_relics":[{"not_picked":["Astrolabe","Cursed Key"],"picked":"Empty Cage"},{"not_picked":["Busted Crown","Tiny House"],"picked":"SacredBark"}],"items_purged_floors":[0,5,19],"is_endless":false,"potions_floor_spawned":[1,7,12,13,16,18,22,23,25,28,29,31,33,35,39,41,44,47,48],"ascension_level":2}}