{"host":"i4eavuqabbk5mi94","time":1607817843,"event":{"mods":["BaseMod","Googly Eyes","Minty Spire (QoL Compilation)"],"gold_per_floor":[118,134,134,153,171,200,200,231,231,241,241,241,255,272,272,377,377,396,128,116,16,32,32,66,66,66,84,84,115,115,149,149,246,246,262,275,118,131,6,6,6],"floor_reached":40,"playtime":21522,"items_purged":["Pain","Strike_G","Strike_G"],"score":559,"play_id":"1373f488-d4e6-4cd1-a772-7523e945e958","local_time":"20201213000403","is_ascension_mode":true,"campfire_choices":[{"floor":7,"key":"REST"},{"floor":15,"key":"REST"},{"floor":23,"key":"REST"},{"floor":25,"key":"REST"},{"floor":28,"key":"REST"},{"floor":30,"key":"REST"},{"floor":32,"key":"REST"}],"circlet_count":0,"master_deck":["Strike_G","Strike_G+1","Defend_G","Defend_G","Defend_G","Survivor","Neutralize","Deadly Poison","Blur","Finisher","Outmaneuver","Deadly Poison","Terror","Bouncing Flask","Dagger Throw+1","Cloak And Dagger","Bullet Time","Backflip+1","Poisoned Stab","Bouncing Flask","Prepared","Venomology","Catalyst+1","Dash","Bane","Envenom","Tactician+1","Footwork","Expertise+1","Tactician+1"],"relics":["Ring of the Snake","Pocketwatch","WarpedTongs","Strawberry","Gremlin Horn","StoneCalendar","Black Star","Bronze Scales","Shovel","WingedGreaves","Toxic Egg 2","Whetstone","Boot","Blood Vial","Du-Vu Doll","Empty Cage"],"acts_visited":["Exordium","TheCity","TheBeyond"],"potions_floor_usage":[6,14,20,27,29,31,33,33,35,36,36,38,40],"damage_taken":[{"damage":0,"enemies":"Cultist","floor":1,"turns":3},{"damage":0,"enemies":"Jaw Worm","floor":2,"turns":5},{"damage":7,"enemies":"Small Slimes","floor":4,"turns":5},{"damage":1,"enemies":"Red Slaver","floor":5,"turns":4},{"damage":26,"enemies":"3 Sentries","floor":6,"turns":12},{"damage":15,"enemies":"Lagavulin","floor":8,"turns":8},{"damage":5,"enemies":"Looter","floor":10,"turns":3},{"damage":16,"enemies":"Exordium Thugs","floor":13,"turns":5},{"damage":3,"enemies":"Exordium Wildlife","floor":14,"turns":3},{"damage":7,"enemies":"Hexaghost","floor":16,"turns":7},{"damage":7,"enemies":"Shell Parasite","floor":18,"turns":5},{"damage":15,"enemies":"2 Thieves","floor":20,"turns":4},{"damage":23,"enemies":"Snake Plant","floor":22,"turns":4},{"damage":70,"enemies":"Slavers","floor":24,"turns":7},{"damage":10,"enemies":"3 Cultists","floor":27,"turns":5},{"damage":20,"enemies":"Gremlin Leader","floor":29,"turns":4},{"damage":34,"enemies":"Slavers","floor":31,"turns":6},{"damage":14,"enemies":"Champ","floor":33,"turns":8},{"damage":19,"enemies":"3 Shapes","floor":35,"turns":5},{"damage":38,"enemies":"3 Darklings","floor":36,"turns":7},{"damage":27,"enemies":"Spire Growth","floor":38,"turns":5},{"damage":17,"enemies":"Reptomancer","floor":40,"turns":2}],"seed_played":"4889255704668578685","potions_obtained":[{"floor":2,"key":"ColorlessPotion"},{"floor":10,"key":"Explosive Potion"},{"floor":14,"key":"Explosive Potion"},{"floor":16,"key":"FairyPotion"},{"floor":27,"key":"CunningPotion"},{"floor":29,"key":"PowerPotion"},{"floor":31,"key":"LiquidBronze"},{"floor":38,"key":"Fire Potion"}],"is_trial":false,"path_per_floor":["M","M","?","M","M","E","R","E","T","M","?","?","M","M","R","B",null,"M","$","M","$","M","R","E","R","T","M","R","E","R","E","R","B",null,"M","M","$","M","$","E"],"character_chosen":"THE_SILENT","items_purchased":["Bronze Scales","Poisoned Stab","Footwork","Expertise+1"],"campfire_rested":7,"item_purchase_floors":[19,19,37,37],"current_hp_per_floor":[49,49,49,42,41,22,45,30,30,25,25,25,9,6,29,22,77,70,70,55,55,32,55,12,35,35,25,48,28,51,17,40,28,77,58,36,36,11,11,0,0],"gold":6,"neow_bonus":"ONE_RARE_RELIC","is_daily":false,"chose_seed":false,"campfire_upgraded":0,"win_rate":0.0,"timestamp":1607817843,"path_taken":["M","?","?","M","M","E","R","E","T","?","?","?","M","?","R","BOSS","M","$","M","$","M","R","E","R","T","M","R","E","R","E","R","BOSS","M","M","$","M","$","E"],"items_purchased_type":["Relic","Card","Card","Card"],"build_version":"2020-11-30","purchased_purges":3,"victory":false,"max_hp_per_floor":[70,70,70,70,70,77,77,77,77,77,77,77,77,77,77,77,77,77,77,77,77,77,77,77,77,77,77,77,77,77,77,77,77,77,77,77,77,77,77,77,77],"card_choices":[{"not_picked":["Deflect","Distraction"],"picked":"Deadly Poison","floor":1},{"not_picked":["Distraction","Outmaneuver"],"picked":"Blur","floor":2},{"not_picked":["Flying Knee","Underhanded Strike"],"picked":"Finisher","floor":4},{"not_picked":["Underhanded Strike","Wraith Form v2"],"picked":"Outmaneuver","floor":5},{"not_picked":["Bane","Dagger Throw"],"picked":"Deadly Poison","floor":6},{"not_picked":["Reflex","Expertise"],"picked":"Terror","floor":8},{"not_picked":["Poisoned Stab","Quick Slash"],"picked":"Bouncing Flask","floor":10},{"not_picked":["Quick Slash","Blade Dance"],"picked":"Cloak And Dagger","floor":13},{"not_picked":["Eviscerate","Dodge and Roll"],"picked":"Bullet Time","floor":14},{"not_picked":["Slice","Cloak And Dagger"],"picked":"Backflip+1","floor":18},{"not_picked":["Endless Agony","Underhanded Strike"],"picked":"Bouncing Flask","floor":20},{"not_picked":["Sucker Punch","Underhanded Strike+1"],"picked":"Prepared","floor":22},{"not_picked":["Terror","Dagger Throw+1"],"picked":"Venomology","floor":24},{"not_picked":["Prepared+1","Dagger Spray"],"picked":"Catalyst+1","floor":27},{"not_picked":["Grand Finale","Infinite Blades"],"picked":"Dash","floor":29},{"not_picked":["Concentrate+1","Masterful Stab+1"],"picked":"Bane","floor":31},{"not_picked":["Storm of Steel+1","Glass Knife"],"picked":"Envenom","floor":33},{"not_picked":["Dagger Throw+1","Bane","Sucker Punch+1"],"picked":"SKIP","floor":35},{"not_picked":["Deflect+1","Dagger Throw"],"picked":"Tactician+1","floor":36},{"not_picked":["Bouncing Flask+1","Sucker Punch"],"picked":"Tactician+1","floor":38}],"player_experience":300211,"relics_obtained":[{"floor":6,"key":"Strawberry"},{"floor":8,"key":"Gremlin Horn"},{"floor":9,"key":"StoneCalendar"},{"floor":24,"key":"Shovel"},{"floor":24,"key":"WingedGreaves"},{"floor":26,"key":"Toxic Egg 2"},{"floor":29,"key":"Whetstone"},{"floor":29,"key":"Boot"},{"floor":31,"key":"Blood Vial"},{"floor":31,"key":"Du-Vu Doll"}],"event_choices":[{"damage_healed":0,"gold_gain":0,"player_choice":"Rummage","damage_taken":0,"relics_obtained":["WarpedTongs"],"max_hp_gain":0,"max_hp_loss":0,"event_name":"Accursed Blacksmith","floor":3,"gold_loss":0,"cards_obtained":["Pain"]},{"damage_healed":0,"gold_gain":0,"player_choice":"Ignored","damage_taken":0,"max_hp_gain":0,"max_hp_loss":0,"event_name":"Liars Game","floor":11,"gold_loss":0},{"damage_healed":0,"gold_gain":0,"cards_transformed":["Defend_G"],"player_choice":"Transformed","damage_taken":0,"max_hp_gain":0,"max_hp_loss":0,"event_name":"Transmorgrifier","floor":12,"gold_loss":0,"cards_obtained":["Dagger Throw"]}],"is_beta":false,"boss_relics":[{"not_picked":["Philosopher\u0027s Stone","Cursed Key"],"picked":"Black Star"},{"not_picked":["Runic Dome","Fusion Hammer"],"picked":"Empty Cage"}],"items_purged_floors":[19,21,39],"is_endless":false,"potions_floor_spawned":[2,10,14,16,27,29,31,38],"killed_by":"Reptomancer","ascension_level":2}}