{"host":"jtxptf9isiqyc7jm","time":1607892184,"event":{"mods":["Act Like it!","BaseMod","Bestiary","BetterRewards","Colored Powertips","Custom Start","Downfall","Friendly Minions","Hermit","Hubris","Infinite Spire","Jorbs\u0027s Wanderer Trilogy","Kiyohime????","Koishi","Lobotomy","Marisa????????","Minty Spire (QoL Compilation)","Prisma Mod","Remilia??????","Replay The Spire","Shop Mod","StSLib","The Construct","The Cursed","The Disciple","The Hierophant","The Jungle","The Runesmith","The Senshi","The Servant 0.9.4"],"gold_per_floor":[150,325,168,443,473,473,548,623,623,623,722,722,722,815,815,166,166,466,466,526,562,487,544,625,625,727,158,158,158,251,251,347,401,401,704,704,758,791,1066,1126,1180,1277,1379,1036,1036,1036,1117,1117,1117,1117,1117],"floor_reached":50,"playtime":2773,"items_purged":[],"score":930,"play_id":"640b2576-c49f-439c-a3da-50c016b72627","local_time":"20201213204304","daily_mods":["Vintage","Heirloom","Time Dilation","DeadlyEvents","Elite Swarm","Lethality","Midas"],"is_ascension_mode":false,"campfire_choices":[{"floor":6,"key":"REST"},{"floor":10,"key":"REST"},{"floor":15,"key":"REST"},{"floor":17,"key":"REST"},{"floor":25,"key":"REST"},{"floor":29,"key":"REST"},{"floor":31,"key":"REST"},{"floor":34,"key":"REST"},{"floor":46,"key":"REST"},{"floor":48,"key":"REST"}],"circlet_count":0,"master_deck":["hermit:Strike_Hermit","hermit:Strike_Hermit","hermit:Strike_Hermit","hermit:Strike_Hermit","hermit:Defend_Hermit","hermit:Defend_Hermit","hermit:Defend_Hermit","hermit:Defend_Hermit","hermit:Snapshot+1","hermit:Covet+1","hermit:HighNoon","Regret","hermit:Magnum","hermit:OverwhelmingPower","hermit:FullyLoaded+1","hermit:Reprieve+1","hermit:Dissolve+1","hermit:TakeAim","hermit:HighCaliber","hermit:Showdown","ReplayTheSpireMod:Brewmster","hermit:FromBeyond+1","hermit:HighNoon+1","hermit:BlackWind+1","hermit:ShadowCloak+1","hermit:Manifest+1","hermit:Dive+1","hermit:TrackingShot+1","hermit:Misfire+1","hermit:Combo+1","hermit:EternalForm+1","hermit:FatalDesire+1","hermit:Magnum+1","Regret","hermit:Gambit+1","hermit:OverwhelmingPower+1","hermit:Malice+1","hermit:Malice+1","hermit:Shortfuse+1","hermit:TakeAim+1","hermit:BodyArmor+1","hermit:EternalForm+1"],"relics":["hermit:Momento","Ring of Chaos","replay:Trail_Library","Counterbalance","infinitespire:Lucky Rock","Simple Rune","Thread and Needle","Gremlin Food","Toxic Egg 2","Replay:Wax Seal","Replay:Bottled Snecko","ReplayFunnel","PreservedInsect","Replay:Fungal Core","ScarletDevilRocket","Golden Egg","Replay:Baseball","hubris:SlimyHat","Turnip","Pet Ghost","Lizard Tail","ReplayTheSpireMod:CursedCoin","infinitespire:Joker Card","Gambling Chip","Toy Ornithopter","Quantum Egg","Painkiller Herb","Replay:Bottled Steam","Snack Pack","Garlic","Akabeko","Replay:Towering Pillar of Hats","Runesmith:AutoHammer","hubris:EmptyBottle","Question Card","Strawberry"],"acts_visited":["Exordium","TheCity","TheBeyond"],"potions_floor_usage":[14,14,20,20,23,23,23,24,24,32,42,43,43],"damage_taken":[{"damage":0,"enemies":"2 Louse","floor":1,"turns":1},{"damage":4,"enemies":"Cultist","floor":5,"turns":3},{"damage":31,"enemies":"3 Sentries","floor":7,"turns":8},{"damage":12,"enemies":"Gremlin Nob","floor":8,"turns":3},{"damage":7,"enemies":"3 Sentries","floor":11,"turns":3},{"damage":2,"enemies":"Gremlin Nob","floor":14,"turns":2},{"damage":26,"enemies":"Slime Boss","floor":18,"turns":6},{"damage":52,"enemies":"3 Byrds","floor":20,"turns":5},{"damage":12,"enemies":"Shell Parasite","floor":21,"turns":5},{"damage":12,"enemies":"3 Cultists","floor":23,"turns":6},{"damage":34,"enemies":"Slavers","floor":24,"turns":5},{"damage":12,"enemies":"Book of Stabbing","floor":26,"turns":3},{"damage":48,"enemies":"Slavers","floor":30,"turns":4},{"damage":0,"enemies":"Nightmare","floor":32,"turns":5},{"damage":21,"enemies":"Chosen and Byrds","floor":33,"turns":3},{"damage":0,"enemies":"Collector","floor":35,"turns":3},{"damage":14,"enemies":"Orb Walker","floor":37,"turns":2},{"damage":4,"enemies":"3 Darklings","floor":38,"turns":5},{"damage":20,"enemies":"Jaw Worm Horde","floor":40,"turns":3},{"damage":11,"enemies":"Spire Growth","floor":41,"turns":3},{"damage":6,"enemies":"R_Hoarder","floor":42,"turns":4},{"damage":0,"enemies":"Reptomancer","floor":43,"turns":1},{"damage":8,"enemies":"Nemesis","floor":47,"turns":5},{"damage":0,"enemies":"R_Hoarder","floor":50,"turns":1}],"seed_played":"565310529832538624","potions_obtained":[{"floor":1,"key":"Block Potion"},{"floor":7,"key":"BlessingOfTheForge"},{"floor":11,"key":"ColorlessPotion"},{"floor":18,"key":"Adrenaline Potion"},{"floor":20,"key":"Milkshake"},{"floor":21,"key":"PowerPotion"},{"floor":30,"key":"PowerPotion"},{"floor":33,"key":"SpeedPotion"},{"floor":41,"key":"hermit:Tonic"},{"floor":43,"key":"Weak Potion"}],"is_trial":true,"path_per_floor":["M","?","$","?","M","R","E","E","T","R","E","PTL","PTL","E","R","$","R","B",null,"M","M","?","M","E","R","E","$","T","R","E","R","NM","M","R","B",null,"?","?","?","?","?","E","E","T","T","T","E","T","?","E"],"character_chosen":"HERMIT","items_purchased":["hermit:HighNoon","hermit:TakeAim","hermit:HighCaliber","ReplayFunnel","PreservedInsect","hermit:Showdown","ReplayTheSpireMod:Brewmster","hermit:ShadowCloak","Pet Ghost","Lizard Tail","hermit:Manifest+1","hermit:Dive+1","hermit:TrackingShot+1","hermit:Misfire","ReplayTheSpireMod:CursedCoin","hubris:EmptyBottle","hermit:Malice","hermit:Shortfuse","hermit:TakeAim"],"campfire_rested":10,"item_purchase_floors":[3,16,16,16,16,16,16,27,27,27,27,27,27,27,27,44,44,44,44],"current_hp_per_floor":[75,75,75,75,71,75,44,32,32,54,47,47,47,45,67,67,75,49,75,27,19,19,15,18,40,32,32,32,54,6,28,40,23,45,49,75,61,65,65,59,48,49,75,75,75,75,76,82,82,82,82],"gold":1117,"neow_bonus":"","is_daily":false,"chose_seed":false,"campfire_upgraded":0,"win_rate":0.0,"timestamp":1607892184,"path_taken":["M","?","$","?","?","R","E","?","T","R","E","PTL","PTL","E","R","$","R","BOSS","M","M","?","?","?","R","E","?","T","R","E","R","NM","M","R","BOSS","?","?","?","?","?","E","?","T","T","T","E","T","?","?"],"items_purchased_type":["Card","Card","Card","Relic","Relic","Card","Card","Card","Relic","Relic","Card","Card","Card","Card","Relic","Relic","Card","Card","Card"],"build_version":"2020-11-30","purchased_purges":0,"victory":false,"max_hp_per_floor":[75,75,75,75,75,75,75,75,75,75,75,75,75,75,75,75,75,75,75,75,75,75,75,75,75,75,75,75,75,75,75,75,75,75,75,75,75,75,75,75,75,75,75,75,75,75,82,82,82,82,82],"card_choices":[{"not_picked":["hermit:BlackWind","hermit:HeroicBravado"],"picked":"hermit:Magnum","floor":7},{"not_picked":["hermit:Gambit","hermit:FromBeyond"],"picked":"hermit:OverwhelmingPower","floor":8},{"not_picked":["hermit:Dissolve+1","hermit:RoundhouseKick"],"picked":"hermit:Reprieve+1","floor":11},{"not_picked":["hermit:HighNoon","hermit:FinalCanter"],"picked":"hermit:Dissolve+1","floor":14},{"not_picked":["hermit:Purgatory","hermit:Reprieve+1"],"picked":"hermit:FromBeyond+1","floor":18},{"not_picked":["hermit:Purgatory","hermit:HeroicBravado+1"],"picked":"hermit:HighNoon","floor":24},{"not_picked":["hermit:EternalForm","hermit:Purgatory"],"picked":"hermit:BlackWind","floor":26},{"not_picked":["hermit:OverwhelmingPower","hermit:HeroicBravado+1"],"picked":"hermit:EternalForm","floor":30},{"not_picked":["hermit:HeroicBravado+1","hermit:Magnum"],"picked":"hermit:FatalDesire","floor":32},{"not_picked":["hermit:OverwhelmingPower","hermit:FromBeyond+1"],"picked":"hermit:Magnum","floor":35},{"not_picked":["hermit:FromBeyond+1","hermit:HighNoon"],"picked":"hermit:Gambit+1","floor":42},{"not_picked":["hermit:Gambit+1","hermit:HighNoon"],"picked":"hermit:OverwhelmingPower","floor":43},{"not_picked":["hermit:OverwhelmingPower","hermit:HeroicBravado+1","hermit:FromBeyond+1"],"picked":"hermit:EternalForm","floor":47}],"player_experience":82476,"relics_obtained":[{"floor":1,"key":"infinitespire:Lucky Rock"},{"floor":5,"key":"Simple Rune"},{"floor":7,"key":"Thread and Needle"},{"floor":8,"key":"Gremlin Food"},{"floor":9,"key":"Toxic Egg 2"},{"floor":11,"key":"Replay:Wax Seal"},{"floor":14,"key":"Replay:Bottled Snecko"},{"floor":20,"key":"ScarletDevilRocket"},{"floor":21,"key":"Golden Egg"},{"floor":23,"key":"Replay:Baseball"},{"floor":24,"key":"hubris:SlimyHat"},{"floor":26,"key":"Turnip"},{"floor":28,"key":"infinitespire:Joker Card"},{"floor":30,"key":"Gambling Chip"},{"floor":32,"key":"Toy Ornithopter"},{"floor":33,"key":"Quantum Egg"},{"floor":37,"key":"Replay:Bottled Steam"},{"floor":38,"key":"Snack Pack"},{"floor":40,"key":"Garlic"},{"floor":41,"key":"Akabeko"},{"floor":42,"key":"Replay:Towering Pillar of Hats"},{"floor":43,"key":"Runesmith:AutoHammer"},{"floor":45,"key":"Question Card"},{"floor":47,"key":"Strawberry"}],"event_choices":[{"damage_healed":0,"gold_gain":175,"player_choice":"AGREE","damage_taken":0,"max_hp_gain":0,"max_hp_loss":0,"event_name":"Liars Game","floor":2,"gold_loss":0,"cards_obtained":["Doubt"]},{"damage_healed":0,"gold_gain":275,"player_choice":"Desecrate","damage_taken":0,"max_hp_gain":0,"max_hp_loss":0,"event_name":"Golden Shrine","floor":4,"gold_loss":0,"cards_obtained":["Regret"]},{"cards_removed":["Doubt"],"damage_healed":0,"gold_gain":0,"player_choice":"Gave Gold","damage_taken":0,"max_hp_gain":0,"max_hp_loss":0,"event_name":"Beggar","floor":22,"gold_loss":75},{"damage_healed":0,"gold_gain":275,"player_choice":"Desecrate","damage_taken":0,"max_hp_gain":0,"max_hp_loss":0,"event_name":"Golden Shrine","floor":39,"gold_loss":0,"cards_obtained":["Regret"]},{"cards_removed":["stsjorbsmod:PollutedStrike"],"damage_healed":0,"gold_gain":0,"player_choice":"Purged","damage_taken":0,"max_hp_gain":0,"max_hp_loss":0,"event_name":"Purifier","floor":49,"gold_loss":0}],"is_beta":false,"boss_relics":[{"not_picked":["Busted Crown","ReplayTheSpireMod:DimensionalGlitch"],"picked":"Replay:Fungal Core"},{"not_picked":["hubris:TerracottaHorce","Ring of Chaos"],"picked":"Painkiller Herb"}],"items_purged_floors":[],"is_endless":true,"potions_floor_spawned":[1,7,11,18,20,21,30,33,41,42,43],"killed_by":"R_Hoarder","ascension_level":0}}