{"host":"63rwe7p34ct1i0qu","time":1607835127,"event":{"mods":["BaseMod","DeckTracker","Minty Spire (QoL Compilation)","Permanent Neow","Quick Restart","StSLib"],"gold_per_floor":[111,111,111,211,67,67,79,79,104,104,104,104,124,24,24,125,125,139,14,14,14,24,24,24],"floor_reached":23,"playtime":666,"items_purged":["Defend_B","Strike_B","Zap"],"score":253,"play_id":"9ad90e15-038c-4eb6-a13a-b16d099a3655","local_time":"20201213135207","is_ascension_mode":true,"campfire_choices":[{"data":"Undo","floor":6,"key":"SMITH"},{"data":"Reinforced Body","floor":8,"key":"SMITH"},{"data":"Skim","floor":10,"key":"SMITH"},{"floor":15,"key":"REST"}],"circlet_count":0,"master_deck":["Dualcast","Skim+1","Undo+1","Reinforced Body+1","Tempest","Thunder Strike","Aggregate","Multi-Cast","Force Field","Streamline","Hello World","Hologram","Ghostly","Ghostly","Ghostly","Ghostly","Ghostly","Chaos+1"],"relics":["Snecko Eye","Bag of Marbles","Toy Ornithopter","Pandora\u0027s Box"],"acts_visited":["Exordium","TheCity"],"potions_floor_usage":[16],"damage_taken":[{"damage":10,"enemies":"Small Slimes","floor":1,"turns":4},{"damage":0,"enemies":"Jaw Worm","floor":7,"turns":5},{"damage":1,"enemies":"Cultist","floor":13,"turns":4},{"damage":18,"enemies":"Hexaghost","floor":16,"turns":11},{"damage":6,"enemies":"3 Byrds","floor":18,"turns":5},{"damage":0,"enemies":"Spheric Guardian","floor":22,"turns":4},{"damage":3,"enemies":"Slavers","floor":23,"turns":2}],"seed_played":"-2341796330033177228","potions_obtained":[{"floor":13,"key":"FocusPotion"},{"floor":16,"key":"Regen Potion"}],"is_trial":false,"path_per_floor":["M","?","?","?","$","R","M","R","T","R","?","?","M","$","R","B",null,"M","$","?","?","M","E"],"character_chosen":"DEFECT","items_purchased":["Undo"],"campfire_rested":1,"item_purchase_floors":[5],"current_hp_per_floor":[58,58,43,43,43,43,43,43,43,43,43,31,30,30,52,39,66,60,60,37,37,37,34,34],"gold":24,"neow_bonus":"BOSS_RELIC","is_daily":false,"chose_seed":false,"campfire_upgraded":3,"win_rate":0.0,"timestamp":1607835127,"path_taken":["M","?","?","?","$","R","?","R","T","R","?","?","M","$","R","BOSS","M","$","?","?","?","E"],"items_purchased_type":["Card"],"build_version":"2020-11-30","purchased_purges":3,"victory":false,"max_hp_per_floor":[75,75,75,75,75,75,75,75,75,75,75,75,75,75,75,75,75,75,75,37,37,37,37,37],"card_choices":[{"not_picked":["Rebound","Leap"],"picked":"Skim","floor":1},{"not_picked":["Skim","Go for the Eyes"],"picked":"Reinforced Body","floor":7},{"not_picked":["Cold Snap","Gash"],"picked":"Tempest","floor":13},{"not_picked":["Machine Learning","Amplify"],"picked":"Thunder Strike","floor":16},{"not_picked":["Heatsinks","Redo+1"],"picked":"Hologram","floor":18},{"not_picked":["Hologram","Rebound"],"picked":"Chaos+1","floor":22}],"player_experience":1278590,"relics_obtained":[{"floor":9,"key":"Bag of Marbles"}],"event_choices":[{"cards_removed":["Strike_B"],"damage_healed":0,"gold_gain":0,"player_choice":"Forget","damage_taken":0,"max_hp_gain":0,"max_hp_loss":0,"event_name":"Living Wall","floor":2,"gold_loss":0},{"damage_healed":0,"gold_gain":0,"player_choice":"Entered Light","damage_taken":15,"max_hp_gain":0,"max_hp_loss":0,"event_name":"Shining Light","floor":3,"gold_loss":0,"cards_upgraded":["Defend_B","Strike_B"]},{"damage_healed":0,"gold_gain":100,"player_choice":"Pray","damage_taken":0,"max_hp_gain":0,"max_hp_loss":0,"event_name":"Golden Shrine","floor":4,"gold_loss":0},{"damage_healed":0,"gold_gain":0,"player_choice":"Ignored","damage_taken":0,"max_hp_gain":0,"max_hp_loss":0,"event_name":"Golden Idol","floor":11,"gold_loss":0},{"damage_healed":0,"gold_gain":0,"player_choice":"Success","damage_taken":12,"relics_obtained":["Toy Ornithopter"],"max_hp_gain":0,"max_hp_loss":0,"event_name":"Scrap Ooze","floor":12,"gold_loss":0},{"damage_healed":0,"gold_gain":0,"player_choice":"Became a Ghost","damage_taken":0,"max_hp_gain":0,"max_hp_loss":38,"event_name":"Ghosts","floor":20,"gold_loss":0,"cards_obtained":["Ghostly","Ghostly","Ghostly","Ghostly","Ghostly"]},{"damage_healed":0,"gold_gain":0,"player_choice":"Full Heal","damage_taken":0,"max_hp_gain":0,"max_hp_loss":0,"event_name":"Wheel of Change","floor":21,"gold_loss":0}],"is_beta":false,"boss_relics":[{"not_picked":["Sozu","Philosopher\u0027s Stone"],"picked":"Pandora\u0027s Box"}],"items_purged_floors":[5,14,19],"is_endless":false,"potions_floor_spawned":[13,16],"killed_by":"Slavers","ascension_level":6}}