{"host":"is2s59edl8twrhoj","time":1607896691,"event":{"mods":["BaseMod","Colored Map","Colored Powertips","DeckTracker","Minty Spire (QoL Compilation)","StSLib"],"gold_per_floor":[115,134,151,161,186,186,220,10,89,89,89,89,39,59,59,59,59],"floor_reached":16,"playtime":801,"items_purged":["Strike_B"],"score":160,"play_id":"59e1bdc4-8126-46fe-b3dc-9eff8a52b7ec","local_time":"20201213215811","is_ascension_mode":true,"campfire_choices":[{"data":"Zap","floor":6,"key":"SMITH"},{"floor":10,"key":"REST"},{"floor":12,"key":"REST"},{"data":"Ball Lightning","floor":15,"key":"SMITH"}],"circlet_count":0,"master_deck":["AscendersBane","Strike_B","Strike_B","Defend_B","Defend_B","Defend_B","Defend_B","Zap+1","Dualcast","Seek","Cold Snap","Auto Shields","Ball Lightning+1","Leap"],"relics":["Cracked Core","Art of War","Pen Nib","Membership Card","HornCleat"],"acts_visited":["Exordium"],"potions_floor_usage":[],"damage_taken":[{"damage":1,"enemies":"Cultist","floor":1,"turns":3},{"damage":4,"enemies":"2 Louse","floor":2,"turns":3},{"damage":5,"enemies":"Jaw Worm","floor":3,"turns":3},{"damage":18,"enemies":"Large Slime","floor":4,"turns":5},{"damage":34,"enemies":"Lagavulin","floor":7,"turns":9},{"damage":1,"enemies":"Blue Slaver","floor":14,"turns":4},{"damage":49,"enemies":"Hexaghost","floor":16,"turns":14}],"seed_played":"-6175064859814302666","potions_obtained":[{"floor":4,"key":"Swift Potion"},{"floor":14,"key":"Regen Potion"}],"is_trial":false,"path_per_floor":["M","M","M","M","T","R","E","$","T","R","?","R","?","M","R","B"],"character_chosen":"DEFECT","items_purchased":["Ball Lightning","Membership Card"],"campfire_rested":2,"item_purchase_floors":[8,8],"current_hp_per_floor":[67,63,58,40,40,40,6,6,6,28,28,50,50,49,49,0,0],"gold":59,"neow_bonus":"ONE_RANDOM_RARE_CARD","is_daily":false,"chose_seed":false,"campfire_upgraded":2,"win_rate":0.0,"timestamp":1607896691,"path_taken":["M","?","M","M","?","R","E","$","T","R","?","R","?","M","R","BOSS"],"items_purchased_type":["Card","Relic"],"build_version":"2020-11-30","purchased_purges":1,"victory":false,"max_hp_per_floor":[75,75,75,75,75,75,75,75,75,75,75,75,75,75,75,75,75],"card_choices":[{"not_picked":["Coolheaded","Steam","Undo"],"picked":"SKIP","floor":1},{"not_picked":["Hologram","Compile Driver"],"picked":"Cold Snap","floor":2},{"not_picked":["Stack","Loop","Skim"],"picked":"SKIP","floor":3},{"not_picked":["Gash","Genetic Algorithm","Static Discharge"],"picked":"SKIP","floor":4},{"not_picked":["Go for the Eyes","Static Discharge"],"picked":"Auto Shields","floor":7},{"not_picked":["Barrage","Steam"],"picked":"Leap","floor":14}],"player_experience":610104,"relics_obtained":[{"floor":5,"key":"Art of War"},{"floor":7,"key":"Pen Nib"},{"floor":9,"key":"HornCleat"}],"event_choices":[{"damage_healed":0,"gold_gain":0,"player_choice":"Ignored","damage_taken":0,"max_hp_gain":0,"max_hp_loss":0,"event_name":"Liars Game","floor":11,"gold_loss":0},{"cards_removed":["Strike_B"],"damage_healed":0,"gold_gain":0,"player_choice":"Card Removal","damage_taken":0,"max_hp_gain":0,"max_hp_loss":0,"event_name":"The Cleric","floor":13,"gold_loss":50}],"is_beta":false,"boss_relics":[],"items_purged_floors":[8],"is_endless":false,"potions_floor_spawned":[4,14],"killed_by":"Hexaghost","ascension_level":12}}