{"host":"07ljfmttuzqopd7f","time":1607823914,"event":{"mods":["2.2 Compatiblity","BaseMod","Bestiary","Block Reminder","Colored Map","Colored Powertips","Curses Come First","Hermit","Minty Spire (QoL Compilation)","Quick Restart","Random Character Button","Rare Cards Sparkle","Relic Stats","StSLib","The Cursed","UnlockEverythingMod"],"gold_per_floor":[18,18,34,51,1,1,29,29,29,29,45,55,89,89,89,218,218,218,218,218,218,218,218,218,218,218,218,218,218,218,218,218,218,218],"floor_reached":33,"playtime":1293,"items_purged":[],"score":371,"play_id":"ab3f1ddf-6a63-4a83-83ca-2429a8eb78b1","local_time":"20201212204514","is_ascension_mode":true,"campfire_choices":[{"data":"hermit:Virtue","floor":6,"key":"SMITH"},{"floor":8,"key":"REST"},{"data":"hermit:Headshot","floor":15,"key":"SMITH"},{"data":"hermit:GhostlyPresence","floor":23,"key":"SMITH"},{"floor":25,"key":"REST"},{"floor":28,"key":"REST"},{"floor":32,"key":"REST"}],"circlet_count":0,"master_deck":["hermit:Strike_Hermit","hermit:Strike_Hermit","hermit:Strike_Hermit","hermit:Strike_Hermit","hermit:Defend_Hermit","hermit:Defend_Hermit+1","hermit:Snapshot","hermit:Covet","hermit:Horror+1","hermit:Virtue+1","hermit:TakeCover","hermit:Gestalt+1","hermit:GhostlyPresence+1","hermit:Headshot+1","Injury","hermit:RoundhouseKick","hermit:BodyArmor","hermit:GoldenBullet+1","hermit:Showdown+1","hermit:SprayPray","hermit:NoHoldsBarred","hermit:Glare","hermit:FlashPowder"],"relics":["hermit:Momento","Mango","Mercury Hourglass","War Paint","PreservedInsect","Golden Idol","Ectoplasm","Nunchaku","hermit:RedScarf","Pen Nib"],"acts_visited":["Exordium","TheCity"],"potions_floor_usage":[13,21,24,33,33,33],"damage_taken":[{"damage":7,"enemies":"Small Slimes","floor":1,"turns":3},{"damage":6,"enemies":"Cultist","floor":3,"turns":3},{"damage":0,"enemies":"2 Louse","floor":4,"turns":2},{"damage":50,"enemies":"3 Sentries","floor":7,"turns":10},{"damage":2,"enemies":"2 Fungi Beasts","floor":11,"turns":3},{"damage":1,"enemies":"Looter","floor":12,"turns":3},{"damage":12,"enemies":"Gremlin Nob","floor":13,"turns":5},{"damage":13,"enemies":"Slime Boss","floor":16,"turns":10},{"damage":7,"enemies":"Spheric Guardian","floor":18,"turns":4},{"damage":1,"enemies":"Shell Parasite","floor":19,"turns":5},{"damage":16,"enemies":"Shelled Parasite and Fungi","floor":21,"turns":4},{"damage":7,"enemies":"Centurion and Healer","floor":22,"turns":6},{"damage":39,"enemies":"Book of Stabbing","floor":24,"turns":5},{"damage":22,"enemies":"Colosseum Slavers","floor":27,"turns":4},{"damage":2,"enemies":"3 Cultists","floor":29,"turns":5},{"damage":15,"enemies":"Slavers","floor":30,"turns":3},{"damage":0,"enemies":"Snake Plant","floor":31,"turns":3},{"damage":43,"enemies":"Collector","floor":33,"turns":9}],"seed_played":"-4085696853048675793","potions_obtained":[{"floor":4,"key":"PowerPotion"},{"floor":7,"key":"Block Potion"},{"floor":16,"key":"AttackPotion"},{"floor":18,"key":"Ancient Potion"},{"floor":21,"key":"Explosive Potion"},{"floor":30,"key":"SkillPotion"},{"floor":31,"key":"GamblersBrew"}],"is_trial":false,"path_per_floor":["M","?","M","M","?","R","E","R","T","?","M","M","E","?","R","B",null,"M","M","?","M","M","R","E","R","T","?","R","M","E","M","R","B"],"character_chosen":"HERMIT","items_purchased":[],"campfire_rested":4,"item_purchase_floors":[],"current_hp_per_floor":[82,82,76,76,76,76,26,52,52,52,50,49,37,37,37,24,73,66,65,65,49,42,42,3,29,29,7,33,31,16,16,42,0,0],"gold":218,"neow_bonus":"ONE_RARE_RELIC","is_daily":false,"chose_seed":false,"campfire_upgraded":3,"win_rate":0.0,"timestamp":1607823914,"path_taken":["M","?","?","M","?","R","E","R","T","?","M","M","E","?","R","BOSS","M","M","?","M","M","R","E","R","T","?","R","M","E","M","R","BOSS"],"items_purchased_type":[],"build_version":"2020-11-30","purchased_purges":0,"victory":false,"max_hp_per_floor":[89,89,89,89,89,89,89,89,89,89,89,89,89,89,89,89,89,89,89,89,89,89,89,89,89,89,89,89,89,89,89,89,89,89],"relic_stats":{"Nunchaku":[4],"counters":[18,86],"Golden Idol":64,"PreservedInsect":81,"Ectoplasm":191,"Pen Nib":[2],"War Paint":["hermit:Defend_Hermit","hermit:Horror"],"obtain_stats":[{"Nunchaku":24,"Golden Idol":14,"Mango":0,"PreservedInsect":13,"Ectoplasm":17,"Pen Nib":30,"hermit:RedScarf":26,"War Paint":9,"hermit:Momento":0,"Mercury Hourglass":7},{"Nunchaku":13,"Golden Idol":7,"Mango":0,"PreservedInsect":7,"Ectoplasm":8,"Pen Nib":16,"hermit:RedScarf":13,"War Paint":4,"hermit:Momento":0,"Mercury Hourglass":4},{"Nunchaku":62,"Golden Idol":29,"Mango":0,"PreservedInsect":29,"Ectoplasm":38,"Pen Nib":74,"hermit:RedScarf":62,"War Paint":18,"hermit:Momento":0,"Mercury Hourglass":18}],"Mercury Hourglass":[262]},"card_choices":[{"not_picked":["hermit:HoleUp","hermit:Showdown"],"picked":"hermit:Horror","floor":1},{"not_picked":["hermit:TrackingShot","hermit:Snipe"],"picked":"hermit:Virtue","floor":3},{"not_picked":["hermit:Midnight","hermit:HoleUp"],"picked":"hermit:TakeCover","floor":4},{"not_picked":["hermit:LuckOfTheDraw","hermit:Manifest"],"picked":"hermit:Gestalt","floor":7},{"not_picked":["hermit:CalledShot","hermit:Ricochet","hermit:DeadOrAlive"],"picked":"SKIP","floor":11},{"not_picked":["hermit:Horror","hermit:PistolWhip"],"picked":"hermit:GhostlyPresence","floor":12},{"not_picked":["hermit:Gestalt","hermit:WideOpen"],"picked":"hermit:Headshot","floor":13},{"not_picked":["hermit:FatalDesire","hermit:Roughhouse"],"picked":"hermit:RoundhouseKick","floor":16},{"not_picked":["hermit:Manifest","hermit:CalledShot+1"],"picked":"hermit:BodyArmor","floor":18},{"not_picked":["hermit:Desperado","hermit:Coalescence"],"picked":"hermit:GoldenBullet+1","floor":19},{"not_picked":["hermit:PistolWhip","hermit:Coalescence"],"picked":"hermit:Showdown+1","floor":21},{"not_picked":["hermit:Desperado","hermit:Dive"],"picked":"hermit:SprayPray","floor":22},{"not_picked":["hermit:DeadOrAlive","hermit:LoneWolf"],"picked":"hermit:NoHoldsBarred","floor":24},{"not_picked":["hermit:CalledShot","hermit:Desperado+1"],"picked":"hermit:Glare","floor":29},{"not_picked":["hermit:Shortfuse","hermit:Snipe+1"],"picked":"hermit:FlashPowder","floor":30},{"not_picked":["hermit:ItchyTrigger","hermit:Quickdraw","hermit:GoldenBullet"],"picked":"SKIP","floor":31}],"player_experience":394727,"relics_obtained":[{"floor":7,"key":"Mercury Hourglass"},{"floor":9,"key":"War Paint"},{"floor":13,"key":"PreservedInsect"},{"floor":24,"key":"Nunchaku"},{"floor":26,"key":"hermit:RedScarf"},{"floor":30,"key":"Pen Nib"}],"event_choices":[{"cards_removed":["hermit:Defend_Hermit"],"damage_healed":0,"gold_gain":0,"player_choice":"Offered Basic","damage_taken":0,"max_hp_gain":0,"max_hp_loss":0,"event_name":"Bonfire Elementals","floor":2,"gold_loss":0},{"cards_removed":["hermit:Defend_Hermit"],"damage_healed":0,"gold_gain":0,"player_choice":"Card Removal","damage_taken":0,"max_hp_gain":0,"max_hp_loss":0,"event_name":"The Cleric","floor":5,"gold_loss":50},{"damage_healed":0,"gold_gain":0,"player_choice":"Grow","damage_taken":0,"max_hp_gain":0,"max_hp_loss":0,"event_name":"Living Wall","floor":10,"gold_loss":0,"cards_upgraded":["hermit:Gestalt"]},{"damage_healed":0,"gold_gain":0,"player_choice":"Take Wound","damage_taken":0,"relics_obtained":["Golden Idol"],"max_hp_gain":0,"max_hp_loss":0,"event_name":"Golden Idol","floor":14,"gold_loss":0,"cards_obtained":["Injury"]},{"damage_healed":0,"gold_gain":0,"player_choice":"Ignored","damage_taken":0,"max_hp_gain":0,"max_hp_loss":0,"event_name":"Vampires","floor":20,"gold_loss":0},{"damage_healed":0,"gold_gain":0,"player_choice":"Fight","damage_taken":0,"max_hp_gain":0,"max_hp_loss":0,"event_name":"Colosseum","floor":27,"gold_loss":0},{"damage_healed":0,"gold_gain":0,"player_choice":"Fled From Nobs","damage_taken":0,"max_hp_gain":0,"max_hp_loss":0,"event_name":"Colosseum","floor":27,"gold_loss":0}],"is_beta":false,"boss_relics":[{"not_picked":["Busted Crown","Black Star"],"picked":"Ectoplasm"}],"items_purged_floors":[],"is_endless":false,"potions_floor_spawned":[4,7,16,18,21,22,30,31],"killed_by":"Collector","ascension_level":5}}