{"host":"2a1jp7fcxdmpg8w5","time":1607893718,"event":{"mods":["Aspiration","BaseMod","Better Altar","Better Match","Better Note","Better Skull","Better Third Choice","Better Vampires","BetterRewards","Colored Map","Colored Powertips","Conspire","DeckTracker","Downfall","Energized Spire","Halation","Hermit","Highlight Path","Hubris","Infinite Spire","JesterMod","Jorbs\u0027s Wanderer Trilogy","Marked Mod","Melee Mod","Minty Spire (QoL Compilation)","Potionbrewer","Quick Restart","Random Character Button","Rare Cards Sparkle","Relic Sorter","Relic Stats","Replay The Spire","Robot Space Explorer","Small Relic Pack","Spicy Shops","Spire Birthday Party","StSLib","Synergy Search","The Cursed","The Disciple","The Factory","The Jungle","The Kombatant","The Runesmith","TheVacant"],"gold_per_floor":[119,133,56,56,86,86,86,86,86],"floor_reached":8,"playtime":398,"items_purged":[],"score":44,"play_id":"0e21160c-7ea4-4b9a-968e-b9247a8c8f31","local_time":"20201213210838","is_ascension_mode":false,"campfire_choices":[{"data":"RobotSpaceExplorer:DualCore","floor":6,"key":"SMITH"}],"circlet_count":0,"master_deck":["RobotSpaceExplorer:Strike","RobotSpaceExplorer:Strike","RobotSpaceExplorer:Strike","RobotSpaceExplorer:Strike","RobotSpaceExplorer:Defend","RobotSpaceExplorer:Defend","RobotSpaceExplorer:Defend","RobotSpaceExplorer:Defend","RobotSpaceExplorer:Scan","RobotSpaceExplorer:MiniLasers","RobotSpaceExplorer:SurgingShield","RobotSpaceExplorer:GlueShot","RobotSpaceExplorer:DualCore+1","Injury","Pot Of Greed","Pot Of Greed","RobotSpaceExplorer:PlasmaMissile","ReplayTheSpireMod:Splinters"],"relics":["RobotSpaceExplorer:RoboCore","NeowsBlessing","Frozen Egg 2","Grinning Jar","hubris:DisguiseKit"],"acts_visited":["Exordium"],"potions_floor_usage":[],"damage_taken":[{"damage":2,"enemies":"conspire:RoseBush","floor":1,"turns":1},{"damage":0,"enemies":"2 Louse","floor":2,"turns":1},{"damage":0,"enemies":"conspire:MimicChest","floor":5,"turns":1},{"damage":41,"enemies":"Gremlin Nob","floor":8,"turns":5}],"seed_played":"-4374275135366103811","potions_obtained":[{"floor":1,"key":"Strength Potion"}],"is_trial":false,"path_per_floor":["M","M","$","?","?","R","?","E"],"character_chosen":"RobotSpaceExplorer","items_purchased":["RobotSpaceExplorer:DualCore"],"campfire_rested":0,"item_purchase_floors":[3],"current_hp_per_floor":[73,73,73,73,73,73,73,32,32],"gold":86,"neow_bonus":"THREE_ENEMY_KILL","is_daily":false,"chose_seed":false,"campfire_upgraded":1,"win_rate":0.0,"timestamp":1607893718,"path_taken":["M","M","$","?","?","R","?","E"],"items_purchased_type":["Card"],"build_version":"2020-11-30","purchased_purges":0,"victory":false,"max_hp_per_floor":[75,75,75,75,75,75,75,75,75],"relic_stats":{"counters":[4,8],"obtain_stats":[{"hubris:DisguiseKit":7,"NeowsBlessing":0,"RobotSpaceExplorer:RoboCore":0,"Frozen Egg 2":4,"Grinning Jar":5},{"hubris:DisguiseKit":3,"NeowsBlessing":0,"RobotSpaceExplorer:RoboCore":0,"Frozen Egg 2":2,"Grinning Jar":3},{"hubris:DisguiseKit":3,"NeowsBlessing":0,"RobotSpaceExplorer:RoboCore":0,"Frozen Egg 2":2,"Grinning Jar":3}]},"card_choices":[{"not_picked":["RobotSpaceExplorer:SurgingStrike","RobotSpaceExplorer:Blitz"],"picked":"RobotSpaceExplorer:SurgingShield","floor":1},{"not_picked":["RobotSpaceExplorer:Counterblock","RobotSpaceExplorer:Probe"],"picked":"RobotSpaceExplorer:GlueShot","floor":2},{"not_picked":["RobotSpaceExplorer:Ammunition","RobotSpaceExplorer:ScrapShield"],"picked":"RobotSpaceExplorer:PlasmaMissile","floor":5}],"player_experience":121962,"relics_obtained":[{"floor":5,"key":"Grinning Jar"}],"event_choices":[],"is_beta":false,"boss_relics":[],"items_purged_floors":[],"is_endless":false,"potions_floor_spawned":[1],"killed_by":"Gremlin Nob","ascension_level":0}}