{"host":"t5h83eruwt5lxl3o","time":1607850253,"event":{"mods":["AchievementEnabler","Act Like it!","BaseMod","CapriCore","Colored Map","DeckTracker","Hermit","Highlight Path","Koishi","Marisa£¨Ùöéë¡¡Øª×âÞÞ£©","Minty Spire (QoL Compilation)","Permanent Neow","Quick Restart","StSLib","SuperFastMode","The Cursed","The Immortal","everything is the same but u backflip on backflip"],"gold_per_floor":[113,131,131,306,381,381,414,414,414,426,437,122,142,155,155,233,233,243,224,224,224,224],"floor_reached":21,"playtime":489,"items_purged":["Doubt"],"score":350,"play_id":"97d2b640-bc42-4f89-817a-2c4a62689bc3","local_time":"20201213180413","is_ascension_mode":true,"campfire_choices":[{"data":"Searing Blow","floor":6.0,"key":"SMITH"},{"data":"Searing Blow+1","floor":8.0,"key":"SMITH"},{"data":"Searing Blow+2","floor":15.0,"key":"SMITH"}],"circlet_count":0,"master_deck":["AscendersBane","Strike_R","Strike_R","Strike_R","Strike_R+1","Strike_R","Defend_R","Defend_R","Defend_R","Defend_R","Bash+1","Flex","Searing Blow+3","Infernal Blade","Apotheosis","Seeing Red","Double Tap","Thunderclap+1","Decay"],"relics":["Black Blood","NeowsBlessing","The Courier","Pen Nib","Singing Bowl","Whetstone"],"acts_visited":["Exordium","TheCity"],"potions_floor_usage":[21],"damage_taken":[{"damage":0.0,"enemies":"Small Slimes","floor":1.0,"turns":1.0},{"damage":0.0,"enemies":"2 Louse","floor":2.0,"turns":1.0},{"damage":0.0,"enemies":"Gremlin Nob","floor":7.0,"turns":1.0},{"damage":9.0,"enemies":"Jaw Worm","floor":10.0,"turns":2.0},{"damage":6.0,"enemies":"Looter","floor":11.0,"turns":2.0},{"damage":6.0,"enemies":"3 Louse","floor":13.0,"turns":2.0},{"damage":21.0,"enemies":"Blue Slaver","floor":14.0,"turns":4.0},{"damage":41.0,"enemies":"The Guardian","floor":16.0,"turns":7.0},{"damage":51.0,"enemies":"Shell Parasite","floor":18.0,"turns":5.0},{"damage":28.0,"enemies":"2 Thieves","floor":19.0,"turns":4.0},{"damage":18,"enemies":"Centurion and Healer","floor":21,"turns":5}],"seed_played":"8094970361181297271","potions_obtained":[{"floor":2.0,"key":"Weak Potion"},{"floor":7.0,"key":"AttackPotion"},{"floor":10.0,"key":"SteroidPotion"},{"floor":13.0,"key":"Swift Potion"},{"floor":14.0,"key":"Fire Potion"},{"floor":19,"key":"EssenceOfSteel"}],"is_trial":false,"path_per_floor":["M","M","?","?","?","R","E","R","T","M","M","$","M","M","R","B",null,"M","M","?","M"],"character_chosen":"IRONCLAD","items_purchased":["Apotheosis","Whetstone"],"campfire_rested":0,"item_purchase_floors":[12,12],"current_hp_per_floor":[74,75,72,72,61,61,67,67,67,66,68,68,68,55,55,20,66,29,13,13,0,0],"gold":224,"neow_bonus":"THREE_ENEMY_KILL","is_daily":false,"chose_seed":false,"campfire_upgraded":3,"win_rate":0.0,"timestamp":1607850253,"path_taken":["M","M","?","?","?","R","E","R","T","M","M","$","?","M","R","BOSS","M","M","?","M"],"items_purchased_type":["Card","Relic"],"build_version":"2020-11-30","purchased_purges":1,"victory":false,"max_hp_per_floor":[75,75,75,75,75,75,75,75,75,77,79,79,79,81,81,81,81,83,83,83,83,83],"card_choices":[{"not_picked":["Burning Pact","Cleave"],"picked":"Flex","floor":1.0},{"not_picked":["Anger","True Grit"],"picked":"Searing Blow","floor":2.0},{"not_picked":["Dropkick","Sentinel"],"picked":"Infernal Blade","floor":7.0},{"not_picked":["Rage","Metallicize","Shockwave"],"picked":"Singing Bowl","floor":10.0},{"not_picked":["Dark Embrace","Rupture","Fire Breathing"],"picked":"Singing Bowl","floor":11.0},{"not_picked":["Flex","Clothesline"],"picked":"Seeing Red","floor":13.0},{"not_picked":["Sever Soul","Thunderclap","True Grit"],"picked":"Singing Bowl","floor":14.0},{"not_picked":["Berserk","Bludgeon"],"picked":"Double Tap","floor":16.0},{"not_picked":["Seeing Red","Iron Wave","Reckless Charge"],"picked":"Singing Bowl","floor":18.0},{"not_picked":["Rampage","Reckless Charge+1"],"picked":"Thunderclap+1","floor":19}],"player_experience":434023,"relics_obtained":[{"floor":7.0,"key":"Pen Nib"},{"floor":9.0,"key":"Singing Bowl"}],"event_choices":[{"damage_healed":0.0,"max_hp_gain":0.0,"max_hp_loss":0.0,"gold_gain":0.0,"event_name":"Scrap Ooze","player_choice":"Success","floor":3.0,"gold_loss":0.0,"damage_taken":3.0,"relics_obtained":["The Courier"]},{"damage_healed":0.0,"max_hp_gain":0.0,"max_hp_loss":0.0,"gold_gain":175.0,"event_name":"Liars Game","player_choice":"AGREE","floor":4.0,"gold_loss":0.0,"damage_taken":0.0,"cards_obtained":["Doubt"]},{"damage_healed":0.0,"max_hp_gain":0.0,"max_hp_loss":0.0,"gold_gain":75.0,"event_name":"World of Goop","player_choice":"Gather Gold","floor":5.0,"gold_loss":0.0,"damage_taken":11.0},{"damage_healed":0,"gold_gain":0,"player_choice":"Smashed Altar","damage_taken":0,"max_hp_gain":0,"max_hp_loss":0,"event_name":"Forgotten Altar","floor":20,"gold_loss":0,"cards_obtained":["Decay"]}],"is_beta":false,"boss_relics":[{"not_picked":["Runic Pyramid","Ectoplasm"],"picked":"Black Blood"}],"items_purged_floors":[12],"is_endless":false,"potions_floor_spawned":[2,7,10,13,14,19],"killed_by":"Centurion and Healer","ascension_level":14}}