{"host":"y30n8hbqlqxhztg8","time":1607849784,"event":{"mods":["A Magickal Journey","AchievementEnabler","BaseMod","BetterRewards","Block Reminder","Colored Map","Conspire","Downfall","GifTheSpireLib","Glutton Mod","Hubris","Infinite Spire","Koishi","Marisa????????","Minty Spire (QoL Compilation)","Prisma Mod","Replay The Spire","Shop Mod","Somnambulant","StSLib","Stuff the Spire","The Factory","The Jungle","[IsaacMod]????"],"gold_per_floor":[110,110,124,141,167,167,180,200,226,226,238,251,251,324,324,423,423,438,464,243,243,263,263,291,291,340,440,457,477,490,508,508,508,508],"floor_reached":33,"playtime":867,"items_purged":["SuperNova"],"score":261,"play_id":"f5667b87-6dd3-4fd5-86cd-e642d2f6e3bd","local_time":"20201213005624","is_ascension_mode":false,"campfire_choices":[{"data":"DC","floor":6,"key":"SMITH"},{"data":"MysteriousBeam","floor":10,"key":"SMITH"},{"floor":13,"key":"REST"},{"floor":15,"key":"REST"},{"floor":23,"key":"REST"},{"floor":25,"key":"REST"},{"floor":32,"key":"REST"}],"circlet_count":0,"master_deck":["Strike_MRS","Strike_MRS","Strike_MRS","Strike_MRS","Defend_MRS","Defend_MRS","Defend_MRS","Defend_MRS","MasterSpark+1","UpSweep","LuminesStrike","DC+1","MysteriousBeam+1","AsteroidBelt","NonDirectionalLaser","BlazingStar+1","ChargeUpSpray+1","SuperPerseids","DoubleSpark+1","MeteoricShower","BlazingStar","ShootingEcho","GalacticHalo"],"relics":["MiniHakkero","HushsDoor","NeowsBlessing","GuppysPaw","BookOfRevelations","Bag of Preparation","hubris:HollowSoul","Blue Doll","Gremlin Food","Replay:Wanted Poster","conspire:InfiniteJournal"],"acts_visited":["Exordium","TheCity"],"potions_floor_usage":[16,24,24,24,29,33],"damage_taken":[{"damage":0,"enemies":"Jaw Worm","floor":1,"turns":1},{"damage":0,"enemies":"Small Slimes","floor":3,"turns":1},{"damage":0,"enemies":"Cultist","floor":4,"turns":1},{"damage":10,"enemies":"Exordium Thugs","floor":7,"turns":3},{"damage":0,"enemies":"Large Slime","floor":8,"turns":4},{"damage":21,"enemies":"Exordium Wildlife","floor":11,"turns":2},{"damage":10,"enemies":"Looter","floor":12,"turns":2},{"damage":27,"enemies":"The Guardian","floor":16,"turns":5},{"damage":5,"enemies":"Spheric Guardian","floor":18,"turns":3},{"damage":28,"enemies":"conspire:MimicChest","floor":19,"turns":5},{"damage":30,"enemies":"2 Thieves","floor":22,"turns":3},{"damage":12,"enemies":"Book of Stabbing","floor":24,"turns":3},{"damage":13,"enemies":"3 Cultists","floor":28,"turns":4},{"damage":2,"enemies":"Snecko","floor":29,"turns":3},{"damage":19,"enemies":"Centurion and Healer","floor":30,"turns":4},{"damage":7,"enemies":"Snake Plant","floor":31,"turns":4},{"damage":22,"enemies":"Automaton","floor":33,"turns":4}],"seed_played":"3753921391697921404","potions_obtained":[{"floor":4,"key":"Fire Potion"},{"floor":7,"key":"Adrenaline Potion"},{"floor":8,"key":"Energy Potion"},{"floor":18,"key":"Energy Potion"},{"floor":24,"key":"hexamod:EctoCoolerPotion"},{"floor":31,"key":"BottledSpark"}],"is_trial":false,"path_per_floor":["M","?","M","M","T","R","M","M","T","R","M","M","R","?","R","B",null,"M","?","$","?","M","R","E","R","T","AVR","M","M","M","M","R","B"],"character_chosen":"MARISA","items_purchased":["Blue Doll"],"campfire_rested":5,"item_purchase_floors":[20],"current_hp_per_floor":[75,75,75,75,75,75,65,65,65,65,44,34,56,56,75,48,75,70,42,42,42,12,34,22,44,44,44,31,29,10,3,25,0,0],"gold":508,"neow_bonus":"THREE_ENEMY_KILL","is_daily":false,"chose_seed":false,"campfire_upgraded":2,"win_rate":0.0,"timestamp":1607849784,"path_taken":["M","?","?","M","?","R","M","M","T","R","M","M","R","?","R","BOSS","M","?","$","?","M","R","E","R","T","AVR","M","M","?","M","R","BOSS"],"items_purchased_type":["Relic"],"build_version":"2020-11-30","purchased_purges":1,"victory":false,"max_hp_per_floor":[75,75,75,75,75,75,75,75,75,75,75,75,75,75,75,75,75,75,75,75,75,75,75,75,75,75,75,75,75,75,75,75,75,75],"card_choices":[{"not_picked":["MilkyWay","DarkMatter"],"picked":"LuminesStrike","floor":1},{"not_picked":["MillisecondPulsars","Acceleration"],"picked":"DC","floor":3},{"not_picked":["IllusionStar","StarlightTyphoon","StarBarrage"],"picked":"SKIP","floor":4},{"not_picked":["GalacticHalo","DoubleSpark"],"picked":"SuperNova","floor":7},{"not_picked":["ChargingUp","ShootTheMoon"],"picked":"MysteriousBeam","floor":8},{"not_picked":["DC","EventHorizon"],"picked":"AsteroidBelt","floor":11},{"not_picked":["GrandCross","WitchOfGreed"],"picked":"NonDirectionalLaser","floor":12},{"not_picked":["StarDustReverie","CasketOfStar"],"picked":"BlazingStar","floor":16},{"not_picked":["BlazeAway","MeteoricShower"],"picked":"ChargeUpSpray","floor":18},{"not_picked":["GrandCross","ManaConvection"],"picked":"SuperPerseids","floor":19},{"not_picked":["MagicChant","PropBag","IllusionStar+1"],"picked":"SKIP","floor":22},{"not_picked":["IllusionStar","Acceleration"],"picked":"DoubleSpark+1","floor":24},{"not_picked":["OpenUniverse","SuperPerseids"],"picked":"MeteoricShower","floor":28},{"not_picked":["PulseMagic","Acceleration"],"picked":"BlazingStar","floor":29},{"not_picked":["MilkyWay","RefractionSpark"],"picked":"ShootingEcho","floor":30},{"not_picked":["UnstableBomb+1","DC+1"],"picked":"GalacticHalo","floor":31}],"player_experience":41163,"relics_obtained":[{"floor":5,"key":"BookOfRevelations"},{"floor":9,"key":"Bag of Preparation"},{"floor":24,"key":"Gremlin Food"}],"event_choices":[{"damage_healed":0,"gold_gain":73,"player_choice":"Gained Gold","damage_taken":0,"max_hp_gain":0,"max_hp_loss":0,"event_name":"Golden Wing","floor":14,"gold_loss":0}],"is_beta":false,"boss_relics":[{"not_picked":["hubris:TerracottaHorce","ChewingGum"],"picked":"hubris:HollowSoul"},{"not_picked":[]}],"items_purged_floors":[20],"is_endless":false,"potions_floor_spawned":[4,7,8,11,18,19,24,31],"killed_by":"Automaton","ascension_level":0}}