{"host":"xpedwhml4to70g3q","time":1607864305,"event":{"mods":["Act Like it!","BaseMod","Curses Come First","Hallownest","Minty Spire (QoL Compilation)","Spicy Shops","StSLib","The Administrix","The Bug Knight","The Servant 0.9.4"],"gold_per_floor":[109,109,284,302,177,177,190,210,236,114,130,145,162,162,162,267,317,336,348,30,30,30,63,63,90,90,90,25,25,55,55,55,158,158,173,184,197,215,235,38,57,116,116,116,116,38,198,211,211,311,311,311,1,26,26],"floor_reached":56,"playtime":8505,"items_purged":["Regret","Doubt"],"score":1345,"play_id":"901cb4b3-a47b-4531-bc5a-57397ba56a1c","local_time":"20201213205825","is_ascension_mode":false,"campfire_choices":[{"data":"Ricochet","floor":6,"key":"SMITH"},{"floor":15,"key":"REST"},{"data":"ShatteredReality","floor":24,"key":"SMITH"},{"data":"Potential","floor":27,"key":"SMITH"},{"floor":32,"key":"REST"},{"floor":44,"key":"REST"},{"floor":49,"key":"RECALL"},{"data":"ForgedInTime","floor":52,"key":"SMITH"}],"circlet_count":0,"master_deck":["Strike_S","Strike_S","Strike_S","Strike_S","Defend_S","Defend_S","Defend_S","Defend_S","KidneyShot","Exchange+1","ShiftingGears","InstantArmor+1","Ricochet+1","Luminosity+1","Revamp","TimeWarp+1","Contraction","FloweringNight+1","Rearm+1","ShatteredReality+1","Foresight+1","Luminosity+1","Discovery","KidneyShot","Dramatic Entrance+1","TimeWarp","Snipe+1","Potential+1","Rearm","Comet","MurderousAura+1","TheWorld","FastForward","BottledTime+1","Desolation","Contraction","ShiftingGears+1","Foresight+1","ForgedInTime+1","Alleviate","Foresight+1"],"relics":["Uniform","NeowsBlessing","Frozen Egg 2","Odd Mushroom","Gremlin Horn","Thread and Needle","Tiny House","Membership Card","Bag of Preparation","Torii","Omamori","Pantograph","Lantern","Ice Cream","Busted Crown","Matryoshka","HandDrill","Ginger","Pen Nib","Gambling Chip","War Paint","Ancient Tea Set","Nunchaku","Hallownest:GodTamersBeastRelic","Whetstone","HollowMod:LifeEnderRelic","Anchor","TungstenRod"],"acts_visited":["Exordium","TheCity","TheCity","TheEnding"],"potions_floor_usage":[16,16,23,23,23,36,37,42,42,50],"damage_taken":[{"damage":0,"enemies":"Small Slimes","floor":1,"turns":1},{"damage":0,"enemies":"2 Louse","floor":4,"turns":1},{"damage":0,"enemies":"Jaw Worm","floor":7,"turns":1},{"damage":1,"enemies":"The Mushroom Lair","floor":8,"turns":2},{"damage":14,"enemies":"Large Slime","floor":11,"turns":10},{"damage":1,"enemies":"3 Louse","floor":12,"turns":4},{"damage":5,"enemies":"Exordium Thugs","floor":13,"turns":5},{"damage":7,"enemies":"The Guardian","floor":16,"turns":26},{"damage":0,"enemies":"3 Byrds","floor":18,"turns":5},{"damage":0,"enemies":"2 Thieves","floor":19,"turns":3},{"damage":2,"enemies":"Gremlin Leader","floor":23,"turns":7},{"damage":0,"enemies":"Book of Stabbing","floor":25,"turns":9},{"damage":52,"enemies":"Slavers","floor":30,"turns":4},{"damage":16,"enemies":"Collector","floor":33,"turns":7},{"damage":0,"enemies":"Hallownest:3_Siblings","floor":35,"turns":4},{"damage":0,"enemies":"Hallownest:Shield_Heavy","floor":36,"turns":3},{"damage":0,"enemies":"Hallownest:Xero_Hu_Marmu","floor":37,"turns":4},{"damage":0,"enemies":"Hallownest:monsterPrimalAspid","floor":38,"turns":5},{"damage":0,"enemies":"Hallownest:2_Great","floor":39,"turns":4},{"damage":20,"enemies":"Hallownest:Slobbering_and_Violent","floor":41,"turns":6},{"damage":20,"enemies":"Hallownest:2_Primals","floor":42,"turns":41},{"damage":0,"enemies":"Hallownest:2_Primals","floor":47,"turns":3},{"damage":0,"enemies":"Hallownest:2_Primals","floor":47,"turns":5},{"damage":0,"enemies":"Hallownest:2_Primals","floor":47,"turns":4},{"damage":0,"enemies":"Hallownest:2_Primals","floor":47,"turns":2},{"damage":0,"enemies":"Hallownest:monsterPrimalAspid","floor":48,"turns":4},{"damage":0,"enemies":"Hallownest:BossHollowKnight","floor":50,"turns":10},{"damage":0,"enemies":"Shield and Spear","floor":54,"turns":8},{"damage":26,"enemies":"The Heart","floor":55,"turns":14}],"seed_played":"-4774416129900003663","potions_obtained":[{"floor":1,"key":"GamblersBrew"},{"floor":12,"key":"Explosive Potion"},{"floor":16,"key":"Strength Potion"},{"floor":17,"key":"SteroidPotion"},{"floor":18,"key":"FearPotion"},{"floor":30,"key":"Dexterity Potion"},{"floor":35,"key":"AttackPotion"},{"floor":36,"key":"LiquidBronze"},{"floor":41,"key":"SpeedPotion"},{"floor":48,"key":"SpeedPotion"}],"is_trial":false,"path_per_floor":["M","?","?","M","$","R","M","?","T","$","M","M","M","?","R","B",null,"M","M","$","?","$","E","R","E","T","R","$","?","E","$","R","B",null,"M","M","M","M","M","$","M","?","T","R","T","$","?","M","R","B",null,"R","$","E","B",null],"character_chosen":"THE_SERVANT","items_purchased":["Ricochet","Gremlin Horn","Membership Card","Bag of Preparation","Luminosity+1","Discovery","Rearm","Ice Cream","Matryoshka","HandDrill","Contraction","Nunchaku","Whetstone","HollowMod:LifeEnderRelic","Anchor","Alleviate"],"campfire_rested":3,"item_purchase_floors":[5,10,20,20,20,20,28,31,40,40,40,46,53,53,53,53],"current_hp_per_floor":[65,65,65,65,65,65,65,64,64,64,50,49,44,19,38,31,70,70,70,70,70,70,68,68,68,68,68,68,68,16,16,37,46,70,70,70,70,70,70,70,50,30,30,51,51,51,51,51,51,70,70,70,70,70,44],"gold":26,"neow_bonus":"THREE_ENEMY_KILL","is_daily":false,"chose_seed":false,"campfire_upgraded":4,"win_rate":0.0,"timestamp":1607864305,"path_taken":["M","?","?","M","$","R","M","?","T","?","M","M","?","?","R","BOSS","M","M","$","?","$","E","R","E","T","R","?","?","E","$","R","BOSS","M","M","?","M","M","$","?","?","T","R","?","$","?","M","R","BOSS","R","$","E","BOSS"],"items_purchased_type":["Card","Relic","Relic","Relic","Card","Card","Card","Relic","Relic","Relic","Card","Relic","Relic","Relic","Relic","Card"],"build_version":"2020-11-30","purchased_purges":2,"victory":true,"max_hp_per_floor":[65,65,65,65,65,65,65,65,65,65,65,65,65,65,65,65,70,70,70,70,70,70,70,70,70,70,70,70,70,70,70,70,70,70,70,70,70,70,70,70,70,70,70,70,70,70,70,70,70,70,70,70,70,70,70],"card_choices":[{"not_picked":["Unruled","Defy"],"picked":"ShiftingGears","floor":1},{"not_picked":["Collapse","BottledTime"],"picked":"InstantArmor","floor":4},{"not_picked":["DoubleEdge","ShatteredReality"],"picked":"Revamp","floor":7},{"not_picked":["Revamp","FastForward"],"picked":"Luminosity+1","floor":8},{"not_picked":["StarChef+1","ShiftingGears"],"picked":"Revamp","floor":11},{"not_picked":["SoulSculpture","Ricochet"],"picked":"TimeWarp","floor":12},{"not_picked":["Read","DualDimension"],"picked":"Contraction","floor":13},{"not_picked":["Duplication","KillingDoll"],"picked":"FloweringNight+1","floor":16},{"not_picked":["Revamp","Ricochet"],"picked":"Rearm","floor":17},{"not_picked":["Desolation+1","Revamp"],"picked":"ShatteredReality","floor":18},{"not_picked":["LightFlow","Rewind"],"picked":"Foresight+1","floor":19},{"not_picked":["TimeWarp+1","Shuttle"],"picked":"Snipe+1","floor":23},{"not_picked":["Alleviate","SpecialFormula+1"],"picked":"Potential","floor":25},{"not_picked":["Moonlight","ReturningBlade"],"picked":"MurderousAura+1","floor":30},{"not_picked":["Sunlight","Deny"],"picked":"TheWorld","floor":33},{"not_picked":["Misdirection+1"],"picked":"SKIP","floor":35},{"not_picked":["Hightail"],"picked":"SKIP","floor":36},{"not_picked":[],"picked":"FastForward","floor":37},{"not_picked":[],"picked":"BottledTime+1","floor":38},{"not_picked":[],"picked":"Desolation","floor":39},{"not_picked":["Hightail"],"picked":"SKIP","floor":41},{"not_picked":[],"picked":"ShiftingGears+1","floor":42},{"not_picked":[],"picked":"Foresight+1","floor":48},{"not_picked":[],"picked":"ForgedInTime","floor":50},{"not_picked":[],"picked":"Foresight+1","floor":54}],"player_experience":96063,"relics_obtained":[{"floor":8,"key":"Odd Mushroom"},{"floor":23,"key":"Torii"},{"floor":25,"key":"Omamori"},{"floor":26,"key":"Pantograph"},{"floor":30,"key":"Lantern"},{"floor":42,"key":"Ginger"},{"floor":43,"key":"Pen Nib"},{"floor":43,"key":"Gambling Chip"},{"floor":45,"key":"War Paint"},{"floor":45,"key":"Ancient Tea Set"},{"floor":54,"key":"TungstenRod"}],"event_choices":[{"damage_healed":0,"gold_gain":0,"player_choice":"Box","damage_taken":0,"relics_obtained":["Frozen Egg 2"],"max_hp_gain":0,"max_hp_loss":0,"event_name":"Big Fish","floor":2,"gold_loss":0,"cards_obtained":["Regret"]},{"damage_healed":0,"gold_gain":175,"player_choice":"AGREE","damage_taken":0,"max_hp_gain":0,"max_hp_loss":0,"event_name":"Liars Game","floor":3,"gold_loss":0,"cards_obtained":["Doubt"]},{"damage_healed":0,"gold_gain":0,"player_choice":"Fought Mushrooms","damage_taken":0,"max_hp_gain":0,"max_hp_loss":0,"event_name":"Mushrooms","floor":8,"gold_loss":0},{"damage_healed":0,"gold_gain":0,"player_choice":"Success","damage_taken":25,"relics_obtained":["Thread and Needle"],"max_hp_gain":0,"max_hp_loss":0,"event_name":"Scrap Ooze","floor":14,"gold_loss":0},{"damage_healed":0,"gold_gain":0,"player_choice":"3 cards matched","damage_taken":0,"max_hp_gain":0,"max_hp_loss":0,"event_name":"Match and Keep!","floor":21,"gold_loss":0,"cards_obtained":["KidneyShot","Dramatic Entrance","TimeWarp"]},{"damage_healed":0,"gold_gain":0,"cards_transformed":["Revamp"],"player_choice":"Transformed","damage_taken":0,"max_hp_gain":0,"max_hp_loss":0,"event_name":"Transmorgrifier","floor":29,"gold_loss":0,"cards_obtained":["Comet"]}],"is_beta":false,"boss_relics":[{"not_picked":["Black Star","Fusion Hammer"],"picked":"Tiny House"},{"not_picked":["Snecko Eye","Coffee Dripper"],"picked":"Busted Crown"}],"items_purged_floors":[5,28],"is_endless":false,"potions_floor_spawned":[1,12,16,18,30,35,36,41,47,47,48],"ascension_level":0}}