{"host":"1rcu5ixl4icqax5v","time":1607888675,"event":{"mods":["BaseMod","Bestiary","Block Reminder","Colored Map","DeckTracker","Highlight Path","Minty Spire (QoL Compilation)","Quick Restart","Relic Sorter","Relic Stats"],"gold_per_floor":[114,132,152,167,178,209,209,227,252,284,284,298,330,394,394,489,489,499,62,62,96,111,140,140,140,140,166,185,185,185],"floor_reached":29,"playtime":1925,"items_purged":["Strike_B"],"score":357,"play_id":"cc7d4de2-6814-4203-bb34-171f85d4df08","local_time":"20201213224435","is_ascension_mode":true,"campfire_choices":[{"floor":7.0,"key":"REST"},{"floor":15.0,"key":"REST"},{"floor":25,"key":"REST"}],"circlet_count":0,"master_deck":["Strike_B","Strike_B","Strike_B+1","Defend_B","Defend_B","Defend_B","Defend_B","Zap","Dualcast","Streamline","Chaos","Coolheaded","Doom and Gloom","Leap","Rebound","Leap","Cold Snap","Chill+1","Self Repair","Electrodynamics","Redo+1","Blind","Conserve Battery","Ball Lightning+1","Multi-Cast+1","Turbo"],"relics":["Philosopher\u0027s Stone","Whetstone","War Paint","PreservedInsect","Juzu Bracelet","Nloth\u0027s Gift","Red Mask","Orichalcum","Calipers","Omamori","Inserter","OrangePellets","Pantograph"],"acts_visited":["Exordium","TheCity"],"potions_floor_usage":[23,27,27],"damage_taken":[{"damage":5.0,"enemies":"Small Slimes","floor":1.0,"turns":3.0},{"damage":0.0,"enemies":"Jaw Worm","floor":2.0,"turns":3.0},{"damage":1.0,"enemies":"Cultist","floor":3.0,"turns":4.0},{"damage":4.0,"enemies":"Blue Slaver","floor":4.0,"turns":5.0},{"damage":12.0,"enemies":"Looter","floor":5.0,"turns":3.0},{"damage":21.0,"enemies":"3 Sentries","floor":6.0,"turns":7.0},{"damage":0.0,"enemies":"Large Slime","floor":8.0,"turns":4.0},{"damage":0.0,"enemies":"Lagavulin","floor":10.0,"turns":6.0},{"damage":8.0,"enemies":"Red Slaver","floor":12.0,"turns":3.0},{"damage":11.0,"enemies":"3 Sentries","floor":13.0,"turns":2.0},{"damage":18.0,"enemies":"Lagavulin Event","floor":14.0,"turns":5.0},{"damage":32.0,"enemies":"Slime Boss","floor":16.0,"turns":13.0},{"damage":17.0,"enemies":"Spheric Guardian","floor":18.0,"turns":4.0},{"damage":25.0,"enemies":"Masked Bandits","floor":21.0,"turns":3.0},{"damage":1.0,"enemies":"Shell Parasite","floor":22.0,"turns":6.0},{"damage":20,"enemies":"Slavers","floor":23,"turns":3},{"damage":17,"enemies":"Book of Stabbing","floor":27,"turns":5},{"damage":29,"enemies":"Snake Plant","floor":28,"turns":5},{"damage":10,"enemies":"Snecko","floor":29,"turns":3}],"seed_played":"4507950941529937687","potions_obtained":[{"floor":1.0,"key":"Energy Potion"},{"floor":3.0,"key":"CultistPotion"},{"floor":5.0,"key":"BlessingOfTheForge"},{"floor":6.0,"key":"Dexterity Potion"},{"floor":16.0,"key":"Fire Potion"},{"floor":21.0,"key":"Block Potion"},{"floor":22.0,"key":"LiquidBronze"},{"floor":23,"key":"Block Potion"},{"floor":27,"key":"SteroidPotion"}],"is_trial":false,"path_per_floor":["M","M","M","M","M","E","R","M","T","E","?","M","E","?","R","B",null,"M","$","?","?","M","E","?","R","T","E","M","M"],"character_chosen":"DEFECT","items_purchased":["OrangePellets","Orichalcum","Blind"],"campfire_rested":3,"item_purchase_floors":[19,19,19],"current_hp_per_floor":[70,70,69,65,53,32,54,54,54,54,54,46,35,17,39,14,75,65,65,65,40,39,19,19,41,41,31,9,0,0],"gold":185,"neow_bonus":"BOSS_RELIC","is_daily":false,"chose_seed":false,"campfire_upgraded":0,"win_rate":0.0,"timestamp":1607888675,"path_taken":["M","M","M","M","M","E","R","M","T","E","?","M","E","?","R","BOSS","M","$","?","?","M","E","?","R","T","E","M","M"],"items_purchased_type":["Relic","Relic","Card"],"build_version":"2020-11-30","purchased_purges":1,"victory":false,"max_hp_per_floor":[75,75,75,75,75,75,75,75,75,75,75,75,75,75,75,75,75,75,75,75,75,75,75,75,75,75,75,75,75,75],"relic_stats":{"OrangePellets":[2],"Inserter":[14],"counters":[19,87],"Pantograph":0,"PreservedInsect":169,"Juzu Bracelet":1,"Nloth\u0027s Gift":2,"Whetstone":["Strike_B","Ball Lightning"],"War Paint":["Chill","Multi-Cast"],"Orichalcum":[36],"obtain_stats":[{"Calipers":10,"Inserter":17,"PreservedInsect":6,"Juzu Bracelet":9,"Omamori":14,"Whetstone":23,"Orichalcum":19,"War Paint":27,"Smiling Mask":13,"OrangePellets":19,"Pantograph":26,"Philosopher\u0027s Stone":0,"Nloth\u0027s Gift":20,"Red Mask":21,"Cracked Core":0},{"Calipers":8,"Inserter":12,"PreservedInsect":6,"Juzu Bracelet":7,"Omamori":10,"Whetstone":16,"Orichalcum":13,"War Paint":17,"Smiling Mask":10,"OrangePellets":13,"Pantograph":16,"Philosopher\u0027s Stone":0,"Nloth\u0027s Gift":13,"Red Mask":14,"Cracked Core":0},{"Calipers":35,"Inserter":58,"PreservedInsect":25,"Juzu Bracelet":29,"Omamori":40,"Whetstone":74,"Orichalcum":62,"War Paint":79,"Smiling Mask":40,"OrangePellets":62,"Pantograph":74,"Philosopher\u0027s Stone":0,"Nloth\u0027s Gift":62,"Red Mask":65,"Cracked Core":0}]},"card_choices":[{"not_picked":["Tempest","Conserve Battery"],"picked":"Streamline","floor":1.0},{"not_picked":["Stack","Streamline"],"picked":"Chaos","floor":2.0},{"not_picked":["Undo","Gash"],"picked":"Coolheaded","floor":3.0},{"not_picked":["Barrage","Turbo"],"picked":"Doom and Gloom","floor":4.0},{"not_picked":["Tempest","White Noise"],"picked":"Leap","floor":5.0},{"not_picked":["Stack","Chaos"],"picked":"Rebound","floor":6.0},{"not_picked":["Sunder","Sweeping Beam"],"picked":"Leap","floor":8.0},{"not_picked":["Steam Power","Streamline"],"picked":"Cold Snap","floor":10.0},{"not_picked":["Gash","Reprogram","Sweeping Beam"],"picked":"SKIP","floor":12.0},{"not_picked":["Turbo","Heatsinks"],"picked":"Chill","floor":13.0},{"not_picked":["FTL","Beam Cell"],"picked":"Self Repair","floor":14.0},{"not_picked":["Fission","Core Surge"],"picked":"Electrodynamics","floor":16.0},{"not_picked":["Streamline","Hello World+1"],"picked":"Redo+1","floor":18.0},{"not_picked":["Force Field","Leap"],"picked":"Conserve Battery","floor":21.0},{"not_picked":["Blizzard","Force Field","Gash"],"picked":"SKIP","floor":22.0},{"not_picked":["Melter","Streamline"],"picked":"Ball Lightning","floor":23},{"not_picked":["Scrape+1","White Noise","Gash"],"picked":"SKIP","floor":27},{"not_picked":["Sweeping Beam","Blizzard"],"picked":"Turbo","floor":28}],"player_experience":603149,"relics_obtained":[{"floor":6.0,"key":"PreservedInsect"},{"floor":9.0,"key":"Juzu Bracelet"},{"floor":10.0,"key":"Calipers"},{"floor":13.0,"key":"Smiling Mask"},{"floor":21.0,"key":"Red Mask"},{"floor":23,"key":"Whetstone"},{"floor":26,"key":"Pantograph"},{"floor":27,"key":"War Paint"}],"event_choices":[{"damage_healed":0.0,"max_hp_gain":0.0,"max_hp_loss":0.0,"gold_gain":0.0,"event_name":"Shining Light","player_choice":"Ignored","floor":11.0,"gold_loss":0.0,"damage_taken":0.0},{"damage_healed":0.0,"max_hp_gain":0.0,"max_hp_loss":0.0,"gold_gain":30.0,"event_name":"Dead Adventurer","player_choice":"Searched \u00273\u0027 times","floor":14.0,"gold_loss":0.0,"damage_taken":0.0,"relics_obtained":["Omamori"]},{"damage_healed":0.0,"max_hp_gain":0.0,"max_hp_loss":0.0,"gold_gain":0.0,"event_name":"N\u0027loth","player_choice":"Traded Relic","floor":20.0,"relics_lost":["Smiling Mask"],"gold_loss":0.0,"damage_taken":0.0,"relics_obtained":["Nloth\u0027s Gift"]},{"damage_healed":0.0,"max_hp_gain":0.0,"max_hp_loss":0.0,"gold_gain":0.0,"event_name":"Masked Bandits","player_choice":"Fought Bandits","floor":21.0,"gold_loss":0.0,"damage_taken":0.0},{"damage_healed":0,"gold_gain":0,"player_choice":"Read","damage_taken":0,"max_hp_gain":0,"max_hp_loss":0,"event_name":"The Library","floor":24,"gold_loss":0,"cards_obtained":["Multi-Cast"]}],"is_beta":false,"boss_relics":[{"not_picked":["Empty Cage","Busted Crown"],"picked":"Inserter"}],"items_purged_floors":[19],"is_endless":false,"potions_floor_spawned":[1,3,5,6,16,21,22,23,27],"killed_by":"Snecko","ascension_level":3}}