{"host":"0y7rggrn2c7yxnri","time":1607836385,"event":{"mods":["AchievementEnabler","Act Like it!","AlwaysNeverKeys","Aspiration","Bartender","BaseMod","Better Altar","Better Sensory Stone","Better Skull","Better Third Choice","Better Vampires","BetterRewards","Colored Map","Colored Powertips","Displayed Cursed Tome","Duelist Mod","GifTheSpireLib","Magitek Elite","Minty Spire (QoL Compilation)","Permanent Neow","Quick Restart","Replay The Spire","Shop Mod","Spicy Shops","StSLib","Stuff the Spire","The Alterego","The Animator","The Servant 0.9.4","Transform Curses","Virulent Crown","Wandering Minibosses","vexMod"],"gold_per_floor":[115,115,134,154,168,203,222,248,248,60,60,74,74,74,74,151,151,170,170,170,170,170,196,215,215,215,215,247,247,29,43,43,117,117,132,132,0,0,11,44,44,54,81,81,97,122,134,149,149,149,149,149,8,43,43,43],"floor_reached":55,"playtime":3030,"items_purged":["Injury","Defend_R","Shame"],"score":1031,"play_id":"c383bcd7-7a47-4c83-9e08-a0fdca933f13","local_time":"20201213001305","is_ascension_mode":true,"campfire_choices":[{"floor":11,"key":"REST"},{"floor":15,"key":"REST"},{"floor":25,"key":"REST"},{"data":"Demon Form","floor":27,"key":"SMITH"},{"floor":32,"key":"REST"},{"floor":41,"key":"REST"},{"floor":49,"key":"REST"},{"data":"Double Tap","floor":52,"key":"SMITH"},{"data":"Warcry","floor":52,"key":"SMITH"}],"circlet_count":0,"master_deck":["AscendersBane","Strike_R","Strike_R+1","Strike_R+1","Strike_R","Strike_R+1","Defend_R+1","Defend_R","Defend_R","Bash+1","Inflame","Pummel+1","Poisoned Strike","Sword Boomerang","Cleave","Blood for Blood","Warcry+1","Immolate+1","Feed+1","Headbutt","Demon Form+1","Double Tap+1","Dramatic Entrance+1","Reaper+1","Clumsy","Sickly","Parasite","Feel No Pain"],"relics":["Burning Blood","ReplayTheSpireMod:CursedCoin","StrikeDummy","Shuriken","Blue Candle","InkBottle","MerchantsRug","aspiration:HummingbirdHeart","Silver_Glasses","alterego_mod:FleetingLove","Guard_Bracelet","Sundial","aspiration:RitualStick","Ribbon","aspiration:ChemicalBlood","Replay:Ringing Soul","Red Mask","StuffTheSpire:RubySignet","Dead Branch","wanderingMiniBosses:OtherGremlinHorn","Bronze Scales","Guide Book","Paper Frog"],"acts_visited":["Exordium","TheCity","TheBeyond","TheEnding"],"potions_floor_usage":[6,6,6,8,16,16,33,35,39,40,40,40,42,45,46,46,46,46,50,50,50,54,54,55,55,55],"damage_taken":[{"damage":5,"enemies":"Small Slimes","floor":1,"turns":2},{"damage":0,"enemies":"Cultist","floor":3,"turns":2},{"damage":12,"enemies":"Jaw Worm","floor":4,"turns":2},{"damage":16,"enemies":"Blue Slaver","floor":5,"turns":3},{"damage":15,"enemies":"3 Sentries","floor":6,"turns":4},{"damage":15,"enemies":"2 Fungi Beasts","floor":7,"turns":3},{"damage":23,"enemies":"Replay:BlueRogue","floor":8,"turns":3},{"damage":0,"enemies":"3 Louse","floor":12,"turns":1},{"damage":24,"enemies":"Fading Forest","floor":16,"turns":11},{"damage":1,"enemies":"Chosen","floor":18,"turns":3},{"damage":19,"enemies":"Replay:Snechameleon","floor":23,"turns":3},{"damage":7,"enemies":"3 Byrds","floor":24,"turns":4},{"damage":6,"enemies":"theDuelist:KaibaA2","floor":28,"turns":3},{"damage":10,"enemies":"3 Cultists","floor":31,"turns":4},{"damage":66,"enemies":"Champ","floor":33,"turns":6},{"damage":34,"enemies":"Orb Walker","floor":35,"turns":5},{"damage":6,"enemies":"3 Shapes","floor":39,"turns":3},{"damage":43,"enemies":"Nemesis","floor":40,"turns":5},{"damage":14,"enemies":"Jaw Worm Horde","floor":42,"turns":4},{"damage":10,"enemies":"4 Shapes","floor":45,"turns":3},{"damage":46,"enemies":"Mind Bloom Boss Battle","floor":46,"turns":6},{"damage":31,"enemies":"Writhing Mass","floor":47,"turns":5},{"damage":6,"enemies":"Spire Growth","floor":48,"turns":3},{"damage":40,"enemies":"Replay:Hell Engine","floor":50,"turns":6},{"damage":29,"enemies":"Shield and Spear","floor":54,"turns":4},{"damage":107,"enemies":"The Heart","floor":55,"turns":6}],"seed_played":"5560026135175420156","potions_obtained":[{"floor":4,"key":"SkillPotion"},{"floor":6,"key":"Adrenaline Potion"},{"floor":7,"key":"DistilledChaos"},{"floor":8,"key":"DistilledChaos"},{"floor":23,"key":"LiquidMemories"},{"floor":24,"key":"BloodPotion"},{"floor":35,"key":"DuplicationPotion"},{"floor":40,"key":"EssenceOfSteel"},{"floor":42,"key":"Adrenaline Potion"},{"floor":47,"key":"HeartOfIron"}],"is_trial":false,"path_per_floor":["M","?","M","M","M","E","M","E","T","$","R","M","?","T","R","B",null,"M","?","?","?","T","E","M","R","T","R","E","?","$","M","R","B",null,"M","?","?","$","M","E","R","M","T","?","M","?","M","M","R","B",null,"R","$","E","B"],"character_chosen":"IRONCLAD","items_purchased":["ReplayTheSpireMod:CursedCoin","StrikeDummy","Inflame","BargainBundle","Shuriken","Pummel","Poisoned Strike","ColorlessPotion","EssenceOfSteel","MerchantsRug","Juzu Bracelet","Ribbon","Dramatic Entrance","Bronze Scales","Guide Book"],"campfire_rested":6,"item_purchase_floors":[0,0,0,0,0,0,0,0,0,10,10,30,30,53,53],"current_hp_per_floor":[69,69,75,69,59,50,41,24,24,24,46,52,52,52,74,64,72,75,75,75,57,57,44,46,69,69,69,69,49,49,48,72,12,67,50,50,50,50,77,56,80,86,86,86,89,63,44,44,72,52,84,84,84,78,0,0],"gold":43,"neow_bonus":"","is_daily":false,"chose_seed":false,"campfire_upgraded":3,"win_rate":0.0,"timestamp":1607836385,"path_taken":["M","?","M","M","?","E","M","E","T","?","R","M","?","?","R","BOSS","M","?","?","?","?","E","M","R","T","R","E","?","$","M","R","BOSS","M","?","?","$","M","E","R","M","T","?","M","?","M","M","R","BOSS","R","$","E","BOSS"],"items_purchased_type":["Relic","Relic","Card","Relic","Relic","Card","Card","Potion","Potion","Relic","Relic","Relic","Card","Relic","Relic"],"build_version":"2020-11-30","purchased_purges":3,"victory":false,"max_hp_per_floor":[75,75,75,75,75,75,75,75,75,75,75,75,75,75,75,75,75,75,75,75,75,75,75,78,78,78,78,78,78,78,81,81,81,84,84,80,80,80,83,83,83,86,86,86,89,89,95,95,95,95,95,95,95,98,98,98],"card_choices":[{"not_picked":["Thunderclap","Warcry"],"picked":"Sword Boomerang","floor":1},{"not_picked":["Iron Wave","ReplayTheSpireMod:Stacked"],"picked":"Cleave","floor":3},{"not_picked":["StuffTheSpire:Pyroclast","Armaments","Thunderclap"],"picked":"SKIP","floor":4},{"not_picked":["Headbutt","Body Slam","Flex"],"picked":"SKIP","floor":5},{"not_picked":["Fire Breathing","Carnage"],"picked":"Blood for Blood","floor":6},{"not_picked":["Cleave","Abandon"],"picked":"Warcry","floor":7},{"not_picked":["Clash","Dark Embrace"],"picked":"Immolate","floor":8},{"not_picked":["Shrug It Off","Thunderclap","Hemokinesis"],"picked":"SKIP","floor":12},{"not_picked":["Eclipse","Berserk"],"picked":"Feed","floor":16},{"not_picked":["ReplayTheSpireMod:LeadingStrike","Shrug It Off"],"picked":"Headbutt","floor":18},{"not_picked":["Perfected Strike","Combust","ReplayTheSpireMod:LeadingStrike"],"picked":"SKIP","floor":23},{"not_picked":["Cleave","Rupture","Inflame"],"picked":"SKIP","floor":24},{"not_picked":["Clash+1","ReplayTheSpireMod:Strike From Hell"],"picked":"Double Tap","floor":28},{"not_picked":["Perfected Strike","Clash+1","Twin Strike"],"picked":"SKIP","floor":31},{"not_picked":["Exhume","Impervious"],"picked":"Reaper","floor":33},{"not_picked":["CurseOfTheBell","CommonCold"],"picked":"StuffTheSpire:WarCurse","floor":34},{"not_picked":["Regret","Normality"],"picked":"Clumsy","floor":34},{"not_picked":["Doubt","Pain"],"picked":"Sickly","floor":34},{"not_picked":["Run Through","Inflame","Life Link"],"picked":"SKIP","floor":35},{"not_picked":["Fiend Fire","Twin Strike+1","Feel No Pain+1"],"picked":"SKIP","floor":39},{"not_picked":["Body Slam","ReplayTheSpireMod:Strike From Hell","StuffTheSpire:TitanForm"],"picked":"SKIP","floor":40},{"not_picked":["StuffTheSpire:RockThrow+1","Clash+1","Rage"],"picked":"SKIP","floor":42},{"not_picked":["Ghostly Armor+1","StuffTheSpire:Pyroclast","Shockwave"],"picked":"SKIP","floor":45},{"not_picked":["Clash+1","Warcry","StuffTheSpire:Resist+1"],"picked":"SKIP","floor":47},{"not_picked":["ReplayTheSpireMod:Stacked","Uppercut+1","ReplayTheSpireMod:Strike From Hell"],"picked":"SKIP","floor":48},{"not_picked":["StuffTheSpire:Incineration+1","Flex+1"],"picked":"Feel No Pain","floor":54}],"player_experience":294152,"relics_obtained":[{"floor":6,"key":"Blue Candle"},{"floor":8,"key":"Gremlin Food"},{"floor":9,"key":"InkBottle"},{"floor":14,"key":"aspiration:HummingbirdHeart"},{"floor":22,"key":"Guard_Bracelet"},{"floor":23,"key":"Sundial"},{"floor":26,"key":"Replay:Kaleidoscope"},{"floor":28,"key":"aspiration:Nostalgia"},{"floor":40,"key":"StuffTheSpire:RubySignet"},{"floor":43,"key":"Dream Catcher"},{"floor":46,"key":"Dead Branch"},{"floor":46,"key":"wanderingMiniBosses:OtherGremlinHorn"},{"floor":54,"key":"Paper Frog"}],"event_choices":[{"damage_healed":0,"gold_gain":0,"player_choice":"Upgraded","damage_taken":0,"max_hp_gain":0,"max_hp_loss":0,"event_name":"Upgrade Shrine","floor":2,"gold_loss":0,"cards_upgraded":["Pummel"]},{"damage_healed":0,"gold_gain":0,"player_choice":"Choice 1","damage_taken":0,"relics_obtained":["alterego_mod:FleetingLove"],"max_hp_gain":0,"max_hp_loss":0,"event_name":"Secret Garden","floor":20,"gold_loss":0},{"damage_healed":0,"gold_gain":2,"player_choice":"2","damage_taken":0,"max_hp_gain":0,"max_hp_loss":18,"event_name":"betterStone:BetterStone","floor":21,"gold_loss":0},{"damage_healed":0,"gold_gain":0,"player_choice":"Max HP","damage_taken":0,"max_hp_gain":0,"max_hp_loss":4,"event_name":"Winding Halls","floor":36,"gold_loss":0},{"damage_healed":0,"gold_gain":0,"player_choice":"Paid","damage_taken":0,"relics_obtained":["Red Mask"],"max_hp_gain":0,"max_hp_loss":0,"event_name":"Tomb of Lord Red Mask","floor":37,"gold_loss":132},{"damage_healed":0,"gold_gain":0,"player_choice":"Fight","damage_taken":0,"max_hp_gain":0,"max_hp_loss":0,"event_name":"MindBloom","floor":46,"gold_loss":0}],"is_beta":false,"boss_relics":[{"not_picked":["Calling Bell","vexMod:BigBerry"],"picked":"Silver_Glasses"},{"not_picked":["Philosopher\u0027s Stone","vexMod:CursedCompass"],"picked":"Replay:Ancient Bell"},{"not_picked":["King of Hearts","Cleaning_Rag"],"picked":"aspiration:ChemicalBlood"},{"not_picked":["HornCleat","Eternal Feather"],"picked":"Replay:Ringing Soul"},{"not_picked":["StuffTheSpire:Wildfire","StuffTheSpire:BottledHeartBeat"],"picked":"Replay:Arrowhead"}],"items_purged_floors":[0,0,38],"is_endless":false,"potions_floor_spawned":[4,6,7,8,12,23,24,35,40,42,47],"killed_by":"The Heart","ascension_level":16}}