{"host":"tknto047uabgu3zm","time":1607847600,"event":{"mods":["AchievementEnabler","BaseMod","Bestiary","Block Reminder","Colored Map","Colored Powertips","Highlight Path","Minty Spire (QoL Compilation)","MonsterHotkey","Permanent Neow","Random Character Button","Rare Cards Sparkle","Relic Sorter","Relic Stats","StSLib"],"gold_per_floor":[219,219,230,133,133,133,283,283,283,283,36,50,50,77,77,152,152,162,129,129,129,142,168,168,202,202,202,202,202,220,270,270,270,270],"floor_reached":33,"playtime":1029,"items_purged":["Decay","Doubt"],"score":485,"play_id":"ad20641b-9ac7-47f3-bf1b-ef7882875566","local_time":"20201213002000","is_ascension_mode":true,"campfire_choices":[{"data":"Zap","floor":6,"key":"SMITH"},{"data":"Defragment","floor":8,"key":"SMITH"},{"floor":13,"key":"REST"},{"floor":15,"key":"REST"},{"floor":24,"key":"REST"},{"floor":27,"key":"REST"},{"floor":32,"key":"REST"}],"circlet_count":0,"master_deck":["AscendersBane","Strike_B+1","Strike_B+1","Strike_B+1","Defend_B+1","Defend_B+1","Defend_B+1","Defend_B+1","Zap+1","Dualcast","Gash","Defragment+1","Cold Snap","Beam Cell","Electrodynamics","FTL","BootSequence","Defragment+1","Gash","All For One","Regret","Decay","Coolheaded","FTL"],"relics":["Cracked Core","War Paint","Gremlin Horn","ClockworkSouvenir","Blue Candle","Cursed Key","Bronze Scales","HornCleat","Mango"],"acts_visited":["Exordium","TheCity"],"potions_floor_usage":[16,23,23,33],"damage_taken":[{"damage":3,"enemies":"Small Slimes","floor":1,"turns":3},{"damage":13,"enemies":"Cultist","floor":3,"turns":4},{"damage":0,"enemies":"2 Louse","floor":12,"turns":3},{"damage":20,"enemies":"Lagavulin","floor":14,"turns":6},{"damage":39,"enemies":"Slime Boss","floor":16,"turns":12},{"damage":4,"enemies":"3 Byrds","floor":18,"turns":2},{"damage":4,"enemies":"2 Thieves","floor":22,"turns":2},{"damage":37,"enemies":"Slavers","floor":23,"turns":4},{"damage":27,"enemies":"Book of Stabbing","floor":25,"turns":5},{"damage":8,"enemies":"Snake Plant","floor":30,"turns":3},{"damage":70,"enemies":"Champ","floor":33,"turns":9}],"seed_played":"8584226003667986261","potions_obtained":[{"floor":3,"key":"Fire Potion"},{"floor":12,"key":"PotionOfCapacity"},{"floor":16,"key":"BlessingOfTheForge"},{"floor":25,"key":"Fire Potion"}],"is_trial":false,"path_per_floor":["M","?","M","$","?","R","?","R","T","?","$","M","R","E","R","B",null,"M","$","?","?","M","E","R","E","T","R","?","?","M","?","R","B"],"character_chosen":"DEFECT","items_purchased":["Gash","ClockworkSouvenir","BootSequence"],"campfire_rested":5,"item_purchase_floors":[4,11,19],"current_hp_per_floor":[61,61,48,48,41,41,41,41,41,41,41,41,62,42,63,24,59,55,55,55,55,51,14,35,8,22,47,47,47,39,39,64,0,0],"gold":270,"neow_bonus":"HUNDRED_GOLD","is_daily":false,"chose_seed":false,"campfire_upgraded":2,"win_rate":0.0,"timestamp":1607847600,"path_taken":["M","?","?","$","?","R","?","R","T","?","$","M","R","E","R","BOSS","M","?","?","?","?","E","R","E","T","R","?","?","M","?","R","BOSS"],"items_purchased_type":["Card","Relic","Card"],"build_version":"2020-11-30","purchased_purges":2,"victory":false,"max_hp_per_floor":[71,71,71,71,71,71,71,71,71,71,71,71,71,71,71,71,71,71,71,71,71,71,71,71,71,85,85,85,85,85,85,85,85,85],"relic_stats":{"Gremlin Horn":[6,6],"counters":[11,53],"Blue Candle":[2],"Bronze Scales":[51],"War Paint":["Defend_B","Defend_B"],"Cursed Key":1,"obtain_stats":[{"HornCleat":25,"Gremlin Horn":10,"Blue Candle":14,"Bronze Scales":23,"Mango":26,"War Paint":9,"Cracked Core":0,"Cursed Key":17,"ClockworkSouvenir":11},{"HornCleat":9,"Gremlin Horn":2,"Blue Candle":4,"Bronze Scales":8,"Mango":9,"War Paint":2,"Cracked Core":0,"Cursed Key":5,"ClockworkSouvenir":2},{"HornCleat":41,"Gremlin Horn":7,"Blue Candle":16,"Bronze Scales":36,"Mango":41,"War Paint":7,"Cracked Core":0,"Cursed Key":28,"ClockworkSouvenir":7}]},"card_choices":[{"not_picked":["Undo","Barrage"],"picked":"Gash","floor":1},{"not_picked":["Steam","Gash"],"picked":"Defragment","floor":3},{"not_picked":["Ball Lightning","Go for the Eyes"],"picked":"Cold Snap","floor":12},{"not_picked":["Hyperbeam","Compile Driver"],"picked":"Beam Cell","floor":14},{"not_picked":["Fission","Reboot"],"picked":"Electrodynamics","floor":16},{"not_picked":["Conserve Battery","Gash"],"picked":"FTL","floor":18},{"not_picked":["Leap","Hologram","Barrage"],"picked":"SKIP","floor":22},{"not_picked":["Aggregate+1","Streamline"],"picked":"Gash","floor":23},{"not_picked":["Reprogram","Creative AI"],"picked":"All For One","floor":25},{"not_picked":["Steam","Blizzard"],"picked":"FTL","floor":30}],"player_experience":436301,"relics_obtained":[{"floor":9,"key":"War Paint"},{"floor":14,"key":"Blue Candle"},{"floor":23,"key":"Bronze Scales"},{"floor":25,"key":"HornCleat"},{"floor":26,"key":"Mango"}],"event_choices":[{"damage_healed":0,"gold_gain":0,"player_choice":"Cursed","damage_taken":0,"max_hp_gain":0,"max_hp_loss":0,"event_name":"Wheel of Change","floor":2,"gold_loss":0,"cards_obtained":["Decay"]},{"cards_removed":["Strike_B"],"damage_healed":0,"gold_gain":0,"player_choice":"Card Removal","damage_taken":7,"max_hp_gain":0,"max_hp_loss":0,"event_name":"Golden Wing","floor":5,"gold_loss":0},{"damage_healed":0,"gold_gain":150,"player_choice":"AGREE","damage_taken":0,"max_hp_gain":0,"max_hp_loss":0,"event_name":"Liars Game","floor":7,"gold_loss":0,"cards_obtained":["Doubt"]},{"cards_removed":["Gash"],"damage_healed":0,"gold_gain":0,"player_choice":"Gave Card","damage_taken":0,"relics_obtained":["Gremlin Horn"],"max_hp_gain":0,"max_hp_loss":0,"event_name":"WeMeetAgain","floor":10,"gold_loss":0},{"damage_healed":0,"gold_gain":0,"player_choice":"Simplicity","damage_taken":0,"max_hp_gain":0,"max_hp_loss":0,"event_name":"Back to Basics","floor":20,"gold_loss":0,"cards_upgraded":["Strike_B","Strike_B","Strike_B","Defend_B","Defend_B"]},{"damage_healed":0,"gold_gain":0,"player_choice":"Copied","damage_taken":0,"max_hp_gain":0,"max_hp_loss":0,"event_name":"Duplicator","floor":21,"gold_loss":0,"cards_obtained":["Defragment"]},{"damage_healed":0,"gold_gain":0,"player_choice":"Smashed Altar","damage_taken":0,"max_hp_gain":0,"max_hp_loss":0,"event_name":"Forgotten Altar","floor":28,"gold_loss":0,"cards_obtained":["Decay"]},{"damage_healed":0,"gold_gain":0,"player_choice":"Read","damage_taken":0,"max_hp_gain":0,"max_hp_loss":0,"event_name":"The Library","floor":29,"gold_loss":0,"cards_obtained":["Coolheaded"]},{"damage_healed":0,"gold_gain":50,"player_choice":"Stole From Cult","damage_taken":0,"max_hp_gain":0,"max_hp_loss":0,"event_name":"Nest","floor":31,"gold_loss":0}],"is_beta":false,"boss_relics":[{"not_picked":["SlaversCollar","Empty Cage"],"picked":"Cursed Key"}],"items_purged_floors":[4,11],"is_endless":false,"potions_floor_spawned":[3,12,16,25],"killed_by":"Champ","ascension_level":15}}