{"host":"0xdpmeqhfd75uawb","time":1607856455,"event":{"mods":["Act Like it!","BaseMod","BetterRewards","Dota2Spire","Jedi Mod","Luminous","Minty Spire (QoL Compilation)","New YuGiOh mod","Pale of the Ancients","Replay The Spire","Spicy Shops","StSLib","SuperFastMode","The Administrix","TheWitcher","【功能Mod】聪明的最终Boss","【遗物卡牌】REMEMod","篝火指南"],"gold_per_floor":[114,114,464,494,494,494,521,524,548,548,548,548,582,606,606,711,711,735,515,590,606,622,622,643,643,643,643,643,742,774,774,774],"floor_reached":31,"playtime":1059,"items_purged":["Clumsy"],"score":311,"play_id":"0abb1050-d3f9-41f5-bee7-54789532269c","local_time":"20201213184735","is_ascension_mode":false,"campfire_choices":[{"data":"Replay:Hysterical Blindness","floor":6.0,"key":"PURGE"},{"data":"Amnesia","floor":12.0,"key":"PURGE"},{"data":"Looming Evil","floor":15.0,"key":"PURGE"},{"data":"Languid","floor":23,"key":"PURGE"},{"data":"Regret","floor":25,"key":"PURGE"}],"circlet_count":0,"master_deck":["SnafuTest:DefaultCommonAttack","SnafuTest:DefaultCommonAttack","SnafuTest:DefaultCommonAttack","SnafuTest:BountyHunt","SnafuTest:DefaultCommonSkill","SnafuTest:DefaultCommonSkill","SnafuTest:DefaultCommonSkill","A Thousand Cuts+1","SnafuTest:SignIgni+1","Forethought","SnafuTest:SpellIncendiaryShower+1","SnafuTest:SignAard","SnafuTest:PowerEternalFlame+1","CurseOfTheBell","SnafuTest:PowerFireDamnation","Sadistic Nature","SnafuTest:SpellIncendiaryShower","Decay","SnafuTest:CurseHeatDeath","SnafuTest:PayHappyHour","Voices","SnafuTest:FeignDeath"],"relics":["SnafuTest:PlaceholderRelic","REME_ComplimentaryCards","NeowsBlessing","Ring of Misfortune","Ring of Greed","Membership Card","Old Coin","Blue Doll","Lantern","Juzu Bracelet","Calling Bell","Replay:Mystery Machine","Gremlin Horn","Dota2Spire:OctarineCore","Chemical X","Mercury Hourglass","Enchiridion","jedi:heavyjacket"],"acts_visited":["Exordium","TheCity"],"potions_floor_usage":[30,30,30],"damage_taken":[{"damage":0.0,"enemies":"Cultist","floor":1.0,"turns":1.0},{"damage":0.0,"enemies":"2 Louse","floor":4.0,"turns":1.0},{"damage":0.0,"enemies":"3 Sentries","floor":7.0,"turns":1.0},{"damage":0.0,"enemies":"Small Slimes","floor":8.0,"turns":3.0},{"damage":14.0,"enemies":"Gremlin Nob","floor":13.0,"turns":3.0},{"damage":0.0,"enemies":"Blue Slaver","floor":14.0,"turns":2.0},{"damage":46.0,"enemies":"The Guardian","floor":16.0,"turns":9.0},{"damage":23.0,"enemies":"Shell Parasite","floor":18.0,"turns":5.0},{"damage":11,"enemies":"Chosen","floor":21,"turns":2},{"damage":15,"enemies":"Snake Plant","floor":22,"turns":3},{"damage":0,"enemies":"3 Cultists","floor":24,"turns":2},{"damage":0,"enemies":"Book of Stabbing","floor":30,"turns":2}],"seed_played":"4039082714106993973","potions_obtained":[{"floor":1.0,"key":"LiquidMemories"},{"floor":4.0,"key":"Fire Potion"},{"floor":14.0,"key":"SkillPotion"},{"floor":24,"key":"DistilledChaos"},{"floor":30,"key":"Regen Potion"}],"is_trial":false,"path_per_floor":["M","?","?","M","?","R","E","M","T","?","?","R","E","M","R","B",null,"M","$","?","M","M","R","M","R","T","?","?","?","E","?"],"character_chosen":"THE_WITCHER","items_purchased":["Chemical X","Sadistic Nature","SnafuTest:SpellIncendiaryShower"],"campfire_rested":0,"item_purchase_floors":[19,19,19],"current_hp_per_floor":[75,75,75,75,75,75,75,75,75,75,68,68,56,58,58,12,75,52,52,45,34,19,19,21,21,21,5,5,5,7,0,0],"gold":774,"neow_bonus":"THREE_ENEMY_KILL","is_daily":false,"chose_seed":false,"campfire_upgraded":0,"win_rate":0.0,"timestamp":1607856455,"path_taken":["M","?","?","M","?","R","E","?","T","?","?","R","E","M","R","BOSS","M","$","?","M","M","R","M","R","T","?","?","?","E","?"],"items_purchased_type":["Relic","Card","Card"],"build_version":"2020-11-30","purchased_purges":1,"victory":false,"max_hp_per_floor":[75,75,75,75,75,75,75,75,75,75,75,75,75,75,75,75,75,75,75,75,75,75,75,75,75,75,75,75,75,75,75,75],"card_choices":[{"not_picked":["SnafuTest:AncestralRitual","SnafuTest:PowerProbingFeint","SnafuTest:FirstAid"],"picked":"SKIP","floor":1.0},{"not_picked":["SnafuTest:PayArmorSmith","SnafuTest:DesperateRemediation"],"picked":"SnafuTest:PaySmithWorkshop","floor":4.0},{"not_picked":["SnafuTest:HermitsErudition","SnafuTest:NoPass"],"picked":"SnafuTest:SpellIncendiaryShower","floor":7.0},{"not_picked":["SnafuTest:FlashingEvasion","SnafuTest:SwordDance"],"picked":"SnafuTest:SignAard","floor":8.0},{"not_picked":["SnafuTest:ExcessiveLevies","SnafuTest:Shooting","SnafuTest:MelitelesCare"],"picked":"SKIP","floor":13.0},{"not_picked":["SnafuTest:PayArmorSmith","SnafuTest:CalculatingAmbition","SnafuTest:NoPass"],"picked":"SKIP","floor":14.0},{"not_picked":["SnafuTest:OtherWorld","SnafuTest:PowerLadyOfLake"],"picked":"SnafuTest:PowerEternalFlame","floor":16.0},{"not_picked":["SnafuTest:NoPass","SnafuTest:DesperateRemediation"],"picked":"SnafuTest:PowerFireDamnation","floor":18.0},{"not_picked":["SnafuTest:ScholarsIntrigue+1","SnafuTest:Portal"],"picked":"SnafuTest:PayHappyHour","floor":21},{"not_picked":["SnafuTest:PowerFireDamnation","SnafuTest:WorldMap","SnafuTest:Kick"],"picked":"SKIP","floor":22},{"not_picked":["SnafuTest:SpellButterflyIllusion+1","SnafuTest:Kick+1","SnafuTest:WitchHunt"],"picked":"SKIP","floor":24},{"not_picked":["SnafuTest:BombDevilsPuffball","SnafuTest:Shooting"],"picked":"SnafuTest:FeignDeath","floor":30}],"player_experience":96688,"relics_obtained":[{"floor":3.0,"key":"Ring of Misfortune"},{"floor":3.0,"key":"Ring of Greed"},{"floor":3.0,"key":"Membership Card"},{"floor":3.0,"key":"Old Coin"},{"floor":7.0,"key":"Blue Doll"},{"floor":9.0,"key":"Lantern"},{"floor":13.0,"key":"Juzu Bracelet"},{"floor":17.0,"key":"Replay:Mystery Machine"},{"floor":17.0,"key":"Gremlin Horn"},{"floor":17.0,"key":"Dota2Spire:OctarineCore"},{"floor":26,"key":"Mercury Hourglass"},{"floor":27,"key":"Enchiridion"},{"floor":30,"key":"jedi:heavyjacket"}],"event_choices":[{"damage_healed":0.0,"max_hp_gain":0.0,"max_hp_loss":0.0,"gold_gain":0.0,"event_name":"Match and Keep!","player_choice":"1 cards matched","floor":5.0,"gold_loss":0.0,"damage_taken":0.0,"cards_obtained":["Forethought"]},{"cards_removed":["Amnesia"],"damage_healed":0.0,"max_hp_gain":0.0,"max_hp_loss":0.0,"gold_gain":0.0,"event_name":"Golden Wing","player_choice":"Card Removal","floor":11.0,"gold_loss":0.0,"damage_taken":7.0},{"damage_healed":0,"gold_gain":75,"player_choice":"Touch","damage_taken":7,"max_hp_gain":0,"max_hp_loss":0,"event_name":"FaceTrader","floor":20,"gold_loss":0},{"damage_healed":0,"gold_gain":0,"player_choice":"Obtained Book","damage_taken":16,"max_hp_gain":0,"max_hp_loss":0,"event_name":"Cursed Tome","floor":27,"gold_loss":0},{"damage_healed":0,"gold_gain":0,"player_choice":"Upgraded","damage_taken":0,"max_hp_gain":0,"max_hp_loss":0,"event_name":"Upgrade Shrine","floor":28,"gold_loss":0,"cards_upgraded":["SnafuTest:PowerEternalFlame"]},{"damage_healed":0,"gold_gain":99,"player_choice":"Stole From Cult","damage_taken":0,"max_hp_gain":0,"max_hp_loss":0,"event_name":"Nest","floor":29,"gold_loss":0}],"is_beta":false,"boss_relics":[{"not_picked":["Busted Crown","REME_DuelDisc"],"picked":"Calling Bell"}],"items_purged_floors":[19],"is_endless":false,"potions_floor_spawned":[1,4,14,22,24,30],"ascension_level":0}}