{"host":"3lwutyfpza97k53s","time":1607887249,"event":{"mods":["A Magickal Journey","Act Like it!","BaseMod","BetterRewards","CapriCore","Clockwork Mod","Conspire","Dio Mod","Downfall","Hallownest","Hermit","Infinite Spire","Minty Spire (QoL Compilation)","Replay The Spire","Robot Space Explorer","Shade Mod","Shop Mod","StSLib","The Construct","The Immortal","The Judge","The Jungle","The Necromancer","TheVacant","TheWitcher"],"gold_per_floor":[119,119,133,133,153,153,169,169,169,169,195,195,229,0,0,104,104,116,215,226,226,236,262,262,262,287,299,346,358,470,502,514,622,634,634],"floor_reached":34,"playtime":2722,"items_purged":["Clockwork:Strike","Clockwork:Strike","Clockwork:Strike","Delirium"],"score":745,"play_id":"ee84f62c-eb3e-4c49-b6c4-1bb96e2ab9cd","local_time":"20201213132049","is_ascension_mode":true,"campfire_choices":[{"data":"Clockwork:ElasticNanites","floor":6.0,"key":"SMITH"},{"data":"Clockwork:Pluck","floor":8.0,"key":"SMITH"},{"data":"Clockwork:Pluck+1","floor":10.0,"key":"SMITH"},{"data":"Clockwork:Pluck+2","floor":15.0,"key":"SMITH"},{"data":"Clockwork:RevUp","floor":25.0,"key":"SMITH"},{"data":"Clockwork:AssemblyLine+1","floor":27.0,"key":"SMITH"},{"data":"Clockwork:Pluck+3","floor":29.0,"key":"SMITH"},{"data":"Clockwork:RevUp+1","floor":32.0,"key":"SMITH"}],"circlet_count":0,"master_deck":["Clockwork:Shield+2","Clockwork:Shield+2","Clockwork:Shield+2","Clockwork:Tinker+1","Clockwork:WarmUp","Clockwork:AssemblyLine+2","Clockwork:RevUp+2","Clockwork:Pluck+4","Clockwork:EnthusiasticStrike","Clockwork:ElasticNanites+1","Clockwork:Roundhouse","Clockwork:RevUp+1","Clockwork:CraftVarja+1","Clockwork:PerfectForm"],"relics":["Clockwork:MomentumEngine","conspire:InfiniteJournal","infinitespire:CursedDice","Mercury Hourglass","Onion Ring","Du-Vu Doll","Medical Kit","Toxic Egg 2","Clockwork:CopperScales","Letter Opener","conspire:GiftBox","infinitespire:Beetle Shell","Clockwork:SomewhatSmoothStone","Replay:Grab Bag","Sozu","Philosopher\u0027s Stone","construct:WeddingRing","Empty Cage","conspire:TopHat","MawBank","conspire:Boomerang"],"acts_visited":[],"potions_floor_usage":[],"damage_taken":[{"damage":28.0,"enemies":"Small Slimes","floor":1.0,"turns":4.0},{"damage":16.0,"enemies":"Cultist","floor":3.0,"turns":5.0},{"damage":0.0,"enemies":"Jaw Worm","floor":5.0,"turns":3.0},{"damage":0.0,"enemies":"Large Slime","floor":7.0,"turns":9.0},{"damage":20.0,"enemies":"3 Sentries","floor":11.0,"turns":5.0},{"damage":18.0,"enemies":"Gremlin Nob","floor":13.0,"turns":5.0},{"damage":18.0,"enemies":"Hexaghost","floor":16.0,"turns":7.0},{"damage":12.0,"enemies":"2 Thieves","floor":18.0,"turns":2.0},{"damage":0.0,"enemies":"Spheric Guardian","floor":20.0,"turns":2.0},{"damage":10.0,"enemies":"Centurion and Healer","floor":22.0,"turns":4.0},{"damage":0.0,"enemies":"Gremlin Leader","floor":23.0,"turns":5.0},{"damage":26.0,"enemies":"Slavers","floor":28.0,"turns":5.0},{"damage":0.0,"enemies":"Snake Plant","floor":31.0,"turns":4.0},{"damage":0.0,"enemies":"Champ","floor":33.0,"turns":5.0}],"seed_played":"-4758843542243941286","potions_obtained":[{"floor":3.0,"key":"conspire:TimeTravelPotion"},{"floor":7.0,"key":"Venom Potion"},{"floor":11.0,"key":"Languid Potion"}],"is_trial":false,"path_per_floor":["M","?","M","?","M","R","M","R","T","R","E","?","E","$","R","B",null,"M","?","M","?","M","E","?","R","T","R","E","R","?","M","R","B",null],"character_chosen":"CLOCKWORK","items_purchased":["Clockwork:AssemblyLine","Mercury Hourglass","Clockwork:RevUp","Clockwork:CraftCopperScales","Onion Ring","Clockwork:SmithsMallet","Medical Kit","Toxic Egg 2","Clockwork:CraftSomewhatSmoothStone+1"],"campfire_rested":0,"item_purchase_floors":[0,0,0,0,0,0,0,0,14],"current_hp_per_floor":[49,49,33,33,33,33,33,33,33,33,13,13,30,30,30,12,67,55,55,55,55,45,45,45,45,45,45,19,19,19,19,19,19,19,19],"gold":634,"neow_bonus":"","is_daily":false,"chose_seed":false,"campfire_upgraded":8,"win_rate":0.0,"timestamp":1607887249,"path_taken":["M","?","?","?","M","R","M","R","T","R","E","?","E","$","R","BOSS","M","?","M","?","?","E","?","R","T","R","E","R","?","M","R","BOSS"],"items_purchased_type":["Card","Relic","Card","Card","Relic","Card","Relic","Relic","Card"],"build_version":"2020-11-30","purchased_purges":4,"victory":false,"max_hp_per_floor":[85,85,85,85,85,85,85,85,85,85,85,85,85,85,85,85,85,85,85,85,85,85,85,85,85,85,85,85,85,85,85,85,85,85,85],"card_choices":[{"not_picked":["Clockwork:ForgeStrike","Clockwork:ChargingBlade"],"picked":"Clockwork:Pluck","floor":1.0},{"not_picked":["Clockwork:InertialShield+1","Clockwork:CogToss"],"picked":"Clockwork:EnthusiasticStrike","floor":3.0},{"not_picked":["Clockwork:Pluck","Clockwork:LogisticRegression"],"picked":"Clockwork:ElasticNanites","floor":5.0},{"not_picked":["Clockwork:MechanicalMass","Clockwork:LiteraryArmor"],"picked":"Clockwork:Roundhouse","floor":7.0},{"not_picked":["Clockwork:PerfectForm","Clockwork:Halt+1"],"picked":"Clockwork:CraftMomentumEngine+1","floor":11.0},{"not_picked":["Clockwork:ForgeStrike","Clockwork:Redundancy"],"picked":"Clockwork:SmithsMallet","floor":11.0},{"not_picked":["Clockwork:Improve+1","Clockwork:SystemHardening+1"],"picked":"Clockwork:CraftSomewhatSmoothStone+1","floor":13.0},{"not_picked":["Clockwork:Selectivity+1","Clockwork:ChargingShield+1","Clockwork:Minimalism+1"],"picked":"SKIP","floor":18.0},{"not_picked":["Clockwork:ChargingBlade+1","Clockwork:ForgeStrike+1"],"picked":"Clockwork:RevUp","floor":20.0},{"not_picked":["Clockwork:Enhance+1","Clockwork:ChargingBlade","Clockwork:Redundancy"],"picked":"SKIP","floor":22.0},{"not_picked":["Clockwork:LiteraryArmor","Clockwork:SearingStrike+1","Clockwork:LogisticRegression+1"],"picked":"SKIP","floor":23.0},{"not_picked":["Clockwork:LogisticRegression","Clockwork:Efficiency","Clockwork:SystemScan+1"],"picked":"SKIP","floor":28.0},{"not_picked":["Clockwork:Scour+1","Clockwork:Clone+1"],"picked":"Clockwork:CraftVarja+1","floor":31.0},{"not_picked":["Clockwork:ReactiveNanites","Clockwork:WindupStrike"],"picked":"Clockwork:PerfectForm","floor":33.0}],"player_experience":447582,"relics_obtained":[{"floor":9.0,"key":"Letter Opener"},{"floor":11.0,"key":"conspire:GiftBox"},{"floor":13.0,"key":"infinitespire:Beetle Shell"},{"floor":23.0,"key":"conspire:TopHat"},{"floor":26.0,"key":"MawBank"},{"floor":28.0,"key":"conspire:Boomerang"}],"event_choices":[{"damage_healed":0.0,"max_hp_gain":0.0,"max_hp_loss":0.0,"gold_gain":0.0,"event_name":"The Woman in Blue","player_choice":"Bought 0 Potions","floor":2.0,"gold_loss":0.0,"damage_taken":0.0},{"damage_healed":0.0,"max_hp_gain":0.0,"max_hp_loss":0.0,"gold_gain":99.0,"event_name":"Nest","player_choice":"Stole From Cult","floor":19.0,"gold_loss":0.0,"damage_taken":0.0},{"damage_healed":0.0,"max_hp_gain":0.0,"max_hp_loss":0.0,"gold_gain":0.0,"event_name":"Back to Basics","player_choice":"Simplicity","floor":21.0,"gold_loss":0.0,"damage_taken":0.0,"cards_upgraded":["Clockwork:Shield","Clockwork:Shield","Clockwork:Shield"]},{"damage_healed":0.0,"max_hp_gain":0.0,"max_hp_loss":0.0,"gold_gain":0.0,"event_name":"Ghosts","player_choice":"Ignored","floor":24.0,"gold_loss":0.0,"damage_taken":0.0},{"damage_healed":0.0,"max_hp_gain":0.0,"max_hp_loss":0.0,"gold_gain":100.0,"event_name":"Golden Shrine","player_choice":"Pray","floor":30.0,"gold_loss":0.0,"damage_taken":0.0}],"is_beta":false,"boss_relics":[{"not_picked":["Clockwork:BootleggersToolkit","Pandora\u0027s Box"],"picked":"Replay:Grab Bag"},{"not_picked":["Coffee Dripper","conspire:SlowCooker"],"picked":"Sozu"},{"not_picked":["Fusion Hammer","infinitespire:Cupcake"],"picked":"Philosopher\u0027s Stone"},{"not_picked":["Kintsugi","Ring of Chaos"],"picked":"construct:WeddingRing"},{"not_picked":["Calling Bell","Replay:Drink Me"],"picked":"Empty Cage"}],"items_purged_floors":[0,0,0,14],"is_endless":false,"potions_floor_spawned":[3,7,11,18,23,31,33],"ascension_level":7}}