{"host":"Crutt","time":1607840679,"event":{"mods":["Aspiration","BaseMod","Downfall","Googly Eyes","Minty Spire (QoL Compilation)","Optimize The Spire","Spicy Shops","StSLib"],"gold_per_floor":[99,125,125,125,154,79,79,112,112,140,140,140,156,27,46,148,148,73,73,73,73,89,109,109,121,156,81,27,27,46,86,101,202,202,202,202,229,246,91,125,151,151,151,151,165,175,195,205,217,247,247,281,29,29,29],"floor_reached":56,"playtime":7122,"items_purged":["Writhe"],"score":2546,"play_id":"fe374dbb-dc8f-4d3f-ac47-016b25cb2457","local_time":"20201213002439","is_ascension_mode":true,"campfire_choices":[{"floor":1.0,"key":"RECALL"},{"data":"sneckomod:WideSting","floor":6.0,"key":"SMITH"},{"floor":9.0,"key":"REST"},{"data":"sneckomod:Cheat","floor":18,"key":"SMITH"},{"data":"Ghostly","floor":20,"key":"SMITH"},{"data":"Ghostly","floor":27,"key":"SMITH"},{"data":"Ghostly","floor":35,"key":"SMITH"},{"data":"Ghostly","floor":42,"key":"SMITH"},{"data":"Ghostly","floor":44,"key":"SMITH"},{"data":"sneckomod:SoulDraw","floor":54,"key":"SMITH"}],"circlet_count":0,"master_deck":["sneckomod:Defend","sneckomod:Defend","sneckomod:Defend","sneckomod:TailWhip","sneckomod:SnekBite","sneckomod:Unknown","sneckomod:Unknown+1","sneckomod:Cheat+1","sneckomod:SoulDraw","sneckomod:WideSting+1","sneckomod:UnknownRarePower","sneckomod:UnknownUncommonSkill+1","sneckomod:Unknown2Cost","Predator","All Out Attack","Underhanded Strike","sneckomod:RainOfDice","hexamod:ThirdSeal","sneckomod:DiceBlock+1","sneckomod:UnknownUncommonPower","sneckomod:UnknownColorless+1","sneckomod:UnknownClassHEXA_GHOST_PURPLE+1","sneckomod:UnlimitedRolls","sneckomod:Transmogrify","Ghostly+1","Ghostly+1","Ghostly+1","Ghostly+1","Ghostly+1","sneckomod:Unknown2Cost","sneckomod:UnknownClassGREEN+1","hexamod:FirstSeal","sneckomod:UnknownEthereal+1","sneckomod:SoulDraw","sneckomod:SoulExchange","sneckomod:UnknownX","sneckomod:WideSting+1","sneckomod:CheapStock+1","sneckomod:UnknownRareSkill","sneckomod:DiceBlock+1","sneckomod:SnakeSap+1","sneckomod:UnknownEthereal+1","sneckomod:Rotation+1","sneckomod:Rotation+1","sneckomod:RainOfDice+1","sneckomod:Unknown1Cost","sneckomod:UnknownVulnerable","sneckomod:SerpentMind","sneckomod:SoulExchange+1","sneckomod:UnknownUncommonPower+1","sneckomod:MasterEye","sneckomod:SoulDraw+1","sneckomod:UnknownEthereal+1","sneckomod:RainOfDice+1","sneckomod:UnknownVulnerable","sneckomod:UnknownExhaust+1","sneckomod:UnknownStrength","sneckomod:UnknownBlock+1","sneckomod:UnknownRareSkill","sneckomod:UnknownClassRED","sneckomod:SoulDraw+1","sneckomod:UnknownClassBLUE+1","sneckomod:SnekBeam+1","sneckomod:UnknownWeak+1","sneckomod:UnknownEthereal+1","sneckomod:Cheat+1"],"relics":["sneckomod:SneckoSoul","downfall:HeartsMalice","downfall:HeartBlessingRed","aspiration:FrozenJewel","Guardian:ModeShifter","downfall:HeartBlessingGreen","aspiration:Nostalgia","champ:ChampionCrown","downfall:HeartBlessingBlue","Lizard Tail","PreservedInsect","Toy Ornithopter","Shuriken","Frozen Eye","hexamod:BolsterEngine","Molten Egg 2","Ancient Tea Set","Blood Vial","Snecko Eye","War Paint","sneckomod:SuperSneckoEye","sneckomod:SleevedAce","aspiration:RandomNobGenerator","aspiration:AnachronicSnailShell","DollysMirror"],"acts_visited":["Exordium","TheCity","TheBeyond","TheEnding"],"potions_floor_usage":[16,22,33,33,39,55,55,55],"damage_taken":[{"damage":0.0,"enemies":"Gremlin Nob","floor":2.0,"turns":1.0},{"damage":0.0,"enemies":"2 Louse","floor":3.0,"turns":1.0},{"damage":0.0,"enemies":"Jaw Worm","floor":4.0,"turns":1.0},{"damage":59.0,"enemies":"Lagavulin","floor":5.0,"turns":8.0},{"damage":7.0,"enemies":"3 Sentries","floor":8.0,"turns":4.0},{"damage":29.0,"enemies":"Lagavulin","floor":10.0,"turns":4.0},{"damage":0.0,"enemies":"Cultist","floor":13.0,"turns":2.0},{"damage":0.0,"enemies":"downfall:FleeingMerchant","floor":14.0,"turns":4.0},{"damage":8.0,"enemies":"Exordium Wildlife","floor":15.0,"turns":4.0},{"damage":30,"enemies":"downfall:Watcher","floor":16,"turns":6},{"damage":0,"enemies":"Shell Parasite","floor":22,"turns":5},{"damage":0,"enemies":"Sentry and Sphere","floor":23,"turns":6},{"damage":0,"enemies":"3 Cultists","floor":25,"turns":5},{"damage":0,"enemies":"Gremlin Leader","floor":26,"turns":7},{"damage":0,"enemies":"downfall:FleeingMerchant","floor":28,"turns":4},{"damage":20,"enemies":"Shelled Parasite and Fungi","floor":30,"turns":8},{"damage":4,"enemies":"Centurion and Healer","floor":31,"turns":6},{"damage":4,"enemies":"Chosen and Byrds","floor":32,"turns":5},{"damage":21,"enemies":"downfall:Defect","floor":33,"turns":6},{"damage":0,"enemies":"Reptomancer","floor":37,"turns":4},{"damage":2,"enemies":"Orb Walker","floor":38,"turns":3},{"damage":0,"enemies":"downfall:FleeingMerchant","floor":39,"turns":2},{"damage":0,"enemies":"Giant Head","floor":40,"turns":5},{"damage":17,"enemies":"3 Shapes","floor":45,"turns":4},{"damage":1,"enemies":"Writhing Mass","floor":46,"turns":2},{"damage":0,"enemies":"Transient","floor":47,"turns":3},{"damage":4,"enemies":"4 Shapes","floor":48,"turns":1},{"damage":0,"enemies":"3 Darklings","floor":49,"turns":2},{"damage":10,"enemies":"downfall:Silent","floor":50,"turns":4},{"damage":0,"enemies":"downfall:CharBossMerchant","floor":52,"turns":4},{"damage":0,"enemies":"downfall:NeowBoss","floor":55,"turns":11}],"seed_played":"2477598860074594572","potions_obtained":[{"floor":2.0,"key":"Ancient Potion"},{"floor":8.0,"key":"PowerPotion"},{"floor":13.0,"key":"SteroidPotion"},{"floor":15.0,"key":"Strength Potion"},{"floor":32,"key":"Guardian:BlockOnCardUsePotion"},{"floor":32,"key":"LiquidBronze"},{"floor":45,"key":"Explosive Potion"},{"floor":48,"key":"ColorlessPotion"}],"is_trial":false,"path_per_floor":["R","E","M","M","E","R","T","E","R","E","?","?","M","$","M","B",null,"R","?","R","?","M","M","T","M","E","R","$","?","M","M","M","B",null,"R","?","E","M","$","E","T","R","?","R","M","M","M","M","M","B",null,"E","$","R","B",null],"character_chosen":"THE_SNECKO","items_purchased":["aspiration:Nostalgia","sneckomod:UnknownUncommonPower","sneckomod:SnakeSap+1","sneckomod:SuperSneckoEye","Shuriken","Frozen Eye","DollysMirror","PowerPotion","SkillPotion"],"campfire_rested":1,"item_purchase_floors":[14,14,28,39,39,39,53,53,53],"current_hp_per_floor":[81,81,81,81,35,35,35,29,57,29,29,94,94,95,89,59,88,88,48,48,48,50,51,51,52,52,62,63,63,51,54,59,45,61,61,53,61,63,68,68,68,68,68,68,59,69,74,70,73,65,73,77,77,77,77],"gold":29,"neow_bonus":"THREE_ENEMY_KILL","is_daily":false,"chose_seed":false,"campfire_upgraded":8,"win_rate":0.0,"timestamp":1607840679,"path_taken":["R","E","M","M","E","R","T","E","R","E","?","?","?","$","M","BOSS","R","?","R","?","M","?","T","M","E","R","?","?","?","M","M","BOSS","R","?","E","?","?","E","T","R","?","R","?","M","M","?","M","BOSS","E","$","R","BOSS"],"items_purchased_type":["Relic","Card","Card","Relic","Relic","Relic","Relic","Potion","Potion"],"build_version":"2020-12-07","purchased_purges":1,"victory":true,"max_hp_per_floor":[90,90,90,90,91,91,91,92,93,94,94,94,94,95,97,97,97,97,48,48,48,50,51,51,52,52,62,63,63,64,64,66,66,66,66,66,67,67,68,68,68,68,68,68,69,71,74,74,75,75,75,77,77,77,77],"card_choices":[{"not_picked":["sneckomod:UnknownStrike","sneckomod:UnknownStrength"],"picked":"sneckomod:Cheat","floor":2.0},{"not_picked":["sneckomod:Unknown0Cost","sneckomod:PureSnecko"],"picked":"sneckomod:SoulDraw","floor":3.0},{"not_picked":["sneckomod:UnknownWeak","sneckomod:UnknownClassSLIMEBOUND"],"picked":"sneckomod:WideSting","floor":4.0},{"not_picked":["sneckomod:UnknownUncommonSkill","sneckomod:SoulDraw"],"picked":"sneckomod:UnknownRarePower","floor":5.0},{"not_picked":["sneckomod:UnknownClassBLUE","sneckomod:UnknownClassTHE_CHAMP_GRAY"],"picked":"sneckomod:UnknownUncommonSkill","floor":8.0},{"not_picked":["sneckomod:ImprovisedAttack","sneckomod:UnknownStrike"],"picked":"sneckomod:UnknownClassBLUE","floor":9.0},{"not_picked":["sneckomod:UnknownClassTHE_CHAMP_GRAY","sneckomod:Mudshield"],"picked":"sneckomod:Unknown2Cost","floor":10.0},{"not_picked":["sneckomod:QuickMove","sneckomod:MixItUp"],"picked":"sneckomod:RainOfDice","floor":13.0},{"not_picked":["hexamod:SecondSeal","hexamod:FirstSeal"],"picked":"hexamod:ThirdSeal","floor":14.0},{"not_picked":["sneckomod:UnknownCommonAttack","sneckomod:DiceCrush"],"picked":"sneckomod:DiceBlock","floor":14.0},{"not_picked":["sneckomod:UnknownClassPURPLE","sneckomod:UnknownClassRED"],"picked":"sneckomod:UnknownColorless","floor":15.0},{"not_picked":["sneckomod:Unknown1Cost","sneckomod:UnknownClassRED"],"picked":"sneckomod:UnknownClassHEXA_GHOST_PURPLE","floor":15.0},{"not_picked":["sneckomod:SerpentMind","sneckomod:GlitteringGambit"],"picked":"sneckomod:UnlimitedRolls","floor":16},{"not_picked":["sneckomod:SoulExchange","sneckomod:Mudshield"],"picked":"sneckomod:Transmogrify","floor":16},{"not_picked":["sneckomod:MixItUp","sneckomod:UnknownStrike"],"picked":"sneckomod:Unknown2Cost","floor":22},{"not_picked":["sneckomod:DiceCrush","sneckomod:MasterEye"],"picked":"sneckomod:UnknownClassGREEN+1","floor":22},{"not_picked":["hexamod:ThirdSeal","hexamod:FourthSeal"],"picked":"hexamod:FirstSeal","floor":23},{"not_picked":["sneckomod:WideSting","sneckomod:Nope+1"],"picked":"sneckomod:UnknownEthereal","floor":23},{"not_picked":["sneckomod:QuickBite+1","sneckomod:WideSting"],"picked":"sneckomod:SoulDraw","floor":23},{"not_picked":["sneckomod:DiceBoulder+1","sneckomod:UnknownCommonSkill"],"picked":"sneckomod:SoulExchange","floor":25},{"not_picked":["sneckomod:QuickBite","sneckomod:Unknown1Cost"],"picked":"sneckomod:UnknownX","floor":25},{"not_picked":["sneckomod:UnknownEthereal+1","sneckomod:DiceBlock"],"picked":"sneckomod:WideSting+1","floor":26},{"not_picked":["sneckomod:WideSting+1","sneckomod:UnknownClassGREEN"],"picked":"sneckomod:CheapStock+1","floor":26},{"not_picked":["sneckomod:UnknownVulnerable+1","sneckomod:QuickBite+1"],"picked":"sneckomod:UnknownRareSkill","floor":28},{"not_picked":["sneckomod:UnknownStrike+1","sneckomod:IronFang+1"],"picked":"sneckomod:DiceBlock+1","floor":28},{"not_picked":["sneckomod:UnknownStrike+1","sneckomod:DiceBlock"],"picked":"sneckomod:UnknownEthereal+1","floor":30},{"not_picked":["sneckomod:ImprovisedAttack+1","sneckomod:IronFang+1"],"picked":"sneckomod:Rotation+1","floor":30},{"not_picked":["sneckomod:SoulRoll","sneckomod:UnlimitedRolls"],"picked":"sneckomod:Rotation","floor":31},{"not_picked":["sneckomod:SoulRoll+1","sneckomod:UnknownCommonAttack+1"],"picked":"sneckomod:RainOfDice+1","floor":31},{"not_picked":["sneckomod:UnknownClassBLUE","sneckomod:DiceBlock"],"picked":"sneckomod:Unknown1Cost","floor":32},{"not_picked":["sneckomod:TrashToTreasure","sneckomod:DiceBlock"],"picked":"sneckomod:UnknownVulnerable","floor":32},{"not_picked":["sneckomod:Unknown3Cost","sneckomod:UnknownRareSkill"],"picked":"sneckomod:SerpentMind","floor":33},{"not_picked":["sneckomod:DangerNoodle+1","sneckomod:UnlimitedRolls"],"picked":"sneckomod:SoulExchange","floor":33},{"not_picked":["sneckomod:SoulRoll","sneckomod:UnknownCommonSkill+1"],"picked":"sneckomod:UnknownUncommonPower+1","floor":37},{"not_picked":["sneckomod:UnknownStrike+1","sneckomod:UnknownClassTHE_CHAMP_GRAY"],"picked":"sneckomod:MasterEye","floor":37},{"not_picked":["sneckomod:UnknownDexterity","sneckomod:UnknownWeak+1"],"picked":"sneckomod:SoulDraw+1","floor":38},{"not_picked":["sneckomod:DiceBlock","sneckomod:SoulCleanse","sneckomod:MixItUp+1"],"picked":"SKIP","floor":38},{"not_picked":["sneckomod:UnknownVulnerable","sneckomod:MixItUp+1"],"picked":"sneckomod:UnknownEthereal+1","floor":39},{"not_picked":["sneckomod:QuickBite+1","sneckomod:UnknownBlock"],"picked":"sneckomod:RainOfDice+1","floor":40},{"not_picked":["sneckomod:QuickMove+1","sneckomod:SerpentIdol"],"picked":"sneckomod:UnknownVulnerable","floor":45},{"not_picked":["sneckomod:UnknownBlock","sneckomod:SoulRoll"],"picked":"sneckomod:UnknownExhaust+1","floor":46},{"not_picked":["sneckomod:Nope+1","sneckomod:WideSting+1"],"picked":"sneckomod:UnknownStrength","floor":46},{"not_picked":["sneckomod:UnknownVulnerable","sneckomod:WideSting+1"],"picked":"sneckomod:UnknownBlock+1","floor":47},{"not_picked":["sneckomod:SnekBeam+1","sneckomod:ImprovisedAttack+1"],"picked":"sneckomod:UnknownRareSkill","floor":47},{"not_picked":["sneckomod:UnknownStrike+1","sneckomod:SerpentIdol"],"picked":"sneckomod:UnknownClassRED","floor":47},{"not_picked":["sneckomod:DiceBlock+1","sneckomod:UnknownVulnerable"],"picked":"sneckomod:SoulDraw","floor":48},{"not_picked":["sneckomod:UnknownCommonAttack+1","sneckomod:RainOfDice+1"],"picked":"sneckomod:UnknownClassBLUE+1","floor":49},{"not_picked":["sneckomod:DiceCrush+1","sneckomod:UnknownVulnerable+1"],"picked":"sneckomod:SnekBeam+1","floor":49},{"not_picked":["sneckomod:DiceBlock+1","sneckomod:ImprovisedAttack+1"],"picked":"sneckomod:UnknownWeak+1","floor":52},{"not_picked":["sneckomod:Unknown2Cost","sneckomod:MasterEye+1"],"picked":"sneckomod:UnknownEthereal+1","floor":52}],"player_experience":3072816,"relics_obtained":[{"floor":2.0,"key":"PreservedInsect"},{"floor":5.0,"key":"Potion Belt"},{"floor":7.0,"key":"aspiration:FrozenJewel"},{"floor":8.0,"key":"Dream Catcher"},{"floor":10.0,"key":"sneckomod:CleanMud"},{"floor":22,"key":"Pen Nib"},{"floor":23,"key":"aspiration:Nostalgia"},{"floor":25,"key":"aspiration:RandomNobGenerator"},{"floor":26,"key":"aspiration:RandomNobGenerator"},{"floor":26,"key":"Molten Egg 2"},{"floor":26,"key":"War Paint"},{"floor":30,"key":"Lizard Tail"},{"floor":31,"key":"PreservedInsect"},{"floor":33,"key":"aspiration:RandomNobGenerator"},{"floor":33,"key":"PreservedInsect"},{"floor":37,"key":"Snecko Eye"},{"floor":37,"key":"Toy Ornithopter"},{"floor":38,"key":"Toy Ornithopter"},{"floor":40,"key":"hexamod:BolsterEngine"},{"floor":40,"key":"Molten Egg 2"},{"floor":40,"key":"Ancient Tea Set"},{"floor":41,"key":"Blood Vial"},{"floor":45,"key":"Snecko Eye"},{"floor":47,"key":"War Paint"},{"floor":49,"key":"sneckomod:SuperSneckoEye"},{"floor":52,"key":"sneckomod:SleevedAce"},{"floor":52,"key":"aspiration:RandomNobGenerator"},{"floor":52,"key":"aspiration:AnachronicSnailShell"}],"event_choices":[{"cards_removed":["sneckomod:UnknownClassBLUE"],"damage_healed":65.0,"max_hp_gain":0.0,"max_hp_loss":0.0,"gold_gain":0.0,"event_name":"Bonfire Elementals","player_choice":"Offered Uncommon","floor":12.0,"gold_loss":0.0,"damage_taken":0.0},{"damage_healed":0,"gold_gain":0,"player_choice":"Became a Ghost","damage_taken":0,"max_hp_gain":0,"max_hp_loss":49,"event_name":"Ghosts","floor":19,"gold_loss":0,"cards_obtained":["Ghostly","Ghostly","Ghostly","Ghostly","Ghostly"]},{"damage_healed":0,"gold_gain":0,"player_choice":"Upgraded","damage_taken":0,"max_hp_gain":0,"max_hp_loss":0,"event_name":"Upgrade Shrine","floor":29,"gold_loss":0,"cards_upgraded":["sneckomod:UnknownColorless"]}],"is_beta":true,"boss_relics":[{"not_picked":["sneckomod:SuperSneckoSoul","Velvet Choker"],"picked":"aspiration:RandomNobGenerator"},{"not_picked":["Runic Dome","Calling Bell"],"picked":"Snecko Eye"}],"items_purged_floors":[39],"is_endless":false,"potions_floor_spawned":[2,8,13,15,32,45,48],"ascension_level":9}}