{"host":"Ilker","time":1607836623,"event":{"mods":["BaseMod","Bestiary","Block Reminder","Colored Map","DeckTracker","Highlight Path","Minty Spire (QoL Compilation)","Quick Restart","Relic Sorter","Relic Stats"],"gold_per_floor":[112,124,136,154,173,208,263,17,17,32,61,61,74,106,106,180,180,191,191,203,203,203],"floor_reached":21,"playtime":1721,"items_purged":[],"score":456,"play_id":"3296d949-a066-4ca6-a2da-7a0ecaac56e3","local_time":"20201213081703","is_ascension_mode":true,"campfire_choices":[{"data":"Tantrum","floor":12.0,"key":"SMITH"},{"data":"Halt","floor":15.0,"key":"SMITH"}],"circlet_count":0,"master_deck":["AscendersBane","Strike_P","Strike_P","Strike_P","Strike_P","Defend_P","Defend_P","Defend_P","Eruption","Vigilance","Tantrum+1","CutThroughFate","InnerPeace","CutThroughFate","Protect","Wireheading","WaveOfTheHand+1","Adaptation","Sanctity","EmptyBody","Halt+1","LessonLearned","Halt","FlurryOfBlows"],"relics":["PureWater","Regal Pillow","ClockworkSouvenir","TeardropLocket","Black Star","CaptainsWheel","Happy Flower"],"acts_visited":["Exordium","TheCity"],"potions_floor_usage":[21],"damage_taken":[{"damage":4.0,"enemies":"Small Slimes","floor":1.0,"turns":4.0},{"damage":4.0,"enemies":"Jaw Worm","floor":2.0,"turns":2.0},{"damage":0.0,"enemies":"Cultist","floor":3.0,"turns":2.0},{"damage":0.0,"enemies":"Large Slime","floor":4.0,"turns":2.0},{"damage":0.0,"enemies":"2 Fungi Beasts","floor":5.0,"turns":2.0},{"damage":0.0,"enemies":"Gremlin Nob","floor":6.0,"turns":1.0},{"damage":16.0,"enemies":"Gremlin Nob","floor":7.0,"turns":3.0},{"damage":8.0,"enemies":"3 Louse","floor":10.0,"turns":2.0},{"damage":3.0,"enemies":"3 Sentries","floor":11.0,"turns":3.0},{"damage":0.0,"enemies":"Exordium Wildlife","floor":13.0,"turns":3.0},{"damage":15.0,"enemies":"Lagavulin","floor":14.0,"turns":6.0},{"damage":8.0,"enemies":"The Guardian","floor":16.0,"turns":16.0},{"damage":0,"enemies":"Chosen","floor":18,"turns":2},{"damage":11,"enemies":"Shell Parasite","floor":20,"turns":6},{"damage":53,"enemies":"Masked Bandits","floor":21,"turns":7}],"seed_played":"678084431433031907","potions_obtained":[{"floor":2.0,"key":"Strength Potion"},{"floor":3.0,"key":"CultistPotion"},{"floor":4.0,"key":"AttackPotion"},{"floor":10.0,"key":"ColorlessPotion"},{"floor":14.0,"key":"Regen Potion"},{"floor":20,"key":"SpeedPotion"}],"is_trial":false,"path_per_floor":["M","M","M","M","M","E","?","$","T","M","E","R","M","E","R","B",null,"M","?","M","?"],"character_chosen":"WATCHER","items_purchased":["Adaptation","ClockworkSouvenir"],"campfire_rested":0,"item_purchase_floors":[8,8],"current_hp_per_floor":[63,59,59,59,59,59,43,43,43,35,32,32,32,17,17,24,62,62,62,51,0,0],"gold":203,"neow_bonus":"TEN_PERCENT_HP_BONUS","is_daily":false,"chose_seed":false,"campfire_upgraded":2,"win_rate":0.0,"timestamp":1607836623,"path_taken":["M","M","M","M","M","E","?","$","T","M","E","R","M","E","R","BOSS","M","?","?","?"],"items_purchased_type":["Card","Relic"],"build_version":"2020-12-07","purchased_purges":0,"victory":false,"max_hp_per_floor":[74,74,74,74,74,74,74,74,74,74,74,74,74,74,74,74,74,74,74,74,74,74],"relic_stats":{"Regal Pillow":0,"Happy Flower":[10],"counters":[15,61],"Black Star":0,"obtain_stats":[{"CaptainsWheel":6,"Regal Pillow":7,"Happy Flower":14,"Black Star":17,"TeardropLocket":11,"PureWater":0,"ClockworkSouvenir":8},{"CaptainsWheel":6,"Regal Pillow":7,"Happy Flower":11,"Black Star":12,"TeardropLocket":9,"PureWater":0,"ClockworkSouvenir":7},{"CaptainsWheel":13,"Regal Pillow":16,"Happy Flower":30,"Black Star":46,"TeardropLocket":21,"PureWater":0,"ClockworkSouvenir":16}]},"card_choices":[{"not_picked":["FlurryOfBlows","WheelKick"],"picked":"Tantrum","floor":1.0},{"not_picked":["DeceiveReality","EmptyFist"],"picked":"CutThroughFate","floor":2.0},{"not_picked":["JustLucky","CutThroughFate"],"picked":"InnerPeace","floor":3.0},{"not_picked":["FollowUp","Brilliance"],"picked":"CutThroughFate","floor":4.0},{"not_picked":["SashWhip","FlyingSleeves"],"picked":"Protect","floor":5.0},{"not_picked":["JustLucky","FlyingSleeves"],"picked":"Wireheading","floor":6.0},{"not_picked":["Prostrate","Nirvana"],"picked":"WaveOfTheHand","floor":7.0},{"not_picked":["Devotion","Crescendo","Fasting2"],"picked":"SKIP","floor":10.0},{"not_picked":["SashWhip","Worship"],"picked":"Sanctity","floor":11.0},{"not_picked":["CutThroughFate","ThirdEye"],"picked":"EmptyBody","floor":13.0},{"not_picked":["WreathOfFlame","FlyingSleeves"],"picked":"Halt","floor":14.0},{"not_picked":["DeusExMachina","Judgement"],"picked":"LessonLearned","floor":16.0},{"not_picked":["Weave","PathToVictory"],"picked":"Halt","floor":18},{"not_picked":["Vengeance+1","ClearTheMind+1"],"picked":"FlurryOfBlows","floor":20}],"player_experience":1660367,"relics_obtained":[{"floor":6.0,"key":"CaptainsWheel"},{"floor":7.0,"key":"Regal Pillow"},{"floor":11.0,"key":"TeardropLocket"},{"floor":14.0,"key":"Happy Flower"}],"event_choices":[{"damage_healed":0.0,"max_hp_gain":0.0,"max_hp_loss":0.0,"gold_gain":0.0,"event_name":"Dead Adventurer","player_choice":"Searched \u00272\u0027 times","floor":7.0,"gold_loss":0.0,"damage_taken":0.0},{"cards_removed":["Defend_P"],"damage_healed":0,"gold_gain":0,"player_choice":"Offered Basic","damage_taken":0,"max_hp_gain":0,"max_hp_loss":0,"event_name":"Bonfire Elementals","floor":19,"gold_loss":0},{"damage_healed":0,"gold_gain":0,"player_choice":"Fought Bandits","damage_taken":0,"max_hp_gain":0,"max_hp_loss":0,"event_name":"Masked Bandits","floor":21,"gold_loss":0}],"is_beta":true,"boss_relics":[{"not_picked":["Pandora\u0027s Box","Ectoplasm"],"picked":"Black Star"}],"items_purged_floors":[],"is_endless":false,"potions_floor_spawned":[2,3,4,10,14,20],"killed_by":"Masked Bandits","ascension_level":20}}