{"host":"is2s59edl8twrhoj","time":1607825811,"event":{"mods":["BaseMod","Colored Map","Colored Powertips","DeckTracker","Minty Spire (QoL Compilation)","StSLib"],"gold_per_floor":[113,130,148,163,179,179,104,116,116,116,116,129,157,167,167,246,246,266,276,295,295,295],"floor_reached":21,"playtime":1132,"items_purged":["Strike_G"],"score":318,"play_id":"e5fe8ac1-3b2b-4fd4-82bb-7c6bf56212ba","local_time":"20201213021651","is_ascension_mode":true,"campfire_choices":[{"data":"Noxious Fumes","floor":6,"key":"SMITH"},{"data":"Deadly Poison","floor":10,"key":"SMITH"},{"floor":15,"key":"REST"}],"circlet_count":0,"master_deck":["AscendersBane","Strike_G","Strike_G","Strike_G","Defend_G","Defend_G","Defend_G","Defend_G","Defend_G","Survivor","Neutralize","Noxious Fumes+1","Bane+1","Deadly Poison+1","Deadly Poison","Blur"],"relics":["Ring of the Snake","Letter Opener","Strawberry","Sozu"],"acts_visited":["TheCity"],"potions_floor_usage":[5,13,16,20],"damage_taken":[{"damage":3,"enemies":"Cultist","floor":1,"turns":5},{"damage":5,"enemies":"Small Slimes","floor":2,"turns":7},{"damage":0,"enemies":"2 Louse","floor":3,"turns":4},{"damage":4,"enemies":"2 Fungi Beasts","floor":4,"turns":4},{"damage":14,"enemies":"Gremlin Gang","floor":5,"turns":5},{"damage":9,"enemies":"Large Slime","floor":8,"turns":6},{"damage":4,"enemies":"Exordium Thugs","floor":12,"turns":4},{"damage":17,"enemies":"Lagavulin","floor":13,"turns":5},{"damage":0,"enemies":"Looter","floor":14,"turns":4},{"damage":6,"enemies":"The Guardian","floor":16,"turns":8},{"damage":21,"enemies":"2 Thieves","floor":18,"turns":4},{"damage":13,"enemies":"3 Byrds","floor":19,"turns":5},{"damage":11,"enemies":"Snake Plant","floor":20,"turns":5},{"damage":34,"enemies":"Cultist and Chosen","floor":21,"turns":4}],"seed_played":"662825241187229450","potions_obtained":[{"floor":1,"key":"DistilledChaos"},{"floor":3,"key":"EssenceOfSteel"},{"floor":5,"key":"SteroidPotion"},{"floor":12,"key":"EssenceOfSteel"},{"floor":13,"key":"Swift Potion"},{"floor":16,"key":"SpeedPotion"}],"is_trial":false,"path_per_floor":["M","M","M","M","M","R","$","M","T","R","?","M","E","M","R","B",null,"M","M","M","M"],"character_chosen":"THE_SILENT","items_purchased":[],"campfire_rested":1,"item_purchase_floors":[],"current_hp_per_floor":[56,51,51,47,33,33,33,24,24,24,24,20,10,10,31,25,61,40,27,16,0,0],"gold":295,"neow_bonus":"REMOVE_CARD","is_daily":false,"chose_seed":false,"campfire_upgraded":2,"win_rate":0.0,"timestamp":1607825811,"path_taken":["M","?","M","M","M","R","$","M","T","R","?","M","E","?","R","BOSS","M","M","M","M"],"items_purchased_type":[],"build_version":"2020-11-30","purchased_purges":1,"victory":false,"max_hp_per_floor":[66,66,66,66,66,66,66,66,66,66,66,66,73,73,73,73,73,73,73,73,73,73],"card_choices":[{"not_picked":["Cloak And Dagger","Slice"],"picked":"Noxious Fumes","floor":1},{"not_picked":["Flying Knee","Dagger Throw","Riddle With Holes"],"picked":"SKIP","floor":2},{"not_picked":["Choke","PiercingWail","Setup"],"picked":"SKIP","floor":3},{"not_picked":["Choke","Dodge and Roll","Dagger Spray"],"picked":"SKIP","floor":4},{"not_picked":["Eviscerate","Well Laid Plans"],"picked":"Bane","floor":5},{"not_picked":["Dagger Spray","Infinite Blades"],"picked":"Deadly Poison","floor":8},{"not_picked":["Backflip","Blade Dance"],"picked":"Deadly Poison","floor":12},{"not_picked":["Heel Hook","Predator","Setup"],"picked":"SKIP","floor":13},{"not_picked":["Masterful Stab","Setup","PiercingWail"],"picked":"SKIP","floor":14},{"not_picked":["Heel Hook","Reflex"],"picked":"Blur","floor":18},{"not_picked":["Dagger Throw+1","Bane","Slice"],"picked":"SKIP","floor":19},{"not_picked":["Bane","Poisoned Stab","Terror+1"],"picked":"SKIP","floor":20}],"player_experience":605643,"relics_obtained":[{"floor":9,"key":"Letter Opener"},{"floor":13,"key":"Strawberry"}],"event_choices":[{"damage_healed":0,"gold_gain":0,"player_choice":"Forge","damage_taken":0,"max_hp_gain":0,"max_hp_loss":0,"event_name":"Accursed Blacksmith","floor":11,"gold_loss":0,"cards_upgraded":["Bane"]}],"is_beta":false,"boss_relics":[{"not_picked":["Pandora\u0027s Box","HoveringKite"],"picked":"Sozu"}],"items_purged_floors":[7],"is_endless":false,"potions_floor_spawned":[1,3,5,12,13,16,18,20],"killed_by":"Cultist and Chosen","ascension_level":14}}