{"host":"ln6xh2dj126ndm3e","time":1607890960,"event":{"mods":["AchievementEnabler","Aspiration","Astrologer","BaseMod","Better Altar","Better Match","Better Note","Better Sensory Stone","Better Skull","Better Third Choice","BetterRewards","CCEM","Colored Map","Conspire","Downfall","GifTheSpireLib","Halation","Highlight Path","Hubris","Infinite Spire","Minty Spire (QoL Compilation)","Permanent Neow","Replay The Spire","Shop Mod","Spicy Shops","StSLib","Unceasing Turn Reminder"],"gold_per_floor":[115,115,129,129,148,148,0,0,0,0,15,15,26,46,46,46,46],"floor_reached":16,"playtime":1508,"items_purged":[],"score":92,"play_id":"5b645b83-a95b-46dd-8f8b-4c191ef6358f","local_time":"20201213142240","is_ascension_mode":false,"campfire_choices":[{"data":"astrologer:Stardust","floor":6,"key":"SMITH"},{"data":"astrologer:TheMagician","floor":10,"key":"SMITH"},{"floor":12,"key":"REST"},{"floor":15,"key":"REST"}],"circlet_count":0,"master_deck":["astrologer:Strike","astrologer:Strike","astrologer:Strike","astrologer:Defend","astrologer:Defend","astrologer:Defend","astrologer:Defend","astrologer:NorthStar","astrologer:TheFool","astrologer:TheChariot","astrologer:Radiance","astrologer:Stardust+1","astrologer:Radiance","astrologer:Moonlight","astrologer:Confirmation","astrologer:TheHangedMan","astrologer:TheMagician+1","astrologer:Fireball"],"relics":["astrologer:SkyMirror","halation:PurpleSoulGem","Orrery","conspire:Flyswatter"],"acts_visited":["Exordium"],"potions_floor_usage":[16,16],"damage_taken":[{"damage":0,"enemies":"Jaw Worm","floor":1,"turns":5},{"damage":0,"enemies":"Small Slimes","floor":3,"turns":4},{"damage":0,"enemies":"Cultist","floor":5,"turns":5},{"damage":7,"enemies":"Blue Slaver","floor":11,"turns":4},{"damage":22,"enemies":"Large Slime","floor":13,"turns":9},{"damage":0,"enemies":"Exordium Wildlife","floor":14,"turns":4},{"damage":63,"enemies":"The Guardian","floor":16,"turns":11}],"seed_played":"-6686496636535919521","potions_obtained":[{"floor":11,"key":"SmokeBomb"},{"floor":13,"key":"Elixir"},{"floor":14,"key":"Weak Potion"}],"is_trial":false,"path_per_floor":["M","?","M","?","M","R","$","?","T","R","M","R","M","M","R","B"],"character_chosen":"ASTROLOGER","items_purchased":["Orrery"],"campfire_rested":2,"item_purchase_floors":[7],"current_hp_per_floor":[63,63,63,56,56,56,56,62,62,62,55,63,41,41,59,0,0],"gold":46,"neow_bonus":"THREE_RARE_CARDS","is_daily":false,"chose_seed":false,"campfire_upgraded":2,"win_rate":0.0,"timestamp":1607890960,"path_taken":["M","?","M","?","M","R","?","?","T","R","M","R","?","M","R","BOSS"],"items_purchased_type":["Relic"],"build_version":"2020-11-30","purchased_purges":0,"victory":false,"max_hp_per_floor":[63,63,63,63,63,63,63,63,63,63,63,63,63,63,63,63,63],"card_choices":[{"not_picked":["astrologer:HeatDeath","astrologer:RejectReality"],"picked":"astrologer:TheChariot","floor":0},{"not_picked":["astrologer:MeteorShower","astrologer:CometStrike"],"picked":"astrologer:Radiance","floor":1},{"not_picked":["astrologer:ReadTheStars","astrologer:SpaceDust"],"picked":"astrologer:Stardust","floor":3},{"not_picked":["astrologer:Stardust","astrologer:Opposition"],"picked":"astrologer:Radiance","floor":5},{"not_picked":["astrologer:Radiance","astrologer:Conjunction"],"picked":"astrologer:Moonlight","floor":7},{"not_picked":["astrologer:TheEmpress","astrologer:CrystalBall"],"picked":"astrologer:Confirmation","floor":7},{"not_picked":["astrologer:Opposition","astrologer:Premeditation"],"picked":"astrologer:TheHangedMan","floor":7},{"not_picked":["astrologer:FadingStar","astrologer:TheEmpress"],"picked":"astrologer:TheMagician","floor":7},{"not_picked":["astrologer:TheDevil","astrologer:Justice","astrologer:Radiance"],"picked":"SKIP","floor":11},{"not_picked":["astrologer:TheDevil","astrologer:ShiningStar"],"picked":"astrologer:Fireball","floor":13},{"not_picked":["astrologer:Opposition","astrologer:Radiance","astrologer:Eclipse"],"picked":"SKIP","floor":14}],"player_experience":436476,"relics_obtained":[{"floor":9,"key":"conspire:Flyswatter"}],"event_choices":[{"cards_removed":["astrologer:Strike"],"damage_healed":0,"gold_gain":0,"player_choice":"Card Removal","damage_taken":7,"max_hp_gain":0,"max_hp_loss":0,"event_name":"Golden Wing","floor":4,"gold_loss":0}],"is_beta":false,"boss_relics":[],"items_purged_floors":[],"is_endless":false,"potions_floor_spawned":[11,13,14],"killed_by":"The Guardian","ascension_level":0}}