{"host":"cz3p2o9n3b1gdmkz","time":1607862225,"event":{"mods":["AchievementEnabler","BaseMod","CapriCore","GungeonMod","Hermit","Lobotomy","Minty Spire (QoL Compilation)","Replay The Spire","Shop Mod","StSLib","SuperFastMode","The Cursed","The Dragon Tamer","The Gatherer","The Jungle","The Poker Player"],"gold_per_floor":[112,112,37,87,12,12,25,56,126,156,156,176,202,219,219,296,296,310,310,64,82,101,101,136,136,181,181,181,281,281,185,185,257,257,276,296,296,22,22,22,47,47,47,47,76,87,87,107,107,107,107,107,107,20,46,54],"floor_reached":57,"playtime":1882,"items_purged":["PokerPlayerMod:Diamond4"],"score":2192,"play_id":"9984cbbe-6e8b-45ec-947a-26757a4ebc52","local_time":"20201213212345","is_ascension_mode":true,"metric_token":1054,"campfire_choices":[{"data":"PokerPlayerMod:TrumpStrike","floor":6.0,"key":"SMITH"},{"data":"PokerPlayerMod:Mulligan","floor":11.0,"key":"SMITH"},{"data":"PokerPlayerMod:BadJoker","floor":15.0,"key":"SMITH"},{"data":"PokerPlayerMod:Club8","floor":23.0,"key":"SMITH"},{"data":"PokerPlayerMod:Diamond8","floor":25.0,"key":"SMITH"},{"data":"PokerPlayerMod:Club9","floor":28,"key":"SMITH"},{"data":"PokerPlayerMod:Club9","floor":30,"key":"SMITH"},{"data":"Specialist","floor":32,"key":"SMITH"},{"data":"PokerPlayerMod:Diamond9","floor":40,"key":"SMITH"},{"data":"PokerPlayerMod:Spade9","floor":42,"key":"SMITH"},{"floor":44,"key":"RECALL"},{"data":"PokerPlayerMod:Club2","floor":47,"key":"SMITH"},{"data":"PokerPlayerMod:Club2","floor":49,"key":"SMITH"},{"data":"PokerPlayerMod:ClubsClub","floor":53,"key":"SMITH"}],"circlet_count":0,"master_deck":["AscendersBane","PokerPlayerMod:Club3","PokerPlayerMod:Heart2","PokerPlayerMod:TrumpStrike+1","PokerPlayerMod:BadJoker+1","PokerPlayerMod:Club5","PokerPlayerMod:Club10+","PokerPlayerMod:Club5","PokerPlayerMod:Club10+","PokerPlayerMod:ClubsClub+1","PokerPlayerMod:Club10+","PokerPlayerMod:TheDieIsCast+1","PokerPlayerMod:Diamond2","PokerPlayerMod:Overdeal+1","PokerPlayerMod:Club3","PokerPlayerMod:Diamond10+","PokerPlayerMod:Spade10+","PokerPlayerMod:Club10+","Specialist+1","PokerPlayerMod:ClubShade"],"relics":["PokerPlayerMod:DeckCase","Happy Flower","Replay:Bottled Eggs","DemoMod:NanoMachines","Bronze Scales","Astrolabe","Orichalcum","Du-Vu Doll","PokerPlayerMod:StuffedPocket","DemoMod:Bottle","Coffee Dripper","CeramicFish","DemoMod:OrangeGuonStone","DemoMod:Antibody","Molten Egg 2","Shuriken","Replay:Bandana"],"acts_visited":["Exordium","TheCity","TheBeyond","TheEnding"],"potions_floor_usage":[50,56,56,56],"damage_taken":[{"damage":0.0,"enemies":"2 Louse","floor":1.0,"turns":1.0},{"damage":0.0,"enemies":"Small Slimes","floor":7.0,"turns":1.0},{"damage":7.0,"enemies":"Gremlin Nob","floor":8.0,"turns":3.0},{"damage":29.0,"enemies":"Lagavulin","floor":10.0,"turns":4.0},{"damage":0.0,"enemies":"Cultist","floor":12.0,"turns":2.0},{"damage":0.0,"enemies":"Replay:BlueRogue","floor":13.0,"turns":3.0},{"damage":0.0,"enemies":"Exordium Thugs","floor":14.0,"turns":1.0},{"damage":0.0,"enemies":"Hexaghost","floor":16.0,"turns":4.0},{"damage":0.0,"enemies":"2 Thieves","floor":18.0,"turns":2.0},{"damage":2.0,"enemies":"Chosen","floor":21.0,"turns":2.0},{"damage":0.0,"enemies":"Snake Plant","floor":22.0,"turns":2.0},{"damage":0.0,"enemies":"Gremlin Leader","floor":24.0,"turns":3.0},{"damage":8,"enemies":"Colosseum Slavers","floor":29,"turns":2},{"damage":0,"enemies":"Colosseum Nobs","floor":29,"turns":1},{"damage":11,"enemies":"Champ","floor":33,"turns":5},{"damage":0,"enemies":"Orb Walker","floor":35,"turns":1},{"damage":0,"enemies":"3 Darklings","floor":36,"turns":1},{"damage":3,"enemies":"Mind Bloom Boss Battle","floor":41,"turns":3},{"damage":0,"enemies":"Reptomancer","floor":45,"turns":2},{"damage":0,"enemies":"Transient","floor":46,"turns":5},{"damage":0,"enemies":"Maw","floor":48,"turns":2},{"damage":8,"enemies":"Time Eater","floor":50,"turns":4},{"damage":0,"enemies":"Shield and Spear","floor":55,"turns":2},{"damage":8,"enemies":"The Heart","floor":56,"turns":4}],"seed_played":"-4230816579540999957","potions_obtained":[{"floor":7.0,"key":"Adrenaline Potion"},{"floor":10.0,"key":"LifebloodPotion"},{"floor":13.0,"key":"Block Potion"},{"floor":33,"key":"FearPotion"},{"floor":45,"key":"Fire Potion"},{"floor":48,"key":"SkillPotion"}],"is_trial":false,"path_per_floor":["M","?","?","?","$","R","M","E","T","E","R","M","E","M","R","B",null,"M","?","$","M","M","R","E","R","T","?","R","?","R","$","R","B",null,"M","M","?","$","?","R","?","R","T","R","E","M","R","M","R","B",null,null,"R","$","E","B",null],"character_chosen":"THE_POKER_PLAYER","items_purchased":["Orichalcum","Regen Potion","Specialist","DemoMod:OrangeGuonStone","PokerPlayerMod:ClubShade","BlessingOfTheForge"],"campfire_rested":0,"item_purchase_floors":[20,20,31,38,54,54],"current_hp_per_floor":[43,43,43,43,43,43,43,36,36,9,9,14,16,16,16,20,38,38,38,38,44,44,44,44,44,44,35,35,33,33,33,33,25,39,44,44,44,44,44,44,42,42,42,42,42,42,42,44,44,44,44,44,44,44,44,36],"gold":54,"neow_bonus":"TRANSFORM_TWO_CARDS","is_daily":false,"chose_seed":false,"campfire_upgraded":13,"win_rate":0.0,"timestamp":1607862225,"path_taken":["M","?","?","?","$","R","M","E","T","E","R","M","E","?","R","BOSS","M","?","$","M","M","R","E","R","T","?","R","?","R","?","R","BOSS","M","M","?","?","?","R","?","R","T","R","E","M","R","M","R","BOSS","R","$","E","BOSS"],"items_purchased_type":["Relic","Potion","Card","Relic","Card","Potion"],"build_version":"2020-11-30","purchased_purges":1,"victory":true,"max_hp_per_floor":[44,44,44,44,44,44,44,44,44,44,44,44,44,44,44,44,44,44,44,44,44,44,44,44,44,44,44,44,44,44,44,44,44,44,44,44,44,44,44,44,44,44,44,44,44,44,44,44,44,44,44,44,44,44,44,44],"card_choices":[{"not_picked":["PokerPlayerMod:Diamond2","PokerPlayerMod:Diamond4","PokerPlayerMod:Trickery"],"picked":"SKIP","floor":1.0},{"not_picked":["PokerPlayerMod:DiamondStrike","PokerPlayerMod:CloakAndDiamond","PokerPlayerMod:Raise"],"picked":"SKIP","floor":7.0},{"not_picked":["PokerPlayerMod:Diamond8","PokerPlayerMod:CardBurn"],"picked":"PokerPlayerMod:Club5","floor":8.0},{"not_picked":["PokerPlayerMod:CardBurn","PokerPlayerMod:Diamond3","PokerPlayerMod:ClubStrike"],"picked":"SKIP","floor":10.0},{"not_picked":["PokerPlayerMod:FlyingCard","PokerPlayerMod:Club7"],"picked":"PokerPlayerMod:Club8","floor":12.0},{"not_picked":["PokerPlayerMod:HotShotCut","PokerPlayerMod:Diamond2"],"picked":"PokerPlayerMod:ClubsClub","floor":13.0},{"not_picked":["PokerPlayerMod:DiamondStrike","PokerPlayerMod:CloakAndDiamond","PokerPlayerMod:Extraction"],"picked":"SKIP","floor":14.0},{"not_picked":["PokerPlayerMod:Diamond8","PokerPlayerMod:Spade7"],"picked":"PokerPlayerMod:Club9","floor":16.0},{"not_picked":["PokerPlayerMod:Spade4","PokerPlayerMod:ClubsClub"],"picked":"PokerPlayerMod:Club2","floor":18.0},{"not_picked":["PokerPlayerMod:SpadeStrike","PokerPlayerMod:Diamond4","PokerPlayerMod:CloakAndDiamond"],"picked":"SKIP","floor":21.0},{"not_picked":["PokerPlayerMod:CloakAndDiamond","PokerPlayerMod:Diamond7","PokerPlayerMod:Fold"],"picked":"SKIP","floor":22.0},{"not_picked":["PokerPlayerMod:Configure","PokerPlayerMod:Diamond5","PokerPlayerMod:DiamondStrike"],"picked":"SKIP","floor":24.0},{"not_picked":["PokerPlayerMod:Spade3","PokerPlayerMod:Diamond2"],"picked":"PokerPlayerMod:Club10+","floor":29},{"not_picked":["PokerPlayerMod:Diamond4","PokerPlayerMod:Diamond1","PokerPlayerMod:FillThePot+1"],"picked":"SKIP","floor":35},{"not_picked":["PokerPlayerMod:ClubsClub","PokerPlayerMod:Diamond4","PokerPlayerMod:Spade8"],"picked":"SKIP","floor":36},{"not_picked":["PokerPlayerMod:Spade2","PokerPlayerMod:DartThrow+1","PokerPlayerMod:Diamond4"],"picked":"SKIP","floor":45},{"not_picked":["PokerPlayerMod:Heart1","PokerPlayerMod:Configure","PokerPlayerMod:Spade2"],"picked":"SKIP","floor":46},{"not_picked":["PokerPlayerMod:Spade3","PokerPlayerMod:Diamond1","PokerPlayerMod:Fold"],"picked":"SKIP","floor":48},{"not_picked":["PokerPlayerMod:Raise","PokerPlayerMod:Manipulation","PokerPlayerMod:CardBurn+1"],"picked":"SKIP","floor":55}],"player_experience":879068,"relics_obtained":[{"floor":8.0,"key":"Happy Flower"},{"floor":9.0,"key":"Replay:Bottled Eggs"},{"floor":10.0,"key":"DemoMod:NanoMachines"},{"floor":13.0,"key":"Bronze Scales"},{"floor":24.0,"key":"Du-Vu Doll"},{"floor":29,"key":"PokerPlayerMod:StuffedPocket"},{"floor":29,"key":"DemoMod:Bottle"},{"floor":41,"key":"DemoMod:Antibody"},{"floor":43,"key":"Molten Egg 2"},{"floor":45,"key":"Shuriken"},{"floor":55,"key":"Replay:Bandana"}],"event_choices":[{"cards_removed":["PokerPlayerMod:Diamond2"],"damage_healed":0.0,"max_hp_gain":0.0,"max_hp_loss":0.0,"gold_gain":0.0,"event_name":"Living Wall","player_choice":"Forget","floor":2.0,"gold_loss":0.0,"damage_taken":0.0},{"cards_removed":["PokerPlayerMod:Diamond3"],"damage_healed":0.0,"max_hp_gain":0.0,"max_hp_loss":0.0,"gold_gain":0.0,"event_name":"The Cleric","player_choice":"Card Removal","floor":3.0,"gold_loss":75.0,"damage_taken":0.0},{"damage_healed":0.0,"max_hp_gain":0.0,"max_hp_loss":0.0,"gold_gain":50.0,"event_name":"Golden Shrine","player_choice":"Pray","floor":4.0,"gold_loss":0.0,"damage_taken":0.0},{"damage_healed":0.0,"max_hp_gain":0.0,"max_hp_loss":0.0,"gold_gain":0.0,"cards_transformed":["PokerPlayerMod:Spade4","PokerPlayerMod:Club1"],"event_name":"Drug Dealer","player_choice":"Became Test Subject","floor":19.0,"gold_loss":0.0,"damage_taken":0.0,"cards_obtained":["PokerPlayerMod:Diamond8","PokerPlayerMod:Spade9"]},{"damage_healed":0,"gold_gain":0,"player_choice":"Stopped","damage_taken":9,"max_hp_gain":0,"max_hp_loss":0,"event_name":"Cursed Tome","floor":27,"gold_loss":0},{"damage_healed":0,"gold_gain":0,"player_choice":"Fight","damage_taken":0,"max_hp_gain":0,"max_hp_loss":0,"event_name":"Colosseum","floor":29,"gold_loss":0},{"damage_healed":0,"gold_gain":0,"player_choice":"Fought Nobs","damage_taken":0,"max_hp_gain":0,"max_hp_loss":0,"event_name":"Colosseum","floor":29,"gold_loss":0},{"damage_healed":0,"gold_gain":0,"player_choice":"Gave Potion","damage_taken":0,"relics_obtained":["CeramicFish"],"max_hp_gain":0,"max_hp_loss":0,"event_name":"WeMeetAgain","floor":37,"gold_loss":0},{"cards_removed":["PokerPlayerMod:Mulligan"],"damage_healed":0,"gold_gain":0,"player_choice":"Removed Skill","damage_taken":0,"max_hp_gain":0,"max_hp_loss":0,"event_name":"Falling","floor":39,"gold_loss":0},{"damage_healed":0,"gold_gain":0,"player_choice":"Fight","damage_taken":0,"max_hp_gain":0,"max_hp_loss":0,"event_name":"MindBloom","floor":41,"gold_loss":0}],"is_beta":false,"boss_relics":[{"not_picked":["Replay:Bronze Core","Runic Dome"],"picked":"Astrolabe"},{"not_picked":["Ring of Chaos","Busted Crown"],"picked":"Coffee Dripper"}],"items_purged_floors":[5],"is_endless":false,"potions_floor_spawned":[7,10,13,22,24,29,33,45,46,48],"ascension_level":16}}