{"host":"m1ntkrf87179kmo6","time":1607887058,"event":{"mods":["BaseMod","Better Third Choice","Minty Spire (QoL Compilation)","Shade Mod","StSLib"],"gold_per_floor":[118,293,310,289,0,0,25,1,26,26,86,86,99,19,19,123,173,183,196,196,111,123,135,181,193,273,285,33,51,71,71,71,171,171,190,190,190,202,221,221,231,231,231,231,5,122,136,150,150,150,150,150,7,42,42,42],"floor_reached":55,"playtime":5973,"items_purged":["Shade:Strike_Shade"],"score":906,"play_id":"5b19d698-ee53-4ce6-a35e-60e4c73474b7","local_time":"20201213141738","is_ascension_mode":false,"campfire_choices":[{"floor":6.0,"key":"RECALL"},{"data":"Shade:AnimateDead","floor":10.0,"key":"SMITH"},{"floor":12.0,"key":"REST"},{"data":"Shade:TouchOfTheGrave","floor":15.0,"key":"SMITH"},{"data":"Shade:CarefulCut","floor":23,"key":"SMITH"},{"floor":25,"key":"DIG"},{"floor":27,"key":"DIG"},{"floor":32,"key":"DIG"},{"floor":40,"key":"DIG"},{"floor":42,"key":"DIG"},{"floor":44,"key":"DIG"},{"floor":49,"key":"DIG"},{"floor":52,"key":"DIG"}],"circlet_count":0,"master_deck":["Shade:Strike_Shade","Shade:Strike_Shade","Shade:Defend_Shade","Shade:Defend_Shade","Shade:Defend_Shade+1","Shade:Defend_Shade+1","Shade:AnimateDead+1","Shade:CarefulCut+1","Shade:FuneraryArmor+1","Shade:ClawBack+1","Shade:ExtraLimbs+1","Shade:TouchOfTheGrave+1","Shade:UnbarTheGrave","Shade:ExtraLimbs+1","Shade:ScuttlingHand+1","Shade:ScuttlingHand+1","Shade:FuneraryArmor+1","Shade:FleshLikeOak+1","Shade:AncientSpear+1","Bandage Up+1"],"relics":["Shade:YorickSkull","NeowsBlessing","betterThird:SlimedRelic","FossilizedHelix","Molten Egg 2","Vajra","Tiny House","MutagenicStrength","MawBank","Shovel","Du-Vu Doll","Shuriken","Toy Ornithopter","Peace Pipe","Empty Cage","Ancient Tea Set","Centennial Puzzle","Ornamental Fan","Bag of Preparation","Strawberry","Mercury Hourglass","PreservedInsect","HornCleat","Lantern","War Paint"],"acts_visited":["Exordium","TheCity","TheBeyond","TheEnding"],"potions_floor_usage":[19,24,30,33,39,41,50,55,55,55,55],"damage_taken":[{"damage":0.0,"enemies":"Jaw Worm","floor":1.0,"turns":1.0},{"damage":0.0,"enemies":"2 Louse","floor":3.0,"turns":1.0},{"damage":0.0,"enemies":"Gremlin Nob","floor":7.0,"turns":1.0},{"damage":0.0,"enemies":"Small Slimes","floor":13.0,"turns":3.0},{"damage":12.0,"enemies":"Hexaghost","floor":16.0,"turns":8.0},{"damage":0.0,"enemies":"Chosen","floor":18.0,"turns":4.0},{"damage":0,"enemies":"3 Byrds","floor":19,"turns":8},{"damage":0,"enemies":"Book of Stabbing","floor":24,"turns":6},{"damage":0,"enemies":"Snecko","floor":29,"turns":3},{"damage":7,"enemies":"Snake Plant","floor":30,"turns":3},{"damage":0,"enemies":"Collector","floor":33,"turns":4},{"damage":4,"enemies":"3 Darklings","floor":35,"turns":5},{"damage":0,"enemies":"Orb Walker","floor":38,"turns":3},{"damage":0,"enemies":"4 Shapes","floor":39,"turns":4},{"damage":0,"enemies":"Spire Growth","floor":41,"turns":3},{"damage":0,"enemies":"Jaw Worm Horde","floor":47,"turns":3},{"damage":0,"enemies":"Writhing Mass","floor":48,"turns":5},{"damage":0,"enemies":"Donu and Deca","floor":50,"turns":7},{"damage":0,"enemies":"Shield and Spear","floor":54,"turns":5},{"damage":127,"enemies":"The Heart","floor":55,"turns":9}],"seed_played":"-1886967665586530404","potions_obtained":[{"floor":7.0,"key":"Energy Potion"},{"floor":13.0,"key":"EssenceOfSteel"},{"floor":17.0,"key":"GamblersBrew"},{"floor":18.0,"key":"SkillPotion"},{"floor":30,"key":"GamblersBrew"},{"floor":33,"key":"Fire Potion"},{"floor":38,"key":"SkillPotion"},{"floor":46,"key":"FairyPotion"},{"floor":47,"key":"Dexterity Potion"},{"floor":48,"key":"EntropicBrew"}],"is_trial":false,"path_per_floor":["M","?","M","?","$","R","E","$","T","R","?","R","M","$","R","B",null,"M","M","?","?","?","R","E","R","T","R","$","M","M","?","R","B",null,"M","?","?","M","M","R","M","R","T","R","$","?","M","M","R","B",null,"R","$","E","B"],"character_chosen":"SHADE","items_purchased":["FossilizedHelix","Shade:ClawBack+1","Shade:TouchOfTheGrave","Shade:ScuttlingHand+1","Toy Ornithopter","DistilledChaos","Strawberry","Lantern"],"campfire_rested":1,"item_purchase_floors":[5,8,14,28,28,28,45,53],"current_hp_per_floor":[65,65,65,54,54,54,54,54,54,54,54,65,65,65,65,53,70,70,70,70,70,70,70,70,70,70,70,70,70,63,63,63,68,70,66,66,66,66,70,70,70,70,70,70,77,77,77,77,77,77,77,77,77,77,0,0],"gold":42,"neow_bonus":"THREE_ENEMY_KILL","is_daily":false,"chose_seed":false,"campfire_upgraded":3,"win_rate":0.0,"timestamp":1607887058,"path_taken":["M","?","M","?","?","R","E","$","T","R","?","R","M","$","R","BOSS","M","M","?","?","?","R","E","R","T","R","$","?","M","?","R","BOSS","M","?","?","?","?","R","M","R","T","R","$","?","?","M","R","BOSS","R","$","E","BOSS"],"items_purchased_type":["Relic","Card","Card","Card","Relic","Potion","Relic","Relic"],"build_version":"2020-11-30","purchased_purges":1,"victory":false,"max_hp_per_floor":[65,65,65,65,65,65,65,65,65,65,65,65,65,65,65,65,70,70,70,70,70,70,70,70,70,70,70,70,70,70,70,70,70,70,70,70,70,70,70,70,70,70,70,70,77,77,77,77,77,77,77,77,77,77,77,77],"card_choices":[{"not_picked":["Shade:CommandSoldier","Shade:WallOfFlesh"],"picked":"Shade:FuneraryArmor","floor":1.0},{"not_picked":["Shade:FuneraryArmor","Shade:SoulToxin","Shade:SanguineRitual"],"picked":"SKIP","floor":3.0},{"not_picked":["Shade:Consume+1","Shade:Awaken","Shade:CoffinDance+1"],"picked":"SKIP","floor":7.0},{"not_picked":["Shade:RitualOffering","Shade:Brains"],"picked":"Shade:ExtraLimbs+1","floor":13.0},{"not_picked":["Shade:LoseControl","Shade:Tombstone+1"],"picked":"Shade:UnbarTheGrave","floor":16.0},{"not_picked":["Shade:Awaken","Shade:Excise"],"picked":"Shade:ExtraLimbs+1","floor":17.0},{"not_picked":["Shade:FeralStrike+1","Shade:LyeBath","Shade:FingerOfDeath+1"],"picked":"SKIP","floor":18.0},{"not_picked":["Shade:GraveStillness","Shade:ClawBack+1","Shade:FingerOfDeath+1"],"picked":"SKIP","floor":19},{"not_picked":["Shade:RitualOffering","Shade:CallOfTheGrave","Shade:ClawBack+1"],"picked":"SKIP","floor":24},{"not_picked":["Shade:Premonition","Shade:RavenousHorde"],"picked":"Shade:Excise","floor":29},{"not_picked":["Shade:FleshLikeOak","Shade:SkeletonHug+1"],"picked":"Shade:ScuttlingHand+1","floor":30},{"not_picked":["Shade:SanguineRitual","Shade:Frenzy+1","Shade:GraveStillness+1"],"picked":"SKIP","floor":35},{"not_picked":["Shade:PressTheAttack+1","Shade:Frenzy+1"],"picked":"Shade:FleshLikeOak+1","floor":38},{"not_picked":["Shade:SpontaneousRitual+1","Shade:AuraOfUnlife+1","Shade:ClawBack+1"],"picked":"SKIP","floor":39},{"not_picked":["Shade:Frenzy+1","Shade:Asphyxiate+1"],"picked":"Shade:AncientSpear+1","floor":41},{"not_picked":["Discovery","Forethought"],"picked":"Bandage Up","floor":46},{"not_picked":["Shade:CoffinDance+1","Shade:Brains+1","Shade:SpontaneousRitual+1"],"picked":"SKIP","floor":47},{"not_picked":["Shade:Trample+1","Shade:StitchTogether","Shade:FleshLikeOak+1"],"picked":"SKIP","floor":48},{"not_picked":["Shade:SkeletonHug+1","Shade:LastGasp","Shade:FreshBones+1"],"picked":"SKIP","floor":54}],"player_experience":1000585,"relics_obtained":[{"floor":7.0,"key":"Molten Egg 2"},{"floor":9.0,"key":"Vajra"},{"floor":24,"key":"Shovel"},{"floor":25,"key":"Du-Vu Doll"},{"floor":27,"key":"Shuriken"},{"floor":32,"key":"Peace Pipe"},{"floor":40,"key":"Ancient Tea Set"},{"floor":42,"key":"Centennial Puzzle"},{"floor":43,"key":"Ornamental Fan"},{"floor":44,"key":"Bag of Preparation"},{"floor":46,"key":"Mercury Hourglass"},{"floor":49,"key":"PreservedInsect"},{"floor":52,"key":"HornCleat"},{"floor":54,"key":"War Paint"}],"event_choices":[{"damage_healed":0.0,"max_hp_gain":0.0,"max_hp_loss":0.0,"gold_gain":175.0,"event_name":"betterThird:BetterSerpent","player_choice":"AGREE","floor":2.0,"gold_loss":0.0,"damage_taken":118.0},{"damage_healed":0.0,"max_hp_gain":0.0,"max_hp_loss":0.0,"gold_gain":0.0,"event_name":"betterThird:BetterGoop","player_choice":"Slimed","floor":4.0,"gold_loss":21.0,"damage_taken":11.0},{"damage_healed":0.0,"max_hp_gain":0.0,"max_hp_loss":0.0,"gold_gain":60.0,"event_name":"Golden Wing","player_choice":"Gained Gold","floor":11.0,"gold_loss":0.0,"damage_taken":0.0},{"damage_healed":0,"gold_gain":0,"player_choice":"Inject Mutagens","damage_taken":0,"relics_obtained":["MutagenicStrength"],"max_hp_gain":0,"max_hp_loss":0,"event_name":"Drug Dealer","floor":20,"gold_loss":0},{"damage_healed":0,"gold_gain":0,"player_choice":"Obtained Relic","damage_taken":0,"relics_obtained":["MawBank"],"max_hp_gain":0,"max_hp_loss":0,"event_name":"Addict","floor":21,"gold_loss":85},{"damage_healed":0,"gold_gain":0,"player_choice":"Forge","damage_taken":0,"max_hp_gain":0,"max_hp_loss":0,"event_name":"Accursed Blacksmith","floor":22,"gold_loss":0,"cards_upgraded":["Shade:FuneraryArmor"]},{"damage_healed":0,"gold_gain":0,"player_choice":"Ignored","damage_taken":0,"max_hp_gain":0,"max_hp_loss":0,"event_name":"Cursed Tome","floor":31,"gold_loss":0},{"cards_removed":["Shade:Excise"],"damage_healed":0,"gold_gain":0,"player_choice":"Removed Skill","damage_taken":0,"max_hp_gain":0,"max_hp_loss":0,"event_name":"Falling","floor":36,"gold_loss":0},{"damage_healed":0,"gold_gain":0,"player_choice":"Copied","damage_taken":0,"max_hp_gain":0,"max_hp_loss":0,"event_name":"Duplicator","floor":37,"gold_loss":0,"cards_obtained":["Shade:FuneraryArmor"]},{"damage_healed":0,"gold_gain":0,"player_choice":"Random: Red","damage_taken":0,"max_hp_gain":0,"max_hp_loss":0,"event_name":"betterThird:BetterPortal","floor":46,"gold_loss":0}],"is_beta":false,"boss_relics":[{"not_picked":["Velvet Choker","Astrolabe"],"picked":"Tiny House"},{"not_picked":["Runic Dome","Pandora\u0027s Box"],"picked":"Empty Cage"}],"items_purged_floors":[45],"is_endless":false,"potions_floor_spawned":[7,13,18,30,33,38,47,48],"killed_by":"The Heart","ascension_level":0}}