{"host":"gk5m6v7zec9neb0j","time":1607860171,"event":{"mods":["AchievementEnabler","AlwaysNeverKeys","BaseMod","BetterRewards","Block Reminder","Minty Spire (QoL Compilation)","Rare Cards Sparkle","Relic Stats","StSLib"],"gold_per_floor":[116,128,28,103,103,103,103,115,167,167,167,132,161,177,177,290,290,301,11,37,70,99,99,143,143,143,84,99,114,134,177,177,286,286,298,63,88,88,105,140,160,160,214,214,225,239,261,261,261,261,261,261,21,56,56],"floor_reached":56,"playtime":2204,"items_purged":["Strike_R","Strike_R"],"score":1561,"play_id":"63154b4f-561f-40e5-8bad-9bcdad42012c","local_time":"20201213064931","is_ascension_mode":false,"campfire_choices":[{"data":"Bash","floor":6.0,"key":"SMITH"},{"data":"Feel No Pain","floor":11.0,"key":"SMITH"},{"data":"Iron Wave","floor":15.0,"key":"SMITH"},{"data":"Rage","floor":23.0,"key":"SMITH"},{"data":"Rupture","floor":25.0,"key":"SMITH"},{"data":"Dark Embrace","floor":32.0,"key":"SMITH"},{"data":"Corruption","floor":42.0,"key":"SMITH"},{"data":"Impervious","floor":44.0,"key":"SMITH"},{"data":"Ghostly Armor","floor":49.0,"key":"SMITH"},{"data":"Pummel","floor":52,"key":"SMITH"}],"circlet_count":0,"master_deck":["Strike_R","Strike_R","Defend_R+1","Defend_R","Defend_R","Defend_R","Bash+1","Feel No Pain+1","Flame Barrier+1","Iron Wave+1","Corruption+1","Ghostly Armor+1","Shockwave+1","Rage+1","Rupture+1","Dark Embrace+1","Pummel+1","Bloodletting+1","Impervious+1","Shrug It Off+1","Shockwave+1","Body Slam+1","Shrug It Off+1","Sentinel","Spot Weakness","Metamorphosis","Flex"],"relics":["Black Blood","Charon\u0027s Ashes","CeramicFish","Sozu","Mummified Hand","Red Mask","Tiny Chest","Self Forming Clay","The Courier","Dead Branch","StrikeDummy","Nunchaku","Oddly Smooth Stone"],"acts_visited":["Exordium","TheCity","TheBeyond","TheEnding"],"potions_floor_usage":[],"damage_taken":[{"damage":12.0,"enemies":"Small Slimes","floor":1.0,"turns":6.0},{"damage":0.0,"enemies":"2 Louse","floor":2.0,"turns":4.0},{"damage":2.0,"enemies":"Jaw Worm","floor":8.0,"turns":5.0},{"damage":7.0,"enemies":"Large Slime","floor":13.0,"turns":9.0},{"damage":0.0,"enemies":"2 Fungi Beasts","floor":14.0,"turns":3.0},{"damage":23.0,"enemies":"Slime Boss","floor":16.0,"turns":16.0},{"damage":9.0,"enemies":"Shell Parasite","floor":18.0,"turns":5.0},{"damage":0.0,"enemies":"Chosen","floor":20.0,"turns":4.0},{"damage":0.0,"enemies":"Masked Bandits","floor":21.0,"turns":4.0},{"damage":2.0,"enemies":"Snake Plant","floor":22.0,"turns":4.0},{"damage":0.0,"enemies":"Book of Stabbing","floor":24.0,"turns":6.0},{"damage":6.0,"enemies":"Centurion and Healer","floor":28.0,"turns":6.0},{"damage":0.0,"enemies":"Snecko","floor":29.0,"turns":4.0},{"damage":0.0,"enemies":"Snake Plant","floor":30.0,"turns":3.0},{"damage":4.0,"enemies":"Slavers","floor":31.0,"turns":3.0},{"damage":78.0,"enemies":"Champ","floor":33.0,"turns":13.0},{"damage":3.0,"enemies":"Orb Walker","floor":35.0,"turns":3.0},{"damage":3.0,"enemies":"3 Darklings","floor":37.0,"turns":1.0},{"damage":3.0,"enemies":"4 Shapes","floor":39.0,"turns":3.0},{"damage":3.0,"enemies":"Reptomancer","floor":40.0,"turns":3.0},{"damage":18.0,"enemies":"Transient","floor":41.0,"turns":5.0},{"damage":6.0,"enemies":"Maw","floor":45.0,"turns":4.0},{"damage":3.0,"enemies":"Writhing Mass","floor":46.0,"turns":3.0},{"damage":0.0,"enemies":"Jaw Worm Horde","floor":47.0,"turns":3.0},{"damage":51,"enemies":"Awakened One","floor":50,"turns":6},{"damage":0,"enemies":"Shield and Spear","floor":54,"turns":3},{"damage":21,"enemies":"The Heart","floor":55,"turns":7}],"seed_played":"-4268056672653895370","potions_obtained":[{"floor":8.0,"key":"AttackPotion"},{"floor":13.0,"key":"Block Potion"},{"floor":14.0,"key":"EssenceOfSteel"},{"floor":16.0,"key":"Energy Potion"}],"is_trial":false,"path_per_floor":["M","M","$","?","?","R","?","M","T","?","R","?","M","M","R","B",null,"M","$","M","?","M","R","E","R","T","$","M","M","M","E","R","B",null,"M","$","M","?","M","E","M","R","T","R","M","M","M","?","R","B",null,"R","$","E","B",null],"character_chosen":"IRONCLAD","items_purchased":["Feel No Pain","Flame Barrier","Mummified Hand","Ghostly Armor","Dark Embrace","Dead Branch","Sentinel","Spot Weakness","Metamorphosis"],"campfire_rested":0,"item_purchase_floors":[0,0,19,19,27,36,53,53,53],"current_hp_per_floor":[54,60,60,49,75,75,75,79,79,63,63,80,79,80,80,63,80,77,77,80,80,80,80,80,80,80,80,80,80,80,80,80,8,80,80,80,80,80,80,80,74,74,74,74,80,80,80,76,76,37,76,76,76,76,67],"gold":56,"neow_bonus":"","is_daily":false,"chose_seed":false,"campfire_upgraded":10,"win_rate":0.0,"timestamp":1607860171,"path_taken":["M","M","$","?","?","R","?","M","T","?","R","?","M","M","R","BOSS","M","$","M","?","M","R","E","R","T","$","M","M","M","E","R","BOSS","M","$","M","?","M","E","M","R","T","R","M","M","M","?","R","BOSS","R","$","E","BOSS"],"items_purchased_type":["Card","Card","Relic","Card","Card","Relic","Card","Card","Card"],"build_version":"2020-11-30","purchased_purges":2,"victory":true,"max_hp_per_floor":[80,80,80,80,80,80,80,80,80,80,80,80,80,80,80,80,80,80,80,80,80,80,80,80,80,80,80,80,80,80,80,80,80,80,80,80,80,80,80,80,80,80,80,80,80,80,80,76,76,76,76,76,76,76,76],"relic_stats":{"Sozu":7,"Nunchaku":[7],"counters":[327,1631],"Mummified Hand":[115],"Self Forming Clay":[87],"CeramicFish":162,"Dead Branch":[205],"Black Blood":1811,"Tiny Chest":2,"Charon\u0027s Ashes":[1150],"obtain_stats":[{"Whetstone":45,"Ginger":48,"Bottled Tornado":12,"Boot":40,"Old Coin":9,"Blood Vial":54,"Sundial":43,"Fusion Hammer":34,"Kunai":3,"Runic Cube":34,"Pear":6,"Blue Candle":9,"Eternal Feather":6,"Pen Nib":9,"Akabeko":37,"SlaversCollar":17,"Runic Dome":17,"Bird Faced Urn":0,"MutagenicStrength":27,"Mark of Pain":34,"StrikeDummy":47,"Unceasing Top":0,"Regal Pillow":9,"Singing Bowl":42,"StoneCalendar":0,"Bag of Preparation":41,"Ancient Tea Set":6,"Burning Blood":0,"Matryoshka":27,"WingedGreaves":11,"Chemical X":0,"Paper Frog":9,"Potion Belt":43,"Lee\u0027s Waffle":0,"Golden Idol":4,"Self Forming Clay":25,"Thread and Needle":0,"The Courier":13,"Omamori":13,"Frozen Egg 2":8,"MawBank":9,"Orrery":0,"Turnip":13,"Art of War":26,"Champion Belt":23,"Toy Ornithopter":9,"Ice Cream":0,"Calipers":0,"Gremlin Horn":24,"CeramicFish":11,"Vajra":19,"Sozu":17,"Lizard Tail":25,"Centennial Puzzle":26,"HornCleat":54,"Strawberry":43,"Toxic Egg 2":25,"Girya":0,"Happy Flower":0,"Dead Branch":13,"Oddly Smooth Stone":54,"Charon\u0027s Ashes":0,"Letter Opener":26,"War Paint":55,"Question Card":9,"Du-Vu Doll":43,"OrangePellets":0,"Bottled Flame":54,"Shuriken":0,"Bronze Scales":0,"Molten Egg 2":26,"Nloth\u0027s Gift":20,"Pocketwatch":47,"Meat on the Bone":28,"Darkstone Periapt":26,"SacredBark":34,"Black Blood":17,"Mango":26,"Juzu Bracelet":3,"Incense Burner":0,"Empty Cage":17,"ClockworkSouvenir":0,"Nunchaku":36,"Dream Catcher":25,"TheAbacus":37,"Mummified Hand":0,"Gambling Chip":13,"Tiny Chest":24,"Red Mask":41,"Red Skull":4,"Runic Pyramid":34,"Orichalcum":20,"Odd Mushroom":14,"White Beast Statue":2,"Mercury Hourglass":30,"Peace Pipe":0,"Anchor":12,"Bag of Marbles":0,"Membership Card":0,"FossilizedHelix":0,"TungstenRod":36},{"Whetstone":46,"Ginger":104,"Bottled Tornado":137,"Boot":102,"Old Coin":4,"Blood Vial":49,"Sundial":149,"Fusion Hammer":98,"Kunai":2,"Runic Cube":296,"Pear":111,"Blue Candle":112,"Eternal Feather":25,"Pen Nib":56,"Akabeko":221,"SlaversCollar":36,"Runic Dome":61,"Bird Faced Urn":129,"MutagenicStrength":292,"Mark of Pain":70,"StrikeDummy":47,"Unceasing Top":0,"Regal Pillow":157,"Singing Bowl":102,"StoneCalendar":80,"Bag of Preparation":196,"Ancient Tea Set":84,"Burning Blood":0,"Matryoshka":118,"WingedGreaves":26,"Chemical X":50,"Paper Frog":33,"Potion Belt":102,"Lee\u0027s Waffle":231,"Golden Idol":2,"Self Forming Clay":265,"Thread and Needle":154,"The Courier":15,"Omamori":27,"Frozen Egg 2":25,"MawBank":13,"Orrery":9,"Turnip":59,"Art of War":117,"Champion Belt":66,"Toy Ornithopter":181,"Ice Cream":80,"Calipers":80,"Gremlin Horn":39,"CeramicFish":33,"Vajra":140,"Sozu":306,"Lizard Tail":39,"Centennial Puzzle":39,"HornCleat":174,"Strawberry":124,"Toxic Egg 2":117,"Girya":50,"Happy Flower":80,"Dead Branch":88,"Oddly Smooth Stone":326,"Charon\u0027s Ashes":50,"Letter Opener":67,"War Paint":79,"Question Card":135,"Du-Vu Doll":149,"OrangePellets":19,"Bottled Flame":106,"Shuriken":0,"Bronze Scales":29,"Molten Egg 2":165,"Nloth\u0027s Gift":115,"Pocketwatch":172,"Meat on the Bone":216,"Darkstone Periapt":93,"SacredBark":219,"Black Blood":16,"Mango":141,"Juzu Bracelet":10,"Incense Burner":107,"Empty Cage":160,"ClockworkSouvenir":0,"Nunchaku":42,"Dream Catcher":141,"TheAbacus":99,"Mummified Hand":50,"Gambling Chip":34,"Tiny Chest":92,"Red Mask":148,"Red Skull":32,"Runic Pyramid":41,"Orichalcum":17,"Odd Mushroom":28,"White Beast Statue":10,"Mercury Hourglass":69,"Peace Pipe":0,"Anchor":59,"Bag of Marbles":50,"Membership Card":0,"FossilizedHelix":129,"TungstenRod":193},{"Whetstone":235,"Ginger":445,"Bottled Tornado":578,"Boot":443,"Old Coin":20,"Blood Vial":254,"Sundial":607,"Fusion Hammer":434,"Kunai":11,"Runic Cube":1471,"Pear":468,"Blue Candle":470,"Eternal Feather":132,"Pen Nib":288,"Akabeko":1053,"SlaversCollar":194,"Runic Dome":314,"Bird Faced Urn":552,"MutagenicStrength":1449,"Mark of Pain":351,"StrikeDummy":240,"Unceasing Top":0,"Regal Pillow":630,"Singing Bowl":443,"StoneCalendar":388,"Bag of Preparation":876,"Ancient Tea Set":396,"Burning Blood":0,"Matryoshka":499,"WingedGreaves":139,"Chemical X":262,"Paper Frog":177,"Potion Belt":443,"Lee\u0027s Waffle":1104,"Golden Idol":11,"Self Forming Clay":1293,"Thread and Needle":621,"The Courier":70,"Omamori":150,"Frozen Egg 2":132,"MawBank":57,"Orrery":48,"Turnip":301,"Art of War":496,"Champion Belt":329,"Toy Ornithopter":757,"Ice Cream":388,"Calipers":388,"Gremlin Horn":203,"CeramicFish":177,"Vajra":586,"Sozu":1538,"Lizard Tail":203,"Centennial Puzzle":203,"HornCleat":729,"Strawberry":538,"Toxic Egg 2":496,"Girya":262,"Happy Flower":388,"Dead Branch":406,"Oddly Smooth Stone":1624,"Charon\u0027s Ashes":262,"Letter Opener":332,"War Paint":381,"Question Card":574,"Du-Vu Doll":607,"OrangePellets":106,"Bottled Flame":448,"Shuriken":0,"Bronze Scales":164,"Molten Egg 2":671,"Nloth\u0027s Gift":488,"Pocketwatch":718,"Meat on the Bone":1028,"Darkstone Periapt":419,"SacredBark":1044,"Black Blood":80,"Mango":587,"Juzu Bracelet":50,"Incense Burner":454,"Empty Cage":646,"ClockworkSouvenir":0,"Nunchaku":221,"Dream Catcher":587,"TheAbacus":436,"Mummified Hand":262,"Gambling Chip":183,"Tiny Chest":417,"Red Mask":605,"Red Skull":173,"Runic Pyramid":217,"Orichalcum":95,"Odd Mushroom":152,"White Beast Statue":50,"Mercury Hourglass":341,"Peace Pipe":0,"Anchor":301,"Bag of Marbles":262,"Membership Card":0,"FossilizedHelix":552,"TungstenRod":854}]},"card_choices":[{"not_picked":["Cleave","Clothesline","Armaments"],"picked":"SKIP","floor":1.0},{"not_picked":["Armaments","True Grit","Heavy Blade"],"picked":"SKIP","floor":2.0},{"not_picked":["Perfected Strike","Thunderclap","Heavy Blade"],"picked":"SKIP","floor":8.0},{"not_picked":["Pommel Strike","Blood for Blood"],"picked":"Iron Wave","floor":13.0},{"not_picked":["Reckless Charge","Headbutt","Thunderclap"],"picked":"SKIP","floor":14.0},{"not_picked":["Demon Form","Bludgeon"],"picked":"Corruption","floor":16.0},{"not_picked":["Metallicize","Sword Boomerang","Body Slam+1"],"picked":"SKIP","floor":18.0},{"not_picked":["Whirlwind","Dual Wield"],"picked":"Shockwave+1","floor":20.0},{"not_picked":["Clothesline+1","Thunderclap"],"picked":"Rage","floor":22.0},{"not_picked":["Thunderclap+1","Twin Strike"],"picked":"Rupture","floor":24.0},{"not_picked":["Blood for Blood","Armaments+1","Heavy Blade+1"],"picked":"SKIP","floor":28.0},{"not_picked":["Clothesline","Wild Strike","Anger"],"picked":"SKIP","floor":29.0},{"not_picked":["Pummel","Corruption","Heavy Blade"],"picked":"SKIP","floor":30.0},{"not_picked":["Corruption","Heavy Blade"],"picked":"Pummel","floor":30.0},{"not_picked":["Blood for Blood+1","Shockwave"],"picked":"Bloodletting+1","floor":31.0},{"not_picked":["Juggernaut","Fiend Fire"],"picked":"Impervious","floor":33.0},{"not_picked":["Wild Strike","Sword Boomerang","Pommel Strike"],"picked":"SKIP","floor":35.0},{"not_picked":["Anger","Pommel Strike"],"picked":"Shrug It Off+1","floor":37.0},{"not_picked":["Reaper","Headbutt+1","Searing Blow"],"picked":"SKIP","floor":39.0},{"not_picked":["Clothesline","Twin Strike"],"picked":"Shockwave+1","floor":40.0},{"not_picked":["Power Through+1","Clash+1"],"picked":"Body Slam+1","floor":41.0},{"not_picked":["Rampage","Clash+1","Twin Strike+1"],"picked":"SKIP","floor":45.0},{"not_picked":["Demon Form","Headbutt","Anger"],"picked":"SKIP","floor":46.0},{"not_picked":["Shrug It Off+1","Thunderclap+1","Sword Boomerang"],"picked":"SKIP","floor":47.0},{"not_picked":["Thunderclap+1","Sword Boomerang"],"picked":"Shrug It Off+1","floor":47.0},{"not_picked":["Cleave+1","Pommel Strike"],"picked":"Flex","floor":54}],"player_experience":675337,"relics_obtained":[{"floor":9.0,"key":"CeramicFish"},{"floor":21.0,"key":"Red Mask"},{"floor":24.0,"key":"Tiny Chest"},{"floor":26.0,"key":"Self Forming Clay"},{"floor":31.0,"key":"The Courier"},{"floor":40.0,"key":"StrikeDummy"},{"floor":43.0,"key":"Nunchaku"},{"floor":54,"key":"Oddly Smooth Stone"}],"event_choices":[{"damage_healed":0.0,"max_hp_gain":0.0,"max_hp_loss":0.0,"gold_gain":75.0,"event_name":"World of Goop","player_choice":"Gather Gold","floor":4.0,"gold_loss":0.0,"damage_taken":11.0},{"damage_healed":26.0,"max_hp_gain":0.0,"max_hp_loss":0.0,"gold_gain":0.0,"event_name":"Big Fish","player_choice":"Banana","floor":5.0,"gold_loss":0.0,"damage_taken":0.0},{"damage_healed":0.0,"max_hp_gain":0.0,"max_hp_loss":0.0,"gold_gain":0.0,"event_name":"Living Wall","player_choice":"Grow","floor":7.0,"gold_loss":0.0,"damage_taken":0.0,"cards_upgraded":["Flame Barrier"]},{"damage_healed":0.0,"max_hp_gain":0.0,"max_hp_loss":0.0,"gold_gain":0.0,"event_name":"Shining Light","player_choice":"Entered Light","floor":10.0,"gold_loss":0.0,"damage_taken":16.0,"cards_upgraded":["Strike_R","Defend_R"]},{"damage_healed":20.0,"max_hp_gain":0.0,"max_hp_loss":0.0,"gold_gain":0.0,"event_name":"The Cleric","player_choice":"Healed","floor":12.0,"gold_loss":35.0,"damage_taken":0.0},{"damage_healed":0.0,"max_hp_gain":0.0,"max_hp_loss":0.0,"gold_gain":0.0,"event_name":"Masked Bandits","player_choice":"Fought Bandits","floor":21.0,"gold_loss":0.0,"damage_taken":0.0},{"cards_removed":["Strike_R"],"damage_healed":0.0,"max_hp_gain":0.0,"max_hp_loss":0.0,"gold_gain":0.0,"event_name":"Falling","player_choice":"Removed Attack","floor":38.0,"gold_loss":0.0,"damage_taken":0.0},{"damage_healed":0.0,"max_hp_gain":0.0,"max_hp_loss":4.0,"gold_gain":0.0,"event_name":"Winding Halls","player_choice":"Max HP","floor":48.0,"gold_loss":0.0,"damage_taken":0.0}],"is_beta":false,"boss_relics":[{"not_picked":["Black Star","Cursed Key"],"picked":"Sozu"},{"not_picked":["Tiny House","Runic Pyramid"],"picked":"Black Blood"}],"items_purged_floors":[0,3],"is_endless":false,"potions_floor_spawned":[8,13,14,16,22,24,28,29,39,40,47],"ascension_level":0}}