{"host":"6z6y4ky8uzsz1dpj","time":1607873494,"event":{"mods":["2.2 Compatiblity","AchievementEnabler","BaseMod","BetterRewards","Challenge The Spire","Colored Map","Hubris","Minty Spire (QoL Compilation)","Quick Restart","Replay The Spire","StSLib","The Construct","The Cursed","The Hierophant","The Necromancer","The Poker Player","The Servant 0.9.4"],"gold_per_floor":[110,130,147,167,167,167,194,194,220,10,129,143,218,345,345,446,446,458,458,458,1,18,18,51,51,51,51,51],"floor_reached":27,"playtime":851,"items_purged":["Strike_B","Strike_B"],"score":241,"play_id":"349e7a9f-a853-4e3f-a20a-c447341790df","local_time":"20201213103134","is_ascension_mode":false,"campfire_choices":[{"data":"Scrape","floor":6,"key":"SMITH"},{"data":"Scrape","floor":8,"key":"SMITH"},{"floor":15,"key":"REST"},{"data":"Gash","floor":23,"key":"SMITH"}],"circlet_count":0,"master_deck":["Strike_B","Strike_B","Defend_B","Defend_B","Defend_B","Defend_B+1","Zap","Dualcast","Loop","Doom and Gloom","Conserve Battery","Conserve Battery","Gash+1","Scrape+1","Gash","Scrape+1","Ball Lightning","Beam Cell","Beam Cell","ReplayGash","Steam","Conserve Battery","Creative AI","ReplayGash","Gash+1","Turbo"],"relics":["Cracked Core","Prayer Wheel","hubris:Icosahedron","ReplayTheSpireMod:Shallot","ReplayFunnel","Replay:Wax Seal","Philosopher\u0027s Stone","construct:RocketBooster","Replay:Rubber Ducky","hubris:RGBLights"],"acts_visited":["Exordium","TheCity"],"potions_floor_usage":[14,24],"damage_taken":[{"damage":6,"enemies":"2 Louse","floor":1,"turns":2},{"damage":3,"enemies":"Small Slimes","floor":2,"turns":3},{"damage":0,"enemies":"Jaw Worm","floor":3,"turns":3},{"damage":12,"enemies":"2 Fungi Beasts","floor":4,"turns":2},{"damage":17,"enemies":"3 Sentries","floor":7,"turns":5},{"damage":0,"enemies":"Lots of Slimes","floor":11,"turns":2},{"damage":0,"enemies":"Large Slime","floor":12,"turns":5},{"damage":20,"enemies":"Lagavulin","floor":14,"turns":4},{"damage":1,"enemies":"Hexaghost","floor":16,"turns":8},{"damage":11,"enemies":"Shell Parasite","floor":18,"turns":6},{"damage":0,"enemies":"3 Byrds","floor":22,"turns":3},{"damage":59,"enemies":"Slavers","floor":24,"turns":7},{"damage":0,"enemies":"Snake Plant","floor":27,"turns":1}],"seed_played":"3263372008847033258","potions_obtained":[{"floor":2,"key":"PotionOfCapacity"},{"floor":7,"key":"Elixir"},{"floor":11,"key":"AttackPotion"},{"floor":22,"key":"FocusPotion"}],"is_trial":false,"path_per_floor":["M","M","M","M","?","R","E","R","T","$","M","M","?","E","R","B",null,"M","?","?","$","M","R","E","?","T","M"],"character_chosen":"DEFECT","items_purchased":["Loop","Doom and Gloom","Beam Cell","ReplayGash","Replay:Wax Seal","ReplayGash","construct:RocketBooster"],"campfire_rested":1,"item_purchase_floors":[0,0,10,10,10,21,21],"current_hp_per_floor":[69,66,66,54,54,54,37,37,37,37,37,37,26,6,28,27,75,64,64,64,64,64,64,5,5,5,5,5],"gold":51,"neow_bonus":"","is_daily":false,"chose_seed":false,"campfire_upgraded":3,"win_rate":0.0,"timestamp":1607873494,"path_taken":["M","M","M","M","?","R","E","R","T","$","M","M","?","E","R","BOSS","M","?","?","$","M","R","E","?","T","M"],"items_purchased_type":["Card","Card","Card","Card","Relic","Card","Relic"],"build_version":"2020-11-30","purchased_purges":2,"victory":false,"max_hp_per_floor":[75,75,75,75,75,75,75,75,75,75,75,75,75,75,75,75,75,75,75,75,75,75,75,75,75,75,75,75],"card_choices":[{"not_picked":["FTL","Turbo"],"picked":"Conserve Battery","floor":1},{"not_picked":["Aggregate","Blizzard","ReplayTheSpireMod:Reroute Power"],"picked":"SKIP","floor":1},{"not_picked":["Hologram","Reinforced Body"],"picked":"Conserve Battery","floor":2},{"not_picked":["Leap","Redo"],"picked":"Gash","floor":2},{"not_picked":["Beam Cell","Compile Driver"],"picked":"Scrape","floor":3},{"not_picked":["Stack","Coolheaded"],"picked":"Gash","floor":3},{"not_picked":["Leap","ReplaySort"],"picked":"Scrape","floor":4},{"not_picked":["Reprogram","Reinforced Body"],"picked":"Ball Lightning","floor":4},{"not_picked":["hubris:SpecializedCircuitry","Ball Lightning"],"picked":"Beam Cell","floor":7},{"not_picked":["Panic Button","Static Discharge"],"picked":"Steam","floor":11},{"not_picked":["Ball Lightning","Rebound","Compile Driver"],"picked":"SKIP","floor":11},{"not_picked":["Conserve Battery","Undo","Chaos"],"picked":"SKIP","floor":12},{"not_picked":["Reinforced Body","Barrage","Buffer"],"picked":"SKIP","floor":12},{"not_picked":["Aggregate","Melter"],"picked":"Conserve Battery","floor":14},{"not_picked":["Buffer","Electrodynamics"],"picked":"Creative AI","floor":16},{"not_picked":["ReplayTheSpireMod:GoodbyeWorld+1","Consume","Rebound"],"picked":"SKIP","floor":18},{"not_picked":["Rebound","Sunder","Leap"],"picked":"SKIP","floor":18},{"not_picked":["Steam+1","Cold Snap"],"picked":"Gash+1","floor":22},{"not_picked":["Double Energy","Cold Snap","Barrage"],"picked":"SKIP","floor":22},{"not_picked":["Ball Lightning","Sweeping Beam"],"picked":"Turbo","floor":24}],"player_experience":187080,"relics_obtained":[{"floor":7,"key":"ReplayTheSpireMod:Shallot"},{"floor":9,"key":"ReplayFunnel"},{"floor":24,"key":"Replay:Rubber Ducky"},{"floor":26,"key":"hubris:RGBLights"}],"event_choices":[{"damage_healed":0,"gold_gain":75,"player_choice":"Gather Gold","damage_taken":11,"max_hp_gain":0,"max_hp_loss":0,"event_name":"World of Goop","floor":13,"gold_loss":0},{"damage_healed":0,"gold_gain":0,"player_choice":"Ignored","damage_taken":0,"max_hp_gain":0,"max_hp_loss":0,"event_name":"Vampires","floor":25,"gold_loss":0}],"is_beta":false,"boss_relics":[{"not_picked":["Ectoplasm","Abe\u0027s Treasure"],"picked":"Philosopher\u0027s Stone"}],"items_purged_floors":[0,21],"is_endless":false,"potions_floor_spawned":[2,7,11,22],"killed_by":"Snake Plant","ascension_level":0}}