{"host":"gt2xw11t93hs94eb","time":1607820956,"event":{"mods":["Act Like it!","Aspiration","BaseMod","Colored Powertips","Conspire","Luminous","Minty Spire (QoL Compilation)","Pale of the Ancients","Relic Stats","Replay The Spire","Shop Mod","Spicy Shops","StSLib"],"gold_per_floor":[112,112,112,132,132,142,155,155,155,155,305,320,350,363,363,437,437,447,447,151,164,164,164,164,164,164,191,116,127,127,59,59,136,136,150,150,170,92,92,125,143,159,184,348,1162,1162,273,273,273,273,273],"floor_reached":50,"playtime":4344,"items_purged":["Storm of Steel"],"score":1416,"play_id":"6132f4e1-8d4e-4301-bf53-f38cf5ebcbbb","local_time":"20201213015556","daily_mods":["Draft","Specialized","Vintage","Allstar","Diverse","Colorless Cards","Heirloom","Flight"],"is_ascension_mode":true,"campfire_choices":[{"floor":8.0,"key":"REST"},{"floor":15.0,"key":"REST"},{"data":"Luminous:Light_Gather","floor":23.0,"key":"SMITH"},{"data":"Apotheosis","floor":49,"key":"SMITH"}],"circlet_count":0,"master_deck":["AscendersBane","Echo Form","Echo Form","Echo Form","Echo Form","Echo Form","Luminous:Dark_Dim_Erosion","Luminous:Light_Sylvan_Lance","Luminous:Light_Wash_Luminous","Metallicize","Luminous:Dark_Pressure_Void","Trip","Blood for Blood","Cleave","Luminous:Light_Gather+1","Leap","Luminous:Photic_Meditation_Luminous","ReplayTheSpireMod:Dual Polarity","Backstab","Exhume","Self Repair","Doubt","Sweeping Beam","Flex","ReplayUltimateDefense","Neutralize","Corpse Explosion","Luminous:Light_Ray_of_Redemption","Luminous:Dark_Extract","Apotheosis+1","Impervious","Necronomicurse","Thunderclap+1","Bite","Bite","Bite","Bite+1","Bite","Demon Form","Panacea","Sadistic Nature","Bandage Up","Writhe","Skim","Turbo","Luminous:Dark_Dim_Erosion"],"relics":["Luminous:MirrorRelic","aspiration:HatOfInfinitePower","PrismaticShard","Juzu Bracelet","aspiration:FrozenJewel","Mummified Hand","MerchantsRug","Question Card","Necronomicon","aspiration:AnachronicSnailShell","ClockworkSouvenir","Vajra","Darkstone Periapt","Cracked Core","Replay:Wax Seal","Sling","Replay:Mystery Machine","Blue Doll","BranchBurnRelic"],"acts_visited":["Exordium","TheCity","TheBeyond"],"potions_floor_usage":[],"damage_taken":[{"damage":0.0,"enemies":"Cultist","floor":1.0,"turns":4.0},{"damage":10.0,"enemies":"Small Slimes","floor":4.0,"turns":4.0},{"damage":0.0,"enemies":"2 Louse","floor":6.0,"turns":2.0},{"damage":26.0,"enemies":"Blue Slaver","floor":7.0,"turns":5.0},{"damage":31.0,"enemies":"Exordium Thugs","floor":12.0,"turns":4.0},{"damage":15.0,"enemies":"The Mushroom Lair","floor":13.0,"turns":3.0},{"damage":42.0,"enemies":"Gremlin Gang","floor":14.0,"turns":4.0},{"damage":30.0,"enemies":"Hexaghost","floor":16.0,"turns":6.0},{"damage":10.0,"enemies":"Chosen","floor":18.0,"turns":8.0},{"damage":41.0,"enemies":"conspire:FuzzyDice","floor":21.0,"turns":5.0},{"damage":16.0,"enemies":"Shelled Parasite and Fungi","floor":29.0,"turns":4.0},{"damage":54.0,"enemies":"Pondfish","floor":33.0,"turns":9.0},{"damage":13.0,"enemies":"3 Shapes","floor":35.0,"turns":3.0},{"damage":2.0,"enemies":"3 Darklings","floor":37.0,"turns":3.0},{"damage":7.0,"enemies":"Nemesis","floor":40.0,"turns":5.0},{"damage":0.0,"enemies":"Spire Growth","floor":41.0,"turns":4.0},{"damage":16.0,"enemies":"Jaw Worm Horde","floor":42.0,"turns":4.0},{"damage":56,"enemies":"Maw","floor":47,"turns":10},{"damage":131,"enemies":"conspire:OrnateMirror","floor":50,"turns":6}],"seed_played":"5814139733053959593","potions_obtained":[{"floor":1.0,"key":"Swift Potion"},{"floor":7.0,"key":"SkillPotion"},{"floor":13.0,"key":"ColorlessPotion"},{"floor":29.0,"key":"Dexterity Potion"},{"floor":35.0,"key":"SneckoOil"},{"floor":37.0,"key":"Block Potion"}],"is_trial":true,"path_per_floor":["M","T","?","M","?","M","M","R","T","?","?","M","?","M","R","B",null,"M","?","$","M","?","R","?","?","T","?","?","M","?","$","R","B",null,"M","?","M","$","?","E","M","M","T","$","$","?","M","T","R","B"],"character_chosen":"LuminousClass","items_purchased":["MerchantsRug","Luminous:Light_Ray_of_Redemption","Luminous:Dark_Extract","Apotheosis","ClockworkSouvenir","Darkstone Periapt","aspiration:Nostalgia","Turbo","Luminous:Dark_Dim_Erosion","Sling"],"campfire_rested":2,"item_purchase_floors":[20,20,20,20,31,38,38,44,44,45],"current_hp_per_floor":[68,68,68,58,58,58,38,60,60,60,60,45,39,19,41,35,65,65,65,65,49,49,49,28,28,28,28,28,30,30,30,52,60,71,75,65,67,67,81,81,81,73,73,73,127,127,103,103,103,0,0],"gold":273,"neow_bonus":"","is_daily":false,"chose_seed":false,"campfire_upgraded":2,"win_rate":0.0,"timestamp":1607820956,"path_taken":["?","?","?","M","?","M","M","R","T","?","?","M","?","M","R","BOSS","M","?","$","M","?","R","?","?","T","?","?","M","?","$","R","BOSS","M","?","M","?","?","E","M","M","T","$","$","?","M","?","R","BOSS"],"items_purchased_type":["Relic","Card","Card","Card","Relic","Relic","Relic","Card","Card","Relic"],"build_version":"2020-11-30","purchased_purges":1,"victory":false,"max_hp_per_floor":[75,75,75,75,75,75,75,75,75,75,75,75,75,75,75,75,75,75,75,75,75,75,75,75,75,75,75,75,75,75,75,75,75,75,75,75,75,75,81,81,81,81,81,81,135,135,135,135,135,135,135],"relic_stats":{"Darkstone Periapt":60,"counters":[19,93],"Mummified Hand":[99],"Juzu Bracelet":3,"Necronomicon":[9],"Question Card":6,"obtain_stats":[{"Darkstone Periapt":38,"Replay:Accelerometer":9,"Gremlin Horn":2,"Vajra":35,"Blue Doll":48,"Luminous:MirrorRelic":0,"Juzu Bracelet":6,"Replay:Mystery Machine":47,"PrismaticShard":3,"Ancient Tea Set":40,"Sling":45,"Pet Ghost":41,"ClockworkSouvenir":31,"Blood Vial":7,"BranchBurnRelic":49,"Dream Catcher":4,"Centennial Puzzle":12,"Mummified Hand":18,"conspire:DecoderRing":26,"aspiration:AnachronicSnailShell":27,"Honey Jar":34,"Tiny Chest":37,"Necronomicon":24,"Replay:Wax Seal":43,"Cracked Core":38,"MerchantsRug":20,"aspiration:Nostalgia":38,"Dead Branch":29,"Odd Mushroom":13,"Question Card":21,"aspiration:FrozenJewel":14,"Peace Pipe":1,"Runic Dome":17,"conspire:BottledYoYo":42,"aspiration:HatOfInfinitePower":0},{"Darkstone Periapt":14,"Replay:Accelerometer":4,"Gremlin Horn":1,"Vajra":13,"Blue Doll":18,"Luminous:MirrorRelic":0,"Juzu Bracelet":3,"Replay:Mystery Machine":18,"PrismaticShard":1,"Ancient Tea Set":15,"Sling":17,"Pet Ghost":16,"ClockworkSouvenir":11,"Blood Vial":4,"BranchBurnRelic":18,"Dream Catcher":2,"Centennial Puzzle":5,"Mummified Hand":9,"conspire:DecoderRing":10,"aspiration:AnachronicSnailShell":10,"Honey Jar":12,"Tiny Chest":14,"Necronomicon":10,"Replay:Wax Seal":17,"Cracked Core":14,"MerchantsRug":9,"aspiration:Nostalgia":14,"Dead Branch":11,"Odd Mushroom":6,"Question Card":10,"aspiration:FrozenJewel":7,"Peace Pipe":1,"Runic Dome":8,"conspire:BottledYoYo":17,"aspiration:HatOfInfinitePower":0},{"Darkstone Periapt":64,"Replay:Accelerometer":15,"Gremlin Horn":4,"Vajra":61,"Blue Doll":87,"Luminous:MirrorRelic":0,"Juzu Bracelet":10,"Replay:Mystery Machine":87,"PrismaticShard":4,"Ancient Tea Set":69,"Sling":77,"Pet Ghost":73,"ClockworkSouvenir":49,"Blood Vial":15,"BranchBurnRelic":87,"Dream Catcher":8,"Centennial Puzzle":19,"Mummified Hand":40,"conspire:DecoderRing":45,"aspiration:AnachronicSnailShell":45,"Honey Jar":58,"Tiny Chest":64,"Necronomicon":45,"Replay:Wax Seal":77,"Cracked Core":64,"MerchantsRug":40,"aspiration:Nostalgia":64,"Dead Branch":49,"Odd Mushroom":22,"Question Card":45,"aspiration:FrozenJewel":26,"Peace Pipe":4,"Runic Dome":32,"conspire:BottledYoYo":77,"aspiration:HatOfInfinitePower":0}]},"card_choices":[{"not_picked":["Panic Button","ReplaySolidLightProjector"],"picked":"Luminous:Dark_Dim_Erosion","floor":0.0},{"not_picked":["Turbo","Cleave"],"picked":"Luminous:Light_Sylvan_Lance","floor":0.0},{"not_picked":["Ball Lightning","ReplayTheSpireMod:Corrosion Curse"],"picked":"Luminous:Light_Wash_Luminous","floor":0.0},{"not_picked":["Barrage","conspire:Rain"],"picked":"Metallicize","floor":0.0},{"not_picked":["Replay:Sssssssssstrike","Reinforced Body"],"picked":"Luminous:Dark_Pressure_Void","floor":0.0},{"not_picked":["Rebound","Dodge and Roll"],"picked":"Redo","floor":0.0},{"not_picked":["Hemokinesis","Noxious Fumes"],"picked":"Trip","floor":0.0},{"not_picked":["Armaments","Iron Wave"],"picked":"Blood for Blood","floor":0.0},{"not_picked":["Armaments","Quick Slash"],"picked":"Cleave","floor":0.0},{"not_picked":["Eviscerate","Time Bomb"],"picked":"Luminous:Light_Gather","floor":0.0},{"not_picked":["ReplayTheSpireMod:Muscle Training","Survey Options"],"picked":"Leap","floor":0.0},{"not_picked":["Conserve Battery","ReplayTheSpireMod:Uncanny Aura"],"picked":"Luminous:Photic_Meditation_Luminous","floor":0.0},{"not_picked":["Shockwave","Redo"],"picked":"ReplayTheSpireMod:Dual Polarity","floor":0.0},{"not_picked":["Underhanded Strike","Streamline"],"picked":"Rebound","floor":0.0},{"not_picked":["Warcry","Steam Power"],"picked":"Luminous:Blinding_Pillar_Luminous","floor":0.0},{"not_picked":["Luminous:Accumulation_Luminous","Headbutt"],"picked":"Backstab","floor":8.0},{"not_picked":["Cold Snap","Escape Plan"],"picked":"Sweeping Beam","floor":13.0},{"not_picked":["Rage","Anger"],"picked":"Flex","floor":15.0},{"not_picked":["ReplayRNGCard","ConjureBlade"],"picked":"ReplayUltimateDefense","floor":16.0},{"not_picked":["Outmaneuver","Twin Strike","Tantrum"],"picked":"Thunderclap+1","floor":27.0},{"not_picked":["Brutality","Midas Touch","ReplayTheSpireMod:Necrogeddon"],"picked":"Demon Form","floor":33.0},{"not_picked":["ReplayTheSpireMod:Uncanny Aura","Jack Of All Trades","Violence","Enlightenment"],"picked":"Panacea","floor":36.0},{"not_picked":["Midas Touch","ReplayTheSpireMod:Trickstab","Finesse","Transmutation"],"picked":"Sadistic Nature","floor":36.0},{"not_picked":["Discovery","Replay:Sssssssssshield","Midas Touch","Madness"],"picked":"Bandage Up","floor":36.0},{"not_picked":["Ball Lightning","Fluid Movement+1","Luminous:Light_Spectral_Light","Redo+1"],"picked":"Skim","floor":40.0}],"player_experience":247216,"relics_obtained":[{"floor":1.0,"key":"Peace Pipe"},{"floor":2.0,"key":"Gremlin Horn"},{"floor":4.0,"key":"Dream Catcher"},{"floor":6.0,"key":"Juzu Bracelet"},{"floor":7.0,"key":"Blood Vial"},{"floor":9.0,"key":"Replay:Accelerometer"},{"floor":12.0,"key":"Centennial Puzzle"},{"floor":13.0,"key":"Odd Mushroom"},{"floor":14.0,"key":"aspiration:FrozenJewel"},{"floor":18.0,"key":"Mummified Hand"},{"floor":21.0,"key":"Question Card"},{"floor":24.0,"key":"Necronomicon"},{"floor":26.0,"key":"conspire:DecoderRing"},{"floor":27.0,"key":"aspiration:AnachronicSnailShell"},{"floor":29.0,"key":"Dead Branch"},{"floor":35.0,"key":"Vajra"},{"floor":37.0,"key":"Tiny Chest"},{"floor":40.0,"key":"Ancient Tea Set"},{"floor":41.0,"key":"Pet Ghost"},{"floor":42.0,"key":"conspire:BottledYoYo"},{"floor":43.0,"key":"Replay:Wax Seal"},{"floor":47,"key":"Replay:Mystery Machine"},{"floor":48,"key":"Blue Doll"}],"event_choices":[{"cards_removed":["Overencumbered"],"damage_healed":0.0,"max_hp_gain":0.0,"max_hp_loss":0.0,"gold_gain":0.0,"event_name":"Living Wall","player_choice":"Forget","floor":5.0,"gold_loss":0.0,"damage_taken":0.0},{"damage_healed":0.0,"max_hp_gain":0.0,"max_hp_loss":0.0,"gold_gain":0.0,"event_name":"Match and Keep!","player_choice":"2 cards matched","floor":10.0,"gold_loss":0.0,"damage_taken":0.0,"cards_obtained":["Exhume","Self Repair"]},{"damage_healed":0.0,"max_hp_gain":0.0,"max_hp_loss":0.0,"gold_gain":0.0,"event_name":"Match and Keep!","player_choice":"2 cards matched","floor":10.0,"gold_loss":0.0,"damage_taken":0.0,"cards_obtained":["Exhume","Self Repair"]},{"damage_healed":0.0,"max_hp_gain":0.0,"max_hp_loss":0.0,"gold_gain":150.0,"event_name":"Liars Game","player_choice":"AGREE","floor":11.0,"gold_loss":0.0,"damage_taken":0.0,"cards_obtained":["Doubt"]},{"damage_healed":0.0,"max_hp_gain":0.0,"max_hp_loss":0.0,"gold_gain":0.0,"event_name":"Mushrooms","player_choice":"Fought Mushrooms","floor":13.0,"gold_loss":0.0,"damage_taken":0.0},{"damage_healed":0.0,"max_hp_gain":0.0,"max_hp_loss":0.0,"gold_gain":0.0,"event_name":"Match and Keep!","player_choice":"2 cards matched","floor":22.0,"gold_loss":0.0,"damage_taken":0.0,"cards_obtained":["Impervious","Anger"]},{"damage_healed":0.0,"max_hp_gain":0.0,"max_hp_loss":0.0,"gold_gain":0.0,"event_name":"Cursed Tome","player_choice":"Obtained Book","floor":24.0,"gold_loss":0.0,"damage_taken":21.0},{"cards_removed":["Anger"],"damage_healed":0.0,"max_hp_gain":0.0,"max_hp_loss":0.0,"gold_gain":0.0,"event_name":"Purifier","player_choice":"Purged","floor":25.0,"gold_loss":0.0,"damage_taken":0.0},{"cards_removed":["Pain"],"damage_healed":0.0,"max_hp_gain":0.0,"max_hp_loss":0.0,"gold_gain":0.0,"event_name":"Beggar","player_choice":"Gave Gold","floor":28.0,"gold_loss":75.0,"damage_taken":0.0},{"damage_healed":0.0,"max_hp_gain":0.0,"max_hp_loss":0.0,"gold_gain":0.0,"event_name":"Vampires","player_choice":"Became a vampire (Vial)","floor":30.0,"relics_lost":["Blood Vial"],"gold_loss":0.0,"damage_taken":0.0,"cards_obtained":["Bite","Bite","Bite","Bite","Bite"]},{"damage_healed":0.0,"max_hp_gain":0.0,"max_hp_loss":0.0,"gold_gain":0.0,"event_name":"SensoryStone","player_choice":"Memory 3","floor":36.0,"gold_loss":0.0,"damage_taken":10.0},{"damage_healed":15.0,"max_hp_gain":0.0,"max_hp_loss":0.0,"gold_gain":0.0,"event_name":"Winding Halls","player_choice":"Writhe","floor":39.0,"gold_loss":0.0,"damage_taken":0.0,"cards_obtained":["Writhe"]},{"damage_healed":0,"gold_gain":0,"player_choice":"Ignored","damage_taken":0,"max_hp_gain":0,"max_hp_loss":0,"event_name":"Tomb of Lord Red Mask","floor":46,"gold_loss":0}],"is_beta":false,"boss_relics":[{"not_picked":["Runic Pyramid","aspiration:SilentSkillbook"],"picked":"Runic Dome"},{"not_picked":["Ring of Chaos","aspiration:IroncladSkillbook"],"picked":"Honey Jar"}],"items_purged_floors":[20],"is_endless":true,"potions_floor_spawned":[1,7,13,18,29,35,37],"killed_by":"conspire:OrnateMirror","ascension_level":20}}