{"host":"cxizwatl5v7zq6a5","time":1607826299,"event":{"mods":["AchievementEnabler","Act Like it!","BaseMod","Colored Map","Colored Powertips","Downfall","Friendly Minions","Gensokyo","Hermit","Hubris","Infinite Spire","Marisa????????","Minty Spire (QoL Compilation)","Quick Restart","READ ME - Guardian Mod","Rare Cards Sparkle","Remilia??????","Replay The Spire","StSLib","The Cursed","The Jungle","The Servant 0.9.4"],"gold_per_floor":[117,117,117,127,127,157,157,184,184,184,145,145,145,145,145,145,145],"floor_reached":16,"playtime":399,"items_purged":[],"score":129,"play_id":"84de9d11-ca28-4f8d-be92-42a0c95adc3a","local_time":"20201213102459","is_ascension_mode":false,"campfire_choices":[{"data":"hermit:Showdown","floor":10,"key":"SMITH"},{"data":"hermit:FinalCanter","floor":10,"key":"SMITH"},{"floor":12,"key":"REST"},{"data":"hermit:Virtue","floor":15,"key":"SMITH"},{"data":"hermit:Covet","floor":15,"key":"SMITH"}],"circlet_count":0,"master_deck":["hermit:Strike_Hermit","hermit:Strike_Hermit","hermit:Strike_Hermit","hermit:Strike_Hermit","hermit:Defend_Hermit","hermit:Defend_Hermit","hermit:Defend_Hermit","hermit:Defend_Hermit","hermit:Snapshot","hermit:Covet+1","hermit:Misfire+1","hermit:FinalCanter+1","hermit:Showdown+1","hermit:BodyArmor","hermit:Virtue+1","Regret"],"relics":["hermit:Momento","NeowsBlessing","hubris:Towel","Replay:Arrowhead","Bottled Flame","Thread and Needle","HornCleat"],"acts_visited":["Exordium"],"potions_floor_usage":[],"damage_taken":[{"damage":0,"enemies":"Small Slimes","floor":1,"turns":1},{"damage":0,"enemies":"2 Louse","floor":4,"turns":1},{"damage":0,"enemies":"Lagavulin","floor":6,"turns":1},{"damage":36,"enemies":"Gremlin Nob","floor":8,"turns":5},{"damage":60,"enemies":"Hexaghost","floor":16,"turns":14}],"seed_played":"-2673771393773055583","potions_obtained":[{"floor":1,"key":"Fire Potion"},{"floor":8,"key":"Strength Potion"}],"is_trial":false,"path_per_floor":["M","?","?","M","?","E","$","E","T","R","$","R","$","?","R","B"],"character_chosen":"HERMIT","items_purchased":["hermit:Virtue"],"campfire_rested":1,"item_purchase_floors":[11],"current_hp_per_floor":[75,75,75,75,75,75,75,39,39,39,39,61,61,61,61,1,1],"gold":145,"neow_bonus":"THREE_ENEMY_KILL","is_daily":false,"chose_seed":false,"campfire_upgraded":4,"win_rate":0.0,"timestamp":1607826299,"path_taken":["M","?","?","M","?","E","$","E","T","R","$","R","?","?","R","BOSS"],"items_purchased_type":["Card"],"build_version":"2020-11-30","purchased_purges":0,"victory":false,"max_hp_per_floor":[75,75,75,75,75,75,75,75,75,75,75,75,75,75,75,75,75],"card_choices":[{"not_picked":["hermit:Manifest","hermit:Feint"],"picked":"hermit:Misfire","floor":1},{"not_picked":["hermit:Grudge","hermit:SprayPray"],"picked":"hermit:FinalCanter","floor":4},{"not_picked":["hermit:Headshot","hermit:Maintenance"],"picked":"hermit:Showdown","floor":6},{"not_picked":["hermit:FlashPowder","hermit:TrackingShot"],"picked":"hermit:BodyArmor","floor":8}],"player_experience":102822,"relics_obtained":[{"floor":6,"key":"Replay:Arrowhead"},{"floor":8,"key":"Bottled Flame"},{"floor":9,"key":"Thread and Needle"}],"event_choices":[{"damage_healed":0,"gold_gain":0,"player_choice":"Box","damage_taken":0,"relics_obtained":["HornCleat"],"max_hp_gain":0,"max_hp_loss":0,"event_name":"Big Fish","floor":14,"gold_loss":0,"cards_obtained":["Regret"]}],"is_beta":false,"boss_relics":[],"items_purged_floors":[],"is_endless":false,"potions_floor_spawned":[1,8],"killed_by":"Hexaghost","ascension_level":0}}