{"host":"8qb550oiisecbnz6","time":1607823955,"event":{"mods":["AchievementEnabler","BaseMod","Colored Map","Colored Powertips","Minty Spire (QoL Compilation)","Quick Restart","Slay-I","StSLib"],"gold_per_floor":[112,112,112,127,52,52,93,93,93,126,146,166,179,204,204,324,324,342,342,376,396,149,149,184,184,184,184,217,238,259,12,12,133,133,146,146,166,179,101,101,140,140,140,179,194,194,209,209,209,209,209,209,16,50,50,50],"floor_reached":55,"playtime":4531,"items_purged":["Strike_B","Defend_B+1","Strike_B+1"],"score":906,"play_id":"18a693d1-0a24-4c09-b99a-ba109bad98e7","local_time":"20201213024555","is_ascension_mode":true,"campfire_choices":[{"data":"Dualcast","floor":6,"key":"SMITH"},{"data":"Leap","floor":8,"key":"SMITH"},{"floor":15,"key":"REST"},{"floor":23,"key":"RECALL"},{"floor":25,"key":"REST"},{"data":"Static Discharge","floor":27,"key":"SMITH"},{"floor":32,"key":"REST"},{"data":"Defragment","floor":40,"key":"SMITH"},{"floor":42,"key":"REST"},{"floor":46,"key":"REST"},{"floor":49,"key":"REST"},{"floor":52,"key":"REST"}],"circlet_count":0,"master_deck":["Strike_B+1","Strike_B+1","Defend_B+1","Defend_B+1","Defend_B+1","Zap+1","Dualcast+1","Leap+1","Cold Snap+1","Ball Lightning+1","Leap+1","Coolheaded+1","Rainbow+1","Redo+1","Scrape+1","Defragment+1","Finesse+1","Capacitor"],"relics":["Cracked Core","Golden Idol","Toy Ornithopter","Pen Nib","Toxic Egg 2","Pear","Busted Crown","Red Mask","Whetstone","Pantograph","Molten Egg 2","TheAbacus","SlaversCollar","Anchor","Question Card","Mercury Hourglass","InkBottle"],"acts_visited":["Exordium","TheCity","TheBeyond","TheEnding"],"potions_floor_usage":[7,16,16,18,33,44,50,50],"damage_taken":[{"damage":0,"enemies":"Small Slimes","floor":1,"turns":3},{"damage":7,"enemies":"Jaw Worm","floor":4,"turns":3},{"damage":30,"enemies":"Lagavulin","floor":7,"turns":7},{"damage":26,"enemies":"3 Sentries","floor":10,"turns":12},{"damage":0,"enemies":"Cultist","floor":11,"turns":3},{"damage":6,"enemies":"Blue Slaver","floor":12,"turns":2},{"damage":2,"enemies":"2 Fungi Beasts","floor":13,"turns":3},{"damage":5,"enemies":"Large Slime","floor":14,"turns":4},{"damage":7,"enemies":"The Guardian","floor":16,"turns":12},{"damage":0,"enemies":"Chosen","floor":18,"turns":4},{"damage":4,"enemies":"Masked Bandits","floor":20,"turns":6},{"damage":9,"enemies":"2 Thieves","floor":21,"turns":4},{"damage":52,"enemies":"Gremlin Leader","floor":24,"turns":7},{"damage":11,"enemies":"Book of Stabbing","floor":28,"turns":5},{"damage":0,"enemies":"Snecko","floor":29,"turns":4},{"damage":8,"enemies":"Chosen and Byrds","floor":30,"turns":5},{"damage":39,"enemies":"Automaton","floor":33,"turns":8},{"damage":18,"enemies":"3 Darklings","floor":35,"turns":5},{"damage":2,"enemies":"3 Shapes","floor":37,"turns":3},{"damage":8,"enemies":"3 Darklings","floor":38,"turns":5},{"damage":3,"enemies":"Nemesis","floor":41,"turns":7},{"damage":29,"enemies":"Reptomancer","floor":44,"turns":7},{"damage":5,"enemies":"4 Shapes","floor":45,"turns":6},{"damage":12,"enemies":"Writhing Mass","floor":47,"turns":6},{"damage":79,"enemies":"Donu and Deca","floor":50,"turns":11},{"damage":75,"enemies":"Shield and Spear","floor":54,"turns":7},{"damage":39,"enemies":"The Heart","floor":55,"turns":2}],"seed_played":"-128924631369880517","potions_obtained":[{"floor":4,"key":"Fruit Juice"},{"floor":7,"key":"FearPotion"},{"floor":13,"key":"ColorlessPotion"},{"floor":18,"key":"Fruit Juice"},{"floor":24,"key":"Fire Potion"},{"floor":41,"key":"AttackPotion"},{"floor":44,"key":"SkillPotion"},{"floor":45,"key":"SteroidPotion"}],"is_trial":false,"path_per_floor":["M","?","?","M","$","R","E","R","T","E","M","M","M","M","R","B",null,"M","?","?","M","$","R","E","R","T","R","E","M","M","$","R","B",null,"M","?","M","M","$","R","E","R","T","E","M","R","M","?","R","B",null,"R","$","E","B"],"character_chosen":"DEFECT","items_purchased":["Whetstone","Redo+1","Static Discharge","TheAbacus","Defragment","Capacitor"],"campfire_rested":7,"item_purchase_floors":[22,22,22,31,39,53],"current_hp_per_floor":[75,69,69,62,62,62,42,42,42,26,26,20,18,13,38,41,73,83,83,79,70,70,70,18,44,44,44,33,33,25,25,51,42,77,59,59,57,49,49,49,46,72,72,48,43,69,57,57,83,15,71,89,89,14,0,0],"gold":50,"neow_bonus":"UPGRADE_CARD","is_daily":false,"chose_seed":false,"campfire_upgraded":4,"win_rate":0.0,"timestamp":1607823955,"path_taken":["M","?","?","M","$","R","E","R","T","E","?","M","M","M","R","BOSS","M","?","?","M","$","R","E","R","T","R","E","M","M","$","R","BOSS","M","?","M","M","?","R","E","R","T","E","?","R","M","?","R","BOSS","R","$","E","BOSS"],"items_purchased_type":["Relic","Card","Card","Relic","Card","Card"],"build_version":"2020-11-30","purchased_purges":3,"victory":false,"max_hp_per_floor":[75,69,69,69,69,69,74,74,74,84,84,84,84,84,84,84,84,89,89,89,89,89,89,89,89,89,89,89,89,89,89,89,89,89,89,89,89,89,89,89,89,89,89,89,89,89,89,89,89,89,89,89,89,89,89,89],"card_choices":[{"not_picked":["Turbo","Hologram"],"picked":"Gash","floor":1},{"not_picked":["Hologram","Turbo"],"picked":"Leap","floor":4},{"not_picked":["Heatsinks","Streamline"],"picked":"Cold Snap","floor":7},{"not_picked":["Beam Cell","Meteor Strike","Double Energy+1"],"picked":"SKIP","floor":10},{"not_picked":["Steam+1","Hologram+1"],"picked":"Ball Lightning","floor":11},{"not_picked":["Streamline","Ball Lightning"],"picked":"Leap+1","floor":12},{"not_picked":["Sweeping Beam","Consume+1","Reprogram+1"],"picked":"SKIP","floor":13},{"not_picked":["Stack+1","Amplify+1"],"picked":"Coolheaded+1","floor":14},{"not_picked":["Core Surge","Echo Form"],"picked":"Rainbow+1","floor":16},{"not_picked":["Cold Snap"],"picked":"SKIP","floor":18},{"not_picked":["Skim+1"],"picked":"SKIP","floor":21},{"not_picked":["Sunder"],"picked":"SKIP","floor":24},{"not_picked":["Coolheaded+1"],"picked":"SKIP","floor":28},{"not_picked":["Ball Lightning+1"],"picked":"SKIP","floor":29},{"not_picked":[],"picked":"Scrape+1","floor":30},{"not_picked":["Beam Cell+1"],"picked":"SKIP","floor":35},{"not_picked":["Stack+1"],"picked":"SKIP","floor":37},{"not_picked":["Beam Cell+1"],"picked":"SKIP","floor":38},{"not_picked":["Heatsinks+1"],"picked":"SKIP","floor":41},{"not_picked":["Turbo+1","Double Energy+1"],"picked":"SKIP","floor":44},{"not_picked":["Ball Lightning+1","Consume+1"],"picked":"SKIP","floor":45},{"not_picked":["Reprogram+1","Ball Lightning+1"],"picked":"SKIP","floor":47},{"not_picked":["Discovery+1"],"picked":"Finesse+1","floor":48},{"not_picked":["Conserve Battery+1","Cold Snap+1"],"picked":"SKIP","floor":54}],"player_experience":335711,"relics_obtained":[{"floor":7,"key":"Pen Nib"},{"floor":9,"key":"Toxic Egg 2"},{"floor":10,"key":"Pear"},{"floor":20,"key":"Red Mask"},{"floor":24,"key":"Pantograph"},{"floor":28,"key":"Molten Egg 2"},{"floor":41,"key":"Anchor"},{"floor":43,"key":"Question Card"},{"floor":44,"key":"Mercury Hourglass"},{"floor":54,"key":"InkBottle"}],"event_choices":[{"damage_healed":0,"gold_gain":0,"player_choice":"Lose Max HP","damage_taken":0,"relics_obtained":["Golden Idol"],"max_hp_gain":0,"max_hp_loss":6,"event_name":"Golden Idol","floor":2,"gold_loss":0},{"cards_removed":["Gash"],"damage_healed":0,"gold_gain":0,"player_choice":"Gave Card","damage_taken":0,"relics_obtained":["Toy Ornithopter"],"max_hp_gain":0,"max_hp_loss":0,"event_name":"WeMeetAgain","floor":3,"gold_loss":0},{"damage_healed":0,"gold_gain":0,"player_choice":"Simplicity","damage_taken":0,"max_hp_gain":0,"max_hp_loss":0,"event_name":"Back to Basics","floor":19,"gold_loss":0,"cards_upgraded":["Strike_B","Strike_B","Strike_B","Defend_B","Defend_B","Defend_B","Defend_B"]},{"damage_healed":0,"gold_gain":0,"player_choice":"Fought Bandits","damage_taken":0,"max_hp_gain":0,"max_hp_loss":0,"event_name":"Masked Bandits","floor":20,"gold_loss":0},{"cards_removed":["Static Discharge"],"damage_healed":0,"gold_gain":0,"player_choice":"Removed Power","damage_taken":0,"max_hp_gain":0,"max_hp_loss":0,"event_name":"Falling","floor":36,"gold_loss":0},{"damage_healed":0,"gold_gain":0,"player_choice":"Memory 1","damage_taken":0,"max_hp_gain":0,"max_hp_loss":0,"event_name":"SensoryStone","floor":48,"gold_loss":0}],"is_beta":false,"boss_relics":[{"not_picked":["Runic Dome","Runic Pyramid"],"picked":"Busted Crown"},{"not_picked":["Astrolabe","Pandora\u0027s Box"],"picked":"SlaversCollar"}],"items_purged_floors":[5,31,53],"is_endless":false,"potions_floor_spawned":[4,7,13,18,24,41,44,45],"killed_by":"The Heart","ascension_level":5}}