{"host":"y3h3n3f7seyagppx","time":1607819896,"event":{"mods":["AlwaysNeverKeys","BaseMod","Better Vampires","Colored Powertips","DeckTracker","Emptier Cage","Minty Spire (QoL Compilation)","Permanent Neow","Quick Restart","Rare Cards Sparkle","Relic Sorter","Relic Stats","StSLib","Transform Curses"],"gold_per_floor":[115,125,139,139,139,167,167,201,201,235,235,250,15,47,47,125,125,144,157,170,170,184,218,218,218,218,251,271,271,305,317,317,317,317],"floor_reached":33,"playtime":2830,"items_purged":["Pain"],"score":695,"play_id":"44c98cb8-34fe-4fea-99f1-0dbf737858b2","local_time":"20201212193816","is_ascension_mode":true,"campfire_choices":[{"data":"Hemokinesis","floor":7.0,"key":"SMITH"},{"data":"Immolate","floor":15.0,"key":"SMITH"},{"data":"Bash","floor":24,"key":"SMITH"},{"data":"Uppercut","floor":29,"key":"SMITH"},{"data":"Strike_R","floor":32,"key":"PURGE"}],"circlet_count":0,"master_deck":["AscendersBane","Strike_R","Strike_R","Strike_R","Defend_R","Defend_R","Defend_R","Defend_R","Bash+1","Pommel Strike","Hemokinesis+1","Shrug It Off","Flame Barrier","Immolate+1","CurseOfTheBell","Exhume","Evolve","Battle Trance+1","Uppercut+1","Spot Weakness","Shockwave"],"relics":["Burning Blood","MealTicket","Tiny Chest","Shuriken","Art of War","Matryoshka","WarpedTongs","Lee\u0027s Waffle","Red Skull","Calling Bell","Lantern","The Courier","Magic Flower","Singing Bowl","HornCleat","Peace Pipe","Paper Frog","White Beast Statue","Oddly Smooth Stone","Pear"],"acts_visited":["Exordium","TheCity"],"potions_floor_usage":[23,27,30,33],"damage_taken":[{"damage":4.0,"enemies":"Small Slimes","floor":1.0,"turns":3.0},{"damage":9.0,"enemies":"2 Louse","floor":2.0,"turns":3.0},{"damage":2.0,"enemies":"Cultist","floor":3.0,"turns":3.0},{"damage":26.0,"enemies":"3 Sentries","floor":6.0,"turns":10.0},{"damage":18.0,"enemies":"Lagavulin","floor":8.0,"turns":7.0},{"damage":17.0,"enemies":"3 Sentries","floor":10.0,"turns":11.0},{"damage":0.0,"enemies":"Gremlin Gang","floor":12.0,"turns":1.0},{"damage":24.0,"enemies":"Lagavulin","floor":14.0,"turns":6.0},{"damage":40.0,"enemies":"Slime Boss","floor":16.0,"turns":8.0},{"damage":0.0,"enemies":"Chosen","floor":18.0,"turns":4.0},{"damage":6,"enemies":"3 Byrds","floor":19,"turns":2},{"damage":18,"enemies":"Centurion and Healer","floor":20,"turns":8},{"damage":16,"enemies":"Snecko","floor":22,"turns":4},{"damage":7,"enemies":"Gremlin Leader","floor":23,"turns":6},{"damage":42,"enemies":"Book of Stabbing","floor":27,"turns":5},{"damage":2,"enemies":"3 Cultists","floor":28,"turns":4},{"damage":41,"enemies":"Slavers","floor":30,"turns":6},{"damage":1,"enemies":"Centurion and Healer","floor":31,"turns":3},{"damage":56,"enemies":"Champ","floor":33,"turns":11}],"seed_played":"7919138511973927062","potions_obtained":[{"floor":3.0,"key":"SneckoOil"},{"floor":8.0,"key":"BlessingOfTheForge"},{"floor":12.0,"key":"Energy Potion"},{"floor":16.0,"key":"BloodPotion"},{"floor":18.0,"key":"ElixirPotion"},{"floor":22,"key":"ColorlessPotion"},{"floor":23,"key":"SkillPotion"},{"floor":27,"key":"Fire Potion"},{"floor":28,"key":"Strength Potion"},{"floor":30,"key":"Swift Potion"}],"is_trial":false,"path_per_floor":["M","M","M","?","?","E","R","E","T","E","?","M","$","E","R","B",null,"M","M","M","T","M","E","R","?","T","E","M","R","E","M","R","B"],"character_chosen":"IRONCLAD","items_purchased":["Lee\u0027s Waffle"],"campfire_rested":0,"item_purchase_floors":[13],"current_hp_per_floor":[70,67,71,76,69,49,49,37,37,26,26,32,87,69,69,35,74,83,86,77,77,70,89,89,89,89,58,65,65,43,53,53,0,0],"gold":317,"neow_bonus":"RANDOM_COMMON_RELIC","is_daily":false,"chose_seed":false,"campfire_upgraded":4,"win_rate":0.0,"timestamp":1607819896,"path_taken":["M","M","M","?","?","E","R","E","T","E","?","?","$","E","R","BOSS","M","?","M","?","?","E","R","?","T","E","M","R","E","M","R","BOSS"],"items_purchased_type":["Relic"],"build_version":"2020-11-30","purchased_purges":1,"victory":false,"max_hp_per_floor":[75,75,75,80,80,80,80,80,80,80,80,80,87,87,87,87,87,87,87,87,87,87,89,89,89,89,91,91,91,101,103,103,103,103],"relic_stats":{"Peace Pipe":1,"Lee\u0027s Waffle":40,"Singing Bowl":6,"counters":[19,105],"Shuriken":[13],"Magic Flower":[27],"MealTicket":15,"Tiny Chest":1,"Art of War":[13],"obtain_stats":[{"Lee\u0027s Waffle":13,"Lantern":17,"Pear":30,"Singing Bowl":21,"Magic Flower":17,"Oddly Smooth Stone":27,"The Courier":17,"Burning Blood":0,"White Beast Statue":26,"WarpedTongs":11,"Calling Bell":17,"Peace Pipe":23,"Matryoshka":10,"HornCleat":21,"Shuriken":8,"MealTicket":0,"Tiny Chest":6,"Art of War":9,"Red Skull":14,"Paper Frog":26},{"Lee\u0027s Waffle":7,"Lantern":9,"Pear":17,"Singing Bowl":12,"Magic Flower":9,"Oddly Smooth Stone":15,"The Courier":9,"Burning Blood":0,"White Beast Statue":14,"WarpedTongs":6,"Calling Bell":9,"Peace Pipe":14,"Matryoshka":6,"HornCleat":12,"Shuriken":5,"MealTicket":0,"Tiny Chest":4,"Art of War":5,"Red Skull":8,"Paper Frog":14},{"Lee\u0027s Waffle":38,"Lantern":52,"Pear":91,"Singing Bowl":66,"Magic Flower":52,"Oddly Smooth Stone":81,"The Courier":52,"Burning Blood":0,"White Beast Statue":76,"WarpedTongs":37,"Calling Bell":52,"Peace Pipe":76,"Matryoshka":37,"HornCleat":66,"Shuriken":26,"MealTicket":0,"Tiny Chest":19,"Art of War":26,"Red Skull":44,"Paper Frog":76}],"Burning Blood":135,"WarpedTongs":[67]},"card_choices":[{"not_picked":["Wild Strike","Warcry"],"picked":"Pommel Strike","floor":1.0},{"not_picked":["Thunderclap","True Grit"],"picked":"Hemokinesis","floor":2.0},{"not_picked":["Clothesline","Sword Boomerang"],"picked":"Shrug It Off","floor":3.0},{"not_picked":["Inflame","Havoc","Entrench"],"picked":"SKIP","floor":6.0},{"not_picked":["Metallicize","Reckless Charge"],"picked":"Flame Barrier","floor":8.0},{"not_picked":["Wild Strike","Warcry"],"picked":"Immolate","floor":10.0},{"not_picked":["Iron Wave","Second Wind","True Grit"],"picked":"SKIP","floor":12.0},{"not_picked":["Sword Boomerang","Entrench","Inflame"],"picked":"SKIP","floor":14.0},{"not_picked":["Heavy Blade","Reckless Charge"],"picked":"Exhume","floor":18.0},{"not_picked":["Whirlwind","Rampage"],"picked":"Evolve","floor":19},{"not_picked":["Dropkick","Clash","Combust"],"picked":"SKIP","floor":20},{"not_picked":["Sword Boomerang","Fire Breathing"],"picked":"Battle Trance+1","floor":22},{"not_picked":["Havoc","Anger","Perfected Strike"],"picked":"Singing Bowl","floor":23},{"not_picked":["Evolve","Sword Boomerang","Inflame"],"picked":"Singing Bowl","floor":27},{"not_picked":["Flex","Iron Wave"],"picked":"Spot Weakness","floor":28},{"not_picked":["Demon Form","Sword Boomerang"],"picked":"Shockwave","floor":30},{"not_picked":["Dark Embrace","Intimidate","Carnage"],"picked":"Singing Bowl","floor":31}],"player_experience":19958316,"relics_obtained":[{"floor":6.0,"key":"Tiny Chest"},{"floor":8.0,"key":"Shuriken"},{"floor":9.0,"key":"Art of War"},{"floor":10.0,"key":"Matryoshka"},{"floor":14.0,"key":"Red Skull"},{"floor":17.0,"key":"Lantern"},{"floor":17.0,"key":"The Courier"},{"floor":17.0,"key":"Magic Flower"},{"floor":21,"key":"Singing Bowl"},{"floor":21,"key":"HornCleat"},{"floor":23,"key":"Peace Pipe"},{"floor":26,"key":"Paper Frog"},{"floor":26,"key":"White Beast Statue"},{"floor":27,"key":"Oddly Smooth Stone"},{"floor":30,"key":"Pear"}],"event_choices":[{"damage_healed":0.0,"max_hp_gain":5.0,"max_hp_loss":0.0,"gold_gain":0.0,"event_name":"Big Fish","player_choice":"Donut","floor":4.0,"gold_loss":0.0,"damage_taken":0.0},{"cards_removed":["Strike_R"],"damage_healed":0.0,"max_hp_gain":0.0,"max_hp_loss":0.0,"gold_gain":0.0,"event_name":"Golden Wing","player_choice":"Card Removal","floor":5.0,"gold_loss":0.0,"damage_taken":7.0},{"damage_healed":0.0,"max_hp_gain":0.0,"max_hp_loss":0.0,"gold_gain":0.0,"event_name":"Accursed Blacksmith","player_choice":"Rummage","floor":11.0,"gold_loss":0.0,"damage_taken":0.0,"relics_obtained":["WarpedTongs"],"cards_obtained":["Pain"]},{"damage_healed":0,"gold_gain":0,"player_choice":"Read","damage_taken":0,"max_hp_gain":0,"max_hp_loss":0,"event_name":"The Library","floor":25,"gold_loss":0,"cards_obtained":["Uppercut"]}],"is_beta":false,"boss_relics":[{"not_picked":["Runic Cube","Busted Crown"],"picked":"Calling Bell"}],"items_purged_floors":[13],"is_endless":false,"potions_floor_spawned":[3,8,12,16,18,22,23,27,28,30,31],"killed_by":"Champ","ascension_level":20}}