{"host":"ifd7sfhtlbe34qll","time":1607881070,"event":{"mods":["2.2 Compatiblity","BaseMod","Block Reminder","Colored Map","Downfall","Highlight Path","Minty Spire (QoL Compilation)","Potion Indicator Mod","Quick Restart","Random Character Button","Relic Stats","StSLib"],"gold_per_floor":[110,124,124,141,158,158,158,184,184,195,214,232,232,267,267,367,367,367,380,391,391,391,391,391,316,316,350,367,205,217,217,227,330,330,330,346,338,376,376,376],"floor_reached":39,"playtime":2103,"items_purged":["hexamod:Strike"],"score":583,"play_id":"848bfcc7-b39e-4149-85fd-44c52078f3f1","local_time":"20201213113750","is_ascension_mode":true,"campfire_choices":[{"data":"hexamod:BurningTouch","floor":6.0,"key":"SMITH"},{"data":"hexamod:Sear","floor":9.0,"key":"SMITH"},{"data":"hexamod:RainOfEmbers","floor":13.0,"key":"SMITH"},{"data":"hexamod:Float","floor":15.0,"key":"SMITH"},{"data":"hexamod:TimeOfNeed","floor":18.0,"key":"SMITH"},{"data":"hexamod:SoulSteal","floor":23.0,"key":"SMITH"},{"floor":25.0,"key":"REST"},{"data":"Ghostly","floor":35,"key":"SMITH"}],"circlet_count":0,"master_deck":["hexamod:Sear+1","hexamod:Float+1","hexamod:Firestarter","hexamod:RainOfEmbers+1","hexamod:SoulSteal+1","hexamod:BurningTouch+1","hexamod:PhantomFireball","hexamod:FourthSeal","hexamod:FirstSeal","hexamod:StepThrough","hexamod:TimeOfNeed+1","hexamod:SwordOfDarkness+1","hexamod:HauntingEcho","Necronomicurse","hexamod:ExtraCrispy","hexamod:ThirdSeal","hexamod:RainOfEmbers+1","hexamod:FastForward+1","hexamod:HeatMetal+1","hexamod:SuperheatedStrike","Ghostly+1","Ghostly","Ghostly","hexamod:CouncilsJustice","hexamod:CouncilsJustice","hexamod:CouncilsJustice","hexamod:Hexaguard","hexamod:TimeOfNeed","hexamod:HexaLevel","hexamod:VolcanoVisage","hexamod:RecurringNightmare+1","hexamod:SecondSeal","hexamod:ThermalTransfer+1"],"relics":["hexamod:SpiritBrand","Sundial","Ginger","Letter Opener","Sozu","Necronomicon","Question Card","downfall:HeartBlessingBlue","Bag of Marbles","Velvet Choker","Dream Catcher"],"acts_visited":["Exordium","TheCity","TheBeyond"],"potions_floor_usage":[38,39],"damage_taken":[{"damage":0.0,"enemies":"2 Louse","floor":1.0,"turns":3.0},{"damage":4.0,"enemies":"Cultist","floor":2.0,"turns":4.0},{"damage":1.0,"enemies":"Jaw Worm","floor":4.0,"turns":3.0},{"damage":0.0,"enemies":"2 Fungi Beasts","floor":5.0,"turns":3.0},{"damage":12.0,"enemies":"3 Sentries","floor":8.0,"turns":6.0},{"damage":2.0,"enemies":"Blue Slaver","floor":10.0,"turns":3.0},{"damage":5.0,"enemies":"3 Louse","floor":11.0,"turns":2.0},{"damage":0.0,"enemies":"2 Fungi Beasts","floor":12.0,"turns":3.0},{"damage":19.0,"enemies":"Lagavulin","floor":14.0,"turns":6.0},{"damage":21.0,"enemies":"downfall:Ironclad","floor":16.0,"turns":6.0},{"damage":0.0,"enemies":"3 Byrds","floor":19.0,"turns":3.0},{"damage":0.0,"enemies":"Spheric Guardian","floor":20.0,"turns":3.0},{"damage":23.0,"enemies":"Slavers","floor":22.0,"turns":3.0},{"damage":18.0,"enemies":"Gremlin Leader","floor":27.0,"turns":4.0},{"damage":15.0,"enemies":"Centurion and Healer","floor":28.0,"turns":3.0},{"damage":5,"enemies":"downfall:FleeingMerchant","floor":29,"turns":4},{"damage":12,"enemies":"Snake Plant","floor":30,"turns":3},{"damage":1,"enemies":"3 Cultists","floor":32,"turns":4},{"damage":10,"enemies":"downfall:Watcher","floor":33,"turns":5},{"damage":0,"enemies":"Orb Walker","floor":36,"turns":3},{"damage":40,"enemies":"Reptomancer","floor":38,"turns":6},{"damage":14,"enemies":"3 Darklings","floor":39,"turns":2}],"seed_played":"-84596384262022474","potions_obtained":[{"floor":1.0,"key":"Block Potion"},{"floor":2.0,"key":"CultistPotion"},{"floor":3.0,"key":"Fruit Juice"},{"floor":3.0,"key":"hexamod:EctoCoolerPotion"},{"floor":11.0,"key":"champ:CounterPotion"},{"floor":14.0,"key":"SkillPotion"},{"floor":16.0,"key":"hexamod:EctoCoolerPotion"},{"floor":16.0,"key":"BlessingOfTheForge"}],"is_trial":false,"path_per_floor":["M","M","?","M","M","R","T","E","R","M","M","M","R","E","R","B",null,"R","M","M","?","E","R","T","R","?","E","M","$","M","?","M","B",null,"R","M","?","E","M"],"character_chosen":"THE_SPIRIT","items_purchased":["hexamod:SuperheatedStrike"],"campfire_rested":1,"item_purchase_floors":[29],"current_hp_per_floor":[77,73,78,77,77,77,77,65,65,63,58,58,58,46,46,25,82,82,82,82,66,50,50,50,87,87,76,61,63,58,46,45,42,46,46,46,46,13,0,0],"gold":376,"neow_bonus":"TEN_PERCENT_HP_BONUS","is_daily":false,"chose_seed":false,"campfire_upgraded":7,"win_rate":0.0,"timestamp":1607881070,"path_taken":["M","M","?","?","M","R","T","E","R","M","M","M","R","E","R","BOSS","R","M","M","?","E","R","T","R","?","E","M","$","M","?","M","BOSS","R","M","?","E","M"],"items_purchased_type":["Card"],"build_version":"2020-11-30","purchased_purges":1,"victory":false,"max_hp_per_floor":[77,77,82,82,82,82,82,82,82,82,82,82,82,82,82,82,82,82,82,82,82,82,82,82,92,92,92,92,92,92,46,46,46,46,46,46,46,46,46,46],"relic_stats":{"Sozu":6,"Dream Catcher":0,"counters":[22,82],"Sundial":[4],"Necronomicon":[15],"Ginger":[12],"Letter Opener":[47],"Question Card":14,"obtain_stats":[{"Sozu":17,"Dream Catcher":38,"Sundial":7,"downfall:HeartBlessingBlue":25,"Velvet Choker":34,"Necronomicon":21,"Bag of Marbles":27,"Ginger":8,"Letter Opener":14,"Question Card":22,"hexamod:SpiritBrand":0},{"Sozu":10,"Dream Catcher":21,"Sundial":4,"downfall:HeartBlessingBlue":13,"Velvet Choker":19,"Necronomicon":12,"Bag of Marbles":14,"Ginger":5,"Letter Opener":9,"Question Card":13,"hexamod:SpiritBrand":0},{"Sozu":39,"Dream Catcher":80,"Sundial":13,"downfall:HeartBlessingBlue":48,"Velvet Choker":71,"Necronomicon":45,"Bag of Marbles":52,"Ginger":19,"Letter Opener":33,"Question Card":48,"hexamod:SpiritBrand":0}]},"card_choices":[{"not_picked":["hexamod:GhostOfSpireFuture","hexamod:Again"],"picked":"hexamod:Firestarter","floor":1.0},{"not_picked":["hexamod:Haunt","hexamod:BacktrackSmack"],"picked":"hexamod:RainOfEmbers","floor":2.0},{"not_picked":["hexamod:FirstSeal","hexamod:BacktrackSmack"],"picked":"hexamod:SoulSteal","floor":4.0},{"not_picked":["hexamod:ChargedBarrage","hexamod:NightmareStrike"],"picked":"hexamod:BurningTouch","floor":5.0},{"not_picked":["hexamod:Firestarter","hexamod:NightmareGuise","hexamod:GhostOfSpireFuture"],"picked":"SKIP","floor":8.0},{"not_picked":["hexamod:NightmareGuise","hexamod:ShieldOfDarkness"],"picked":"hexamod:PhantomFireball","floor":10.0},{"not_picked":["hexamod:ShieldOfDarkness","hexamod:RadiantFlame"],"picked":"hexamod:FourthSeal","floor":11.0},{"not_picked":["hexamod:Haunt","hexamod:CatchUp"],"picked":"hexamod:FirstSeal","floor":12.0},{"not_picked":["hexamod:SpectralSpark","hexamod:BurningTouch"],"picked":"hexamod:StepThrough","floor":14.0},{"not_picked":["hexamod:UnlimitedPower","hexamod:GiftsFromTheDead"],"picked":"hexamod:TimeOfNeed","floor":16.0},{"not_picked":["hexamod:SoulSteal","hexamod:NightmareStrike+1"],"picked":"hexamod:SwordOfDarkness+1","floor":19.0},{"not_picked":["hexamod:FirstSeal","hexamod:AdvancingGuard"],"picked":"hexamod:HauntingEcho","floor":20.0},{"not_picked":["hexamod:Firestarter","hexamod:InspiringFlames"],"picked":"hexamod:ExtraCrispy","floor":22.0},{"not_picked":["hexamod:ExtraCrispy+1","hexamod:HauntingEcho","hexamod:HeatCrush"],"picked":"hexamod:ThirdSeal","floor":27.0},{"not_picked":["hexamod:SwordOfDarkness","hexamod:EmpoweredFlame","hexamod:ThermalTransfer"],"picked":"hexamod:RainOfEmbers+1","floor":28.0},{"not_picked":["hexamod:StepThrough+1","hexamod:GhostShield","hexamod:NightmareStrike+1"],"picked":"hexamod:FastForward+1","floor":28.0},{"not_picked":["hexamod:SuperheatedStrike","hexamod:TurnItUp","hexamod:BurningTouch"],"picked":"hexamod:HeatMetal+1","floor":29},{"not_picked":["hexamod:InspiringFlames","hexamod:FourthSeal","hexamod:ThermalTransfer","hexamod:GhostOfSpireFuture"],"picked":"SKIP","floor":30},{"not_picked":["hexamod:FastForward","hexamod:AdvancingGuard","hexamod:NightmareGuise","hexamod:ThermalTransfer"],"picked":"SKIP","floor":30},{"not_picked":["hexamod:GhostLash","hexamod:ThermalTransfer","hexamod:AdvancingGuard"],"picked":"hexamod:Hexaguard","floor":32},{"not_picked":["hexamod:SkipABeat","hexamod:Rewind+1","hexamod:Firestarter"],"picked":"hexamod:TimeOfNeed","floor":32},{"not_picked":["hexamod:EmpoweringStance","hexamod:UnlimitedPower","hexamod:GiftsFromTheDead"],"picked":"hexamod:HexaLevel","floor":33},{"not_picked":["hexamod:ApocalypticArmor","hexamod:TimeOfNeed","hexamod:EmpoweringStance"],"picked":"hexamod:VolcanoVisage","floor":33},{"not_picked":["hexamod:ThermalTransfer","hexamod:Firestarter+1","hexamod:NecessarySacrifice"],"picked":"hexamod:RecurringNightmare+1","floor":36},{"not_picked":["hexamod:FastForward+1","hexamod:BurningTouch","hexamod:HauntingEcho+1","hexamod:ShieldOfDarkness"],"picked":"SKIP","floor":36},{"not_picked":["hexamod:GhostLash+1","hexamod:GhostOfSpirePast","hexamod:FlamesFromBeyond+1"],"picked":"hexamod:ThermalTransfer+1","floor":38},{"not_picked":["hexamod:ApocalypseNow","hexamod:FirstSeal","hexamod:NecessarySacrifice","hexamod:NightmareStrike+1"],"picked":"SKIP","floor":38}],"player_experience":1531856,"relics_obtained":[{"floor":7.0,"key":"Sundial"},{"floor":8.0,"key":"Ginger"},{"floor":14.0,"key":"Letter Opener"},{"floor":21.0,"key":"Necronomicon"},{"floor":22.0,"key":"Question Card"},{"floor":27.0,"key":"Bag of Marbles"},{"floor":38,"key":"Dream Catcher"}],"event_choices":[{"damage_healed":0.0,"max_hp_gain":0.0,"max_hp_loss":0.0,"gold_gain":0.0,"event_name":"Lab","player_choice":"Got Potions","floor":3.0,"gold_loss":0.0,"damage_taken":0.0}],"is_beta":false,"boss_relics":[{"not_picked":["Runic Dome","hexamod:IceCube"],"picked":"Sozu"},{"not_picked":["Coffee Dripper","SacredBark"],"picked":"Velvet Choker"}],"items_purged_floors":[29],"is_endless":false,"potions_floor_spawned":[1,2,11,14,16,27,28,30,32],"killed_by":"3 Darklings","ascension_level":4}}