{"host":"l7l2v2zs4hqku4vk","time":1607858869,"event":{"mods":["Act Like it!","BaseMod","Colored Powertips","Highlight Path","Minty Spire (QoL Compilation)","Replay The Spire","RumiaBox-露米娅的神秘盒子","StSLib","TestMod","The Servant 0.9.4","篝火指南"],"gold_per_floor":[111,111,111,126,145,176,176,227,250,279,279,294,309,234,234,333,333,364,301,313,325,350,362,392,404,440,372,398,410,448,478,490,599,611,637,664,688,712,771,810,822,602,647,647,647,661,676,676,676],"floor_reached":48,"playtime":1800,"items_purged":["Strike_S"],"score":620,"play_id":"9d9b1fa3-d37a-433a-88e0-c1e4a2ab1be2","local_time":"20201213192749","is_ascension_mode":true,"campfire_choices":[{"data":"BestPractice","floor":7.0,"key":"SMITH"},{"floor":11.0,"key":"REST"},{"floor":15.0,"key":"REST"},{"floor":23.0,"key":"REST"},{"floor":32,"key":"DIG"},{"floor":41,"key":"RECALL"},{"floor":44,"key":"REST"}],"circlet_count":0,"master_deck":["Defend_S+1","Defend_S+1","Defend_S+1","KidneyShot+1","Exchange","DoubleEdge+1","KillingDoll+1","Orbit+1","BestPractice+1","Rearm","TheWorld","CurseOfTheBell","Misdirection","GearUp+1","SilverBlades","AbeCurse","Unruled+1","Dilation","Luminosity","DoubleEdge+1"],"relics":["Uniform","testmod-TestBox","NeowsBlessing","testmod-LifeArmor","Lantern","Happy Flower","Tiny Chest","testmod-Brilliant","Calling Bell","MawBank","PaperSwan","testmod-Déjàvu","Chameleon Ring","Whetstone","Bottled Flame","Abe\u0027s Treasure","Gremlin Food","Bag of Marbles","Replay:Baseball","Strawberry"],"acts_visited":["Exordium","TheCity","TheBeyond"],"potions_floor_usage":[33,38,40],"damage_taken":[{"damage":0.0,"enemies":"2 Louse","floor":1.0,"turns":1.0},{"damage":0.0,"enemies":"Jaw Worm","floor":4.0,"turns":1.0},{"damage":0.0,"enemies":"Small Slimes","floor":5.0,"turns":1.0},{"damage":22.0,"enemies":"Replay:BlueRogue","floor":6.0,"turns":4.0},{"damage":19.0,"enemies":"Lagavulin","floor":10.0,"turns":5.0},{"damage":0.0,"enemies":"Blue Slaver","floor":12.0,"turns":1.0},{"damage":0.0,"enemies":"2 Fungi Beasts","floor":13.0,"turns":1.0},{"damage":19.0,"enemies":"The Guardian","floor":16.0,"turns":7.0},{"damage":13.0,"enemies":"Shell Parasite","floor":18.0,"turns":2.0},{"damage":0.0,"enemies":"Spheric Guardian","floor":22.0,"turns":3.0},{"damage":0.0,"enemies":"Snecko","floor":24.0,"turns":3.0},{"damage":9.0,"enemies":"Cultist and Chosen","floor":28.0,"turns":2.0},{"damage":0,"enemies":"Slavers","floor":30,"turns":1},{"damage":0,"enemies":"Centurion and Healer","floor":31,"turns":2},{"damage":34,"enemies":"Collector","floor":33,"turns":6},{"damage":0,"enemies":"3 Shapes","floor":35,"turns":1},{"damage":0,"enemies":"3 Darklings","floor":36,"turns":1},{"damage":21,"enemies":"Maw","floor":37,"turns":6},{"damage":12,"enemies":"Spire Growth","floor":38,"turns":3},{"damage":5,"enemies":"R_Hoarder","floor":40,"turns":7},{"damage":46,"enemies":"Transient","floor":46,"turns":5},{"damage":0,"enemies":"3 Darklings","floor":47,"turns":1},{"damage":51,"enemies":"Giant Head","floor":48,"turns":6}],"seed_played":"-1235967434989771921","potions_obtained":[{"floor":4.0,"key":"FearPotion"},{"floor":6.0,"key":"Explosive Potion"},{"floor":13.0,"key":"Elixir"},{"floor":24.0,"key":"Energy Potion"},{"floor":35,"key":"LifebloodPotion"},{"floor":37,"key":"AttackPotion"},{"floor":46,"key":"SteroidPotion"}],"is_trial":false,"path_per_floor":["M","?","?","M","M","E","R","T","T","E","R","M","M","$","R","B",null,"M","?","?","?","M","R","M","T","T","R","M","?","E","M","R","B",null,"M","M","M","M","T","E","R","$","T","R","$","M","M","E"],"character_chosen":"THE_SERVANT","items_purchased":["SilverBlades","Replay:Baseball","DuplicationPotion"],"campfire_rested":4,"item_purchase_floors":[27,42,42],"current_hp_per_floor":[65,65,52,52,52,30,30,30,30,11,30,30,30,30,49,30,65,52,52,41,41,41,62,62,62,62,62,53,53,53,53,53,19,70,70,70,49,37,37,32,32,32,39,62,62,16,16,0,0],"gold":676,"neow_bonus":"THREE_ENEMY_KILL","is_daily":false,"chose_seed":false,"campfire_upgraded":1,"win_rate":0.0,"timestamp":1607858869,"path_taken":["M","?","?","M","M","E","R","?","T","E","R","M","M","$","R","BOSS","M","?","?","?","M","R","M","?","T","R","M","?","E","?","R","BOSS","M","?","M","M","?","E","R","$","T","R","$","M","M","E"],"items_purchased_type":["Card","Relic","Potion"],"build_version":"2020-11-30","purchased_purges":1,"victory":false,"max_hp_per_floor":[65,65,65,65,65,65,65,65,65,65,65,65,65,65,65,65,65,65,65,70,70,70,70,70,70,70,70,70,70,70,70,70,70,70,70,70,70,70,70,70,70,70,77,77,77,77,77,77,77],"card_choices":[{"not_picked":["FastForward","Alleviate"],"picked":"DoubleEdge","floor":1.0},{"not_picked":["Potential","Defy"],"picked":"Orbit","floor":4.0},{"not_picked":["Ricochet","Replace"],"picked":"BestPractice","floor":5.0},{"not_picked":["Unruled","DancingSilver"],"picked":"Rearm","floor":6.0},{"not_picked":["Replace","DoubleEdge","ShiftingGears"],"picked":"SKIP","floor":10.0},{"not_picked":["Foresight","Advance","ReturningBlade"],"picked":"SKIP","floor":12.0},{"not_picked":["Alleviate","BottledTime","Rewind"],"picked":"SKIP","floor":13.0},{"not_picked":["SilverMatrix","FloweringNight"],"picked":"TheWorld","floor":16.0},{"not_picked":["Moondial","WasteNot+1","DancingSilver"],"picked":"SKIP","floor":18.0},{"not_picked":["Revamp","TimeWarp","BottledTime"],"picked":"SKIP","floor":22.0},{"not_picked":["Spin","ShatteredReality","Unruled"],"picked":"SKIP","floor":24.0},{"not_picked":["ShatteredReality","FastForward","DualDimension"],"picked":"SKIP","floor":28.0},{"not_picked":["Defy","ShatteredReality","TimeWarp"],"picked":"SKIP","floor":30},{"not_picked":["SilverMatrix","DancingSilver","Defy"],"picked":"SKIP","floor":31},{"not_picked":["Snipe+1","Starlight+1","Ricochet+1"],"picked":"SKIP","floor":35},{"not_picked":["Desolation+1","Replace+1","Barrier"],"picked":"SKIP","floor":36},{"not_picked":["Foresight","Manipulate+1"],"picked":"Unruled+1","floor":37},{"not_picked":["Defy","Rewind+1"],"picked":"Dilation","floor":38},{"not_picked":["PendulumOfEternity","Manipulate","Deny"],"picked":"SKIP","floor":40},{"not_picked":["ShatteredReality+1","Starlight+1"],"picked":"Luminosity","floor":46},{"not_picked":["Orbit+1","Unruled"],"picked":"DoubleEdge+1","floor":47}],"player_experience":1638985,"relics_obtained":[{"floor":6.0,"key":"Lantern"},{"floor":8.0,"key":"Happy Flower"},{"floor":9.0,"key":"Tiny Chest"},{"floor":10.0,"key":"testmod-Brilliant"},{"floor":17.0,"key":"MawBank"},{"floor":17.0,"key":"PaperSwan"},{"floor":17.0,"key":"testmod-Déjàvu"},{"floor":25.0,"key":"Chameleon Ring"},{"floor":30,"key":"Whetstone"},{"floor":32,"key":"Bottled Flame"},{"floor":39,"key":"Gremlin Food"},{"floor":40,"key":"Bag of Marbles"},{"floor":43,"key":"Strawberry"}],"event_choices":[{"damage_healed":0.0,"max_hp_gain":0.0,"max_hp_loss":0.0,"gold_gain":0.0,"event_name":"Shining Light","player_choice":"Entered Light","floor":3.0,"gold_loss":0.0,"damage_taken":13.0,"cards_upgraded":["KidneyShot","Strike_S"]},{"cards_removed":["Strike_S"],"damage_healed":0.0,"max_hp_gain":0.0,"max_hp_loss":0.0,"gold_gain":0.0,"event_name":"Beggar","player_choice":"Gave Gold","floor":19.0,"gold_loss":75.0,"damage_taken":0.0},{"damage_healed":0.0,"max_hp_gain":5.0,"max_hp_loss":0.0,"gold_gain":0.0,"event_name":"Forgotten Altar","player_choice":"Shed Blood","floor":20.0,"gold_loss":0.0,"damage_taken":16.0},{"damage_healed":0.0,"max_hp_gain":0.0,"max_hp_loss":0.0,"gold_gain":0.0,"cards_transformed":["Strike_S","Strike_S"],"event_name":"Drug Dealer","player_choice":"Became Test Subject","floor":21.0,"gold_loss":0.0,"damage_taken":0.0,"cards_obtained":["Misdirection","GearUp"]},{"damage_healed":0.0,"max_hp_gain":0.0,"max_hp_loss":0.0,"gold_gain":0.0,"event_name":"Back to Basics","player_choice":"Simplicity","floor":29.0,"gold_loss":0.0,"damage_taken":0.0,"cards_upgraded":["Defend_S","Defend_S","Defend_S"]}],"is_beta":false,"boss_relics":[{"not_picked":["testmod-IncinerationGenerator","SlaversCollar"],"picked":"Calling Bell"},{"not_picked":["Replay:Drink Me","testmod-Nine"],"picked":"Abe\u0027s Treasure"}],"items_purged_floors":[14],"is_endless":false,"potions_floor_spawned":[4,6,13,24,28,30,35,37,46,47],"killed_by":"Giant Head","ascension_level":3}}