{"host":"jt6ecp28db45jqps","time":1607846398,"event":{"mods":["Act Like it!","BaseMod","Downfall","Highlight Path","Minty Spire (QoL Compilation)","Shop Mod","Spicy Shops","StSLib","The Poker Player","[IsaacMod]以撒尖塔","[地精首领爬塔]The Maniac"],"gold_per_floor":[118,138,165,194,217,256,284,329,411,423,464,489,501,532,544,657,719,747,776,822,851,577,577,609,51,126,142,142,154,189,209,209,209,209],"floor_reached":33,"playtime":1951,"items_purged":[],"score":565,"play_id":"6ff19d4f-ef3b-4f52-aba4-0980e4b4d689","local_time":"20201213155958","daily_mods":["Vintage","Heirloom","Time Dilation","Flight"],"is_ascension_mode":false,"campfire_choices":[{"data":"Strike_B","floor":10,"key":"PURGE"},{"floor":13,"key":"REST"},{"data":"1","floor":15,"key":"LIFT"},{"data":"2","floor":23,"key":"LIFT"},{"floor":28,"key":"REST"},{"data":"Loop","floor":32,"key":"SMITH"}],"circlet_count":0,"master_deck":["Strike_B","Strike_B","Strike_B","Defend_B","Defend_B+1","Defend_B","Defend_B+1","Zap","Dualcast+1","Loop+1","Cold Snap","Storm"],"relics":["Cracked Core","HushsDoor","TheBean","Girya","Singing Bowl","Regal Pillow","Peace Pipe","Ancient Tea Set","SharpPlug","Vajra","Blue Candle","Meat on the Bone","D6","PreservedInsect","GuppysTail","Tiny House","Bag of Preparation","Mercury Hourglass","Bronze Scales","MerchantsRug","Potion Belt","Akabeko","hexamod:BolsterEngine","Oddly Smooth Stone","Frozen Egg 2","Toxic Egg 2","UnicornStump","Blood Vial","Molten Egg 2","Du-Vu Doll"],"acts_visited":["Exordium","TheCity"],"potions_floor_usage":[5,6,11,16,19,24,24,33],"damage_taken":[{"damage":0,"enemies":"2 Louse","floor":1,"turns":2},{"damage":1,"enemies":"Jaw Worm","floor":2,"turns":3},{"damage":0,"enemies":"Cultist","floor":3,"turns":3},{"damage":0,"enemies":"Exordium Wildlife","floor":4,"turns":3},{"damage":0,"enemies":"Blue Slaver","floor":5,"turns":2},{"damage":2,"enemies":"3 Sentries","floor":6,"turns":7},{"damage":9,"enemies":"2 Fungi Beasts","floor":7,"turns":2},{"damage":26,"enemies":"Lagavulin","floor":8,"turns":5},{"damage":0,"enemies":"Gremlin Nob","floor":11,"turns":2},{"damage":16,"enemies":"Large Slime","floor":12,"turns":5},{"damage":0,"enemies":"3 Louse","floor":14,"turns":2},{"damage":32,"enemies":"The Guardian","floor":16,"turns":12},{"damage":16,"enemies":"Spheric Guardian","floor":18,"turns":5},{"damage":0,"enemies":"Chosen","floor":19,"turns":4},{"damage":6,"enemies":"Snecko","floor":20,"turns":5},{"damage":13,"enemies":"Shelled Parasite and Fungi","floor":21,"turns":8},{"damage":0,"enemies":"Slavers","floor":24,"turns":2},{"damage":4,"enemies":"Sentry and Sphere","floor":27,"turns":4},{"damage":1,"enemies":"3 Cultists","floor":29,"turns":3},{"damage":16,"enemies":"Gremlin Leader","floor":30,"turns":4},{"damage":9,"enemies":"Centurion and Healer","floor":31,"turns":3},{"damage":94,"enemies":"Automaton","floor":33,"turns":12}],"seed_played":"-5486802190710218185","potions_obtained":[{"floor":3,"key":"Block Potion"},{"floor":4,"key":"SmokeBomb"},{"floor":5,"key":"Slimebound:ThreeZeroPotion"},{"floor":8,"key":"hexamod:EctoCoolerPotion"},{"floor":11,"key":"Slimebound:ThreeZeroPotion"},{"floor":12,"key":"Explosive Potion"},{"floor":14,"key":"Dexterity Potion"},{"floor":17,"key":"AttackPotion"},{"floor":27,"key":"SteroidPotion"},{"floor":30,"key":"Block Potion"}],"is_trial":true,"path_per_floor":["M","M","M","M","M","E","M","E","T","R","E","M","R","M","R","B",null,"M","M","M","M","$","R","E","$","T","M","R","M","E","M","R","B"],"character_chosen":"DEFECT","items_purchased":["MerchantsRug","Storm","Potion Belt","hexamod:BolsterEngine","Oddly Smooth Stone","Frozen Egg 2"],"campfire_rested":2,"item_purchase_floors":[22,22,22,25,25,25],"current_hp_per_floor":[75,74,74,74,74,74,65,39,39,39,41,37,75,75,75,45,86,70,70,64,51,51,51,53,53,53,49,88,87,74,67,67,0,0],"gold":209,"neow_bonus":"","is_daily":false,"chose_seed":false,"campfire_upgraded":1,"win_rate":0.0,"timestamp":1607846398,"path_taken":["M","M","M","M","M","E","M","E","T","R","E","M","R","M","R","BOSS","M","M","M","M","$","R","E","$","T","M","R","M","E","M","R","BOSS"],"items_purchased_type":["Relic","Card","Relic","Relic","Relic","Relic"],"build_version":"2020-11-30","purchased_purges":0,"victory":false,"max_hp_per_floor":[75,75,75,75,75,77,77,77,77,77,79,79,79,79,79,81,86,86,86,86,86,86,86,88,88,88,88,88,88,90,90,90,90,90],"card_choices":[{"not_picked":["Fan","Stack","Steam"],"picked":"Singing Bowl","floor":6},{"not_picked":["Streamline","Tempest"],"picked":"Loop","floor":8},{"not_picked":["Fusion","Go for the Eyes","FTL"],"picked":"Singing Bowl","floor":11},{"not_picked":["Meteor Strike","Multi-Cast","Fission"],"picked":"Singing Bowl","floor":16},{"not_picked":["Capacitor","Streamline"],"picked":"Cold Snap","floor":17},{"not_picked":["Coolheaded","Gash+1","Barrage"],"picked":"Singing Bowl","floor":24},{"not_picked":["Barrage+1","Gash+1","Ball Lightning+1"],"picked":"Singing Bowl","floor":30}],"player_experience":954907,"relics_obtained":[{"floor":1,"key":"Singing Bowl"},{"floor":2,"key":"MawBank"},{"floor":3,"key":"Regal Pillow"},{"floor":4,"key":"Peace Pipe"},{"floor":5,"key":"Ancient Tea Set"},{"floor":6,"key":"SharpPlug"},{"floor":7,"key":"Vajra"},{"floor":8,"key":"Blue Candle"},{"floor":9,"key":"Meat on the Bone"},{"floor":11,"key":"D6"},{"floor":12,"key":"PreservedInsect"},{"floor":14,"key":"GuppysTail"},{"floor":18,"key":"Bag of Preparation"},{"floor":19,"key":"War Paint"},{"floor":20,"key":"Mercury Hourglass"},{"floor":21,"key":"Bronze Scales"},{"floor":24,"key":"Akabeko"},{"floor":26,"key":"Toxic Egg 2"},{"floor":27,"key":"UnicornStump"},{"floor":29,"key":"Blood Vial"},{"floor":30,"key":"Molten Egg 2"},{"floor":31,"key":"Du-Vu Doll"}],"event_choices":[],"is_beta":false,"boss_relics":[{"not_picked":["Nuclear Battery","Velvet Choker"],"picked":"Tiny House"},{"not_picked":[]}],"items_purged_floors":[],"is_endless":true,"potions_floor_spawned":[3,4,5,8,11,12,14,18,27,30],"killed_by":"Automaton","ascension_level":0}}