{"host":"wonp23fsqqcu31ie","time":1607855581,"event":{"mods":["2.2 Compatiblity","AchievementEnabler","Aspiration","BaseMod","Better Altar","Better Match","Better Sensory Stone","Better Skull","Better Third Choice","BetterRewards","Block Reminder","Colored Map","Colored Powertips","Conspire","DeckTracker","Displayed Cursed Tome","Downfall","Hermit","Highlight Path","Hubris","Minty Spire (QoL Compilation)","Permanent Neow","Quick Restart","Rare Cards Sparkle","Relic Stats","Replay The Spire","Shade Mod","Shop Mod","StSLib","SuperFastMode","The Animator","The Cursed","The Gatherer","The Necromancer","The Runesmith","The Servant 0.9.4"],"gold_per_floor":[139,191,241,260,260,312,324,324,376,428,439,459,510,527,527,627,652,669,669,248,273,292,292,350,368,468,488,488,506,524,655,655,750,775,793,812,78,103,178,235,235,235,385,385,305,325,325,14,14,14,14,14,14,75,75,75],"floor_reached":55,"playtime":1434,"items_purged":["Delirium","Hallucinations"],"score":718,"play_id":"17e920bd-5934-46fc-a1c3-3f259b7aba6a","local_time":"20201213213301","is_ascension_mode":true,"campfire_choices":[{"floor":8,"key":"RECALL"},{"floor":15,"key":"REST"},{"data":"LessonLearned","floor":23,"key":"SMITH"},{"floor":28,"key":"REST"},{"floor":32,"key":"REST"},{"floor":42,"key":"REST"},{"floor":44,"key":"REST"},{"floor":47,"key":"REST"},{"data":"1","floor":49,"key":"LIFT"},{"data":"2","floor":52,"key":"LIFT"}],"circlet_count":1,"master_deck":["animator:Gilgamesh+49","Strike_P","Strike_P","Strike_P","Strike_P","Defend_P","Defend_P","Defend_P","Defend_P","Eruption","Vigilance","MentalFortress","Crescendo+1","Flex+1","Halt","SpiritShield+1","CarveReality+1","Weave+1","Replay:DivineShield+1","LessonLearned+1","Prostrate+1","FlurryOfBlows+1","Writhe","Protect","Replay:Hum","FlyingSleeves+1","Consecrate+1","expansioncontent:YouAreMine","Consecrate+1","DevaForm","Halt+1"],"relics":["PureWater","Simple Rune","Ring of Hypnosis","ReplayTheSpireMod:Ring of Collecting","Gremlin Food","Ring of Searing","ReplayTheSpireMod:Ninjato","hubris:SlimyHat","Busted Crown","ReplayTheSpireMod:CursedCoin","MerchantsRug","Runesmith:AutoHammer","Question Card","hubris:AstralHammer","Nunchaku","ReplayTheSpireMod:Ring of Addiction","hubris:BottledRain","Toy Ornithopter","Circlet","Ring of Fangs","Replay:Bottled Eggs","hubris:CrackedHourglass","Medical Kit","Red Skull","Molten Egg 2","hubris:Towel","Girya","Turnip","Ring of Greed","Replay:Wax Seal","Golden Idol","Damaru","Lee\u0027s Waffle","Vajra","aspiration:Lifesprig"],"acts_visited":["Exordium","TheCity","TheBeyond","TheEnding"],"potions_floor_usage":[12,30,33,33,33,45,45],"damage_taken":[{"damage":0,"enemies":"Cultist","floor":1,"turns":1},{"damage":5,"enemies":"Small Slimes","floor":4,"turns":3},{"damage":0,"enemies":"Replay:BlueRogue","floor":6,"turns":1},{"damage":8,"enemies":"Jaw Worm","floor":7,"turns":2},{"damage":12,"enemies":"Lagavulin","floor":10,"turns":3},{"damage":0,"enemies":"2 Fungi Beasts","floor":11,"turns":2},{"damage":3,"enemies":"Gremlin Gang","floor":12,"turns":4},{"damage":0,"enemies":"Gremlin Nob","floor":13,"turns":1},{"damage":6,"enemies":"conspire:2 RoseBushes","floor":14,"turns":4},{"damage":57,"enemies":"Fading Forest","floor":16,"turns":11},{"damage":5,"enemies":"conspire:FuzzyDice","floor":18,"turns":2},{"damage":5,"enemies":"3 Byrds","floor":22,"turns":2},{"damage":14,"enemies":"Book of Stabbing","floor":24,"turns":4},{"damage":28,"enemies":"Snecko","floor":25,"turns":3},{"damage":0,"enemies":"Centurion and Healer","floor":27,"turns":5},{"damage":0,"enemies":"3 Cultists","floor":29,"turns":2},{"damage":0,"enemies":"Sentry and Sphere","floor":30,"turns":3},{"damage":28,"enemies":"Automaton","floor":33,"turns":4},{"damage":22,"enemies":"3 Shapes","floor":35,"turns":6},{"damage":20,"enemies":"3 Darklings","floor":36,"turns":9},{"damage":0,"enemies":"Mind Bloom Boss Battle","floor":39,"turns":2},{"damage":1,"enemies":"Giant Head","floor":40,"turns":5},{"damage":5,"enemies":"Jaw Worm Horde","floor":45,"turns":2},{"damage":36,"enemies":"4 Shapes","floor":46,"turns":5},{"damage":17,"enemies":"Replay:Hell Engine","floor":50,"turns":3},{"damage":90,"enemies":"Shield and Spear","floor":54,"turns":6},{"damage":54,"enemies":"The Heart","floor":55,"turns":2}],"seed_played":"-886893160299024348","potions_obtained":[{"floor":4,"key":"SpeedPotion"},{"floor":5,"key":"Reflective Coating"},{"floor":5,"key":"FearPotion"},{"floor":5,"key":"Doom Potion"},{"floor":6,"key":"Block Potion"},{"floor":14,"key":"SteroidPotion"},{"floor":16,"key":"Ancient Potion"},{"floor":25,"key":"Adrenaline Potion"},{"floor":26,"key":"BottledMiracle"},{"floor":26,"key":"Slimebound:ThreeZeroPotion"},{"floor":30,"key":"AttackPotion"},{"floor":36,"key":"FairyPotion"},{"floor":39,"key":"Adrenaline Potion"},{"floor":40,"key":"DistilledChaos"}],"is_trial":false,"path_per_floor":["M","T","?","M","?","E","M","R","T","E","M","M","E","M","R","B",null,"M","?","$","?","M","R","E","M","T","M","R","M","M","T","R","B",null,"M","M","$","?","?","E","?","R","T","R","M","M","R","$","R","B",null,"R","$","E","B"],"character_chosen":"WATCHER","items_purchased":["ReplayTheSpireMod:CursedCoin","MerchantsRug","Runesmith:AutoHammer","Question Card","FlurryOfBlows","Medical Kit","Red Skull","Molten Egg 2","expansioncontent:YouAreMine","Lee\u0027s Waffle","Vajra"],"campfire_rested":6,"item_purchase_floors":[20,20,20,20,20,37,37,37,37,48,48],"current_hp_per_floor":[72,72,72,67,67,67,59,59,59,47,47,44,44,38,59,12,72,67,67,67,67,62,62,48,20,20,20,41,41,46,46,67,47,70,48,28,28,28,28,27,14,33,33,52,57,21,40,71,69,52,69,67,67,20,0,0],"gold":75,"neow_bonus":"NOSTALGIA","is_daily":false,"chose_seed":false,"campfire_upgraded":1,"win_rate":0.0,"timestamp":1607855581,"path_taken":["M","?","?","?","?","E","M","R","T","E","M","?","E","M","R","BOSS","M","?","?","?","M","R","E","M","T","M","R","M","M","?","R","BOSS","M","M","$","?","?","E","?","R","T","R","M","M","R","$","R","BOSS","R","$","E","BOSS"],"items_purchased_type":["Relic","Relic","Relic","Relic","Card","Relic","Relic","Relic","Card","Relic","Relic"],"build_version":"2020-11-30","purchased_purges":2,"victory":false,"max_hp_per_floor":[72,72,72,72,72,72,72,72,72,72,72,72,72,72,72,72,72,72,72,72,72,72,72,72,72,72,72,72,72,70,70,70,70,70,70,70,68,68,68,66,66,66,64,64,64,64,64,71,69,69,69,67,67,67,65,65],"relic_stats":{"Nunchaku":[12],"Lee\u0027s Waffle":31,"Busted Crown":48,"counters":[158,793],"Golden Idol":40,"Turnip":[2],"Question Card":23,"Medical Kit":[1],"obtain_stats":[{"construct:FoamFinger":9,"aspiration:PoetsPen_weak":34,"Whetstone":48,"Boot":10,"Sling":12,"aspiration:RitualStick":19,"Ring of Searing":9,"Blood Vial":3,"hubris:AstralHammer":21,"Fusion Hammer":34,"HandDrill":4,"Replay:Wax Seal":0,"hubris:TinFlute":24,"MerchantsRug":0,"ReplayTheSpireMod:Ring of Addiction":26,"Eternal Feather":6,"aspiration:IroncladSkillbook":0,"animator:HolyGrailRelic":34,"MutagenicStrength":21,"ReplayTheSpireMod:Ring of Collecting":3,"aspiration:ServantSkillbook":34,"hubris:TenFootPole":9,"animator:HeavyHalberd":9,"aspiration:Lifesprig":53,"Regal Pillow":25,"Lantern":53,"hubris:Metronome":10,"Torii":42,"Singing Bowl":3,"animator:TheMissingPiece":0,"Blue Doll":6,"Bag of Preparation":26,"Pet Ghost":40,"Replay:Rubber Ducky":12,"hubris:Backtick":17,"Matryoshka":39,"Ring of Fangs":31,"Ring of Peace":2,"Chemical X":37,"Replay:Bottled Eggs":31,"Ring of the Snake":0,"Potion Belt":46,"Lee\u0027s Waffle":20,"construct:WeddingRing":34,"Golden Idol":2,"Circlet":26,"Damaru":43,"Omamori":40,"Ring of Greed":43,"Frozen Egg 2":23,"hubris:Towel":37,"Replay:Arrowhead":0,"Busted Crown":34,"Ornamental Fan":46,"animator:LivingPicture":0,"Turnip":40,"Garlic":8,"Runesmith:AutoHammer":20,"hubris:CrackedHourglass":34,"Toy Ornithopter":20,"hubris:BottledRain":43,"Ice Cream":17,"Tiny House":17,"Nilry\u0027s Codex":21,"CeramicFish":23,"Vajra":48,"Uniform":0,"aspiration:Stabinomicon":31,"aspiration:MobileForge":17,"DollysMirror":0,"Strawberry":40,"Toxic Egg 2":46,"Girya":39,"Happy Flower":54,"Ring of Hypnosis":36,"hubris:DuctTape":54,"aspiration:Nostalgia":0,"ReplayTheSpireMod:CursedCoin":20,"Replay:Grab Bag":34,"Oddly Smooth Stone":42,"Ring of Chaos":34,"conspire:SlowCooker":53,"aspiration:SeaSaltIceCream":0,"War Paint":8,"Question Card":20,"hubris:Zylophone":0,"Replay:Baseball":26,"ReplayTheSpireMod:Shallot":9,"Brimstone":48,"Bronze Scales":48,"Simple Rune":26,"Molten Egg 2":7,"Black Star":17,"ReplayTheSpireMod:TigerMarble":13,"Darkstone Periapt":10,"ReplayTheSpireMod:Ring of Exchange":2,"Shade:YorickSkull":0,"Mango":42,"Juzu Bracelet":43,"Incense Burner":23,"hubris:SlimyHat":13,"Replay:Mystery Machine":54,"PrismaticShard":27,"Dream Catcher":43,"m_ScarletBlood":0,"Nunchaku":24,"Chameleon Ring":40,"Red Skull":21,"Gremlin Food":38,"animator:Buoy":40,"ReplayTheSpireMod:Ninjato":43,"Orichalcum":14,"Medical Kit":0,"Peace Pipe":0,"Pondfish Scales":22,"Runesmith:UraniumAnvil":17,"hubris:BundleOfHerbs":36,"Bag of Marbles":37,"PureWater":20,"TungstenRod":0,"ReplayTheSpireMod:ShopPack":36,"m_BurningSludge":28},{"construct:FoamFinger":6,"aspiration:PoetsPen_weak":44,"Whetstone":27,"Boot":32,"Sling":32,"aspiration:RitualStick":68,"Ring of Searing":135,"Blood Vial":1,"hubris:AstralHammer":142,"Fusion Hammer":44,"HandDrill":57,"Replay:Wax Seal":56,"hubris:TinFlute":118,"MerchantsRug":28,"ReplayTheSpireMod:Ring of Addiction":145,"Eternal Feather":4,"aspiration:IroncladSkillbook":28,"animator:HolyGrailRelic":73,"MutagenicStrength":37,"ReplayTheSpireMod:Ring of Collecting":132,"aspiration:ServantSkillbook":122,"hubris:TenFootPole":110,"animator:HeavyHalberd":83,"aspiration:Lifesprig":54,"Regal Pillow":92,"Lantern":104,"hubris:Metronome":111,"Torii":24,"Singing Bowl":79,"animator:TheMissingPiece":56,"Blue Doll":59,"Bag of Preparation":13,"Pet Ghost":98,"Replay:Rubber Ducky":85,"hubris:Backtick":67,"Matryoshka":97,"Ring of Fangs":148,"Ring of Peace":79,"Chemical X":20,"Replay:Bottled Eggs":148,"Ring of the Snake":56,"Potion Belt":25,"Lee\u0027s Waffle":10,"construct:WeddingRing":18,"Golden Idol":57,"Circlet":145,"Damaru":153,"Omamori":22,"Ring of Greed":153,"Frozen Egg 2":12,"hubris:Towel":123,"Replay:Arrowhead":106,"Busted Crown":44,"Ornamental Fan":25,"animator:LivingPicture":56,"Turnip":153,"Garlic":31,"Runesmith:AutoHammer":142,"hubris:CrackedHourglass":149,"Toy Ornithopter":116,"hubris:BottledRain":49,"Ice Cream":67,"Tiny House":115,"Nilry\u0027s Codex":10,"CeramicFish":12,"Vajra":155,"Uniform":28,"aspiration:Stabinomicon":72,"aspiration:MobileForge":34,"DollysMirror":78,"Strawberry":22,"Toxic Egg 2":51,"Girya":152,"Happy Flower":105,"Ring of Hypnosis":123,"hubris:DuctTape":130,"aspiration:Nostalgia":28,"ReplayTheSpireMod:CursedCoin":142,"Replay:Grab Bag":44,"Oddly Smooth Stone":77,"Ring of Chaos":44,"conspire:SlowCooker":129,"aspiration:SeaSaltIceCream":28,"War Paint":83,"Question Card":142,"hubris:Zylophone":56,"Replay:Baseball":118,"ReplayTheSpireMod:Shallot":64,"Brimstone":128,"Bronze Scales":27,"Simple Rune":39,"Molten Egg 2":109,"Black Star":9,"ReplayTheSpireMod:TigerMarble":86,"Darkstone Periapt":65,"ReplayTheSpireMod:Ring of Exchange":79,"Shade:YorickSkull":0,"Mango":99,"Juzu Bracelet":24,"Incense Burner":91,"hubris:SlimyHat":139,"Replay:Mystery Machine":55,"PrismaticShard":39,"Dream Catcher":99,"m_ScarletBlood":131,"Nunchaku":144,"Chameleon Ring":126,"Red Skull":90,"Gremlin Food":47,"animator:Buoy":77,"ReplayTheSpireMod:Ninjato":99,"Orichalcum":33,"Medical Kit":56,"Peace Pipe":78,"Pondfish Scales":90,"Runesmith:UraniumAnvil":88,"hubris:BundleOfHerbs":74,"Bag of Marbles":20,"PureWater":142,"TungstenRod":28,"ReplayTheSpireMod:ShopPack":74,"m_BurningSludge":119},{"construct:FoamFinger":22,"aspiration:PoetsPen_weak":234,"Whetstone":127,"Boot":156,"Sling":156,"aspiration:RitualStick":361,"Ring of Searing":703,"Blood Vial":3,"hubris:AstralHammer":730,"Fusion Hammer":234,"HandDrill":302,"Replay:Wax Seal":298,"hubris:TinFlute":644,"MerchantsRug":140,"ReplayTheSpireMod:Ring of Addiction":739,"Eternal Feather":16,"aspiration:IroncladSkillbook":140,"animator:HolyGrailRelic":398,"MutagenicStrength":192,"ReplayTheSpireMod:Ring of Collecting":697,"aspiration:ServantSkillbook":660,"hubris:TenFootPole":616,"animator:HeavyHalberd":453,"aspiration:Lifesprig":287,"Regal Pillow":506,"Lantern":593,"hubris:Metronome":621,"Torii":107,"Singing Bowl":432,"animator:TheMissingPiece":298,"Blue Doll":310,"Bag of Preparation":53,"Pet Ghost":548,"Replay:Rubber Ducky":464,"hubris:Backtick":354,"Matryoshka":539,"Ring of Fangs":749,"Ring of Peace":432,"Chemical X":91,"Replay:Bottled Eggs":749,"Ring of the Snake":298,"Potion Belt":115,"Lee\u0027s Waffle":38,"construct:WeddingRing":85,"Golden Idol":302,"Circlet":739,"Damaru":775,"Omamori":99,"Ring of Greed":775,"Frozen Egg 2":50,"hubris:Towel":663,"Replay:Arrowhead":606,"Busted Crown":234,"Ornamental Fan":115,"animator:LivingPicture":298,"Turnip":775,"Garlic":151,"Runesmith:AutoHammer":730,"hubris:CrackedHourglass":753,"Toy Ornithopter":636,"hubris:BottledRain":256,"Ice Cream":354,"Tiny House":633,"Nilry\u0027s Codex":38,"CeramicFish":50,"Vajra":782,"Uniform":140,"aspiration:Stabinomicon":386,"aspiration:MobileForge":173,"DollysMirror":428,"Strawberry":99,"Toxic Egg 2":263,"Girya":770,"Happy Flower":600,"Ring of Hypnosis":663,"hubris:DuctTape":693,"aspiration:Nostalgia":140,"ReplayTheSpireMod:CursedCoin":730,"Replay:Grab Bag":234,"Oddly Smooth Stone":423,"Ring of Chaos":234,"conspire:SlowCooker":689,"aspiration:SeaSaltIceCream":140,"War Paint":453,"Question Card":730,"hubris:Zylophone":298,"Replay:Baseball":644,"ReplayTheSpireMod:Shallot":330,"Brimstone":683,"Bronze Scales":127,"Simple Rune":203,"Molten Egg 2":613,"Black Star":35,"ReplayTheSpireMod:TigerMarble":470,"Darkstone Periapt":338,"ReplayTheSpireMod:Ring of Exchange":432,"Shade:YorickSkull":0,"Mango":558,"Juzu Bracelet":107,"Incense Burner":499,"hubris:SlimyHat":713,"Replay:Mystery Machine":295,"PrismaticShard":203,"Dream Catcher":558,"m_ScarletBlood":696,"Nunchaku":736,"Chameleon Ring":673,"Red Skull":492,"Gremlin Food":246,"animator:Buoy":423,"ReplayTheSpireMod:Ninjato":558,"Orichalcum":161,"Medical Kit":298,"Peace Pipe":428,"Pondfish Scales":492,"Runesmith:UraniumAnvil":483,"hubris:BundleOfHerbs":405,"Bag of Marbles":91,"PureWater":730,"TungstenRod":140,"ReplayTheSpireMod:ShopPack":405,"m_BurningSludge":647}],"Toy Ornithopter":77},"card_choices":[{"not_picked":["Replay:AtTheReady","Replay:ManipulateFuture"],"picked":"MentalFortress","floor":1},{"not_picked":["FollowUp","Wireheading"],"picked":"Crescendo","floor":4},{"not_picked":["Replay:Anticipation","Protect"],"picked":"Flex","floor":6},{"not_picked":["Fasting2","Swivel"],"picked":"Halt","floor":7},{"not_picked":["Replay:Anticipation","JustLucky"],"picked":"SpiritShield","floor":10},{"not_picked":["Crescendo","Evaluate"],"picked":"CarveReality","floor":11},{"not_picked":["Evaluate","ClearTheMind"],"picked":"Weave","floor":12},{"not_picked":["Omniscience","Prostrate"],"picked":"Replay:DivineShield","floor":13},{"not_picked":["Replay:BluntJabs","ClearTheMind","Evaluate"],"picked":"SKIP","floor":14},{"not_picked":["Blasphemy","Omniscience"],"picked":"LessonLearned","floor":16},{"not_picked":[],"picked":"Prostrate+1","floor":18},{"not_picked":["FollowUp","Conclude"],"picked":"SKIP","floor":22},{"not_picked":["Alpha","CutThroughFate"],"picked":"SKIP","floor":24},{"not_picked":["Replay:BluntJabs","Adaptation"],"picked":"SKIP","floor":25},{"not_picked":["Replay:ManipulateFuture"],"picked":"Protect","floor":27},{"not_picked":["Nirvana"],"picked":"Replay:Hum","floor":29},{"not_picked":["JustLucky+1"],"picked":"FlyingSleeves+1","floor":30},{"not_picked":["Meditate+1"],"picked":"Consecrate+1","floor":35},{"not_picked":["CutThroughFate","SashWhip"],"picked":"SKIP","floor":36},{"not_picked":["EmptyFist+1"],"picked":"Consecrate+1","floor":40},{"not_picked":["JustLucky+1"],"picked":"Halt+1","floor":45},{"not_picked":["CutThroughFate+1","EmptyMind"],"picked":"SKIP","floor":46},{"not_picked":["JustLucky+1","FlurryOfBlows+1"],"picked":"SKIP","floor":54}],"player_experience":603046,"relics_obtained":[{"floor":2,"key":"Simple Rune"},{"floor":3,"key":"Ring of Hypnosis"},{"floor":3,"key":"ReplayTheSpireMod:Ring of Collecting"},{"floor":6,"key":"Gremlin Food"},{"floor":9,"key":"Ring of Searing"},{"floor":10,"key":"ReplayTheSpireMod:Ninjato"},{"floor":13,"key":"hubris:SlimyHat"},{"floor":24,"key":"Nunchaku"},{"floor":26,"key":"ReplayTheSpireMod:Ring of Addiction"},{"floor":26,"key":"hubris:BottledRain"},{"floor":26,"key":"Toy Ornithopter"},{"floor":26,"key":"Circlet"},{"floor":31,"key":"Ring of Fangs"},{"floor":31,"key":"Replay:Bottled Eggs"},{"floor":39,"key":"Girya"},{"floor":40,"key":"Turnip"},{"floor":43,"key":"Ring of Greed"},{"floor":43,"key":"Replay:Wax Seal"},{"floor":43,"key":"Golden Idol"},{"floor":43,"key":"Damaru"},{"floor":54,"key":"aspiration:Lifesprig"}],"event_choices":[{"damage_healed":0,"gold_gain":0,"player_choice":"Got Potions","damage_taken":0,"max_hp_gain":0,"max_hp_loss":0,"event_name":"Lab","floor":5,"gold_loss":0},{"damage_healed":0,"gold_gain":0,"player_choice":"Ignored","damage_taken":0,"max_hp_gain":0,"max_hp_loss":0,"event_name":"Ghosts","floor":19,"gold_loss":0},{"damage_healed":0,"gold_gain":0,"player_choice":"Opened","damage_taken":0,"relics_obtained":["hubris:AstralHammer"],"max_hp_gain":0,"max_hp_loss":0,"event_name":"The Mausoleum","floor":21,"gold_loss":0,"cards_obtained":["Writhe"]},{"damage_healed":0,"gold_gain":0,"player_choice":"Fight","damage_taken":0,"max_hp_gain":0,"max_hp_loss":0,"event_name":"MindBloom","floor":39,"gold_loss":0},{"damage_healed":0,"gold_gain":3,"player_choice":"2","damage_taken":0,"max_hp_gain":0,"max_hp_loss":13,"event_name":"betterStone:BetterStone","floor":41,"gold_loss":0}],"is_beta":false,"boss_relics":[{"not_picked":["Coffee Dripper","conspire:SeveredTorchhead"],"picked":"Busted Crown"},{"not_picked":["SacredBark","Honey Jar"],"picked":"hubris:CrackedHourglass"}],"items_purged_floors":[20,37],"is_endless":false,"potions_floor_spawned":[4,6,10,14,16,22,24,25,30,36,39,40],"killed_by":"The Heart","ascension_level":1}}