{"host":"aeidq2c3auzxo1yh","time":1607830430,"event":{"mods":["AchievementEnabler","BaseMod","Colored Map","Colored Powertips","Minty Spire (QoL Compilation)","Relic Stats","StSLib"],"gold_per_floor":[111,111,36,56,75,75,101,101,126,137,169,179,40,59,59,131,131,148,167,92,92,53,53,53,88,88,121,71,149,13,25,25,99,99,114,114,114],"floor_reached":36,"playtime":1638,"items_purged":["Pain","Strike_G","Pain","Writhe"],"score":820,"play_id":"80964ff1-b713-41d6-a4a1-3231eccfa4f6","local_time":"20201213083350","is_ascension_mode":true,"campfire_choices":[{"data":"Neutralize","floor":6,"key":"SMITH"},{"data":"Dagger Spray","floor":8,"key":"SMITH"},{"data":"A Thousand Cuts","floor":15,"key":"SMITH"},{"data":"RitualDagger","floor":23,"key":"SMITH"},{"floor":32,"key":"REST"}],"circlet_count":0,"master_deck":["AscendersBane","Strike_G","Strike_G","Strike_G","Defend_G","Defend_G","Defend_G","Defend_G","Defend_G","Survivor","Neutralize+1","Riddle With Holes","Dagger Spray+1","Blade Dance","Escape Plan","Terror","A Thousand Cuts+1","Blade Dance","Footwork","Backflip","Adrenaline","Cloak And Dagger","Leg Sweep","RitualDagger+1","Caltrops","Finisher","Caltrops+1","Infinite Blades+1","Envenom+1","Backflip"],"relics":["Ring of the Snake","NeowsBlessing","WarpedTongs","Nunchaku","Orichalcum","Ornamental Fan","Cursed Key","Smiling Mask","Vajra","Frozen Egg 2","SlaversCollar"],"acts_visited":["Exordium","TheCity","TheBeyond"],"potions_floor_usage":[7,7,11,16,25,27,31,36],"damage_taken":[{"damage":0,"enemies":"2 Louse","floor":1,"turns":1},{"damage":0,"enemies":"Cultist","floor":4,"turns":1},{"damage":0,"enemies":"Small Slimes","floor":5,"turns":1},{"damage":14,"enemies":"Gremlin Nob","floor":7,"turns":4},{"damage":1,"enemies":"2 Fungi Beasts","floor":10,"turns":3},{"damage":2,"enemies":"Lagavulin","floor":11,"turns":6},{"damage":10,"enemies":"Looter","floor":12,"turns":3},{"damage":4,"enemies":"Exordium Thugs","floor":14,"turns":4},{"damage":9,"enemies":"The Guardian","floor":16,"turns":10},{"damage":2,"enemies":"Shell Parasite","floor":18,"turns":3},{"damage":0,"enemies":"Chosen","floor":19,"turns":3},{"damage":15,"enemies":"Slavers","floor":25,"turns":5},{"damage":17,"enemies":"Book of Stabbing","floor":27,"turns":4},{"damage":7,"enemies":"3 Cultists","floor":31,"turns":3},{"damage":18,"enemies":"Automaton","floor":33,"turns":6},{"damage":10,"enemies":"Orb Walker","floor":35,"turns":4},{"damage":62,"enemies":"2 Orb Walkers","floor":36,"turns":3}],"seed_played":"-6542242580424574452","potions_obtained":[{"floor":1,"key":"CultistPotion"},{"floor":4,"key":"SpeedPotion"},{"floor":10,"key":"Energy Potion"},{"floor":12,"key":"FearPotion"},{"floor":14,"key":"AttackPotion"},{"floor":18,"key":"SkillPotion"},{"floor":27,"key":"Swift Potion"},{"floor":31,"key":"Fire Potion"}],"is_trial":false,"path_per_floor":["M","?","$","M","M","R","E","R","T","M","E","M","$","M","R","B",null,"M","M","?","?","$","R","?","E","T","E","$","T","$","M","R","B",null,"M","?"],"character_chosen":"THE_SILENT","items_purchased":["Footwork","Caltrops","Infinite Blades+1"],"campfire_rested":1,"item_purchase_floors":[13,22,30],"current_hp_per_floor":[59,59,59,59,59,59,45,45,45,44,42,32,32,28,28,19,54,52,52,52,46,46,46,46,31,31,14,14,14,14,7,26,8,52,42,0,0],"gold":114,"neow_bonus":"THREE_ENEMY_KILL","is_daily":false,"chose_seed":false,"campfire_upgraded":4,"win_rate":0.0,"timestamp":1607830430,"path_taken":["M","?","$","?","M","R","E","R","T","M","E","M","?","M","R","BOSS","M","M","?","?","$","R","?","E","T","E","?","?","$","?","R","BOSS","M","?"],"items_purchased_type":["Card","Card","Card"],"build_version":"2020-11-30","purchased_purges":4,"victory":false,"max_hp_per_floor":[66,66,66,66,66,66,66,66,66,66,66,66,66,66,66,66,66,66,66,66,66,66,66,66,66,66,66,66,66,66,66,66,66,66,66,66,66],"relic_stats":{"Nunchaku":[16],"counters":[17,64],"Ornamental Fan":[120],"Orichalcum":[48],"Cursed Key":2,"Smiling Mask":175,"obtain_stats":[{"SlaversCollar":34,"Nunchaku":7,"NeowsBlessing":0,"Ornamental Fan":11,"Vajra":26,"Orichalcum":9,"Frozen Egg 2":27,"Cursed Key":17,"Smiling Mask":25,"Ring of the Snake":0,"WarpedTongs":2},{"SlaversCollar":15,"Nunchaku":4,"NeowsBlessing":0,"Ornamental Fan":6,"Vajra":12,"Orichalcum":4,"Frozen Egg 2":13,"Cursed Key":9,"Smiling Mask":12,"Ring of the Snake":0,"WarpedTongs":1},{"SlaversCollar":57,"Nunchaku":7,"NeowsBlessing":0,"Ornamental Fan":16,"Vajra":44,"Orichalcum":7,"Frozen Egg 2":48,"Cursed Key":33,"Smiling Mask":44,"Ring of the Snake":0,"WarpedTongs":1}],"Ring of the Snake":[34],"WarpedTongs":[63]},"card_choices":[{"not_picked":["Dagger Throw","Catalyst"],"picked":"Riddle With Holes","floor":1},{"not_picked":["Flying Knee","Catalyst"],"picked":"Dagger Spray","floor":4},{"not_picked":["Tactician","Endless Agony"],"picked":"Blade Dance","floor":5},{"not_picked":["Blade Dance","Riddle With Holes"],"picked":"Escape Plan","floor":7},{"not_picked":["Distraction","Setup"],"picked":"Terror","floor":10},{"not_picked":["Distraction","Catalyst"],"picked":"A Thousand Cuts","floor":11},{"not_picked":["Masterful Stab","Flying Knee"],"picked":"Blade Dance","floor":12},{"not_picked":["Sucker Punch","Outmaneuver"],"picked":"Backflip","floor":14},{"not_picked":["Phantasmal Killer","Bullet Time"],"picked":"Adrenaline","floor":16},{"not_picked":["Distraction","Reflex"],"picked":"Cloak And Dagger","floor":18},{"not_picked":["Deadly Poison","Skewer"],"picked":"Leg Sweep","floor":19},{"not_picked":["Poisoned Stab","Backstab"],"picked":"Finisher","floor":25},{"not_picked":["Leg Sweep","Expertise"],"picked":"Caltrops+1","floor":27},{"not_picked":["Quick Slash","Underhanded Strike","Distraction"],"picked":"SKIP","floor":31},{"not_picked":["A Thousand Cuts+1","Phantasmal Killer"],"picked":"Envenom+1","floor":33},{"not_picked":["Prepared","Riddle With Holes"],"picked":"Backflip","floor":35}],"player_experience":855537,"relics_obtained":[{"floor":7,"key":"Nunchaku"},{"floor":9,"key":"Orichalcum"},{"floor":11,"key":"Ornamental Fan"},{"floor":25,"key":"Smiling Mask"},{"floor":26,"key":"Vajra"},{"floor":27,"key":"Frozen Egg 2"}],"event_choices":[{"damage_healed":0,"gold_gain":0,"player_choice":"Rummage","damage_taken":0,"relics_obtained":["WarpedTongs"],"max_hp_gain":0,"max_hp_loss":0,"event_name":"Accursed Blacksmith","floor":2,"gold_loss":0,"cards_obtained":["Pain"]},{"cards_removed":["Strike_G"],"damage_healed":0,"gold_gain":0,"player_choice":"Gave Gold","damage_taken":0,"max_hp_gain":0,"max_hp_loss":0,"event_name":"Beggar","floor":20,"gold_loss":75},{"damage_healed":0,"gold_gain":0,"player_choice":"Joined the Cult","damage_taken":6,"max_hp_gain":0,"max_hp_loss":0,"event_name":"Nest","floor":21,"gold_loss":0,"cards_obtained":["RitualDagger"]},{"damage_healed":0,"gold_gain":0,"player_choice":"Ignored","damage_taken":0,"max_hp_gain":0,"max_hp_loss":0,"event_name":"Vampires","floor":24,"gold_loss":0},{"damage_healed":0,"gold_gain":0,"player_choice":"Fight","damage_taken":0,"max_hp_gain":0,"max_hp_loss":0,"event_name":"Mysterious Sphere","floor":36,"gold_loss":0}],"is_beta":false,"boss_relics":[{"not_picked":["Runic Pyramid","HoveringKite"],"picked":"Cursed Key"},{"not_picked":["Fusion Hammer","Black Star"],"picked":"SlaversCollar"}],"items_purged_floors":[3,13,28,30],"is_endless":false,"potions_floor_spawned":[1,4,10,12,14,18,27,31],"killed_by":"2 Orb Walkers","ascension_level":20}}