{"host":"4qkvkh7pd9qr2mca","time":1607887925,"event":{"mods":["AchievementEnabler","BaseMod","Colored Map","Colored Powertips","Highlight Path","Minty Spire (QoL Compilation)","Permanent Neow","Quick Restart","StSLib","SuperFastMode"],"gold_per_floor":[117,132,15,15,34,34,67,67,67,67,100,23,38,67,67,145,145,162,180,24,37,37,37,37,37],"floor_reached":24,"playtime":837,"items_purged":["Strike_G"],"score":453,"play_id":"b08909ee-e161-49af-b070-05cf72ac01b1","local_time":"20201213203205","is_ascension_mode":true,"campfire_choices":[{"data":"Footwork","floor":6.0,"key":"SMITH"},{"floor":8.0,"key":"REST"},{"data":"Neutralize","floor":10.0,"key":"SMITH"},{"data":"1","floor":15.0,"key":"LIFT"},{"floor":23.0,"key":"REST"}],"circlet_count":0,"master_deck":["AscendersBane","Defend_G","Defend_G","Defend_G","Defend_G","Defend_G","Survivor","Neutralize+1","Sadistic Nature","Dagger Throw","Tactician","Footwork+1","Dash","Dagger Throw","PiercingWail","Crippling Poison","Bouncing Flask","Envenom","Noxious Fumes","Endless Agony","Bite","Bite","Bite","Bite","Bite"],"relics":["Ring of the Snake","Singing Bowl","Ornamental Fan","Darkstone Periapt","Girya","Cursed Key"],"acts_visited":["Exordium","TheCity"],"potions_floor_usage":[24],"damage_taken":[{"damage":0.0,"enemies":"2 Louse","floor":1.0,"turns":4.0},{"damage":3.0,"enemies":"Cultist","floor":2.0,"turns":4.0},{"damage":0.0,"enemies":"Small Slimes","floor":5.0,"turns":4.0},{"damage":36.0,"enemies":"Gremlin Nob","floor":7.0,"turns":5.0},{"damage":8.0,"enemies":"3 Sentries","floor":11.0,"turns":13.0},{"damage":3.0,"enemies":"Blue Slaver","floor":13.0,"turns":4.0},{"damage":7.0,"enemies":"Lagavulin","floor":14.0,"turns":5.0},{"damage":7.0,"enemies":"Hexaghost","floor":16.0,"turns":9.0},{"damage":21.0,"enemies":"Shell Parasite","floor":18.0,"turns":6.0},{"damage":8.0,"enemies":"2 Thieves","floor":19.0,"turns":4.0},{"damage":26.0,"enemies":"Shelled Parasite and Fungi","floor":21.0,"turns":6.0},{"damage":21,"enemies":"Book of Stabbing","floor":24,"turns":4}],"seed_played":"4748870164593550499","potions_obtained":[{"floor":2.0,"key":"Weak Potion"},{"floor":4.0,"key":"Dexterity Potion"},{"floor":11.0,"key":"SkillPotion"},{"floor":14.0,"key":"ColorlessPotion"},{"floor":16.0,"key":"PowerPotion"},{"floor":18.0,"key":"GamblersBrew"}],"is_trial":false,"path_per_floor":["M","M","$","?","M","R","E","R","T","R","E","$","M","E","R","B",null,"M","M","$","M","?","R","E"],"character_chosen":"THE_SILENT","items_purchased":["Footwork","Dash","Crippling Poison","Noxious Fumes"],"campfire_rested":2,"item_purchase_floors":[3,3,12,20],"current_hp_per_floor":[59,56,56,56,56,56,22,40,40,40,32,32,29,24,24,17,52,33,27,27,1,1,15,0,0],"gold":37,"neow_bonus":"RANDOM_COLORLESS_2","is_daily":false,"chose_seed":false,"campfire_upgraded":2,"win_rate":0.0,"timestamp":1607887925,"path_taken":["M","M","$","?","M","R","E","R","T","R","E","?","M","E","R","BOSS","M","M","$","M","?","R","E"],"items_purchased_type":["Card","Card","Card","Card"],"build_version":"2020-11-30","purchased_purges":1,"victory":false,"max_hp_per_floor":[60,60,60,60,60,60,62,62,62,62,62,62,62,64,64,64,64,66,68,68,68,47,47,47,47],"card_choices":[{"not_picked":["Thinking Ahead","Secret Technique"],"picked":"Sadistic Nature","floor":0.0},{"not_picked":["Riddle With Holes","Deflect"],"picked":"Dagger Throw","floor":1.0},{"not_picked":["Eviscerate","Underhanded Strike"],"picked":"Tactician","floor":2.0},{"not_picked":["Slice","Distraction"],"picked":"Dagger Throw","floor":5.0},{"not_picked":["Dagger Spray","Quick Slash","Tools of the Trade"],"picked":"Singing Bowl","floor":7.0},{"not_picked":["Dash","Dagger Spray"],"picked":"PiercingWail","floor":11.0},{"not_picked":["Masterful Stab","Accuracy"],"picked":"Bouncing Flask","floor":13.0},{"not_picked":["Crippling Poison","A Thousand Cuts","Underhanded Strike"],"picked":"Singing Bowl","floor":14.0},{"not_picked":["After Image","Bullet Time"],"picked":"Envenom","floor":16.0},{"not_picked":["Cloak And Dagger","Prepared","Finisher"],"picked":"Singing Bowl","floor":18.0},{"not_picked":["Eviscerate","Dagger Throw","Quick Slash"],"picked":"Singing Bowl","floor":19.0},{"not_picked":["Riddle With Holes","Deflect"],"picked":"Endless Agony","floor":21.0}],"player_experience":316647,"relics_obtained":[{"floor":7.0,"key":"Singing Bowl"},{"floor":9.0,"key":"Ornamental Fan"},{"floor":11.0,"key":"Darkstone Periapt"},{"floor":14.0,"key":"Girya"}],"event_choices":[{"damage_healed":0.0,"max_hp_gain":0.0,"max_hp_loss":0.0,"gold_gain":0.0,"event_name":"Lab","player_choice":"Got Potions","floor":4.0,"gold_loss":0.0,"damage_taken":0.0},{"damage_healed":0.0,"max_hp_gain":0.0,"max_hp_loss":21.0,"gold_gain":0.0,"event_name":"Vampires","player_choice":"Became a vampire","floor":22.0,"gold_loss":0.0,"damage_taken":0.0,"cards_obtained":["Bite","Bite","Bite","Bite","Bite"]}],"is_beta":false,"boss_relics":[{"not_picked":["Ectoplasm","Empty Cage"],"picked":"Cursed Key"}],"items_purged_floors":[20],"is_endless":false,"potions_floor_spawned":[2,11,14,16,18],"killed_by":"Book of Stabbing","ascension_level":20}}