{"host":"ow9msrs9p2ctkx99","time":1607893752,"event":{"mods":["AchievementEnabler","BaseMod","Colored Map","Colored Powertips","Minty Spire (QoL Compilation)","Permanent Neow","Quick Restart","SuperFastMode"],"gold_per_floor":[118,128,146,158,158,158,118,144,167,167,20,33,96,120,120,223,223,239,289,25,40,50,50,50],"floor_reached":23,"playtime":559,"items_purged":["Strike_B"],"score":296,"play_id":"c1c76545-9e83-4e10-bef6-88fbdc37a51c","local_time":"20201213220912","is_ascension_mode":true,"campfire_choices":[{"data":"Genetic Algorithm","floor":6.0,"key":"SMITH"},{"floor":10.0,"key":"REST"},{"floor":15.0,"key":"REST"}],"circlet_count":0,"master_deck":["AscendersBane","Strike_B+1","Strike_B+1","Strike_B","Defend_B","Defend_B","Defend_B","Defend_B","Zap","Dualcast+1","White Noise","Cold Snap","Genetic Algorithm+1","Turbo","Echo Form","Defragment","Biased Cognition","Turbo","Compile Driver","Steam+1","Coolheaded"],"relics":["Cracked Core","MealTicket","Smiling Mask","Membership Card","Lantern","Nunchaku","Fusion Hammer","Toolbox","Anchor"],"acts_visited":["Exordium","TheCity"],"potions_floor_usage":[23],"damage_taken":[{"damage":0.0,"enemies":"Cultist","floor":1.0,"turns":3.0},{"damage":5.0,"enemies":"2 Louse","floor":2.0,"turns":3.0},{"damage":0.0,"enemies":"Small Slimes","floor":3.0,"turns":3.0},{"damage":7.0,"enemies":"Blue Slaver","floor":4.0,"turns":4.0},{"damage":30.0,"enemies":"Gremlin Nob","floor":8.0,"turns":4.0},{"damage":8.0,"enemies":"Exordium Wildlife","floor":12.0,"turns":5.0},{"damage":23.0,"enemies":"Lagavulin Event","floor":13.0,"turns":7.0},{"damage":19.0,"enemies":"Hexaghost","floor":16.0,"turns":10.0},{"damage":40.0,"enemies":"3 Byrds","floor":18.0,"turns":6.0},{"damage":12,"enemies":"Shell Parasite","floor":21,"turns":7},{"damage":38,"enemies":"Snecko","floor":22,"turns":5},{"damage":22,"enemies":"Book of Stabbing","floor":23,"turns":5}],"seed_played":"-5740751054175278226","potions_obtained":[{"floor":4.0,"key":"Swift Potion"},{"floor":7.0,"key":"PowerPotion"},{"floor":7.0,"key":"DuplicationPotion"},{"floor":22,"key":"Dexterity Potion"}],"is_trial":false,"path_per_floor":["M","M","M","M","?","R","?","E","T","R","$","M","?","T","R","B",null,"M","?","$","M","M","E"],"character_chosen":"DEFECT","items_purchased":["Membership Card","Toolbox","FairyPotion","Anchor","Compile Driver"],"campfire_rested":2,"item_purchase_floors":[11,20,20,20,20],"current_hp_per_floor":[68,63,63,56,41,41,41,11,11,33,48,40,17,17,39,20,61,21,21,36,24,22,0,0],"gold":50,"neow_bonus":"UPGRADE_CARD","is_daily":false,"chose_seed":false,"campfire_upgraded":1,"win_rate":0.0,"timestamp":1607893752,"path_taken":["M","?","M","M","?","R","?","E","T","R","$","?","?","?","R","BOSS","M","?","$","?","M","E"],"items_purchased_type":["Relic","Relic","Potion","Relic","Card"],"build_version":"2020-11-30","purchased_purges":1,"victory":false,"max_hp_per_floor":[75,75,75,75,75,75,75,75,75,75,75,75,75,75,75,75,75,75,75,75,75,75,75,75],"card_choices":[{"not_picked":["Sweeping Beam","Gash"],"picked":"White Noise","floor":1.0},{"not_picked":["Static Discharge","Turbo"],"picked":"Cold Snap","floor":2.0},{"not_picked":["Recycle","Beam Cell"],"picked":"Genetic Algorithm","floor":3.0},{"not_picked":["Auto Shields","Streamline"],"picked":"Turbo","floor":4.0},{"not_picked":["Recycle","Barrage"],"picked":"Echo Form","floor":8.0},{"not_picked":["Sweeping Beam","Compile Driver"],"picked":"Defragment","floor":12.0},{"not_picked":["Creative AI","Hyperbeam"],"picked":"Biased Cognition","floor":16.0},{"not_picked":["Fusion","Go for the Eyes"],"picked":"Turbo","floor":18.0},{"not_picked":["Cold Snap","Beam Cell"],"picked":"Steam+1","floor":21},{"not_picked":["Compile Driver","Ball Lightning"],"picked":"Coolheaded","floor":22}],"player_experience":1043178,"relics_obtained":[{"floor":8.0,"key":"MealTicket"},{"floor":9.0,"key":"Smiling Mask"},{"floor":13.0,"key":"Lantern"},{"floor":14.0,"key":"Nunchaku"}],"event_choices":[{"damage_healed":0.0,"max_hp_gain":0.0,"max_hp_loss":0.0,"gold_gain":0.0,"event_name":"Shining Light","player_choice":"Entered Light","floor":5.0,"gold_loss":0.0,"damage_taken":15.0,"cards_upgraded":["Strike_B","Strike_B"]},{"damage_healed":0.0,"max_hp_gain":0.0,"max_hp_loss":0.0,"gold_gain":0.0,"event_name":"The Woman in Blue","player_choice":"Bought 3 Potions","floor":7.0,"gold_loss":0.0,"damage_taken":0.0},{"damage_healed":0.0,"max_hp_gain":0.0,"max_hp_loss":0.0,"gold_gain":0.0,"event_name":"Dead Adventurer","player_choice":"Searched \u00271\u0027 times","floor":13.0,"gold_loss":0.0,"damage_taken":0.0},{"damage_healed":0,"gold_gain":100,"player_choice":"Bet on Murderer","damage_taken":0,"max_hp_gain":0,"max_hp_loss":0,"event_name":"The Joust","floor":19,"gold_loss":50}],"is_beta":false,"boss_relics":[{"not_picked":["Coffee Dripper","Velvet Choker"],"picked":"Fusion Hammer"}],"items_purged_floors":[20],"is_endless":false,"potions_floor_spawned":[4,8,13,22],"killed_by":"Book of Stabbing","ascension_level":11}}