{"host":"ifd7sfhtlbe34qll","time":1607898538,"event":{"mods":["2.2 Compatiblity","BaseMod","Block Reminder","Colored Map","Downfall","Highlight Path","Minty Spire (QoL Compilation)","Potion Indicator Mod","Quick Restart","Random Character Button","Relic Stats","StSLib"],"gold_per_floor":[99,111,111,126,154,166,178,190,190],"floor_reached":8,"playtime":442,"items_purged":[],"score":57,"play_id":"30225fbd-59cd-453d-9664-1d4a90f587e8","local_time":"20201213162858","is_ascension_mode":true,"campfire_choices":[{"data":"champ:Taunt","floor":1,"key":"SMITH"},{"data":"champ:Execute","floor":3,"key":"SMITH"}],"circlet_count":0,"master_deck":["champ:Strike","champ:Strike","champ:Strike","champ:Defend","champ:Defend","champ:Defend","champ:Defend","champ:Execute+1","champ:Taunt+1","expansioncontent:DonusPower","champ:BerserkerStyle","champ:Shatter","champ:GladiatorsShout"],"relics":["champ:ChampionCrown","MawBank","InkBottle"],"acts_visited":["Exordium"],"potions_floor_usage":[5],"damage_taken":[{"damage":18,"enemies":"Small Slimes","floor":2,"turns":5},{"damage":7,"enemies":"2 Louse","floor":4,"turns":3},{"damage":37,"enemies":"Lagavulin","floor":5,"turns":7},{"damage":56,"enemies":"3 Sentries","floor":8,"turns":6}],"seed_played":"-6832741446587797228","potions_obtained":[{"floor":4,"key":"Weak Potion"}],"is_trial":false,"path_per_floor":["R","M","R","M","E","?","T","E"],"character_chosen":"THE_CHAMP","items_purchased":[],"campfire_rested":0,"item_purchase_floors":[],"current_hp_per_floor":[90,80,80,80,55,55,55,0,0],"gold":190,"neow_bonus":"RANDOM_COLORLESS","is_daily":false,"chose_seed":false,"campfire_upgraded":2,"win_rate":0.0,"timestamp":1607898538,"path_taken":["R","M","R","M","E","?","T","E"],"items_purchased_type":[],"build_version":"2020-11-30","purchased_purges":0,"victory":false,"max_hp_per_floor":[90,90,90,90,90,90,90,90,90],"relic_stats":{"counters":[4,21],"MawBank":36,"obtain_stats":[{"champ:ChampionCrown":0,"MawBank":5,"InkBottle":7},{"champ:ChampionCrown":0,"MawBank":3,"InkBottle":3},{"champ:ChampionCrown":0,"MawBank":15,"InkBottle":15}],"InkBottle":[1]},"card_choices":[{"not_picked":["Panacea","expansioncontent:LastStand"],"picked":"expansioncontent:DonusPower","floor":0},{"not_picked":["champ:PerfectedStrike","champ:Circumvent"],"picked":"champ:BerserkerStyle","floor":2},{"not_picked":["champ:FanOfKnives","champ:CrookedStrike"],"picked":"champ:Shatter","floor":4},{"not_picked":["champ:StanceDance","champ:FlashCut"],"picked":"champ:GladiatorsShout","floor":5}],"player_experience":1537182,"relics_obtained":[{"floor":5,"key":"MawBank"},{"floor":7,"key":"InkBottle"}],"event_choices":[{"cards_removed":["champ:Strike"],"damage_healed":0,"gold_gain":0,"player_choice":"Card Removal","damage_taken":0,"max_hp_gain":0,"max_hp_loss":0,"event_name":"The Cleric","floor":6,"gold_loss":0}],"is_beta":false,"boss_relics":[],"items_purged_floors":[],"is_endless":false,"potions_floor_spawned":[4],"killed_by":"3 Sentries","ascension_level":1}}