{"host":"lctcqud4f9t1q6q5","time":1607855100,"event":{"mods":["Act Like it!","BaseMod","Better Vampires","Block Reminder","Colored Map","Colored Powertips","Downfall","Hallownest","Highlight Path","KinomotoSakuraMod(木之本樱)","Marisa（F雨　魔理沙）","Marked Mod","Minty Spire (QoL Compilation)","Reimu（博丽灵梦）","Relic Stats","Replay The Spire","RumiaBox-露米娅的神秘盒子","Shop Mod","Spicy Shops","StSLib","TestMod","The Bug Knight","WarShipGirlsR/战舰少女R mod","Youmu（魂魄妖梦）","【功能Mod】混沌之环修复补丁","篝火指南"],"gold_per_floor":[99,111,36,50,50,75,75,75,75,103,203,128,128,128,128,113,132,234,234,234,266,65,65,65,79,133,133,148,73,58,73,73,155,171,269,269,113,149,149,171,171],"floor_reached":40,"playtime":2455,"items_purged":["CommonCold"],"score":593,"play_id":"4d124c41-ca95-40e1-8cf0-2bacc0781fac","local_time":"20201213182500","is_ascension_mode":true,"campfire_choices":[{"floor":1,"key":"RECALL"},{"data":"hexamod:Float","floor":3,"key":"SMITH"},{"data":"hexamod:Sear","floor":5,"key":"SMITH"},{"floor":12,"key":"REST"},{"data":"hexamod:FastForward","floor":20,"key":"SMITH"},{"data":"hexamod:TimeOfNeed","floor":23,"key":"SMITH"},{"data":"hexamod:SkipABeat","floor":29,"key":"SMITH"},{"data":"hexamod:HauntingEcho","floor":39,"key":"SMITH"}],"circlet_count":0,"master_deck":["hexamod:Strike","hexamod:Strike","hexamod:Strike","hexamod:Strike+1","hexamod:Defend","hexamod:Defend","hexamod:Defend","hexamod:Defend+1","hexamod:Sear+1","hexamod:Float+1","hexamod:HauntingEcho+1","hexamod:FirstSeal","hexamod:FastForward+1","hexamod:TimeOfNeed+1","hexamod:PhantomCloak","hexamod:FourthSeal","hexamod:HexaLevel+1","hexamod:SkipABeat+1","Hallownest:pwrSporeShroom","hexamod:GhostLash+1","hexamod:FifthSeal","hexamod:AdvancingGuard+1","hexamod:SecondSeal","hexamod:SixthSeal","hexamod:SixthSeal","hexamod:HexaLevel+1","hexamod:FifthSeal","hexamod:ThirdSeal"],"relics":["testmod-TestBox","SoulBox","testmod-FatalChain","downfall:HeartBlessingRed","testmod-ArcanaOfDestiny","The Courier","testmod-Justice","downfall:HeartBlessingGreen","Ring of Peace","Ring of Fury","InkBottle","Juzu Bracelet","downfall:HeartBlessingBlue","HornCleat","testmod-EnergyCheck","MerchantsRug","PreservedInsect","Replay:Wax Seal","ReplayTheSpireMod:Lightbulb"],"acts_visited":["Exordium","Exordium","Hallownest:CityofTears"],"potions_floor_usage":[22,28,30,34,35,35,35,35,35,35],"damage_taken":[{"damage":15,"enemies":"2 Louse","floor":2,"turns":2},{"damage":4,"enemies":"Jaw Worm","floor":4,"turns":3},{"damage":33,"enemies":"HollowMod:MossKnight","floor":6,"turns":6},{"damage":5,"enemies":"Replay:BlueRogue","floor":10,"turns":4},{"damage":0,"enemies":"downfall:FleeingMerchant","floor":16,"turns":4},{"damage":0,"enemies":"Cultist","floor":17,"turns":2},{"damage":29,"enemies":"downfall:Ironclad","floor":18,"turns":9},{"damage":60,"enemies":"Hallownest:eliteSoulWarrior","floor":21,"turns":7},{"damage":0,"enemies":"downfall:FleeingMerchant","floor":22,"turns":4},{"damage":11,"enemies":"Hallownest:Guard_and_Sentry","floor":25,"turns":5},{"damage":10,"enemies":"Hallownest:Flukemon_and_Top","floor":28,"turns":5},{"damage":0,"enemies":"downfall:FleeingMerchant","floor":30,"turns":5},{"damage":12,"enemies":"Hallownest:3_Mistakes","floor":31,"turns":5},{"damage":14,"enemies":"Hallownest:Warrior_and_Youth","floor":34,"turns":6},{"damage":158,"enemies":"downfall:Silent","floor":35,"turns":13},{"damage":31,"enemies":"Hallownest:eliteCollector","floor":38,"turns":7},{"damage":129,"enemies":"Hallownest:3_Siblings","floor":40,"turns":13}],"seed_played":"-7327803214650794980","potions_obtained":[{"floor":10,"key":"SmokeBomb"},{"floor":17,"key":"LiquidMemories"},{"floor":21,"key":"AttackPotion"},{"floor":22,"key":"Guardian:BlockOnCardUsePotion"},{"floor":25,"key":"EntropicBrew"},{"floor":28,"key":"testmod-TimePotion"},{"floor":30,"key":"testmod-TimePotion"},{"floor":31,"key":"PowerPotion"},{"floor":34,"key":"BlessingOfTheForge"},{"floor":35,"key":"Fruit Juice"},{"floor":38,"key":"Adrenaline Potion"},{"floor":40,"key":"LiquidBronze"}],"is_trial":false,"path_per_floor":["R_BF","M","R","M","R","E","PTL","PTL","T","E","?","R","?","?","?","$","M","B",null,"R","E","$","R","?","M","T","?","M","R","$","M","?","T","M","B",null,"R_BF","E","R","M"],"character_chosen":"THE_SPIRIT","items_purchased":["Juzu Bracelet","MerchantsRug","PreservedInsect","Replay:Wax Seal"],"campfire_rested":1,"item_purchase_floors":[22,37,37,37],"current_hp_per_floor":[70,55,55,51,51,18,18,18,18,20,20,41,41,41,46,53,53,31,150,150,104,118,118,118,107,107,103,111,151,151,157,157,157,161,23,180,180,156,156,34,34],"gold":171,"neow_bonus":"BOSS_RELIC","is_daily":false,"chose_seed":false,"campfire_upgraded":6,"win_rate":0.0,"timestamp":1607855100,"path_taken":["R_BF","M","R","M","R","E","PTL","PTL","T","E","?","R","?","?","?","$","M","BOSS","R","E","$","R","?","M","T","?","M","R","?","M","?","?","M","BOSS","R_BF","E","R","M"],"items_purchased_type":["Relic","Relic","Relic","Relic"],"build_version":"2020-11-30","purchased_purges":1,"victory":false,"max_hp_per_floor":[70,70,70,70,70,70,70,70,70,70,70,70,70,70,75,75,75,75,150,150,150,150,150,150,150,150,150,150,170,170,170,170,170,170,180,180,180,180,180,180,180],"relic_stats":{"counters":[17,100],"PreservedInsect":61,"Juzu Bracelet":1,"obtain_stats":[{"MerchantsRug":37,"testmod-TestBox":0,"downfall:HeartBlessingRed":3,"testmod-FatalChain":0,"downfall:HeartBlessingGreen":12,"SoulBox":0,"The Courier":9,"PreservedInsect":37,"testmod-HarvestTotem":19,"Juzu Bracelet":22,"testmod-Justice":10,"HornCleat":33,"downfall:HeartBlessingBlue":29,"Ring of Peace":13,"Ring of Fury":13,"Replay:Wax Seal":37,"testmod-EnergyCheck":36,"ReplayTheSpireMod:Lightbulb":38,"hexamod:SpiritBrand":0,"testmod-ArcanaOfDestiny":6,"InkBottle":21},{"MerchantsRug":15,"testmod-TestBox":0,"downfall:HeartBlessingRed":1,"testmod-FatalChain":0,"downfall:HeartBlessingGreen":4,"SoulBox":0,"The Courier":3,"PreservedInsect":15,"testmod-HarvestTotem":7,"Juzu Bracelet":9,"testmod-Justice":4,"HornCleat":13,"downfall:HeartBlessingBlue":11,"Ring of Peace":4,"Ring of Fury":4,"Replay:Wax Seal":15,"testmod-EnergyCheck":15,"ReplayTheSpireMod:Lightbulb":16,"hexamod:SpiritBrand":0,"testmod-ArcanaOfDestiny":3,"InkBottle":8},{"MerchantsRug":80,"testmod-TestBox":0,"downfall:HeartBlessingRed":2,"testmod-FatalChain":0,"downfall:HeartBlessingGreen":15,"SoulBox":0,"The Courier":11,"PreservedInsect":80,"testmod-HarvestTotem":30,"Juzu Bracelet":41,"testmod-Justice":15,"HornCleat":61,"downfall:HeartBlessingBlue":51,"Ring of Peace":15,"Ring of Fury":15,"Replay:Wax Seal":80,"testmod-EnergyCheck":80,"ReplayTheSpireMod:Lightbulb":87,"hexamod:SpiritBrand":0,"testmod-ArcanaOfDestiny":11,"InkBottle":37}],"InkBottle":[19]},"card_choices":[{"not_picked":["hexamod:Hexaguard","hexamod:InspiringFlames","hexamod:BurningTouch"],"picked":"SKIP","floor":2},{"not_picked":["hexamod:Hexaguard","hexamod:GhostLash"],"picked":"hexamod:HauntingEcho","floor":4},{"not_picked":["hexamod:GhostLash","hexamod:FastForward"],"picked":"hexamod:FirstSeal","floor":6},{"not_picked":["hexamod:SpectralAdrenaline","hexamod:GhostLash"],"picked":"hexamod:FastForward","floor":10},{"not_picked":[],"picked":"hexamod:TimeOfNeed","floor":14},{"not_picked":["hexamod:InspiringFlames","hexamod:AdvancingGuard"],"picked":"hexamod:PhantomCloak","floor":16},{"not_picked":["hexamod:Hexaguard","hexamod:GhostShield"],"picked":"hexamod:FourthSeal","floor":17},{"not_picked":["hexamod:TimeOfNeed","hexamod:EmpoweringStance"],"picked":"hexamod:HexaLevel","floor":18},{"not_picked":["hexamod:GhostOfSpirePast","hexamod:BurningTouch"],"picked":"hexamod:SkipABeat","floor":21},{"not_picked":["hexamod:SpectersWail+1","hexamod:GhostShield","hexamod:Hexaguard"],"picked":"SKIP","floor":22},{"not_picked":["hexamod:Firestarter","hexamod:BurningTouch","hexamod:ShieldOfDarkness"],"picked":"SKIP","floor":25},{"not_picked":["hexamod:Rewind","hexamod:GhostShield"],"picked":"hexamod:GhostLash+1","floor":28},{"not_picked":["hexamod:SpectersWail+1","hexamod:ShieldOfDarkness"],"picked":"hexamod:FifthSeal","floor":30},{"not_picked":["hexamod:GhostShield","hexamod:NightmareGuise"],"picked":"hexamod:AdvancingGuard","floor":31},{"not_picked":["hexamod:FifthSeal","hexamod:FourthSeal"],"picked":"hexamod:SecondSeal","floor":34},{"not_picked":["hexamod:SoulSteal","hexamod:SkipABeat+1"],"picked":"hexamod:SixthSeal","floor":34},{"not_picked":["hexamod:FirstSeal","hexamod:FourthSeal"],"picked":"hexamod:SixthSeal","floor":35},{"not_picked":["hexamod:FifthSeal","hexamod:VolcanoVisage"],"picked":"hexamod:HexaLevel","floor":35},{"not_picked":["hexamod:FourthSeal","hexamod:SecondSeal"],"picked":"hexamod:FifthSeal","floor":38},{"not_picked":["hexamod:InspiringFlames+1","hexamod:Again","hexamod:HauntingEcho"],"picked":"SKIP","floor":38},{"not_picked":["hexamod:FirstSeal","hexamod:FifthSeal"],"picked":"hexamod:ThirdSeal","floor":40},{"not_picked":["hexamod:FifthSeal","hexamod:ThirdSeal","hexamod:SecondSeal"],"picked":"SKIP","floor":40},{"not_picked":["hexamod:SoulSteal","hexamod:HeatMetal","hexamod:DynamicBlow"],"picked":"SKIP","floor":40}],"player_experience":315480,"relics_obtained":[{"floor":6,"key":"testmod-ArcanaOfDestiny"},{"floor":9,"key":"The Courier"},{"floor":10,"key":"testmod-Justice"},{"floor":13,"key":"Ring of Peace"},{"floor":13,"key":"Ring of Fury"},{"floor":21,"key":"InkBottle"},{"floor":33,"key":"HornCleat"},{"floor":38,"key":"ReplayTheSpireMod:Lightbulb"}],"event_choices":[{"damage_healed":0,"gold_gain":0,"player_choice":"Donut","damage_taken":0,"max_hp_gain":5,"max_hp_loss":0,"event_name":"Big Fish","floor":15,"gold_loss":0},{"damage_healed":0,"gold_gain":0,"player_choice":"Ignored","damage_taken":0,"max_hp_gain":0,"max_hp_loss":0,"event_name":"给自己的盒子","floor":32,"gold_loss":0}],"is_beta":false,"boss_relics":[{"not_picked":["testmod-Nine","Runic Dome"],"picked":"testmod-HarvestTotem"},{"not_picked":["Velvet Choker","testmod-StringDisintegrator"],"picked":"testmod-EnergyCheck"}],"items_purged_floors":[22],"is_endless":false,"potions_floor_spawned":[10,17,21,25,31,38],"killed_by":"Hallownest:3_Siblings","ascension_level":4}}