{"host":"1pcwcurc8qazgtt6","time":1607878198,"event":{"mods":["AchievementEnabler","BaseMod","BetterRewards","Colored Map","Curses Come First","GungeonMod","Hubris","Infinite Spire","Minty Spire (QoL Compilation)","Replay The Spire","StSLib","The Blue Laboratory"],"gold_per_floor":[115,181,204,235,235,278,278,303,335,335,372,372,501,501,527,555,555,555,623,667,690,690,690,690,716,716,850,850,876,1010,1059,1264,1264,1264,1300,1300,1300,850,850,629,851,851,893],"floor_reached":51,"playtime":2226,"items_purged":["Strike_B","Strike_B","Strike_B","Strike_B","Dualcast","Zap","Defend_B","Defend_B"],"score":1163,"play_id":"ef92a5e1-fbab-4715-866f-18c83835781e","local_time":"20201213104958","is_ascension_mode":false,"campfire_choices":[{"data":"1","floor":6.0,"key":"LIFT"},{"data":"2","floor":8.0,"key":"LIFT"},{"data":"3","floor":15.0,"key":"LIFT"},{"floor":27.0,"key":"DIG"},{"floor":41,"key":"DIG"},{"data":"Gash","floor":46,"key":"SMITH"},{"data":"Defend_B+1","floor":46,"key":"SMITH"},{"floor":49,"key":"DIG"}],"circlet_count":1,"master_deck":["Defend_B+1","Defend_B+2","Gash+1","FTL+1","Go for the Eyes+1","ReplayGash+1","Gash+1","Go for the Eyes+1","Gash+1","Gash+1","ReplayGash+1","Beam Cell+1","Beam Cell+1","Steam+1","Seek+1","Gash+1","Violence+1","Scrape+1","ReplayGash+1","ReplayGash+1","Scrape+1","Gash","Gash","Gash","Double Energy+1","ReplayGash+1","Gash+1","Pot Of Greed+1","Pot Of Greed+1","Pot Of Greed+1"],"relics":["Cracked Core","Replay:Towering Pillar of Hats","Cauldron","hubris:FunFungus","Question Card","hubris:EmptyBottle","Replay:Bottled Snecko","Replay:Kaleidoscope","Omamori","Juzu Bracelet","Chemical X","Vajra","infinitespire:PuzzleCube","Frozen Eye","DemoMod:NanoMachines","DemoMod:VorpalBullet","ReplayFunnel","hubris:BundleOfHerbs","Unceasing Top","PreservedInsect","hubris:Potato","hubris:TenFootPole","Sling","Gremlin Food","Durian","Golden Egg","Ancient Tea Set","DollysMirror","BargainBundle","Counterbalance","Replay:Antivirus Software","Ginger","DemoMod:Relodestone","Replay:Wax Seal","Mango","DemoMod:RingOfEthereal","Bag of Marbles","TungstenRod","Replay:Baseball","infinitespire:Golems Mask","DemoMod:Orange","Snack Pack","DemoMod:Metronome","Thread and Needle","Guide Book","Girya","Pet Ghost","Incense Burner","Potion Belt","Boot","Replay:PocketPolymizer","Simple Rune","Oddly Smooth Stone","Replay:Lucky Slots","infinitespire:Joker Card","Medical Kit","DemoMod:BigBoy","TheAbacus","ReplayTheSpireMod:ShopPack","Pondfish Scales","Prayer Wheel","Whetstone","Bird Faced Urn","War Paint","Calipers","Frozen Egg 2","Replay:Bandana","Lizard Tail","hubris:AstralHammer","ReplayTheSpireMod:TigerMarble","hubris:Teleporter","Torii","Lee\u0027s Waffle","Toy Ornithopter","CaptainsWheel","Bottled Flame","DemoMod:GlassGuonStoneRelic","Replay:Multitool","Circlet","Ring of Chaos","DemoMod:PoisonVial","Tiny Chest","DemoMod:SerJunkan","Lantern","Red Mask","Coffee Dripper","DemoMod:Junk","Blue Doll","hubris:BallOfYels","Replay:Arrowhead","Membership Card","Pen Nib","Grinning Jar","Toolbox"],"acts_visited":["Exordium","TheCity","TheBeyond"],"potions_floor_usage":[],"damage_taken":[{"damage":0.0,"enemies":"2 Louse","floor":1.0,"turns":1.0},{"damage":0.0,"enemies":"Jaw Worm","floor":3.0,"turns":1.0},{"damage":0.0,"enemies":"Small Slimes","floor":4.0,"turns":1.0},{"damage":0.0,"enemies":"3 Sentries","floor":7.0,"turns":1.0},{"damage":0.0,"enemies":"Exordium Wildlife","floor":10.0,"turns":1.0},{"damage":0.0,"enemies":"Gremlin Nob","floor":13.0,"turns":1.0},{"damage":0.0,"enemies":"Hexaghost","floor":16.0,"turns":1.0},{"damage":0.0,"enemies":"Spheric Guardian","floor":18.0,"turns":1.0},{"damage":0.0,"enemies":"2 Thieves","floor":19.0,"turns":1.0},{"damage":0.0,"enemies":"Slavers","floor":25.0,"turns":1.0},{"damage":0.0,"enemies":"Shelled Parasite and Fungi","floor":31.0,"turns":1.0},{"damage":0.0,"enemies":"Champ","floor":33.0,"turns":1.0},{"damage":0.0,"enemies":"Orb Walker","floor":35.0,"turns":1.0},{"damage":0.0,"enemies":"infinitespire:Three Voidlings","floor":36.0,"turns":1.0},{"damage":0.0,"enemies":"Nightmare_Alpha","floor":36.0,"turns":4.0},{"damage":0,"enemies":"3 Shapes","floor":42,"turns":1},{"damage":0,"enemies":"Donu and Deca","floor":50,"turns":1}],"seed_played":"168826826749847528","potions_obtained":[{"floor":0.0,"key":"DistilledChaos"},{"floor":0.0,"key":"blueLaboratory:EnragingPotion"},{"floor":0.0,"key":"Block Potion"},{"floor":7.0,"key":"Weak Potion"},{"floor":13.0,"key":"LiquidMemories"},{"floor":18.0,"key":"Weak Potion"}],"is_trial":false,"path_per_floor":["M","?","M","M","R","E","R","T","M","?","E","R","B",null,"M","M","?","?","R","E","T","R","AVR","?","M","R","B",null,"M","?","T","?","AVR","R","M","T","?","$","R","$","?","R","B",null],"character_chosen":"DEFECT","items_purchased":["Replay:Towering Pillar of Hats","Cauldron","Gash","Question Card","hubris:EmptyBottle","Replay:Bottled Snecko","FTL+1","Omamori","Juzu Bracelet","Chemical X","Vajra","infinitespire:PuzzleCube","Frozen Eye","Go for the Eyes","ReplayGash","ReplayFunnel","hubris:BundleOfHerbs","PreservedInsect","Gash","hubris:TenFootPole","Sling","Gremlin Food","Go for the Eyes","Golden Egg","Gash","Ancient Tea Set","DollysMirror","ReplayGash","BargainBundle","Counterbalance","Replay:Antivirus Software","Beam Cell","Beam Cell","Steam","Replay:Wax Seal","Mango","Bag of Marbles","Seek","Replay:Baseball","infinitespire:Golems Mask","Snack Pack","DemoMod:Metronome","Guide Book","Pet Ghost","Potion Belt","Boot","Simple Rune","Oddly Smooth Stone","Replay:Lucky Slots","Gash","Medical Kit","TheAbacus","ReplayTheSpireMod:ShopPack","Prayer Wheel","Whetstone","Scrape","War Paint","ReplayGash","Frozen Egg 2","Replay:Bandana","hubris:AstralHammer","ReplayTheSpireMod:TigerMarble","ReplayGash","Scrape","Lee\u0027s Waffle","Toy Ornithopter","ColorlessPotion","blueLaboratory:NullPotion","blueLaboratory:ExaltedPotion","Replay:Arrowhead","Membership Card","Pen Nib","Grinning Jar","Toolbox"],"campfire_rested":0,"item_purchase_floors":[0,0,0,0,0,0,0,0,0,0,0,0,0,0,0,0,0,0,0,0,0,0,0,0,0,0,0,0,0,0,0,0,0,0,0,0,0,0,0,0,0,0,0,0,0,0,0,0,0,0,0,0,0,0,0,0,0,0,0,0,0,0,0,0,0,0,0,0,0,45,45,47,47,47],"current_hp_per_floor":[113,113,113,113,113,113,113,113,113,113,113,113,113,113,113,113,118,118,118,118,118,118,118,118,118,118,118,118,118,118,118,118,118,118,118,118,118,118,118,118,118,118,118],"gold":893,"neow_bonus":"","is_daily":false,"chose_seed":false,"campfire_upgraded":2,"win_rate":0.0,"timestamp":1607878198,"path_taken":["M","?","M","M","R","E","R","T","M","?","E","R","BOSS","M","M","?","?","R","E","T","R","AVR","?","M","R","BOSS","M","?","?","?","AVR","R","M","T","?","$","R","$","?","R","BOSS"],"items_purchased_type":["Relic","Relic","Card","Relic","Relic","Relic","Card","Relic","Relic","Relic","Relic","Relic","Relic","Card","Card","Relic","Relic","Relic","Card","Relic","Relic","Relic","Card","Relic","Card","Relic","Relic","Card","Relic","Relic","Relic","Card","Card","Card","Relic","Relic","Relic","Card","Relic","Relic","Relic","Relic","Relic","Relic","Relic","Relic","Relic","Relic","Relic","Card","Relic","Relic","Relic","Relic","Relic","Card","Relic","Card","Relic","Relic","Relic","Relic","Card","Card","Relic","Relic","Potion","Potion","Potion","Relic","Relic","Relic","Relic","Relic"],"build_version":"2020-11-30","purchased_purges":8,"victory":true,"max_hp_per_floor":[113,113,113,113,113,113,113,113,113,113,113,113,113,113,113,113,118,118,118,118,118,118,118,118,118,118,118,118,118,118,118,118,118,118,118,118,118,118,118,118,118,118,118],"card_choices":[{"not_picked":["ReplayTheSpireMod:Brewmster","Panacea","hubris:Ssssneak"],"picked":"Violence","floor":0.0},{"not_picked":["BasicCrystalCard","Streamline","Go for the Eyes","Panic Button"],"picked":"SKIP","floor":1.0},{"not_picked":["Reprogram","Compile Driver","Melter","Stack"],"picked":"SKIP","floor":1.0},{"not_picked":["Redo","Force Field","Capacitor+1","Thunder Strike"],"picked":"SKIP","floor":3.0},{"not_picked":["Sweeping Beam","Panic Button","Chaos","Go for the Eyes"],"picked":"SKIP","floor":3.0},{"not_picked":["Blizzard","Heatsinks+1","ReplayRNGCard","Redo"],"picked":"SKIP","floor":4.0},{"not_picked":["hubris:PowerSurge+1","Glacier","ReplayGash","Panic Button"],"picked":"SKIP","floor":4.0},{"not_picked":["Genetic Algorithm","Leap","Panic Button","Hello World+1"],"picked":"SKIP","floor":7.0},{"not_picked":["Coolheaded","Chaos","FTL"],"picked":"Gash","floor":10.0},{"not_picked":["Barrage","Redo","Hello World+1","Go for the Eyes"],"picked":"SKIP","floor":10.0},{"not_picked":["Chaos","ReplayTheSpireMod:System Scan","Fission","Streamline"],"picked":"SKIP","floor":13.0},{"not_picked":["BasicCrystalCard","Skim","Stack"],"picked":"Gash","floor":18.0},{"not_picked":["Compile Driver","Conserve Battery+1","Ball Lightning","Redo"],"picked":"SKIP","floor":18.0},{"not_picked":["Coolheaded","Leap","Hologram","ReplayTheSpireMod:Repulse"],"picked":"SKIP","floor":19.0},{"not_picked":["ReplayTheSpireMod:Fabricate Wheel","Beam Cell","Darkness","Hologram+1"],"picked":"SKIP","floor":19.0},{"not_picked":["FIFO Queue+1","hubris:Ukulele+1","Ball Lightning"],"picked":"Gash","floor":25.0},{"not_picked":["Force Field","Defragment+1","ReplayGash"],"picked":"Double Energy+1","floor":31.0},{"not_picked":["Scrape","Conserve Battery+1","Go for the Eyes","FIFO Queue+1"],"picked":"SKIP","floor":31.0},{"not_picked":["BasicCrystalCard+1","Beam Cell+1","Hologram"],"picked":"ReplayGash+1","floor":35.0},{"not_picked":["BasicCrystalCard","Static Discharge+1","Leap+1","Go for the Eyes+1"],"picked":"SKIP","floor":35.0},{"not_picked":["Melter+1","Cold Snap+1","Compile Driver"],"picked":"Gash","floor":42},{"not_picked":["ReplaySolidLightProjector","Time Bomb+1","Cold Snap+1","ReplayTheSpireMod:Reroute Power+1"],"picked":"SKIP","floor":42}],"player_experience":161724,"relics_obtained":[{"floor":7.0,"key":"Bottled Flame"},{"floor":13.0,"key":"Replay:Multitool"},{"floor":25.0,"key":"DemoMod:PoisonVial"},{"floor":26.0,"key":"Tiny Chest"},{"floor":27.0,"key":"DemoMod:SerJunkan"},{"floor":30.0,"key":"Red Mask"},{"floor":36,"key":"DemoMod:Junk"},{"floor":38,"key":"Blue Doll"},{"floor":41,"key":"DemoMod:Junk"},{"floor":43,"key":"DemoMod:Junk"},{"floor":49,"key":"DemoMod:Junk"}],"event_choices":[{"damage_healed":0.0,"max_hp_gain":0.0,"max_hp_loss":0.0,"gold_gain":66.0,"event_name":"Golden Wing","player_choice":"Gained Gold","floor":2.0,"gold_loss":0.0,"damage_taken":0.0},{"damage_healed":0.0,"max_hp_gain":5.0,"max_hp_loss":0.0,"gold_gain":0.0,"event_name":"Forgotten Altar","player_choice":"Shed Blood","floor":21.0,"gold_loss":0.0,"damage_taken":28.0},{"damage_healed":39.0,"max_hp_gain":0.0,"max_hp_loss":0.0,"gold_gain":0.0,"event_name":"The Library","player_choice":"Heal","floor":22.0,"gold_loss":0.0,"damage_taken":0.0},{"damage_healed":39,"gold_gain":0,"player_choice":"Heal","damage_taken":0,"max_hp_gain":0,"max_hp_loss":0,"event_name":"The Library","floor":36,"gold_loss":0},{"damage_healed":0,"gold_gain":222,"player_choice":"Wore Mask","damage_taken":0,"max_hp_gain":0,"max_hp_loss":0,"event_name":"Tomb of Lord Red Mask","floor":48,"gold_loss":0}],"is_beta":false,"boss_relics":[{"not_picked":["Inserter","Pandora\u0027s Box"],"picked":"Ring of Chaos"},{"not_picked":["ChewingGum","hubris:BlackHole"],"picked":"Coffee Dripper"}],"items_purged_floors":[0,0,0,0,0,0,29,40],"is_endless":false,"potions_floor_spawned":[1,7,13,18,19,36,42],"ascension_level":0}}