{"host":"3lwutyfpza97k53s","time":1607891138,"event":{"mods":["A Magickal Journey","Act Like it!","BaseMod","BetterRewards","CapriCore","Clockwork Mod","Conspire","Dio Mod","Downfall","Hallownest","Hermit","Infinite Spire","Minty Spire (QoL Compilation)","Replay The Spire","Robot Space Explorer","Shade Mod","Shop Mod","StSLib","The Construct","The Immortal","The Judge","The Jungle","The Necromancer","TheVacant","TheWitcher"],"gold_per_floor":[115,134,150,170,184,184,214,214,259,259,285,302,321,335,335,437,437,453,463,482,497,422,422,422,457,505,505,107,107,123,151,151,247,247,261,311,136,183,199,199,228,228,228,241,241,258,258,258,258],"floor_reached":48,"playtime":2981,"items_purged":["RobotSpaceExplorer:Strike","RobotSpaceExplorer:Strike","RobotSpaceExplorer:Strike","RobotSpaceExplorer:Defend","RobotSpaceExplorer:Strike"],"score":789,"play_id":"bf5b5b37-c53c-4d2b-9345-6674a3c291e2","local_time":"20201213142538","is_ascension_mode":false,"campfire_choices":[{"data":"RobotSpaceExplorer:MiniBoosters","floor":6,"key":"SMITH"},{"data":"RobotSpaceExplorer:TrailblazerForm","floor":8,"key":"SMITH"},{"data":"RobotSpaceExplorer:MiniBoosters","floor":10,"key":"SMITH"},{"data":"RobotSpaceExplorer:MiniLasers","floor":15,"key":"SMITH"},{"data":"RobotSpaceExplorer:MiniLasers+1","floor":23,"key":"SMITH"},{"data":"RobotSpaceExplorer:MiniLasers+2","floor":27,"key":"SMITH"},{"data":"RobotSpaceExplorer:MiniLasers+3","floor":29,"key":"SMITH"},{"data":"RobotSpaceExplorer:MiniLasers+4","floor":32,"key":"SMITH"},{"floor":40,"key":"RECALL"},{"data":"RobotSpaceExplorer:MiniLasers+5","floor":42,"key":"SMITH"},{"data":"RobotSpaceExplorer:Multitool","floor":45,"key":"SMITH"}],"circlet_count":0,"master_deck":["RobotSpaceExplorer:Defend","RobotSpaceExplorer:Defend+1","RobotSpaceExplorer:Scan","RobotSpaceExplorer:MiniLasers+6","RobotSpaceExplorer:PowerCollector+1","Apotheosis+1","RobotSpaceExplorer:PowerGlove+1","RobotSpaceExplorer:MiniBoosters+1","RobotSpaceExplorer:MiniBoosters+1","RobotSpaceExplorer:ScrapToss","RobotSpaceExplorer:TrailblazerForm+1","RobotSpaceExplorer:Scanner","RobotSpaceExplorer:Autoloader","RobotSpaceExplorer:ScrapMissile","RobotSpaceExplorer:SurgingShield+1","RobotSpaceExplorer:Calculate+1","RobotSpaceExplorer:Multitool+1"],"relics":["RobotSpaceExplorer:RoboCore","conspire:InfiniteJournal","ReplayTheSpireMod:TigerMarble","infinitespire:Joker Card","Bottled Tornado","Replay:Multitool","War Paint","Guide Book","ReplayTheSpireMod:Shallot","MealTicket","Replay:Bottled Snecko","construct:WeddingRing","Regal Pillow","RobotSpaceExplorer:FoglandsKnife","Toxic Egg 2","Pen Nib","Busted Crown","conspire:GlowingRock","Bronze Scales","Iron Hammer","infinitespire:Lychee Nut"],"acts_visited":["Exordium","TheCity","TheBeyond"],"potions_floor_usage":[11,14],"damage_taken":[{"damage":0,"enemies":"conspire:RoseBush","floor":1,"turns":1},{"damage":0,"enemies":"Cultist","floor":2,"turns":3},{"damage":0,"enemies":"Jaw Worm","floor":3,"turns":2},{"damage":0,"enemies":"3 Louse","floor":4,"turns":1},{"damage":0,"enemies":"2 Fungi Beasts","floor":5,"turns":3},{"damage":0,"enemies":"Gremlin Nob","floor":7,"turns":3},{"damage":0,"enemies":"3 Sentries","floor":11,"turns":4},{"damage":0,"enemies":"Exordium Wildlife","floor":12,"turns":2},{"damage":0,"enemies":"Exordium Thugs","floor":13,"turns":2},{"damage":0,"enemies":"Gremlin Gang","floor":14,"turns":3},{"damage":0,"enemies":"The Guardian","floor":16,"turns":4},{"damage":7,"enemies":"2 Thieves","floor":18,"turns":3},{"damage":2,"enemies":"conspire:FuzzyDice","floor":19,"turns":4},{"damage":1,"enemies":"conspire:HollyBat","floor":20,"turns":5},{"damage":1,"enemies":"Snake Plant","floor":21,"turns":3},{"damage":9,"enemies":"Book of Stabbing","floor":25,"turns":4},{"damage":13,"enemies":"Snecko","floor":30,"turns":3},{"damage":1,"enemies":"conspire:Head Lice","floor":31,"turns":4},{"damage":0,"enemies":"conspire:MysteriousRune","floor":33,"turns":3},{"damage":0,"enemies":"Orb Walker","floor":35,"turns":3},{"damage":26,"enemies":"Mind Bloom Boss Battle","floor":36,"turns":4},{"damage":4,"enemies":"conspire:MimicChest","floor":38,"turns":6},{"damage":31,"enemies":"3 Shapes","floor":39,"turns":4},{"damage":0,"enemies":"R_Hoarder","floor":41,"turns":1},{"damage":0,"enemies":"Maw","floor":44,"turns":3},{"damage":2,"enemies":"Jaw Worm Horde","floor":46,"turns":5},{"damage":43,"enemies":"4 Shapes","floor":48,"turns":3}],"seed_played":"-9194602940320693224","potions_obtained":[{"floor":4,"key":"PowerPotion"},{"floor":5,"key":"ColorlessPotion"},{"floor":18,"key":"PowerPotion"}],"is_trial":false,"path_per_floor":["M","M","M","M","M","R","E","R","T","R","E","M","M","M","R","B",null,"M","M","M","M","?","R","?","E","T","R","$","R","M","E","R","B",null,"M","?","$","?","M","R","E","R","T","M","R","M","?","M"],"character_chosen":"RobotSpaceExplorer","items_purchased":["RobotSpaceExplorer:PowerCollector","ReplayTheSpireMod:TigerMarble","Apotheosis","RobotSpaceExplorer:PowerGlove","Bottled Tornado","War Paint","Guide Book","ReplayTheSpireMod:Shallot","RobotSpaceExplorer:MiniBoosters","AttackPotion","Toxic Egg 2"],"campfire_rested":0,"item_purchase_floors":[0,0,0,0,0,0,0,0,0,0,28],"current_hp_per_floor":[75,75,75,75,75,75,75,75,75,75,75,75,75,75,75,75,75,68,66,65,64,64,64,64,55,55,55,70,70,57,56,56,56,75,75,49,64,60,29,29,29,29,29,34,34,38,38,0,0],"gold":258,"neow_bonus":"","is_daily":false,"chose_seed":false,"campfire_upgraded":10,"win_rate":0.0,"timestamp":1607891138,"path_taken":["M","M","M","M","?","R","E","R","T","R","E","M","M","M","R","BOSS","M","?","M","M","?","R","?","E","T","R","$","R","M","E","R","BOSS","M","?","$","?","M","R","E","R","T","?","R","?","?","M"],"items_purchased_type":["Card","Relic","Card","Card","Relic","Relic","Relic","Relic","Card","Potion","Relic"],"build_version":"2020-11-30","purchased_purges":5,"victory":false,"max_hp_per_floor":[75,75,75,75,75,75,75,75,75,75,75,75,75,75,75,75,75,75,75,75,75,75,75,75,75,75,75,75,75,75,75,75,75,75,75,75,75,75,75,75,75,75,56,56,56,56,56,56,56],"card_choices":[{"not_picked":["RobotSpaceExplorer:SlimeMissile","RobotSpaceExplorer:Electropulse"],"picked":"RobotSpaceExplorer:MiniBoosters","floor":1},{"not_picked":["RobotSpaceExplorer:MetalStrike","RobotSpaceExplorer:ScrapShield","RobotSpaceExplorer:Ammunition"],"picked":"SKIP","floor":2},{"not_picked":["RobotSpaceExplorer:DualCore","RobotSpaceExplorer:ImprovisedAttack","RobotSpaceExplorer:SurgingShield"],"picked":"SKIP","floor":3},{"not_picked":["RobotSpaceExplorer:JunkDive","RobotSpaceExplorer:MiniDrones"],"picked":"RobotSpaceExplorer:ScrapToss","floor":4},{"not_picked":["RobotSpaceExplorer:MetalStrike","RobotSpaceExplorer:ShovelStrike","RobotSpaceExplorer:SurgingStrike"],"picked":"SKIP","floor":5},{"not_picked":["RobotSpaceExplorer:SurgingStrike","RobotSpaceExplorer:SurgingShield"],"picked":"RobotSpaceExplorer:TrailblazerForm","floor":7},{"not_picked":["RobotSpaceExplorer:SwiftStep","RobotSpaceExplorer:GlueShot","RobotSpaceExplorer:SurgingShield"],"picked":"SKIP","floor":11},{"not_picked":["RobotSpaceExplorer:Blitz","RobotSpaceExplorer:SwiftStep","RobotSpaceExplorer:BigMissile"],"picked":"SKIP","floor":12},{"not_picked":["RobotSpaceExplorer:ImprovisedAttack","RobotSpaceExplorer:StarDust","RobotSpaceExplorer:GlueShot"],"picked":"SKIP","floor":13},{"not_picked":["RobotSpaceExplorer:ScrapMissile","RobotSpaceExplorer:SurgingShield"],"picked":"RobotSpaceExplorer:Scanner","floor":14},{"not_picked":["RobotSpaceExplorer:ShockMissile","RobotSpaceExplorer:Blaster"],"picked":"RobotSpaceExplorer:Autoloader","floor":16},{"not_picked":["RobotSpaceExplorer:SwiftStep","RobotSpaceExplorer:GlueShot","RobotSpaceExplorer:FrostMissile"],"picked":"SKIP","floor":18},{"not_picked":["RobotSpaceExplorer:ImprovisedAttack+1","RobotSpaceExplorer:GlueShot","RobotSpaceExplorer:SurgingStrike"],"picked":"SKIP","floor":19},{"not_picked":["RobotSpaceExplorer:SwiftStep+1","RobotSpaceExplorer:Electropulse+1"],"picked":"RobotSpaceExplorer:ScrapMissile","floor":20},{"not_picked":["RobotSpaceExplorer:MetalStrike","RobotSpaceExplorer:SwiftStep","RobotSpaceExplorer:ShockKick"],"picked":"SKIP","floor":21},{"not_picked":["RobotSpaceExplorer:SlimeMissile","RobotSpaceExplorer:Probe","RobotSpaceExplorer:Blaster"],"picked":"SKIP","floor":25},{"not_picked":["RobotSpaceExplorer:FrostMissile+1","RobotSpaceExplorer:SelfCleaning+1"],"picked":"RobotSpaceExplorer:SurgingShield+1","floor":30},{"not_picked":["RobotSpaceExplorer:DualCore+1","RobotSpaceExplorer:PlasmaMissile"],"picked":"RobotSpaceExplorer:Calculate+1","floor":31},{"not_picked":["RobotSpaceExplorer:ShockMissile","RobotSpaceExplorer:Blaster"],"picked":"RobotSpaceExplorer:Multitool","floor":33},{"not_picked":["RobotSpaceExplorer:FrostMissile+1"],"picked":"SKIP","floor":35},{"not_picked":["RobotSpaceExplorer:Jetpack+1"],"picked":"SKIP","floor":39},{"not_picked":["RobotSpaceExplorer:SlimeMissile"],"picked":"SKIP","floor":41},{"not_picked":["RobotSpaceExplorer:GlueShot+1"],"picked":"SKIP","floor":44},{"not_picked":["RobotSpaceExplorer:ShockKick"],"picked":"SKIP","floor":46}],"player_experience":451179,"relics_obtained":[{"floor":7,"key":"MealTicket"},{"floor":11,"key":"Replay:Bottled Snecko"},{"floor":25,"key":"Regal Pillow"},{"floor":26,"key":"RobotSpaceExplorer:FoglandsKnife"},{"floor":31,"key":"Pen Nib"},{"floor":36,"key":"conspire:GlowingRock"},{"floor":38,"key":"Bronze Scales"},{"floor":41,"key":"Iron Hammer"},{"floor":43,"key":"infinitespire:Lychee Nut"}],"event_choices":[{"cards_removed":["RobotSpaceExplorer:Defend"],"damage_healed":0,"gold_gain":0,"player_choice":"Gave Gold","damage_taken":0,"max_hp_gain":0,"max_hp_loss":0,"event_name":"Beggar","floor":22,"gold_loss":75},{"damage_healed":0,"gold_gain":0,"player_choice":"Ignored","damage_taken":0,"max_hp_gain":0,"max_hp_loss":0,"event_name":"Ghosts","floor":24,"gold_loss":0},{"damage_healed":0,"gold_gain":0,"player_choice":"Fight","damage_taken":0,"max_hp_gain":0,"max_hp_loss":0,"event_name":"MindBloom","floor":36,"gold_loss":0},{"damage_healed":0,"gold_gain":0,"player_choice":"Leave","damage_taken":0,"max_hp_gain":0,"max_hp_loss":0,"event_name":"conspire:Investor","floor":47,"gold_loss":0}],"is_beta":false,"boss_relics":[{"not_picked":["Pandora\u0027s Box","Ring of Chaos"],"picked":"construct:WeddingRing"},{"not_picked":["SacredBark","Replay:Wanted Poster"],"picked":"Busted Crown"}],"items_purged_floors":[0,0,0,28,37],"is_endless":false,"potions_floor_spawned":[4,5,7,11,12,18,19,25,33,38,39,44],"killed_by":"4 Shapes","ascension_level":0}}