{"host":"grblgsn3zizbz04e","time":1607896834,"event":{"mods":["BaseMod","BetterRewards","Colored Map","Colored Powertips","Googly Eyes","Minty Spire (QoL Compilation)","Rare Cards Sparkle","Relic Stats","Shop Mod","StSLib"],"gold_per_floor":[112,62,62,62,22,22,34,67,67,67,83,83,101,112,112,210,210,226,141,170,187,28,57,73,83,108,120,144,255,301,332,344,453,465,494,519,581,447,447,479,498,498,498,498,514,514,294,304,304,304,304,304,65,90,90,90],"floor_reached":55,"playtime":2679,"items_purged":[],"score":712,"play_id":"53f4374b-044e-48ac-83e6-77c8e33bd8de","local_time":"20201213220034","is_ascension_mode":false,"campfire_choices":[{"data":"Dualcast","floor":6.0,"key":"SMITH"},{"data":"Static Discharge","floor":10.0,"key":"SMITH"},{"floor":12.0,"key":"REST"},{"data":"Static Discharge","floor":15.0,"key":"SMITH"},{"floor":27,"key":"REST"},{"data":"Redo","floor":32,"key":"SMITH"},{"floor":42,"key":"DIG"},{"floor":44,"key":"DIG"},{"floor":49,"key":"RECALL"},{"floor":52,"key":"DIG"}],"circlet_count":0,"master_deck":["Zap+1","Dualcast+1","Coolheaded","Static Discharge+1","Cold Snap","Ball Lightning","Static Discharge+1","All For One","Hologram","Multi-Cast","BootSequence","Hologram+1","Coolheaded","Redo+1","Storm","Genetic Algorithm+1","Leap+1","Lockon","Static Discharge","Core Surge","Defragment+1","Electrodynamics","Capacitor","Storm","Capacitor"],"relics":["Cracked Core","Regal Pillow","Matryoshka","White Beast Statue","Mummified Hand","Pandora\u0027s Box","Ice Cream","Red Mask","Bird Faced Urn","Singing Bowl","MawBank","Blood Vial","Busted Crown","Shovel","Ancient Tea Set","StrikeDummy","Emotion Chip","War Paint","Pen Nib","Lee\u0027s Waffle","Gremlin Horn","Bag of Preparation","Blue Candle"],"acts_visited":["Exordium","TheCity","TheBeyond","TheEnding"],"potions_floor_usage":[20,20,23,24,30,40,40,50,55,55,55],"damage_taken":[{"damage":1.0,"enemies":"Cultist","floor":1.0,"turns":3.0},{"damage":0.0,"enemies":"Jaw Worm","floor":7.0,"turns":4.0},{"damage":30.0,"enemies":"Gremlin Nob","floor":8.0,"turns":4.0},{"damage":0.0,"enemies":"Small Slimes","floor":11.0,"turns":3.0},{"damage":0.0,"enemies":"3 Louse","floor":13.0,"turns":1.0},{"damage":14.0,"enemies":"Large Slime","floor":14.0,"turns":3.0},{"damage":23.0,"enemies":"The Guardian","floor":16.0,"turns":7.0},{"damage":0.0,"enemies":"Spheric Guardian","floor":18.0,"turns":3.0},{"damage":2,"enemies":"Masked Bandits","floor":20,"turns":3},{"damage":25,"enemies":"Shell Parasite","floor":21,"turns":4},{"damage":32,"enemies":"Slavers","floor":23,"turns":3},{"damage":9,"enemies":"Snake Plant","floor":24,"turns":3},{"damage":6,"enemies":"3 Cultists","floor":25,"turns":4},{"damage":6,"enemies":"Chosen and Byrds","floor":28,"turns":4},{"damage":14,"enemies":"Book of Stabbing","floor":30,"turns":3},{"damage":0,"enemies":"Sentry and Sphere","floor":31,"turns":4},{"damage":56,"enemies":"Automaton","floor":33,"turns":7},{"damage":0,"enemies":"Orb Walker","floor":35,"turns":3},{"damage":0,"enemies":"3 Shapes","floor":36,"turns":4},{"damage":0,"enemies":"Mind Bloom Boss Battle","floor":37,"turns":3},{"damage":39,"enemies":"Giant Head","floor":40,"turns":6},{"damage":3,"enemies":"3 Darklings","floor":41,"turns":2},{"damage":1,"enemies":"Sphere and 2 Shapes","floor":45,"turns":3},{"damage":0,"enemies":"4 Shapes","floor":48,"turns":4},{"damage":44,"enemies":"Time Eater","floor":50,"turns":6},{"damage":6,"enemies":"Shield and Spear","floor":54,"turns":3},{"damage":107,"enemies":"The Heart","floor":55,"turns":6}],"seed_played":"-279439701166953956","potions_obtained":[{"floor":5.0,"key":"BlessingOfTheForge"},{"floor":5.0,"key":"Dexterity Potion"},{"floor":5.0,"key":"Explosive Potion"},{"floor":8.0,"key":"SkillPotion"},{"floor":13.0,"key":"FocusPotion"},{"floor":14.0,"key":"FocusPotion"},{"floor":16.0,"key":"DistilledChaos"},{"floor":20,"key":"Strength Potion"},{"floor":21,"key":"SteroidPotion"},{"floor":23,"key":"Weak Potion"},{"floor":24,"key":"Dexterity Potion"},{"floor":30,"key":"DistilledChaos"},{"floor":37,"key":"DuplicationPotion"},{"floor":40,"key":"SkillPotion"},{"floor":41,"key":"AttackPotion"}],"is_trial":false,"path_per_floor":["M","?","?","$","?","R","M","E","T","R","M","R","M","M","R","B",null,"M","?","?","M","$","E","M","M","T","R","M","?","E","M","R","B",null,"M","M","?","$","?","E","M","R","T","R","M","T","$","M","R","B",null,"R","$","E","B"],"character_chosen":"DEFECT","items_purchased":["Lockon","Static Discharge","Ancient Tea Set","Lee\u0027s Waffle","Ancient Potion","Bag of Preparation","Capacitor","AttackPotion"],"campfire_rested":2,"item_purchase_floors":[22,22,38,47,47,53,53,53],"current_hp_per_floor":[74,74,74,74,74,74,74,44,44,44,44,75,75,61,61,38,75,75,75,73,48,48,16,13,15,15,52,54,54,52,66,66,22,79,81,81,83,83,79,44,55,55,55,55,64,64,90,92,92,60,92,92,92,94,0,0],"gold":90,"neow_bonus":"RANDOM_COMMON_RELIC","is_daily":false,"chose_seed":false,"campfire_upgraded":4,"win_rate":0.0,"timestamp":1607896834,"path_taken":["M","?","?","$","?","R","?","E","T","R","?","R","M","M","R","BOSS","M","?","?","M","$","E","M","M","T","R","M","?","E","M","R","BOSS","M","M","?","$","?","E","M","R","T","R","M","?","$","?","R","BOSS","R","$","E","BOSS"],"items_purchased_type":["Card","Card","Relic","Relic","Potion","Relic","Card","Potion"],"build_version":"2020-11-30","purchased_purges":0,"victory":false,"max_hp_per_floor":[75,75,75,75,75,75,75,75,75,75,75,75,75,75,75,75,75,75,75,75,75,75,75,75,75,75,75,75,75,77,79,79,79,79,81,81,83,83,79,81,83,83,83,83,83,83,90,92,92,92,92,92,92,94,94,94],"relic_stats":{"Regal Pillow":24,"Lee\u0027s Waffle":26,"Singing Bowl":16,"Gremlin Horn":[0,0],"counters":[27,103],"Blue Candle":[0],"Pen Nib":[1],"Bag of Preparation":[4],"War Paint":["Leap","Hologram"],"MawBank":144,"Blood Vial":8,"Emotion Chip":[41,36,5,0,0],"Busted Crown":16,"Shovel":3,"Mummified Hand":[101],"Bird Faced Urn":[100],"Pandora\u0027s Box":["Hologram","Multi-Cast","BootSequence","Hologram","Coolheaded","Redo","Storm"],"obtain_stats":[{"Ice Cream":19,"Regal Pillow":0,"Lee\u0027s Waffle":47,"Singing Bowl":26,"Gremlin Horn":52,"Blue Candle":54,"Pen Nib":46,"Bag of Preparation":53,"War Paint":44,"MawBank":26,"Ancient Tea Set":38,"White Beast Statue":9,"Blood Vial":30,"Emotion Chip":42,"Matryoshka":8,"Busted Crown":34,"Shovel":37,"Mummified Hand":9,"Bird Faced Urn":23,"Pandora\u0027s Box":17,"Red Mask":20,"Cracked Core":0,"StrikeDummy":40},{"Ice Cream":8,"Regal Pillow":0,"Lee\u0027s Waffle":23,"Singing Bowl":13,"Gremlin Horn":25,"Blue Candle":26,"Pen Nib":23,"Bag of Preparation":25,"War Paint":22,"MawBank":13,"Ancient Tea Set":20,"White Beast Statue":3,"Blood Vial":15,"Emotion Chip":22,"Matryoshka":3,"Busted Crown":17,"Shovel":20,"Mummified Hand":3,"Bird Faced Urn":11,"Pandora\u0027s Box":7,"Red Mask":9,"Cracked Core":0,"StrikeDummy":21},{"Ice Cream":28,"Regal Pillow":0,"Lee\u0027s Waffle":84,"Singing Bowl":45,"Gremlin Horn":94,"Blue Candle":97,"Pen Nib":84,"Bag of Preparation":94,"War Paint":81,"MawBank":45,"Ancient Tea Set":73,"White Beast Statue":11,"Blood Vial":52,"Emotion Chip":81,"Matryoshka":11,"Busted Crown":63,"Shovel":73,"Mummified Hand":11,"Bird Faced Urn":38,"Pandora\u0027s Box":25,"Red Mask":31,"Cracked Core":0,"StrikeDummy":79}]},"card_choices":[{"not_picked":["Barrage","Heatsinks"],"picked":"Coolheaded","floor":1.0},{"not_picked":["Capacitor","Conserve Battery"],"picked":"Static Discharge","floor":7.0},{"not_picked":["Sunder","FTL","Go for the Eyes"],"picked":"SKIP","floor":8.0},{"not_picked":["Hologram","Beam Cell"],"picked":"Cold Snap","floor":11.0},{"not_picked":["Skim","Compile Driver"],"picked":"Ball Lightning","floor":13.0},{"not_picked":["Fusion","Chaos"],"picked":"Static Discharge","floor":14.0},{"not_picked":["Amplify","Thunder Strike"],"picked":"All For One","floor":16.0},{"not_picked":["Undo","Lockon+1"],"picked":"Genetic Algorithm+1","floor":18.0},{"not_picked":["Coolheaded","Compile Driver"],"picked":"Leap","floor":21},{"not_picked":["Redo","Barrage"],"picked":"Core Surge","floor":23},{"not_picked":["Leap+1","Streamline+1","Ball Lightning"],"picked":"SKIP","floor":24},{"not_picked":["Chaos+1","Sweeping Beam","Cold Snap"],"picked":"SKIP","floor":25},{"not_picked":["Steam Power","Sweeping Beam"],"picked":"Defragment+1","floor":28},{"not_picked":["Sweeping Beam","Barrage+1","Turbo"],"picked":"Singing Bowl","floor":30},{"not_picked":["Skim","Ball Lightning","Melter"],"picked":"Singing Bowl","floor":31},{"not_picked":["Seek","Amplify"],"picked":"Electrodynamics","floor":33},{"not_picked":["Skim"],"picked":"Singing Bowl","floor":35},{"not_picked":[],"picked":"Capacitor","floor":36},{"not_picked":["Steam"],"picked":"Singing Bowl","floor":37},{"not_picked":["Coolheaded+1"],"picked":"Singing Bowl","floor":40},{"not_picked":["FTL"],"picked":"Singing Bowl","floor":41},{"not_picked":[],"picked":"Storm","floor":45},{"not_picked":["Recycle"],"picked":"Singing Bowl","floor":48},{"not_picked":["White Noise"],"picked":"Singing Bowl","floor":54}],"player_experience":718026,"relics_obtained":[{"floor":8.0,"key":"Matryoshka"},{"floor":9.0,"key":"White Beast Statue"},{"floor":9.0,"key":"Mummified Hand"},{"floor":20,"key":"Red Mask"},{"floor":23,"key":"Bird Faced Urn"},{"floor":26,"key":"Singing Bowl"},{"floor":26,"key":"MawBank"},{"floor":30,"key":"Blood Vial"},{"floor":37,"key":"Shovel"},{"floor":40,"key":"StrikeDummy"},{"floor":42,"key":"Emotion Chip"},{"floor":44,"key":"War Paint"},{"floor":46,"key":"Pen Nib"},{"floor":52,"key":"Gremlin Horn"},{"floor":54,"key":"Blue Candle"}],"event_choices":[{"cards_removed":["Strike_B"],"damage_healed":0.0,"max_hp_gain":0.0,"max_hp_loss":0.0,"gold_gain":0.0,"event_name":"The Cleric","player_choice":"Card Removal","floor":2.0,"gold_loss":50.0,"damage_taken":0.0},{"damage_healed":0.0,"max_hp_gain":0.0,"max_hp_loss":0.0,"gold_gain":0.0,"event_name":"Living Wall","player_choice":"Grow","floor":3.0,"gold_loss":0.0,"damage_taken":0.0,"cards_upgraded":["Zap"]},{"damage_healed":0.0,"max_hp_gain":0.0,"max_hp_loss":0.0,"gold_gain":0.0,"event_name":"The Woman in Blue","player_choice":"Bought 3 Potions","floor":5.0,"gold_loss":0.0,"damage_taken":0.0},{"damage_healed":0.0,"max_hp_gain":0.0,"max_hp_loss":0.0,"gold_gain":0.0,"event_name":"Addict","player_choice":"Obtained Relic","floor":19.0,"gold_loss":85.0,"damage_taken":0.0,"relics_obtained":["Ice Cream"]},{"damage_healed":0,"gold_gain":0,"player_choice":"Fought Bandits","damage_taken":0,"max_hp_gain":0,"max_hp_loss":0,"event_name":"Masked Bandits","floor":20,"gold_loss":0},{"damage_healed":0,"gold_gain":99,"player_choice":"Stole From Cult","damage_taken":0,"max_hp_gain":0,"max_hp_loss":0,"event_name":"Nest","floor":29,"gold_loss":0},{"damage_healed":0,"gold_gain":0,"player_choice":"Fight","damage_taken":0,"max_hp_gain":0,"max_hp_loss":0,"event_name":"MindBloom","floor":37,"gold_loss":0},{"damage_healed":0,"gold_gain":0,"player_choice":"Max HP","damage_taken":0,"max_hp_gain":0,"max_hp_loss":4,"event_name":"Winding Halls","floor":39,"gold_loss":0}],"is_beta":false,"boss_relics":[{"not_picked":["Tiny House","Sozu"],"picked":"Pandora\u0027s Box"},{"not_picked":["Astrolabe","Velvet Choker"],"picked":"Busted Crown"}],"items_purged_floors":[],"is_endless":false,"potions_floor_spawned":[8,11,13,14,16,18,20,21,23,24,25,28,30,31,33,35,36,37,40,41,45,48,54],"killed_by":"The Heart","ascension_level":0}}