{"host":"fjbqinbax2bs4pe1","time":1607839524,"event":{"mods":["BaseMod","Colored Powertips","Duelist Mod","GifTheSpireLib","Grow up Mod","Lobotomy","LobotomyExtend","Minty Spire (QoL Compilation)","Replay The Spire","Shop Mod","Spicy Shops","StSLib","[IsaacMod]ÒÔÈö¼âËþ"],"gold_per_floor":[114,114,214,227,240,240,17,30,105,122,122,135,24,54,54,54,54,80,97,97,110,110,212,254,273,22,22,34,51,76,76,105,105,105,105],"floor_reached":27,"playtime":930,"items_purged":["Strike_B","Parasite"],"score":517,"play_id":"e8a88231-8f64-42cc-91af-7dfe013ce0b4","local_time":"20201213140524","daily_mods":["Vintage","Heirloom","DeadlyEvents","Elite Swarm","Lethality","Night Terrors","Terminal","Uncertain Future"],"is_ascension_mode":false,"campfire_choices":[{"data":"EpicFetus","floor":6,"key":"SMITH"},{"data":"Limit Break","floor":10,"key":"SMITH"},{"data":"Bash","floor":10,"key":"SMITH"},{"data":"Limit Break","floor":15,"key":"SMITH"},{"data":"Limit Break","floor":15,"key":"SMITH"},{"data":"Limit Break","floor":24,"key":"SMITH"},{"data":"Offering","floor":24,"key":"SMITH"}],"circlet_count":0,"master_deck":["Strike_R","Strike_R","Strike_R","Strike_R","Strike_R","Defend_R","Defend_R","Defend_R","Defend_R","Bash+1","EpicFetus+1","theDuelist:CastleWalls","Limit Break+1","Metallicize+1","Limit Break+1","Parasite","Parasite","Parasite","Parasite","Parasite","Parasite","Limit Break+1","Barricade+1","Limit Break+1","Offering+1","Hemogenesis"],"relics":["Burning Blood","replay:Trail_Library","HushsDoor","Torii","YumHeart","Magic Flower","Frozen Egg 2","MerchantsRug","HonorFeather","replay:Trail_Library","Orichalcum","LetterFromLob","Turnip","EdensBlessing","Sling","Chaos","Smiling Mask","Replay:Arrowhead","Brimstone","BFFS","Gaze_r","MagicBullet_r","ShedSkin_r","ShedSkin_r","ShedSkin_r","ShedSkin_r","ShedSkin_r","AnarchistCookbook","Membership Card","PillsDrop","GuppysHairball","Solar Panel","Garlic","Divine Protection","Art of War","Incense Burner","Strawberry","The Specimen","Damocles"],"acts_visited":["Exordium","TheCity"],"potions_floor_usage":[8,8],"damage_taken":[{"damage":0,"enemies":"Small Slimes","floor":1,"turns":3},{"damage":0,"enemies":"Cultist","floor":4,"turns":3},{"damage":1,"enemies":"2 Louse","floor":5,"turns":2},{"damage":110,"enemies":"Lagavulin","floor":8,"turns":4},{"damage":9,"enemies":"Jaw Worm","floor":1,"turns":2},{"damage":0,"enemies":"Small Slimes","floor":3,"turns":2},{"damage":0,"enemies":"2 Louse","floor":5,"turns":2},{"damage":0,"enemies":"Gremlin Nob","floor":7,"turns":3},{"damage":10,"enemies":"Lagavulin","floor":11,"turns":3},{"damage":1,"enemies":"Blue Slaver","floor":12,"turns":2},{"damage":1,"enemies":"Gremlin Nob","floor":13,"turns":3},{"damage":1,"enemies":"3 Louse","floor":14,"turns":3},{"damage":181,"enemies":"Hexaghost","floor":16,"turns":4},{"damage":16,"enemies":"2 Thieves","floor":18,"turns":3},{"damage":0,"enemies":"Shell Parasite","floor":21,"turns":4},{"damage":11,"enemies":"Snecko","floor":22,"turns":4},{"damage":11,"enemies":"Book of Stabbing","floor":23,"turns":4},{"damage":8,"enemies":"theDuelist:KaibaA2","floor":25,"turns":3},{"damage":2,"enemies":"Book of Stabbing","floor":27,"turns":2}],"seed_played":"-2889774773189951323","potions_obtained":[{"floor":1,"key":"SkillPotion"},{"floor":4,"key":"EssenceOfSteel"},{"floor":3,"key":"DistilledChaos"},{"floor":5,"key":"Dexterity Potion"},{"floor":7,"key":"CultistPotion"},{"floor":16,"key":"ElixirPotion"},{"floor":21,"key":"Weak Potion"}],"is_trial":true,"path_per_floor":["M","WH","WH","M","M","R","$","E","M","?","M","WH","M","$","E","WH","T","R","E","M","E","M","R","B",null,"M","$","WH","M","M","E","R","E","T","E"],"character_chosen":"IRONCLAD","items_purchased":["MerchantsRug","Sling","Chaos","Limit Break","PillsDrop","GuppysHairball","CultistPotion","Garlic","Divine Protection"],"campfire_rested":0,"item_purchase_floors":[7,6,6,17,17,17,17,19,19],"current_hp_per_floor":[98,107,116,125,134,143,152,179,188,197,206,215,224,233,265,274,283,292,301,305,314,323,161,307,310,320,362,375,383,398,409,418,427,0,0],"gold":105,"neow_bonus":"TEN_PERCENT_HP_BONUS","is_daily":false,"chose_seed":false,"campfire_upgraded":7,"win_rate":0.0,"timestamp":1607839524,"path_taken":["M","WH","WH","M","M","R","$","E","M","?","M","WH","M","$","E","WH","T","R","E","M","E","M","R","BOSS","M","$","WH","M","M","E","R","E","T","E"],"items_purchased_type":["Relic","Relic","Card","Card","Relic","Relic","Potion","Relic","Relic"],"build_version":"2020-11-30","purchased_purges":2,"victory":false,"max_hp_per_floor":[98,107,116,125,134,143,152,179,188,197,206,215,224,233,265,274,283,292,301,305,314,323,332,307,316,325,366,375,384,400,409,418,427,427,427],"card_choices":[{"not_picked":[],"picked":"EpicFetus","floor":0},{"not_picked":["Bludgeon","Barricade+1"],"picked":"Limit Break","floor":7},{"not_picked":["Bludgeon","Reaper"],"picked":"Limit Break","floor":11},{"not_picked":["Replay:Many Hands","Impervious"],"picked":"Barricade+1","floor":16},{"not_picked":["Impervious","Berserk+1"],"picked":"Offering","floor":23},{"not_picked":["Eclipse","Demonic Infusion"],"picked":"Hemogenesis","floor":25}],"player_experience":2827,"relics_obtained":[{"floor":1,"key":"YumHeart"},{"floor":1,"key":"LetterFromLob"},{"floor":4,"key":"Frozen Egg 2"},{"floor":5,"key":"BelialBook"},{"floor":1,"key":"Orichalcum"},{"floor":1,"key":"LetterFromLob"},{"floor":3,"key":"Turnip"},{"floor":5,"key":"EdensBlessing"},{"floor":7,"key":"Smiling Mask"},{"floor":9,"key":"Replay:Arrowhead"},{"floor":11,"key":"Brimstone"},{"floor":12,"key":"BFFS"},{"floor":14,"key":"AnarchistCookbook"},{"floor":18,"key":"Solar Panel"},{"floor":21,"key":"Art of War"},{"floor":22,"key":"Incense Burner"},{"floor":23,"key":"Strawberry"},{"floor":25,"key":"The Specimen"},{"floor":26,"key":"Damocles"}],"event_choices":[{"damage_healed":0,"gold_gain":75,"player_choice":"Gather Gold","damage_taken":11,"max_hp_gain":0,"max_hp_loss":0,"event_name":"World of Goop","floor":2,"gold_loss":0}],"is_beta":false,"boss_relics":[{"not_picked":["ReplayTheSpireMod:TigerMarble","Self Forming Clay"],"picked":"Membership Card"},{"not_picked":[]}],"items_purged_floors":[7,17],"is_endless":false,"potions_floor_spawned":[1,4,3,5,7,13,16,21,22],"killed_by":"Book of Stabbing","ascension_level":0}}