{"host":"3h5qf14xt40jhha0","time":1607841583,"event":{"mods":["AlwaysNeverKeys","BaseMod","Colored Powertips","Minty Spire (QoL Compilation)","Permanent Neow","Relic Stats","StSLib"],"gold_per_floor":[109,127,141,141,216,216,226,226,226,226,226,226,226],"floor_reached":12,"playtime":404,"items_purged":[],"score":136,"play_id":"be510c16-81bf-47a5-9b9a-e35126c33b7c","local_time":"20201213013943","is_ascension_mode":true,"campfire_choices":[{"data":"Defragment","floor":6,"key":"SMITH"},{"data":"Double Energy","floor":8,"key":"SMITH"}],"circlet_count":0,"master_deck":["AscendersBane","Strike_B","Strike_B","Strike_B+1","Defend_B","Defend_B","Defend_B+1","Defend_B","Zap","Dualcast","Melter","Double Energy+1","Hologram","Defragment+1","Genetic Algorithm"],"relics":["Cracked Core","Turnip","HornCleat","Calipers"],"acts_visited":["Exordium"],"potions_floor_usage":[12],"damage_taken":[{"damage":14,"enemies":"Small Slimes","floor":1,"turns":4},{"damage":1,"enemies":"2 Louse","floor":2,"turns":3},{"damage":2,"enemies":"Jaw Worm","floor":3,"turns":4},{"damage":9,"enemies":"2 Fungi Beasts","floor":7,"turns":4},{"damage":2,"enemies":"3 Sentries","floor":12,"turns":4}],"seed_played":"3102578731122392829","potions_obtained":[{"floor":1,"key":"Ancient Potion"},{"floor":2,"key":"Block Potion"}],"is_trial":false,"path_per_floor":["M","M","M","?","?","R","M","R","T","?","?","E"],"character_chosen":"DEFECT","items_purchased":[],"campfire_rested":0,"item_purchase_floors":[],"current_hp_per_floor":[50,49,47,47,36,36,27,27,27,27,8,6,6],"gold":226,"neow_bonus":"ONE_RARE_RELIC","is_daily":false,"chose_seed":false,"campfire_upgraded":2,"win_rate":0.0,"timestamp":1607841583,"path_taken":["M","M","M","?","?","R","M","R","T","?","?","E"],"items_purchased_type":[],"build_version":"2020-11-30","purchased_purges":0,"victory":false,"max_hp_per_floor":[64,64,64,64,64,64,64,64,64,64,64,64,64],"relic_stats":{"counters":[5,19],"Turnip":[0],"obtain_stats":[{"HornCleat":9,"Calipers":10,"Turnip":0,"Cracked Core":0},{"HornCleat":4,"Calipers":4,"Turnip":0,"Cracked Core":0},{"HornCleat":15,"Calipers":15,"Turnip":0,"Cracked Core":0}]},"card_choices":[{"not_picked":["Self Repair","Streamline"],"picked":"Melter","floor":1},{"not_picked":["Turbo","Barrage"],"picked":"Double Energy","floor":2},{"not_picked":["Recycle","Beam Cell"],"picked":"Hologram","floor":3},{"not_picked":["Consume","Leap"],"picked":"Genetic Algorithm","floor":7}],"player_experience":1232351,"relics_obtained":[{"floor":9,"key":"HornCleat"}],"event_choices":[{"damage_healed":0,"gold_gain":0,"cards_transformed":["Strike_B"],"player_choice":"Change","damage_taken":0,"max_hp_gain":0,"max_hp_loss":0,"event_name":"Living Wall","floor":4,"gold_loss":0,"cards_obtained":["Defragment"]},{"damage_healed":0,"gold_gain":75,"player_choice":"Gather Gold","damage_taken":11,"max_hp_gain":0,"max_hp_loss":0,"event_name":"World of Goop","floor":5,"gold_loss":0},{"damage_healed":0,"gold_gain":0,"player_choice":"Searched \u00272\u0027 times","damage_taken":0,"relics_obtained":["Calipers"],"max_hp_gain":0,"max_hp_loss":0,"event_name":"Dead Adventurer","floor":10,"gold_loss":0},{"damage_healed":0,"gold_gain":0,"player_choice":"Entered Light","damage_taken":19,"max_hp_gain":0,"max_hp_loss":0,"event_name":"Shining Light","floor":11,"gold_loss":0,"cards_upgraded":["Defend_B","Strike_B"]}],"is_beta":false,"boss_relics":[],"items_purged_floors":[],"is_endless":false,"potions_floor_spawned":[1,2],"killed_by":"3 Sentries","ascension_level":20}}