{"host":"ds3v42j7tpaaz1mg","time":1607897935,"event":{"mods":["AchievementEnabler","Aspiration","BaseMod","Bestiary","Better Altar","Better Note","Better Sensory Stone","BetterRewards","Block Reminder","Colored Powertips","Conspire","Downfall","Energized Spire","Halation","Hermit","Highlight Path","Hubris","Infinite Spire","Jorbs\u0027s Wanderer Trilogy","Minty Spire (QoL Compilation)","Relic Stats","Replay The Spire","StSLib","The Elementalist","The Servant 0.9.4","vexMod"],"gold_per_floor":[216,230,230,230,230,230,190,190,170,187,241,276,292,217,217,227,227,330,280,295,295,295,295,295],"floor_reached":23,"playtime":856,"items_purged":["Strike_R"],"score":239,"play_id":"f6c70272-e545-40e3-b776-2ccf1f143adf","local_time":"20201213171855","is_ascension_mode":true,"campfire_choices":[{"data":"Wild Strike","floor":8,"key":"SMITH"},{"data":"Inflame","floor":15,"key":"SMITH"},{"data":"Berserk","floor":17,"key":"SMITH"}],"circlet_count":0,"master_deck":["champ:VampiricStrike+1","Strike_R","Strike_R","Strike_R","Defend_R","Defend_R","Defend_R","Defend_R","Wild Strike+1","Berserk+1","Flame Barrier","Barricade","Clumsy","hubris:Despair","Body Slam","hubris:Gluttony"],"relics":["Burning Blood","hubris:Icosahedron","Garlic","Bag of Marbles","halation:AfternoonTea","Replay:Grab Bag","energizedSpire:HugeHouse","Cursed Key","SacredBark","Kintsugi","infinitespire:Eraser"],"acts_visited":["Exordium","TheCity"],"potions_floor_usage":[9,12,18,18,23],"damage_taken":[{"damage":7,"enemies":"Jaw Worm","floor":1,"turns":2},{"damage":12,"enemies":"Small Slimes","floor":2,"turns":3},{"damage":0,"enemies":"2 Louse","floor":7,"turns":2},{"damage":13,"enemies":"Gremlin Nob","floor":9,"turns":3},{"damage":16,"enemies":"Exordium Thugs","floor":10,"turns":4},{"damage":25,"enemies":"3 Sentries","floor":12,"turns":7},{"damage":38,"enemies":"Gremlin Gang","floor":13,"turns":5},{"damage":0,"enemies":"2 Fungi Beasts","floor":16,"turns":1},{"damage":29,"enemies":"Slime Boss","floor":18,"turns":7},{"damage":33,"enemies":"Shell Parasite","floor":20,"turns":9},{"damage":102,"enemies":"Spheric Guardian","floor":23,"turns":9}],"seed_played":"7039042187956689298","potions_obtained":[{"floor":2,"key":"Languid Potion"},{"floor":9,"key":"SpeedPotion"},{"floor":13,"key":"BloodPotion"},{"floor":16,"key":"ElixirPotion"},{"floor":18,"key":"ElixirPotion"}],"is_trial":false,"path_per_floor":["M","M","?","PTL","PTL","?","M","R","E","M","T","E","M","$","R","M","R","B",null,"M","?","T","M"],"character_chosen":"IRONCLAD","items_purchased":[],"campfire_rested":0,"item_purchase_floors":[],"current_hp_per_floor":[80,80,80,80,80,80,80,80,73,70,70,61,37,37,37,64,64,66,75,63,63,63,0,0],"gold":295,"neow_bonus":"HUNDRED_GOLD","is_daily":false,"chose_seed":false,"campfire_upgraded":3,"win_rate":0.0,"timestamp":1607897935,"path_taken":["M","M","?","PTL","PTL","?","M","R","E","M","T","E","M","$","R","M","R","BOSS","M","?","?","?"],"items_purchased_type":[],"build_version":"2020-11-30","purchased_purges":1,"victory":false,"max_hp_per_floor":[80,80,80,80,80,80,80,80,80,80,80,80,80,80,80,80,80,80,75,75,75,75,75,75],"relic_stats":{"counters":[11,52],"Cursed Key":1,"obtain_stats":[{"hubris:Icosahedron":3,"Replay:Grab Bag":19,"SacredBark":19,"Garlic":9,"Bag of Marbles":11,"energizedSpire:HugeHouse":19,"halation:AfternoonTea":12,"Kintsugi":19,"infinitespire:Eraser":22,"Cursed Key":19,"Burning Blood":0},{"hubris:Icosahedron":2,"Replay:Grab Bag":9,"SacredBark":9,"Garlic":4,"Bag of Marbles":5,"energizedSpire:HugeHouse":9,"halation:AfternoonTea":6,"Kintsugi":9,"infinitespire:Eraser":10,"Cursed Key":9,"Burning Blood":0},{"hubris:Icosahedron":5,"Replay:Grab Bag":34,"SacredBark":34,"Garlic":10,"Bag of Marbles":14,"energizedSpire:HugeHouse":34,"halation:AfternoonTea":21,"Kintsugi":34,"infinitespire:Eraser":43,"Cursed Key":34,"Burning Blood":0}],"Burning Blood":45},"card_choices":[{"not_picked":["Flame Barrier","conspire:Charge"],"picked":"Wild Strike","floor":1},{"not_picked":["ReplayTheSpireMod:Corrosion Curse","Twin Strike","Reckless Charge"],"picked":"SKIP","floor":2},{"not_picked":["Defy Death","Searing Blow","Twin Strike"],"picked":"SKIP","floor":7},{"not_picked":["Armaments","ReplayTheSpireMod:Limb From Limb"],"picked":"Berserk","floor":9},{"not_picked":["True Grit","Havoc"],"picked":"Inflame","floor":10},{"not_picked":["Clash","Whirlwind"],"picked":"Flame Barrier","floor":12},{"not_picked":["ReplayTheSpireMod:Corrosion Curse","Twin Strike"],"picked":"Intimidate","floor":13},{"not_picked":["Havoc","Entrench","Seeing Red"],"picked":"SKIP","floor":16},{"not_picked":["Impervious","Feed"],"picked":"Barricade","floor":18},{"not_picked":["Second Wind","Replay:Undeath\u0027s Touch"],"picked":"Body Slam","floor":20}],"player_experience":537030,"relics_obtained":[{"floor":9,"key":"Garlic"},{"floor":11,"key":"Bag of Marbles"},{"floor":12,"key":"halation:AfternoonTea"},{"floor":22,"key":"infinitespire:Eraser"}],"event_choices":[{"damage_healed":0,"gold_gain":0,"player_choice":"Disagree","damage_taken":0,"max_hp_gain":0,"max_hp_loss":0,"event_name":"conspire:LoneGhost","floor":6,"gold_loss":0},{"damage_healed":0,"gold_gain":0,"player_choice":"Ignored","damage_taken":0,"max_hp_gain":0,"max_hp_loss":0,"event_name":"Vampires","floor":21,"gold_loss":0}],"is_beta":false,"boss_relics":[{"not_picked":["hubris:RunicObelisk","energizedSpire:MagnifyingGlass"],"picked":"Replay:Grab Bag"},{"not_picked":["hubris:CrackedHourglass","Busted Crown"],"picked":"energizedSpire:HugeHouse"},{"not_picked":["vexMod:CursedCompass","hubris:VirtuousBlindfold"],"picked":"Cursed Key"},{"not_picked":["halation:PlatinumPhoenix","halation:PinkAlligatorPlush"],"picked":"SacredBark"},{"not_picked":["halation:Yufonium","halation:LoveArrow"],"picked":"Kintsugi"}],"items_purged_floors":[14],"is_endless":false,"potions_floor_spawned":[2,9,13,16,18],"killed_by":"Spheric Guardian","ascension_level":4}}