{"host":"x6tlfgqpy55vgxdn","time":1607821374,"event":{"mods":["AchievementEnabler","BaseMod","DeckTracker","Minty Spire (QoL Compilation)","Permanent Neow","StSLib","SuperFastMode"],"gold_per_floor":[13,13,88,13,13,13,46,46,127,148,148,148,184,205,205,298,298,318,318,8,24,24,24,45,81,81,81,134,134,178,211,211,309,309,324,165,181,17,33,33,51,92,92,314,314,314,314,314,314,314],"floor_reached":51,"playtime":1829,"items_purged":["Strike_R","Strike_R","Strike_R"],"score":1521,"play_id":"90683353-352e-4633-8f3b-35541e78a8f9","local_time":"20201213100254","is_ascension_mode":true,"campfire_choices":[{"data":"Carnage","floor":6.0,"key":"SMITH"},{"floor":12.0,"key":"REST"},{"data":"Disarm","floor":15.0,"key":"SMITH"},{"data":"Offering","floor":23.0,"key":"SMITH"},{"data":"Impervious","floor":27.0,"key":"SMITH"},{"floor":29.0,"key":"REST"},{"data":"Defend_R","floor":32.0,"key":"SMITH"},{"floor":40,"key":"REST"},{"floor":46,"key":"REST"},{"floor":49,"key":"REST"}],"circlet_count":0,"master_deck":["AscendersBane","Strike_R","Strike_R","Defend_R+1","Defend_R","Defend_R","Defend_R+1","Bash+1","Carnage+1","Disarm+1","Offering+1","Flame Barrier+1","Impervious+1","Necronomicurse","Berserk","Entrench","Fire Breathing+1","Dark Embrace+1","Feel No Pain+1","Evolve+1"],"relics":["Burning Blood","Lizard Tail","Golden Idol","Tiny Chest","The Courier","Art of War","Snecko Eye","Necronomicon","Membership Card","War Paint","Juzu Bracelet","Bronze Scales","Magic Flower","Blood Vial","Smiling Mask","Red Mask","Fusion Hammer","Frozen Egg 2","Orrery","Centennial Puzzle","Strawberry","Singing Bowl","Vajra"],"acts_visited":["Exordium","TheCity","TheBeyond"],"potions_floor_usage":[39,42,42,50],"damage_taken":[{"damage":5.0,"enemies":"Small Slimes","floor":1.0,"turns":3.0},{"damage":30.0,"enemies":"Lagavulin","floor":7.0,"turns":5.0},{"damage":7.0,"enemies":"Jaw Worm","floor":10.0,"turns":2.0},{"damage":35.0,"enemies":"3 Sentries","floor":13.0,"turns":8.0},{"damage":0.0,"enemies":"2 Louse","floor":14.0,"turns":3.0},{"damage":12.0,"enemies":"The Guardian","floor":16.0,"turns":15.0},{"damage":6.0,"enemies":"Spheric Guardian","floor":18.0,"turns":3.0},{"damage":6.0,"enemies":"3 Byrds","floor":21.0,"turns":3.0},{"damage":6.0,"enemies":"Shelled Parasite and Fungi","floor":24.0,"turns":4.0},{"damage":14.0,"enemies":"Slavers","floor":25.0,"turns":6.0},{"damage":6.0,"enemies":"Gremlin Leader","floor":30.0,"turns":4.0},{"damage":6.0,"enemies":"Masked Bandits","floor":31.0,"turns":3.0},{"damage":72.0,"enemies":"Collector","floor":33.0,"turns":9.0},{"damage":6.0,"enemies":"Orb Walker","floor":35.0,"turns":4.0},{"damage":0.0,"enemies":"3 Shapes","floor":37.0,"turns":3.0},{"damage":63,"enemies":"Transient","floor":39,"turns":6},{"damage":28,"enemies":"Spire Growth","floor":41,"turns":4},{"damage":55,"enemies":"Giant Head","floor":42,"turns":6},{"damage":28,"enemies":"Donu and Deca","floor":50,"turns":14}],"seed_played":"-4363969428932239683","potions_obtained":[{"floor":1.0,"key":"LiquidMemories"},{"floor":10.0,"key":"ElixirPotion"},{"floor":16.0,"key":"Fire Potion"},{"floor":21.0,"key":"Block Potion"},{"floor":25.0,"key":"PowerPotion"},{"floor":31.0,"key":"DistilledChaos"},{"floor":35.0,"key":"Weak Potion"},{"floor":37.0,"key":"FairyPotion"},{"floor":39,"key":"EntropicBrew"}],"is_trial":false,"path_per_floor":["M","?","?","$","?","R","E","$","T","M","?","R","E","M","R","B",null,"M","?","$","M","?","R","M","E","T","R","T","R","E","?","R","B",null,"M","$","M","$","M","R","M","E","T","?","?","R","T","?","R","B",null],"character_chosen":"IRONCLAD","items_purchased":["Membership Card","War Paint","Juzu Bracelet","Frozen Egg 2","Orrery","Feel No Pain+1","Centennial Puzzle"],"campfire_rested":5,"item_purchase_floors":[20,20,20,36,38,38,38],"current_hp_per_floor":[69,43,32,32,37,37,13,13,13,12,12,36,7,13,13,7,62,62,41,41,41,57,57,57,49,49,49,49,73,79,80,80,17,64,70,70,80,80,26,50,34,34,34,34,30,57,57,57,83,67],"gold":314,"neow_bonus":"ONE_RARE_RELIC","is_daily":false,"chose_seed":false,"campfire_upgraded":5,"win_rate":0.0,"timestamp":1607821374,"path_taken":["M","?","?","?","?","R","E","$","T","M","?","R","E","M","R","BOSS","M","?","$","M","?","R","M","E","T","R","?","R","E","?","R","BOSS","M","$","M","$","M","R","M","E","T","?","?","R","?","?","R","BOSS"],"items_purchased_type":["Relic","Relic","Relic","Relic","Relic","Card","Relic"],"build_version":"2020-11-30","purchased_purges":3,"victory":true,"max_hp_per_floor":[75,75,75,75,80,80,80,80,80,80,80,80,80,80,80,80,80,80,80,80,80,80,80,80,80,80,80,80,80,80,80,80,80,80,80,80,80,80,80,80,80,87,87,87,93,93,93,88,88,88],"card_choices":[{"not_picked":["Anger","Havoc"],"picked":"Carnage","floor":1.0},{"not_picked":["Blood for Blood","Exhume"],"picked":"Disarm","floor":7.0},{"not_picked":["Hemokinesis","Combust","Wild Strike"],"picked":"SKIP","floor":10.0},{"not_picked":["Spot Weakness","Bludgeon"],"picked":"Offering","floor":13.0},{"not_picked":["Dropkick","Twin Strike"],"picked":"Flame Barrier","floor":14.0},{"not_picked":["Double Tap","Fiend Fire"],"picked":"Impervious","floor":16.0},{"not_picked":["True Grit","Feel No Pain","Dual Wield"],"picked":"SKIP","floor":18.0},{"not_picked":["Shrug It Off","Power Through","Cleave"],"picked":"SKIP","floor":21.0},{"not_picked":["Clash","Twin Strike","Havoc"],"picked":"SKIP","floor":24.0},{"not_picked":["Thunderclap","Flex","Heavy Blade"],"picked":"SKIP","floor":25.0},{"not_picked":["Entrench+1","Shrug It Off","Twin Strike"],"picked":"SKIP","floor":30.0},{"not_picked":["Impervious","Corruption"],"picked":"Berserk","floor":33.0},{"not_picked":["Shockwave","Pommel Strike","Perfected Strike"],"picked":"SKIP","floor":35.0},{"not_picked":["Warcry","Infernal Blade"],"picked":"Entrench","floor":37.0},{"not_picked":["Havoc","Perfected Strike"],"picked":"Fire Breathing+1","floor":38.0},{"not_picked":["Armaments","Carnage"],"picked":"Dark Embrace+1","floor":38.0},{"not_picked":["Clothesline","Shockwave","Sword Boomerang"],"picked":"SKIP","floor":39},{"not_picked":["Rampage","Havoc","Shrug It Off"],"picked":"SKIP","floor":41},{"not_picked":["Bloodletting","Fire Breathing+1"],"picked":"Evolve+1","floor":42},{"not_picked":["Finesse","Bandage Up","Master of Strategy"],"picked":"Singing Bowl","floor":45},{"not_picked":["Dramatic Entrance","Purity","Discovery"],"picked":"Singing Bowl","floor":45},{"not_picked":["Flash of Steel","Dramatic Entrance","Magnetism+1"],"picked":"Singing Bowl","floor":45}],"player_experience":120841,"relics_obtained":[{"floor":7.0,"key":"Tiny Chest"},{"floor":9.0,"key":"The Courier"},{"floor":13.0,"key":"Art of War"},{"floor":19.0,"key":"Necronomicon"},{"floor":25.0,"key":"Bronze Scales"},{"floor":26.0,"key":"Magic Flower"},{"floor":28.0,"key":"Blood Vial"},{"floor":30.0,"key":"Smiling Mask"},{"floor":31.0,"key":"Red Mask"},{"floor":42,"key":"Strawberry"},{"floor":43,"key":"Singing Bowl"},{"floor":47,"key":"Vajra"}],"event_choices":[{"damage_healed":0.0,"max_hp_gain":0.0,"max_hp_loss":0.0,"gold_gain":0.0,"event_name":"Golden Idol","player_choice":"Take Damage","floor":2.0,"gold_loss":0.0,"damage_taken":26.0,"relics_obtained":["Golden Idol"]},{"damage_healed":0.0,"max_hp_gain":0.0,"max_hp_loss":0.0,"gold_gain":75.0,"event_name":"World of Goop","player_choice":"Gather Gold","floor":3.0,"gold_loss":0.0,"damage_taken":11.0},{"damage_healed":0.0,"max_hp_gain":5.0,"max_hp_loss":0.0,"gold_gain":0.0,"event_name":"Big Fish","player_choice":"Donut","floor":5.0,"gold_loss":0.0,"damage_taken":0.0},{"damage_healed":0.0,"max_hp_gain":0.0,"max_hp_loss":0.0,"gold_gain":0.0,"event_name":"Accursed Blacksmith","player_choice":"Forge","floor":11.0,"gold_loss":0.0,"damage_taken":0.0,"cards_upgraded":["Bash"]},{"damage_healed":0.0,"max_hp_gain":0.0,"max_hp_loss":0.0,"gold_gain":0.0,"event_name":"Cursed Tome","player_choice":"Obtained Book","floor":19.0,"gold_loss":0.0,"damage_taken":21.0},{"damage_healed":16.0,"max_hp_gain":0.0,"max_hp_loss":0.0,"gold_gain":0.0,"event_name":"The Library","player_choice":"Heal","floor":22.0,"gold_loss":0.0,"damage_taken":0.0},{"damage_healed":0.0,"max_hp_gain":0.0,"max_hp_loss":0.0,"gold_gain":0.0,"event_name":"Masked Bandits","player_choice":"Fought Bandits","floor":31.0,"gold_loss":0.0,"damage_taken":0.0},{"damage_healed":0,"gold_gain":222,"player_choice":"Wore Mask","damage_taken":0,"max_hp_gain":0,"max_hp_loss":0,"event_name":"Tomb of Lord Red Mask","floor":44,"gold_loss":0},{"damage_healed":0,"gold_gain":0,"player_choice":"Memory 3","damage_taken":10,"max_hp_gain":0,"max_hp_loss":0,"event_name":"SensoryStone","floor":45,"gold_loss":0},{"damage_healed":0,"gold_gain":0,"player_choice":"Max HP","damage_taken":0,"max_hp_gain":0,"max_hp_loss":5,"event_name":"Winding Halls","floor":48,"gold_loss":0}],"is_beta":false,"boss_relics":[{"not_picked":["Black Star","Empty Cage"],"picked":"Snecko Eye"},{"not_picked":["Pandora\u0027s Box","Black Blood"],"picked":"Fusion Hammer"}],"items_purged_floors":[4,20,36],"is_endless":false,"potions_floor_spawned":[1,10,16,21,25,30,31,35,37,39],"ascension_level":19}}