{"host":"h0xw20cia6ppa69g","time":1607852216,"event":{"mods":["AchievementEnabler","BaseMod","Colored Map","Googly Eyes","Minty Spire (QoL Compilation)","Relic Stats","StSLib","The Awakened One except there are too many feathers","everything is the same but u backflip on backflip"],"gold_per_floor":[19,119,131,131,46,75,75,104,131,131,19,51,64,64,64,161,161,181,106,132,148,162,195,221,246,269,278,352,391,416,455,455,565,565,586,611,353,34,61,98,98,118,118,118,151,151,185,194,194,194,194,194,10,43,43],"floor_reached":56,"playtime":3143,"items_purged":["Strike_G"],"score":1619,"play_id":"0593d0ef-3a8b-4b6b-a5e3-400153b99763","local_time":"20201213033656","is_ascension_mode":true,"campfire_choices":[{"data":"Neutralize","floor":15.0,"key":"SMITH"},{"floor":27,"key":"REST"},{"data":"Tactician","floor":32,"key":"SMITH"},{"floor":41,"key":"RECALL"},{"data":"Wraith Form v2","floor":46,"key":"SMITH"},{"data":"Setup","floor":49,"key":"SMITH"},{"data":"Bullet Time","floor":52,"key":"SMITH"}],"circlet_count":0,"master_deck":["Strike_G","Strike_G","Strike_G","Defend_G","Defend_G","Defend_G","Defend_G","Survivor","Neutralize+1","Corpse Explosion","Well Laid Plans+1","Acrobatics+1","Noxious Fumes","Deadly Poison","Tactician+1","Caltrops","Blur","After Image","Bullet Time+1","Predator+1","Blur","Glass Knife","Flechettes+1","Deadly Poison","Footwork+1","Outmaneuver+1","Sucker Punch+1","PiercingWail+1","Reflex","Wraith Form v2+1","Escape Plan","Sadistic Nature","Backflip","Setup+1","Noxious Fumes","Acrobatics+1","Deflect+1","Sucker Punch+1","Grand Finale","Wraith Form v2+1","Noxious Fumes"],"relics":["Ring of the Serpent","Toy Ornithopter","Anchor","FossilizedHelix","Red Mask","CeramicFish","Dream Catcher","Paper Crane","Mercury Hourglass","Oddly Smooth Stone","Runic Pyramid","Bag of Marbles","Happy Flower","Singing Bowl","Gremlin Horn","PreservedInsect","Mummified Hand","War Paint","Vajra"],"acts_visited":["Exordium","TheCity","TheBeyond","TheEnding"],"potions_floor_usage":[24,33,40,47,55],"damage_taken":[{"damage":0.0,"enemies":"Small Slimes","floor":1.0,"turns":3.0},{"damage":0.0,"enemies":"Cultist","floor":3.0,"turns":5.0},{"damage":5.0,"enemies":"Lagavulin","floor":6.0,"turns":8.0},{"damage":46.0,"enemies":"Gremlin Nob","floor":8.0,"turns":5.0},{"damage":5.0,"enemies":"Lagavulin","floor":12.0,"turns":8.0},{"damage":0.0,"enemies":"Jaw Worm","floor":13.0,"turns":4.0},{"damage":0.0,"enemies":"Hexaghost","floor":16.0,"turns":11.0},{"damage":0.0,"enemies":"Spheric Guardian","floor":18.0,"turns":6.0},{"damage":30,"enemies":"Masked Bandits","floor":20,"turns":4},{"damage":0,"enemies":"3 Byrds","floor":21,"turns":2},{"damage":0,"enemies":"Snecko","floor":22,"turns":6},{"damage":9,"enemies":"Gremlin Leader","floor":23,"turns":6},{"damage":18,"enemies":"Chosen and Byrds","floor":24,"turns":5},{"damage":10,"enemies":"Centurion and Healer","floor":25,"turns":4},{"damage":0,"enemies":"Book of Stabbing","floor":29,"turns":5},{"damage":0,"enemies":"Cultist and Chosen","floor":30,"turns":5},{"damage":0,"enemies":"Slavers","floor":31,"turns":5},{"damage":0,"enemies":"Automaton","floor":33,"turns":8},{"damage":0,"enemies":"Orb Walker","floor":35,"turns":3},{"damage":0,"enemies":"3 Shapes","floor":39,"turns":3},{"damage":39,"enemies":"Giant Head","floor":40,"turns":11},{"damage":0,"enemies":"Transient","floor":42,"turns":5},{"damage":0,"enemies":"Reptomancer","floor":45,"turns":7},{"damage":0,"enemies":"Giant Head","floor":47,"turns":8},{"damage":21,"enemies":"Time Eater","floor":50,"turns":14},{"damage":0,"enemies":"Shield and Spear","floor":54,"turns":6},{"damage":69,"enemies":"The Heart","floor":55,"turns":12}],"seed_played":"5107503688470260716","potions_obtained":[{"floor":6.0,"key":"Strength Potion"},{"floor":12.0,"key":"FairyPotion"},{"floor":21,"key":"CultistPotion"},{"floor":22,"key":"PowerPotion"},{"floor":24,"key":"CultistPotion"},{"floor":30,"key":"Fruit Juice"},{"floor":35,"key":"Regen Potion"},{"floor":40,"key":"DistilledChaos"}],"is_trial":false,"path_per_floor":["M","?","M","?","$","E","?","E","T","?","$","E","M","?","R","B",null,"M","?","?","M","M","E","M","M","T","R","T","E","M","E","R","B",null,"M","T","$","$","M","E","R","M","T","?","E","R","E","?","R","B",null,"R","$","E","B",null],"character_chosen":"THE_SILENT","items_purchased":["Noxious Fumes","Deadly Poison","Tactician","Caltrops","Sadistic Nature","Backflip","Happy Flower","Setup","Noxious Fumes","Noxious Fumes","War Paint"],"campfire_rested":1,"item_purchase_floors":[5,5,11,11,37,38,38,38,38,53,53],"current_hp_per_floor":[70,70,70,70,70,65,65,19,19,12,12,7,7,7,7,7,70,70,70,40,40,40,31,18,8,8,29,29,29,29,29,29,34,70,70,70,70,70,70,41,41,41,41,41,43,43,63,63,63,42,73,73,73,75,6],"gold":43,"neow_bonus":"THREE_RARE_CARDS","is_daily":false,"chose_seed":false,"campfire_upgraded":5,"win_rate":0.0,"timestamp":1607852216,"path_taken":["M","?","?","?","?","E","?","E","T","?","$","E","M","?","R","BOSS","M","?","?","M","M","E","M","M","T","R","?","E","?","E","R","BOSS","M","?","?","$","?","E","R","M","T","?","E","R","E","?","R","BOSS","R","$","E","BOSS"],"items_purchased_type":["Card","Card","Card","Card","Card","Card","Relic","Card","Card","Card","Relic"],"build_version":"2020-11-30","purchased_purges":1,"victory":true,"max_hp_per_floor":[70,70,70,70,70,70,70,70,70,70,70,70,70,70,70,70,70,70,70,70,70,70,70,70,70,70,70,70,70,70,70,70,70,70,70,70,70,70,70,75,75,75,75,71,73,73,73,73,73,73,73,73,73,75,75],"relic_stats":{"Dream Catcher":1,"Happy Flower":[22],"Singing Bowl":4,"Gremlin Horn":[5,6],"counters":[27,167],"Mummified Hand":[21],"CeramicFish":162,"PreservedInsect":193,"War Paint":["Acrobatics","Acrobatics"],"obtain_stats":[{"Happy Flower":38,"Singing Bowl":40,"Gremlin Horn":43,"CeramicFish":23,"Oddly Smooth Stone":31,"Vajra":54,"PreservedInsect":45,"Paper Crane":28,"War Paint":53,"Mercury Hourglass":29,"Anchor":8,"Dream Catcher":26,"Mummified Hand":47,"Red Mask":20,"Bag of Marbles":36,"Toy Ornithopter":6,"FossilizedHelix":12,"Ring of the Serpent":17,"Ring of the Snake":0,"Runic Pyramid":34},{"Happy Flower":19,"Singing Bowl":21,"Gremlin Horn":22,"CeramicFish":12,"Oddly Smooth Stone":17,"Vajra":26,"PreservedInsect":23,"Paper Crane":14,"War Paint":25,"Mercury Hourglass":15,"Anchor":4,"Dream Catcher":14,"Mummified Hand":24,"Red Mask":9,"Bag of Marbles":19,"Toy Ornithopter":3,"FossilizedHelix":5,"Ring of the Serpent":7,"Ring of the Snake":0,"Runic Pyramid":18},{"Happy Flower":103,"Singing Bowl":116,"Gremlin Horn":121,"CeramicFish":68,"Oddly Smooth Stone":92,"Vajra":155,"PreservedInsect":128,"Paper Crane":77,"War Paint":149,"Mercury Hourglass":82,"Anchor":21,"Dream Catcher":77,"Mummified Hand":136,"Red Mask":54,"Bag of Marbles":103,"Toy Ornithopter":16,"FossilizedHelix":29,"Ring of the Serpent":44,"Ring of the Snake":0,"Runic Pyramid":100}],"Toy Ornithopter":20,"Mercury Hourglass":[335]},"card_choices":[{"not_picked":["After Image","Envenom"],"picked":"Corpse Explosion","floor":0.0},{"not_picked":["Poisoned Stab","Catalyst"],"picked":"Well Laid Plans","floor":1.0},{"not_picked":["Dodge and Roll","Dagger Spray"],"picked":"Acrobatics","floor":3.0},{"not_picked":["Acrobatics","Cloak And Dagger","Infinite Blades"],"picked":"SKIP","floor":6.0},{"not_picked":["Acrobatics","Flechettes","Outmaneuver"],"picked":"SKIP","floor":8.0},{"not_picked":["Finisher","Eviscerate"],"picked":"Blur","floor":12.0},{"not_picked":["Skewer","Deadly Poison"],"picked":"After Image","floor":13.0},{"not_picked":["Phantasmal Killer","Night Terror"],"picked":"Bullet Time","floor":16.0},{"not_picked":["Poisoned Stab+1","Masterful Stab"],"picked":"Predator+1","floor":18.0},{"not_picked":["Escape Plan","Dagger Throw"],"picked":"Blur","floor":20},{"not_picked":["Deadly Poison+1","Terror+1"],"picked":"Glass Knife","floor":21},{"not_picked":["Bane","Underhanded Strike"],"picked":"Flechettes+1","floor":22},{"not_picked":["Prepared","Skewer","Caltrops"],"picked":"SKIP","floor":23},{"not_picked":["Dagger Spray","Deflect"],"picked":"Deadly Poison","floor":24},{"not_picked":["Reflex","Sucker Punch"],"picked":"Footwork+1","floor":25},{"not_picked":["Cloak And Dagger","Footwork"],"picked":"Outmaneuver+1","floor":27},{"not_picked":["Blur","Dagger Spray"],"picked":"Sucker Punch+1","floor":29},{"not_picked":["Footwork","Dodge and Roll"],"picked":"PiercingWail+1","floor":30},{"not_picked":["Bouncing Flask","Dash"],"picked":"Reflex","floor":31},{"not_picked":["Malaise","Doppelganger"],"picked":"Wraith Form v2","floor":33},{"not_picked":["Bouncing Flask","Underhanded Strike"],"picked":"Escape Plan","floor":35},{"not_picked":["Dagger Throw+1","Prepared"],"picked":"Acrobatics","floor":39},{"not_picked":["Riddle With Holes+1","All Out Attack+1"],"picked":"Deflect+1","floor":40},{"not_picked":["Heel Hook+1","Slice+1"],"picked":"Sucker Punch+1","floor":42},{"not_picked":["Dagger Spray+1","Underhanded Strike+1","Poisoned Stab+1"],"picked":"Singing Bowl","floor":45},{"not_picked":["Dagger Spray+1","Acrobatics+1"],"picked":"Grand Finale","floor":47},{"not_picked":["Dagger Throw","Blade Dance+1","Distraction"],"picked":"Singing Bowl","floor":54}],"player_experience":3484868,"relics_obtained":[{"floor":6.0,"key":"Toy Ornithopter"},{"floor":8.0,"key":"Anchor"},{"floor":12.0,"key":"FossilizedHelix"},{"floor":20,"key":"Red Mask"},{"floor":23,"key":"CeramicFish"},{"floor":26,"key":"Dream Catcher"},{"floor":28,"key":"Paper Crane"},{"floor":29,"key":"Mercury Hourglass"},{"floor":31,"key":"Oddly Smooth Stone"},{"floor":36,"key":"Bag of Marbles"},{"floor":40,"key":"Singing Bowl"},{"floor":43,"key":"Gremlin Horn"},{"floor":45,"key":"PreservedInsect"},{"floor":47,"key":"Mummified Hand"},{"floor":54,"key":"Vajra"}],"event_choices":[{"damage_healed":0.0,"max_hp_gain":0.0,"max_hp_loss":0.0,"gold_gain":100.0,"event_name":"Wheel of Change","player_choice":"Gold","floor":2.0,"gold_loss":0.0,"damage_taken":0.0},{"damage_healed":0.0,"max_hp_gain":0.0,"max_hp_loss":0.0,"gold_gain":0.0,"event_name":"NoteForYourself","player_choice":"Ignored","floor":4.0,"gold_loss":0.0,"damage_taken":0.0},{"damage_healed":0.0,"max_hp_gain":0.0,"max_hp_loss":0.0,"gold_gain":0.0,"event_name":"Liars Game","player_choice":"Ignored","floor":7.0,"gold_loss":0.0,"damage_taken":0.0},{"cards_removed":["Strike_G"],"damage_healed":0.0,"max_hp_gain":0.0,"max_hp_loss":0.0,"gold_gain":0.0,"event_name":"Golden Wing","player_choice":"Card Removal","floor":10.0,"gold_loss":0.0,"damage_taken":7.0},{"damage_healed":0.0,"max_hp_gain":0.0,"max_hp_loss":0.0,"gold_gain":0.0,"event_name":"Living Wall","player_choice":"Grow","floor":14.0,"gold_loss":0.0,"damage_taken":0.0,"cards_upgraded":["Well Laid Plans"]},{"cards_removed":["Defend_G"],"damage_healed":0.0,"max_hp_gain":0.0,"max_hp_loss":0.0,"gold_gain":0.0,"event_name":"Beggar","player_choice":"Gave Gold","floor":19.0,"gold_loss":75.0,"damage_taken":0.0},{"damage_healed":0,"gold_gain":0,"player_choice":"Fought Bandits","damage_taken":0,"max_hp_gain":0,"max_hp_loss":0,"event_name":"Masked Bandits","floor":20,"gold_loss":0},{"damage_healed":0,"gold_gain":0,"player_choice":"Max HP","damage_taken":0,"max_hp_gain":0,"max_hp_loss":4,"event_name":"Winding Halls","floor":44,"gold_loss":0},{"damage_healed":0,"gold_gain":0,"player_choice":"Copied","damage_taken":0,"max_hp_gain":0,"max_hp_loss":0,"event_name":"Duplicator","floor":48,"gold_loss":0,"cards_obtained":["Wraith Form v2"]}],"is_beta":false,"boss_relics":[{"not_picked":["Sozu","SlaversCollar"],"picked":"Ring of the Serpent"},{"not_picked":["Velvet Choker","Philosopher\u0027s Stone"],"picked":"Runic Pyramid"}],"items_purged_floors":[37],"is_endless":false,"potions_floor_spawned":[6,12,21,22,24,29,30,35,40],"ascension_level":1}}