{"host":"1","time":1607892699,"event":{"mods":["Act Like it!","BaseMod","Better Third Choice","Hubris","Jorbs\u0027s Wanderer Trilogy","Minty Spire (QoL Compilation)","Replay The Spire","Shade Mod","StSLib","The Cursed","The Mystic","Wandering Minibosses"],"gold_per_floor":[119,119,119,135,135,176,176,195,195,2,2,26,70,95,95,221,221,246,261,281,40,53,53,84,84,111,147,165,179,179,179,179,308,308,326,342,342,342,119,119,152,152,152,193,103,116,130,58,58,58,58,58,10,41,41],"floor_reached":56,"playtime":4590,"items_purged":["Voices"],"score":1332,"play_id":"d3e13a93-2e0f-4136-8202-8310d919cfaf","local_time":"20201213235139","is_ascension_mode":true,"campfire_choices":[{"floor":7,"key":"REST"},{"floor":15,"key":"REST"},{"floor":23,"key":"REST"},{"floor":25,"key":"RECALL"},{"floor":30,"key":"REST"},{"data":"Bash","floor":32,"key":"SMITH"},{"data":"Flex","floor":40,"key":"SMITH"},{"floor":42,"key":"REST"},{"floor":49,"key":"REST"},{"data":"Double Tap","floor":52,"key":"SMITH"}],"circlet_count":0,"master_deck":["Strike_R","Strike_R","Strike_R","Strike_R","Strike_R","Defend_R","Defend_R","Defend_R+1","Defend_R","Bash+1","Bloodletting","Inflame","Flex+1","Hemokinesis","Clash","Battle Trance","Brutality","Cleave+1","Inflame","Clash","Warcry","stsjorbsmod:Procrastination","ReplayTheSpireMod:System Scan","Reaper","Hemokinesis","Flex+1","ReplayTheSpireMod:Limb From Limb","Pommel Strike+1","Double Tap+1","Rupture","Clash"],"relics":["Burning Blood","Orichalcum","Golden Idol","Replay:WaspNest","Pear","ReplayTheSpireMod:TigerMarble","Anchor","Cursed Key","hubris:IronBody","Boot","PreservedInsect","King of Hearts","hubris:VirtuousBlindfold","Ring of Searing","ReplayTheSpireMod:Ring of Addiction","hubris:EmptyBottle","White Beast Statue","Blood Vial","Dream Catcher","Ancient Tea Set","hubris:MysteriousPyramids"],"acts_visited":["Exordium","TheCity","TheBeyond","TheEnding"],"potions_floor_usage":[13,13,16,24,24,24,33,33,41,44,46,46,50,50,50,50,50,50,50,50,50,50,55,55,55,55,55,55],"damage_taken":[{"damage":8,"enemies":"2 Louse","floor":1,"turns":3},{"damage":4,"enemies":"Jaw Worm","floor":4,"turns":3},{"damage":36,"enemies":"Lagavulin","floor":6,"turns":8},{"damage":7,"enemies":"Small Slimes","floor":8,"turns":3},{"damage":6,"enemies":"3 Louse","floor":12,"turns":3},{"damage":27,"enemies":"Gremlin Nob","floor":13,"turns":5},{"damage":2,"enemies":"Exordium Wildlife","floor":14,"turns":2},{"damage":68,"enemies":"Fading Forest","floor":16,"turns":11},{"damage":10,"enemies":"3 Byrds","floor":18,"turns":4},{"damage":10,"enemies":"Chosen","floor":19,"turns":3},{"damage":36,"enemies":"Snecko","floor":20,"turns":5},{"damage":16,"enemies":"Centurion and Healer","floor":22,"turns":4},{"damage":15,"enemies":"Slavers","floor":24,"turns":4},{"damage":12,"enemies":"Replay:Snechameleon","floor":27,"turns":4},{"damage":25,"enemies":"Cultist and Chosen","floor":28,"turns":5},{"damage":4,"enemies":"Snecko","floor":29,"turns":3},{"damage":61,"enemies":"Automaton","floor":33,"turns":7},{"damage":12,"enemies":"Orb Walker","floor":35,"turns":3},{"damage":15,"enemies":"3 Darklings","floor":36,"turns":3},{"damage":40,"enemies":"Reptomancer","floor":41,"turns":4},{"damage":38,"enemies":"Giant Head","floor":44,"turns":5},{"damage":32,"enemies":"Maw","floor":46,"turns":5},{"damage":5,"enemies":"Transient","floor":47,"turns":5},{"damage":30,"enemies":"Donu and Deca","floor":50,"turns":6},{"damage":62,"enemies":"Shield and Spear","floor":54,"turns":4},{"damage":84,"enemies":"The Heart","floor":55,"turns":6}],"seed_played":"5289242343382933685","potions_obtained":[{"floor":1,"key":"EssenceOfSteel"},{"floor":8,"key":"Weak Potion"},{"floor":12,"key":"LifebloodPotion"},{"floor":14,"key":"Reflective Coating"},{"floor":20,"key":"Venom Potion"},{"floor":22,"key":"BlessingOfTheForge"},{"floor":28,"key":"Cursed Concoction"},{"floor":29,"key":"FearPotion"},{"floor":38,"key":"EntropicBrew"},{"floor":38,"key":"Energy Potion"},{"floor":38,"key":"LiquidBronze"},{"floor":44,"key":"Death Potion"},{"floor":46,"key":"SkillPotion"},{"floor":47,"key":"HeartOfIron"},{"floor":54,"key":"Weak Potion"}],"is_trial":false,"path_per_floor":["M","?","?","M","?","E","R","M","T","$","$","M","E","M","R","B",null,"M","M","M","$","M","R","E","R","T","E","M","M","R","?","R","B",null,"M","M","?","?","$","R","E","R","T","E","?","M","M","$","R","B",null,"R","$","E","B",null],"character_chosen":"IRONCLAD","items_purchased":["ReplayTheSpireMod:TigerMarble","ColorlessPotion","hubris:IronBody","Blood Vial","Rupture","BlessingOfTheForge"],"campfire_rested":6,"item_purchase_floors":[10,10,21,39,48,53],"current_hp_per_floor":[78,78,78,80,60,30,54,53,63,63,63,63,42,46,73,21,90,86,82,52,52,42,69,60,60,60,54,35,37,64,64,64,9,90,86,90,90,90,90,90,63,90,90,81,81,70,73,73,90,64,88,88,88,44,14],"gold":41,"neow_bonus":"RANDOM_COMMON_RELIC","is_daily":false,"chose_seed":false,"campfire_upgraded":3,"win_rate":0.0,"timestamp":1607892699,"path_taken":["M","?","?","M","?","E","R","M","T","?","$","M","E","M","R","BOSS","M","M","M","$","M","R","E","R","T","E","M","M","R","?","R","BOSS","M","M","?","?","$","R","E","R","T","E","?","M","M","$","R","BOSS","R","$","E","BOSS"],"items_purchased_type":["Relic","Potion","Relic","Relic","Card","Potion"],"build_version":"2020-11-17","purchased_purges":1,"victory":true,"max_hp_per_floor":[80,80,80,80,80,80,80,80,90,90,90,90,90,90,90,90,90,90,90,90,90,90,90,90,90,90,90,90,90,90,90,90,90,90,90,90,90,90,90,90,90,90,90,90,90,90,90,90,90,88,88,88,88,86,86],"card_choices":[{"not_picked":["Body Slam","Wild Strike"],"picked":"Bloodletting","floor":1},{"not_picked":["hubris:ReadiedAction","Shrug It Off"],"picked":"Flex","floor":4},{"not_picked":["Demonic Infusion","Armaments"],"picked":"Hemokinesis","floor":6},{"not_picked":["Sever Soul","Heavy Blade"],"picked":"Clash","floor":8},{"not_picked":["Perfected Strike","Cleave","Armaments"],"picked":"SKIP","floor":12},{"not_picked":["Thunderclap","Armaments","Clothesline"],"picked":"SKIP","floor":13},{"not_picked":["Metallicize","Whirlwind"],"picked":"Battle Trance","floor":14},{"not_picked":["Double Tap","Barricade"],"picked":"Brutality","floor":16},{"not_picked":["Warcry","Sword Boomerang"],"picked":"Cleave+1","floor":18},{"not_picked":["Wild Strike","Pummel"],"picked":"Inflame","floor":19},{"not_picked":["Twin Strike+1","Abandon+1"],"picked":"Clash","floor":20},{"not_picked":["Thunderclap","Sword Boomerang"],"picked":"Warcry","floor":22},{"not_picked":["Dropkick","ReplayReversal","Brutality"],"picked":"SKIP","floor":24},{"not_picked":["Perfected Strike","Searing Blow+1","Evolve"],"picked":"SKIP","floor":27},{"not_picked":["Twin Strike+1","Shrug It Off","Sword Boomerang+1"],"picked":"SKIP","floor":28},{"not_picked":["True Grit","Twin Strike"],"picked":"Replay:Undeath\u0027s Touch+1","floor":29},{"not_picked":["Brutality","Bludgeon"],"picked":"Reaper","floor":33},{"not_picked":["Metallicize+1","Heavy Blade"],"picked":"Hemokinesis","floor":35},{"not_picked":["Disarm","Warcry+1","Massacre"],"picked":"SKIP","floor":36},{"not_picked":["ReplayTheSpireMod:Corrosion Curse+1","Bloodletting","ReplayTheSpireMod:Strike From Hell+1"],"picked":"SKIP","floor":41},{"not_picked":["Warcry","True Grit"],"picked":"Flex+1","floor":42},{"not_picked":["ReplayTheSpireMod:Corrosion Curse+1","Iron Wave+1"],"picked":"ReplayTheSpireMod:Limb From Limb","floor":44},{"not_picked":["Replay:Undeath\u0027s Touch+1","Headbutt+1"],"picked":"Pommel Strike+1","floor":46},{"not_picked":["Headbutt","Anger"],"picked":"Double Tap","floor":47},{"not_picked":["Clothesline","Barricade"],"picked":"Clash","floor":54}],"player_experience":62521,"relics_obtained":[{"floor":6,"key":"Replay:WaspNest"},{"floor":9,"key":"Pear"},{"floor":13,"key":"Anchor"},{"floor":24,"key":"Boot"},{"floor":26,"key":"PreservedInsect"},{"floor":27,"key":"King of Hearts"},{"floor":38,"key":"Ring of Searing"},{"floor":38,"key":"ReplayTheSpireMod:Ring of Addiction"},{"floor":38,"key":"hubris:EmptyBottle"},{"floor":38,"key":"White Beast Statue"},{"floor":41,"key":"Dream Catcher"},{"floor":44,"key":"Ancient Tea Set"},{"floor":54,"key":"hubris:MysteriousPyramids"}],"event_choices":[{"damage_healed":0,"gold_gain":0,"player_choice":"Take Damage","damage_taken":20,"relics_obtained":["Golden Idol"],"max_hp_gain":0,"max_hp_loss":0,"event_name":"Golden Idol","floor":5,"gold_loss":0},{"damage_healed":0,"gold_gain":0,"player_choice":"Read","damage_taken":0,"max_hp_gain":0,"max_hp_loss":0,"event_name":"The Library","floor":31,"gold_loss":0,"cards_obtained":["ReplayTheSpireMod:System Scan"]},{"cards_removed":["Replay:Undeath\u0027s Touch"],"damage_healed":0,"gold_gain":0,"player_choice":"Removed Attack","damage_taken":0,"max_hp_gain":0,"max_hp_loss":0,"event_name":"Falling","floor":37,"gold_loss":0},{"cards_removed":["hubris:Greed"],"damage_healed":0,"gold_gain":0,"player_choice":"Upgrade and Remove","damage_taken":0,"max_hp_gain":0,"max_hp_loss":0,"event_name":"Designer","floor":45,"gold_loss":90,"cards_upgraded":["Defend_R"]}],"is_beta":true,"boss_relics":[{"not_picked":["SlaversCollar","Astrolabe"],"picked":"Cursed Key"},{"not_picked":["Replay:Grab Bag","Snecko Eye"],"picked":"hubris:VirtuousBlindfold"}],"items_purged_floors":[39],"is_endless":false,"potions_floor_spawned":[1,8,12,14,20,22,28,29,41,44,46,47,54],"ascension_level":1}}