{"host":"zp77qmjofmfw6r2u","time":1607832639,"event":{"mods":["BaseMod","Minty Spire (QoL Compilation)","Rare Cards Sparkle","Relic Stats"],"gold_per_floor":[114,38,38,38,53,87,87,120,120,145,145,145,176,191,191,286,286,296,215,130,55,55,55,84,95,95,95,141,151,161,175,175,276,276,286,134,134,134,134,134,134,9,9,9],"floor_reached":43,"playtime":1946,"items_purged":["Defend_R","Strike_R","Strike_R"],"score":780,"play_id":"35c210b6-060f-4cae-a12c-cf3ab76446a4","local_time":"20201212221039","is_ascension_mode":true,"campfire_choices":[{"data":"1","floor":7,"key":"LIFT"},{"data":"2","floor":12,"key":"LIFT"},{"data":"3","floor":15,"key":"LIFT"},{"floor":23,"key":"RECALL"},{"floor":27,"key":"REST"},{"floor":32,"key":"REST"},{"data":"Heavy Blade","floor":41,"key":"SMITH"}],"circlet_count":0,"master_deck":["Strike_R","Strike_R","Strike_R","Defend_R","Bash","Sword Boomerang","Metallicize","Pommel Strike","Heavy Blade+1","Metallicize","Feed","Searing Blow","Heavy Blade","Sword Boomerang","Feed","Inflame+1","Metallicize+1","Metallicize+1","Feed","Inflame+1","Feed","Sword Boomerang+1","Dramatic Entrance"],"relics":["Burning Blood","NeowsBlessing","Girya","Incense Burner","MealTicket","Shuriken","Bottled Flame","Frozen Egg 2","Black Star","Question Card","Ancient Tea Set","Sundial","Potion Belt","SacredBark"],"acts_visited":["Exordium","TheCity","TheBeyond","TheEnding"],"potions_floor_usage":[8,8,13,16,39,39],"damage_taken":[{"damage":0,"enemies":"Jaw Worm","floor":1,"turns":1},{"damage":0,"enemies":"Cultist","floor":5,"turns":1},{"damage":0,"enemies":"3 Sentries","floor":6,"turns":1},{"damage":25,"enemies":"Lagavulin","floor":8,"turns":4},{"damage":12,"enemies":"3 Sentries","floor":10,"turns":9},{"damage":11,"enemies":"Gremlin Nob","floor":13,"turns":3},{"damage":0,"enemies":"2 Louse","floor":14,"turns":1},{"damage":31,"enemies":"Hexaghost","floor":16,"turns":6},{"damage":2,"enemies":"Chosen","floor":18,"turns":3},{"damage":40,"enemies":"Gremlin Leader","floor":24,"turns":6},{"damage":33,"enemies":"2 Thieves","floor":25,"turns":3},{"damage":2,"enemies":"Chosen and Byrds","floor":29,"turns":4},{"damage":31,"enemies":"Cultist and Chosen","floor":30,"turns":5},{"damage":20,"enemies":"3 Cultists","floor":31,"turns":5},{"damage":50,"enemies":"Automaton","floor":33,"turns":8},{"damage":33,"enemies":"3 Shapes","floor":35,"turns":3},{"damage":176,"enemies":"Donu and Deca","floor":39,"turns":11},{"damage":118,"enemies":"Shield and Spear","floor":43,"turns":5}],"seed_played":"-6248057214073575863","potions_obtained":[{"floor":1,"key":"Strength Potion"},{"floor":5,"key":"CultistPotion"},{"floor":10,"key":"Strength Potion"},{"floor":13,"key":"LiquidBronze"},{"floor":24,"key":"FairyPotion"},{"floor":30,"key":"Weak Potion"}],"is_trial":false,"path_per_floor":["M","$","?","?","M","E","R","E","T","E","?","R","E","M","R","B",null,"M","$","?","$","?","R","E","M","T","R","T","M","M","M","R","B",null,"M","$","?","?","B",null,"R","$","E"],"character_chosen":"IRONCLAD","items_purchased":["Metallicize","Inflame+1","BloodPotion"],"campfire_rested":2,"item_purchase_floors":[2,19,36],"current_hp_per_floor":[80,80,73,66,72,78,78,59,59,53,53,53,48,57,57,32,83,86,86,86,86,86,86,55,31,31,58,58,68,49,41,74,30,110,89,104,104,104,50,116,116,116,0,0],"gold":9,"neow_bonus":"THREE_ENEMY_KILL","is_daily":false,"chose_seed":false,"campfire_upgraded":1,"win_rate":0.0,"timestamp":1607832639,"path_taken":["M","$","?","?","M","E","R","E","T","E","?","R","E","?","R","BOSS","M","$","?","$","?","R","E","M","T","R","?","M","M","M","R","BOSS","M","$","?","?","BOSS","R","$","E"],"items_purchased_type":["Card","Card","Potion"],"build_version":"2020-11-30","purchased_purges":3,"victory":false,"max_hp_per_floor":[80,80,80,80,80,80,80,80,80,80,80,80,80,83,83,83,83,86,86,86,86,86,86,89,92,92,92,92,98,104,110,110,110,110,116,116,116,116,116,116,116,116,116,116],"relic_stats":{"counters":[18,79],"Shuriken":[19],"Sundial":[4],"MealTicket":15,"Black Star":1,"Question Card":8,"obtain_stats":[{"Potion Belt":28,"Girya":3,"NeowsBlessing":0,"SacredBark":34,"Incense Burner":6,"Frozen Egg 2":13,"Question Card":20,"Ancient Tea Set":24,"Burning Blood":0,"Bottled Flame":10,"Shuriken":9,"Sundial":24,"MealTicket":8,"Black Star":17},{"Potion Belt":11,"Girya":1,"NeowsBlessing":0,"SacredBark":15,"Incense Burner":3,"Frozen Egg 2":6,"Question Card":9,"Ancient Tea Set":10,"Burning Blood":0,"Bottled Flame":5,"Shuriken":4,"Sundial":10,"MealTicket":4,"Black Star":8},{"Potion Belt":38,"Girya":1,"NeowsBlessing":0,"SacredBark":60,"Incense Burner":3,"Frozen Egg 2":19,"Question Card":29,"Ancient Tea Set":35,"Burning Blood":0,"Bottled Flame":16,"Shuriken":7,"Sundial":35,"MealTicket":7,"Black Star":26}],"Burning Blood":92},"card_choices":[{"not_picked":["Sever Soul","Flame Barrier"],"picked":"Sword Boomerang","floor":1},{"not_picked":["Rampage","Headbutt"],"picked":"Pommel Strike","floor":5},{"not_picked":["Sword Boomerang","Iron Wave"],"picked":"Heavy Blade","floor":6},{"not_picked":["Entrench","Ghostly Armor"],"picked":"Metallicize","floor":8},{"not_picked":["Combust","Intimidate"],"picked":"Feed","floor":10},{"not_picked":["Pommel Strike","Dual Wield"],"picked":"Heavy Blade","floor":13},{"not_picked":["Body Slam","Headbutt"],"picked":"Sword Boomerang","floor":14},{"not_picked":["Immolate","Barricade+1"],"picked":"Feed","floor":16},{"not_picked":["Iron Wave","Havoc","Searing Blow"],"picked":"SKIP","floor":18},{"not_picked":["Sword Boomerang","Armaments","Twin Strike+1"],"picked":"Metallicize+1","floor":24},{"not_picked":["Anger+1","Armaments","Pummel"],"picked":"Feed","floor":25},{"not_picked":["Clothesline","Pommel Strike","Cleave"],"picked":"Inflame+1","floor":29},{"not_picked":["Pommel Strike","Blood for Blood","Dark Embrace+1","Second Wind"],"picked":"SKIP","floor":30},{"not_picked":["Headbutt","Havoc","Twin Strike","Whirlwind"],"picked":"SKIP","floor":31},{"not_picked":["Bludgeon","Offering","Immolate"],"picked":"Feed","floor":33},{"not_picked":["Armaments+1","Warcry+1","Reckless Charge+1"],"picked":"Sword Boomerang+1","floor":35},{"not_picked":["Mind Blast","Metamorphosis","Blind"],"picked":"Dramatic Entrance","floor":37}],"player_experience":281215,"relics_obtained":[{"floor":6,"key":"Incense Burner"},{"floor":8,"key":"MealTicket"},{"floor":9,"key":"Shuriken"},{"floor":10,"key":"Bottled Flame"},{"floor":13,"key":"Frozen Egg 2"},{"floor":24,"key":"Ancient Tea Set"},{"floor":24,"key":"Sundial"},{"floor":28,"key":"Potion Belt"}],"event_choices":[{"damage_healed":0,"gold_gain":0,"player_choice":"Success","damage_taken":7,"relics_obtained":["Girya"],"max_hp_gain":0,"max_hp_loss":0,"event_name":"Scrap Ooze","floor":3,"gold_loss":0},{"cards_removed":["Defend_R"],"damage_healed":0,"gold_gain":0,"player_choice":"Card Removal","damage_taken":7,"max_hp_gain":0,"max_hp_loss":0,"event_name":"Golden Wing","floor":4,"gold_loss":0},{"damage_healed":0,"gold_gain":0,"cards_transformed":["Defend_R"],"player_choice":"Transformed","damage_taken":0,"max_hp_gain":0,"max_hp_loss":0,"event_name":"Transmorgrifier","floor":11,"gold_loss":0,"cards_obtained":["Searing Blow"]},{"damage_healed":0,"gold_gain":0,"player_choice":"Obtained Relic","damage_taken":0,"relics_obtained":["Question Card"],"max_hp_gain":0,"max_hp_loss":0,"event_name":"Addict","floor":20,"gold_loss":85},{"damage_healed":0,"gold_gain":0,"player_choice":"Read","damage_taken":0,"max_hp_gain":0,"max_hp_loss":0,"event_name":"The Library","floor":22,"gold_loss":0,"cards_obtained":["Metallicize"]},{"damage_healed":0,"gold_gain":0,"player_choice":"Memory 1","damage_taken":0,"max_hp_gain":0,"max_hp_loss":0,"event_name":"SensoryStone","floor":37,"gold_loss":0},{"damage_healed":0,"gold_gain":0,"player_choice":"Took Portal","damage_taken":0,"max_hp_gain":0,"max_hp_loss":0,"event_name":"SecretPortal","floor":38,"gold_loss":0}],"is_beta":false,"boss_relics":[{"not_picked":["Coffee Dripper","Cursed Key"],"picked":"Black Star"},{"not_picked":["Astrolabe","Sozu"],"picked":"SacredBark"}],"items_purged_floors":[21,36,42],"is_endless":false,"potions_floor_spawned":[1,5,10,13,24,30],"killed_by":"Shield and Spear","ascension_level":2}}