{"host":"zr590xw2unlz0wv7","time":1607879922,"event":{"mods":["BaseMod","Minty Spire (QoL Compilation)","READ ME - Guardian Mod","StSLib"],"gold_per_floor":[20,20,31,45,57,57,85,105,131,149,149,161,176,176,176,273,273,273,273,273,273,59,59,59,59,59,59,59,59,59,2,2,2,2],"floor_reached":33,"playtime":1360,"items_purged":[],"score":366,"play_id":"26463122-1a33-4d51-8c84-4fcbbee86e52","local_time":"20201214011842","is_ascension_mode":true,"campfire_choices":[{"data":"Flex","floor":6,"key":"SMITH"},{"data":"Armaments","floor":11,"key":"SMITH"},{"data":"Intimidate","floor":15,"key":"SMITH"},{"floor":24,"key":"REST"},{"floor":32,"key":"REST"}],"circlet_count":0,"master_deck":["Strike_R","Strike_R","Strike_R","Strike_R","Strike_R","Defend_R","Defend_R","Defend_R","Defend_R","Bash","Pummel","Pummel","Flex+1","Uppercut","Armaments+1","Reaper","Intimidate+1","Bludgeon+1","Thunderclap","Bloodletting+1","Sever Soul","Swift Strike","Shrug It Off","Juggernaut","Shame","Seeing Red","Havoc+1","Thunderclap+1"],"relics":["Burning Blood","Unceasing Top","Boot","Art of War","Bottled Flame","Ectoplasm","MawBank","Matryoshka","Omamori","Darkstone Periapt","Peace Pipe"],"acts_visited":["Exordium","TheCity"],"potions_floor_usage":[7,13,16,21,23,30,30],"damage_taken":[{"damage":1,"enemies":"Cultist","floor":1,"turns":3},{"damage":16,"enemies":"Jaw Worm","floor":3,"turns":4},{"damage":2,"enemies":"2 Louse","floor":4,"turns":3},{"damage":7,"enemies":"Large Slime","floor":5,"turns":7},{"damage":39,"enemies":"Lagavulin","floor":7,"turns":6},{"damage":18,"enemies":"Exordium Thugs","floor":8,"turns":3},{"damage":0,"enemies":"Exordium Wildlife","floor":10,"turns":2},{"damage":16,"enemies":"3 Louse","floor":12,"turns":2},{"damage":16,"enemies":"Lots of Slimes","floor":13,"turns":4},{"damage":38,"enemies":"The Guardian","floor":16,"turns":12},{"damage":40,"enemies":"Shell Parasite","floor":18,"turns":6},{"damage":12,"enemies":"Chosen","floor":19,"turns":4},{"damage":52,"enemies":"Centurion and Healer","floor":21,"turns":5},{"damage":50,"enemies":"Slavers","floor":23,"turns":6},{"damage":13,"enemies":"Snecko","floor":25,"turns":3},{"damage":28,"enemies":"Cultist and Chosen","floor":28,"turns":6},{"damage":12,"enemies":"Centurion and Healer","floor":29,"turns":3},{"damage":17,"enemies":"Book of Stabbing","floor":30,"turns":3},{"damage":41,"enemies":"Automaton","floor":33,"turns":4}],"seed_played":"1327407728682679089","potions_obtained":[{"floor":1,"key":"Block Potion"},{"floor":3,"key":"FairyPotion"},{"floor":8,"key":"LiquidMemories"},{"floor":10,"key":"SkillPotion"},{"floor":16,"key":"Swift Potion"},{"floor":19,"key":"SteroidPotion"},{"floor":23,"key":"Dexterity Potion"},{"floor":28,"key":"Swift Potion"}],"is_trial":false,"path_per_floor":["M","$","M","M","M","R","E","M","T","M","R","M","M","T","R","B",null,"M","M","?","M","$","E","R","M","T","?","M","M","E","?","R","B"],"character_chosen":"IRONCLAD","items_purchased":["Swift Strike","Shrug It Off","Fruit Juice"],"campfire_rested":2,"item_purchase_floors":[22,22,22],"current_hp_per_floor":[80,80,70,74,73,73,40,28,28,34,34,24,34,34,34,8,62,33,33,33,9,9,17,42,35,35,35,13,19,8,8,33,0,0],"gold":2,"neow_bonus":"ONE_RARE_RELIC","is_daily":false,"chose_seed":false,"campfire_upgraded":3,"win_rate":0.0,"timestamp":1607879922,"path_taken":["M","?","?","M","M","R","E","M","T","M","R","M","M","?","R","BOSS","M","?","?","?","?","E","R","M","T","?","M","M","E","?","R","BOSS"],"items_purchased_type":["Card","Card","Potion"],"build_version":"2020-11-30","purchased_purges":0,"victory":false,"max_hp_per_floor":[80,80,80,80,80,80,80,80,80,80,80,80,80,80,80,80,80,80,80,80,80,80,85,85,85,85,85,85,85,85,85,85,85,85],"card_choices":[{"not_picked":["Havoc","Iron Wave"],"picked":"Pummel","floor":1},{"not_picked":["Clothesline","Sword Boomerang"],"picked":"Pummel","floor":3},{"not_picked":["Body Slam","Dual Wield","Headbutt"],"picked":"SKIP","floor":4},{"not_picked":["Spot Weakness","Whirlwind"],"picked":"Flex","floor":5},{"not_picked":["Shockwave","Havoc"],"picked":"Uppercut","floor":7},{"not_picked":["Pommel Strike","Metallicize"],"picked":"Armaments","floor":8},{"not_picked":["Headbutt","Body Slam","Entrench"],"picked":"SKIP","floor":10},{"not_picked":["Flame Barrier","Clash"],"picked":"Reaper","floor":12},{"not_picked":["Iron Wave","Clothesline"],"picked":"Intimidate","floor":13},{"not_picked":["Berserk","Brutality"],"picked":"Bludgeon","floor":16},{"not_picked":["Pummel+1","Searing Blow"],"picked":"Thunderclap","floor":18},{"not_picked":["Body Slam","Cleave"],"picked":"Bloodletting+1","floor":19},{"not_picked":["Sword Boomerang","Iron Wave"],"picked":"Sever Soul","floor":21},{"not_picked":["Iron Wave+1","Metallicize"],"picked":"Juggernaut","floor":23},{"not_picked":["Sword Boomerang","Flame Barrier","Shrug It Off+1"],"picked":"SKIP","floor":25},{"not_picked":["Hemokinesis","Perfected Strike"],"picked":"Seeing Red","floor":28},{"not_picked":["Iron Wave+1","Heavy Blade"],"picked":"Havoc+1","floor":29},{"not_picked":["Reckless Charge+1","Iron Wave"],"picked":"Thunderclap+1","floor":30}],"player_experience":467917,"relics_obtained":[{"floor":7,"key":"Boot"},{"floor":9,"key":"Art of War"},{"floor":14,"key":"Bottled Flame"},{"floor":23,"key":"MawBank"},{"floor":26,"key":"Matryoshka"},{"floor":30,"key":"Darkstone Periapt"}],"event_choices":[{"damage_healed":0,"gold_gain":0,"player_choice":"Forge","damage_taken":0,"max_hp_gain":0,"max_hp_loss":0,"event_name":"Accursed Blacksmith","floor":20,"gold_loss":0,"cards_upgraded":["Bludgeon"]},{"damage_healed":0,"gold_gain":0,"player_choice":"Stole Relic","damage_taken":0,"relics_obtained":["Omamori"],"max_hp_gain":0,"max_hp_loss":0,"event_name":"Addict","floor":27,"gold_loss":0,"cards_obtained":["Shame"]},{"damage_healed":0,"gold_gain":0,"player_choice":"Paid Gold","damage_taken":0,"relics_obtained":["Peace Pipe"],"max_hp_gain":0,"max_hp_loss":0,"event_name":"WeMeetAgain","floor":31,"gold_loss":57}],"is_beta":false,"boss_relics":[{"not_picked":["Cursed Key","Busted Crown"],"picked":"Ectoplasm"}],"items_purged_floors":[],"is_endless":false,"potions_floor_spawned":[1,3,8,10,16,19,23,28],"killed_by":"Automaton","ascension_level":5}}