{"host":"z9grmtg2w0nmz8n1","time":1607835880,"event":{"mods":["Aspiration","BaseMod","Better Third Choice","BetterRewards","CCEM","Colored Map","GifTheSpireLib","Highlight Path","Hubris","Infinite Spire","Jedi Mod","Jorbs\u0027s Wanderer Trilogy","Minty Spire (QoL Compilation)","Permanent Neow","Replay The Spire","Spicy Shops","StSLib","Stuff the Spire","The Bug Knight"],"gold_per_floor":[114,124,124,124,144,144,162,191,191,203,22,22,48,59,59,161,261,279,294,294,345,363,391,391,406,406,418,452,452,452,452],"floor_reached":30,"playtime":1446,"items_purged":["Regret"],"score":332,"play_id":"fd04b8e8-df6a-4791-ba63-3fd4c90d0387","local_time":"20201213030440","is_ascension_mode":false,"campfire_choices":[{"floor":6,"key":"RECALL"},{"floor":15,"key":"DIG"},{"data":"Noxious Fumes","floor":24,"key":"SMITH"}],"circlet_count":0,"master_deck":["Strike_G","Strike_G","Strike_G","Strike_G","Defend_G","Defend_G","Defend_G","Defend_G","Defend_G","Survivor","Neutralize","Poisoned Stab","hubris:Fate","StuffTheSpire:Injection+1","Poisoned Stab+1","Noxious Fumes+1","Deadly Poison+1","Deadly Poison"],"relics":["Ring of the Snake","aspiration:Nostalgia","Burning Blood","Molten Egg 2","Shuriken","hubris:SlimyHat","jedi:rubbersling","Replay:Wanted Poster","hubris:BottledHeart","Regal Pillow","StuffTheSpire:SapphireSignet","StuffTheSpire:NeowsTribute","Lantern"],"acts_visited":["Exordium","TheCity"],"potions_floor_usage":[7,16,28],"damage_taken":[{"damage":2,"enemies":"Cultist","floor":1,"turns":5},{"damage":0,"enemies":"Jaw Worm","floor":2,"turns":3},{"damage":1,"enemies":"Small Slimes","floor":5,"turns":3},{"damage":0,"enemies":"Exordium Thugs","floor":7,"turns":2},{"damage":22,"enemies":"Gremlin Nob","floor":8,"turns":4},{"damage":0,"enemies":"Large Slime","floor":10,"turns":4},{"damage":28,"enemies":"3 Sentries","floor":13,"turns":7},{"damage":3,"enemies":"Exordium Wildlife","floor":14,"turns":4},{"damage":48,"enemies":"Fading Forest","floor":16,"turns":11},{"damage":9,"enemies":"2 Thieves","floor":18,"turns":4},{"damage":11,"enemies":"Spheric Guardian","floor":19,"turns":5},{"damage":0,"enemies":"Chosen and Byrds","floor":22,"turns":4},{"damage":0,"enemies":"HollowMod:Nosk","floor":23,"turns":5},{"damage":0,"enemies":"Snake Plant","floor":25,"turns":2},{"damage":0,"enemies":"Centurion and Healer","floor":27,"turns":5},{"damage":0,"enemies":"Gremlin Leader","floor":28,"turns":3}],"seed_played":"-3640540447515281845","potions_obtained":[{"floor":1,"key":"FearPotion"},{"floor":5,"key":"Fire Potion"},{"floor":10,"key":"FairyPotion"},{"floor":13,"key":"PowerPotion"},{"floor":25,"key":"LifebloodPotion"},{"floor":27,"key":"Elixir"},{"floor":28,"key":"Weak Potion"}],"is_trial":false,"path_per_floor":["M","M","?","?","M","R","M","E","T","M","$","?","E","M","R_BF","B",null,"M","M","?","T","M","E","R","M","T","M","E","?","?"],"character_chosen":"THE_SILENT","items_purchased":["Noxious Fumes"],"campfire_rested":0,"item_purchase_floors":[11],"current_hp_per_floor":[70,70,52,52,57,57,63,47,47,53,53,53,31,49,49,17,70,67,62,1,1,1,1,1,1,1,1,1,1,0,0],"gold":452,"neow_bonus":"NOSTALGIA","is_daily":false,"chose_seed":false,"campfire_upgraded":1,"win_rate":0.0,"timestamp":1607835880,"path_taken":["M","M","?","?","M","R","M","E","T","M","$","?","E","?","R_BF","BOSS","M","M","?","?","M","E","R","M","T","M","E","?","?"],"items_purchased_type":["Card"],"build_version":"2020-11-30","purchased_purges":1,"victory":false,"max_hp_per_floor":[70,70,70,70,70,70,70,70,70,70,70,70,70,70,70,70,70,70,70,1,1,1,1,1,1,1,1,1,1,1,1],"card_choices":[{"not_picked":["Cloak And Dagger","Bane"],"picked":"Poisoned Stab","floor":1},{"not_picked":["StuffTheSpire:ClusterCrunch","Quick Slash","Riddle With Holes"],"picked":"SKIP","floor":2},{"not_picked":["ReplayTheSpireMod:??????????????????????","ReplayTheSpireMod:Chaos Vortex"],"picked":"hubris:Fate","floor":3},{"not_picked":["Riddle With Holes+1","Caltrops"],"picked":"StuffTheSpire:Injection+1","floor":5},{"not_picked":["hubris:Counter+1","Sucker Punch+1","ReplayTheSpireMod:The Works"],"picked":"SKIP","floor":7},{"not_picked":["StuffTheSpire:Python","Prepared"],"picked":"Poisoned Stab+1","floor":8},{"not_picked":["Slice+1","StuffTheSpire:MirrorStance","Sucker Punch+1"],"picked":"SKIP","floor":10},{"not_picked":["StuffTheSpire:BumpUp+1","Bane+1","Calculated Gamble"],"picked":"SKIP","floor":13},{"not_picked":["StuffTheSpire:Fury","Dagger Throw+1","hubris:TrickCloak"],"picked":"SKIP","floor":14},{"not_picked":["Quick Slash+1","Predator+1","StuffTheSpire:Shiver+1"],"picked":"SKIP","floor":18},{"not_picked":["Cloak And Dagger+1","Dagger Spray+1","StuffTheSpire:Incursion"],"picked":"SKIP","floor":19},{"not_picked":["Masterful Stab+1","Underhanded Strike+1"],"picked":"Deadly Poison+1","floor":22},{"not_picked":["jedi:unstablefumes","Blur","Corpse Explosion"],"picked":"SKIP","floor":23},{"not_picked":["Outmaneuver","Sucker Punch+1"],"picked":"Deadly Poison","floor":25},{"not_picked":["PiercingWail","StuffTheSpire:Python+1","hubris:TrickCloak"],"picked":"SKIP","floor":27},{"not_picked":["Hidden Blade","Blade Dance","Quick Slash+1"],"picked":"SKIP","floor":28}],"player_experience":540475,"relics_obtained":[{"floor":8,"key":"Shuriken"},{"floor":13,"key":"hubris:SlimyHat"},{"floor":15,"key":"jedi:rubbersling"},{"floor":21,"key":"Regal Pillow"},{"floor":23,"key":"StuffTheSpire:SapphireSignet"},{"floor":26,"key":"StuffTheSpire:NeowsTribute"},{"floor":28,"key":"Lantern"}],"event_choices":[{"damage_healed":0,"gold_gain":0,"player_choice":"Box","damage_taken":0,"relics_obtained":["Molten Egg 2"],"max_hp_gain":0,"max_hp_loss":0,"event_name":"Big Fish","floor":4,"gold_loss":0,"cards_obtained":["Regret"]},{"cards_removed":["Strike_G"],"damage_healed":0,"gold_gain":0,"player_choice":"Purged","damage_taken":0,"max_hp_gain":0,"max_hp_loss":0,"event_name":"Purifier","floor":12,"gold_loss":0},{"damage_healed":0,"gold_gain":0,"player_choice":"Shed Blood","damage_taken":0,"max_hp_gain":5,"max_hp_loss":0,"event_name":"Forgotten Altar","floor":29,"gold_loss":0}],"is_beta":false,"boss_relics":[{"not_picked":["CCEMRelics:TransientCore","hubris:RunicObelisk"],"picked":"Replay:Wanted Poster"}],"items_purged_floors":[11],"is_endless":false,"potions_floor_spawned":[1,5,10,13,25,27,28],"ascension_level":0}}