{"host":"jm9833yuloeli2yd","time":1607880959,"event":{"mods":["AchievementEnabler","BaseMod","Better Altar","Better Match","Better Note","Better Sensory Stone","Better Skull","Better Vampires","Colored Map","Colored Powertips","DeckTracker","Minty Spire (QoL Compilation)","Permanent Neow","Quick Restart","Replay The Spire","StSLib","SuperFastMode"],"gold_per_floor":[115,40,58,69,219,244,244,33,79,93,122,122,122,139,139,213,213,213,213],"floor_reached":18,"playtime":750,"items_purged":["Doubt"],"score":340,"play_id":"eb044ff6-b0ae-45a1-b92e-ca4fe75df97f","local_time":"20201213123559","is_ascension_mode":true,"campfire_choices":[{"data":"Neutralize","floor":7.0,"key":"SMITH"},{"data":"Tactician","floor":12,"key":"SMITH"},{"data":"Survivor","floor":12,"key":"SMITH"},{"floor":15,"key":"DIG"}],"circlet_count":0,"master_deck":["AscendersBane","Strike_G","Strike_G","Strike_G","Strike_G","Strike_G","Defend_G","Defend_G","Defend_G","Defend_G","Survivor+1","Neutralize+1","The Bomb","Backflip","Dagger Throw","Slice","ReplayTheSpireMod:Scrap Shanks","Dark Shackles","Predator","Hidden Blade","ReplayTheSpireMod:Scrap Shanks","Dodge and Roll","Tactician+1","Concentrate","Reflex","Replay:Bag of Tricks","betterMatch:CurseCard","Injury"],"relics":["Gremlin Food","BargainBundle","Bag of Marbles","Replay:Arrowhead","Sizzling Blood","Replay:Kaleidoscope","Replay:Ancient Bell","Nunchaku","Ornamental Fan","Byrd Skull"],"acts_visited":["Exordium","TheCity"],"potions_floor_usage":[16,16],"damage_taken":[{"damage":3.0,"enemies":"2 Louse","floor":1.0,"turns":4.0},{"damage":1.0,"enemies":"Jaw Worm","floor":3.0,"turns":3.0},{"damage":0.0,"enemies":"Small Slimes","floor":4.0,"turns":3.0},{"damage":15.0,"enemies":"3 Sentries","floor":6.0,"turns":4.0},{"damage":0.0,"enemies":"Looter","floor":10.0,"turns":3.0},{"damage":8,"enemies":"Lagavulin","floor":11,"turns":8},{"damage":10,"enemies":"Red Slaver","floor":14,"turns":3},{"damage":29,"enemies":"Fading Forest","floor":16,"turns":13},{"damage":147,"enemies":"Shell Parasite","floor":18,"turns":5}],"seed_played":"-5474002669676270328","potions_obtained":[{"floor":1.0,"key":"AttackPotion"}],"is_trial":false,"path_per_floor":["M","?","M","M","?","E","R","$","T","M","E","R","?","M","R_BF","B",null,"M"],"character_chosen":"THE_SILENT","items_purchased":["BargainBundle","Block Potion","Dark Shackles","Predator","Hidden Blade","ReplayTheSpireMod:Scrap Shanks","Dodge and Roll"],"campfire_rested":0,"item_purchase_floors":[8,8,8,8,8,8,8],"current_hp_per_floor":[56,56,55,55,55,40,40,40,40,40,32,32,36,30,30,5,49,0,0],"gold":213,"neow_bonus":"RANDOM_COLORLESS_2","is_daily":false,"chose_seed":false,"campfire_upgraded":3,"win_rate":0.0,"timestamp":1607880959,"path_taken":["M","?","M","M","?","E","R","$","T","M","E","R","?","M","R_BF","BOSS","M"],"items_purchased_type":["Relic","Potion","Card","Card","Card","Card","Card"],"build_version":"2020-11-30","purchased_purges":1,"victory":false,"max_hp_per_floor":[60,60,60,60,60,60,60,60,60,60,60,60,64,64,64,64,64,64,64],"card_choices":[{"not_picked":["ReplayUltimateDefense","Midas Touch"],"picked":"The Bomb","floor":0.0},{"not_picked":["Blade Dance","Infinite Blades"],"picked":"Backflip","floor":1.0},{"not_picked":["Blade Dance","Dodge and Roll"],"picked":"Dagger Throw","floor":3.0},{"not_picked":["Dagger Spray","Hidden Blade"],"picked":"Slice","floor":4.0},{"not_picked":["Hidden Blade","Phantasmal Killer"],"picked":"ReplayTheSpireMod:Scrap Shanks","floor":6.0},{"not_picked":["Sucker Punch","Flying Knee"],"picked":"Tactician","floor":10.0},{"not_picked":["Slice","Bouncing Flask"],"picked":"Concentrate","floor":11},{"not_picked":["Deadly Poison","Acrobatics"],"picked":"Reflex","floor":14},{"not_picked":["Poison Darts","ReplayTheSpireMod:From All Sides"],"picked":"Replay:Bag of Tricks","floor":16},{"not_picked":["Spreading Infection","Languid"],"picked":"betterMatch:CurseCard","floor":17},{"not_picked":["Writhe","Languid"],"picked":"ReplayTheSpireMod:Doomed","floor":17},{"not_picked":["ReplayTheSpireMod:Restless Dread","Pain"],"picked":"Injury","floor":17}],"player_experience":1049342,"relics_obtained":[{"floor":6.0,"key":"Gremlin Food"},{"floor":9.0,"key":"Bag of Marbles"},{"floor":11,"key":"Replay:Arrowhead"},{"floor":15,"key":"Replay:Kaleidoscope"}],"event_choices":[{"cards_removed":["Defend_G"],"damage_healed":0.0,"max_hp_gain":0.0,"max_hp_loss":0.0,"gold_gain":0.0,"event_name":"The Cleric","player_choice":"Card Removal","floor":2.0,"gold_loss":75.0,"damage_taken":0.0},{"damage_healed":0.0,"max_hp_gain":0.0,"max_hp_loss":0.0,"gold_gain":150.0,"event_name":"Liars Game","player_choice":"AGREE","floor":5.0,"gold_loss":0.0,"damage_taken":0.0,"cards_obtained":["Doubt"]}],"is_beta":false,"boss_relics":[{"not_picked":["Kintsugi","Fusion Hammer"],"picked":"Replay:Ancient Bell"},{"not_picked":["Bronze Scales","Strawberry"],"picked":"Nunchaku"},{"not_picked":["Iron Hammer","Darkstone Periapt"],"picked":"Ornamental Fan"},{"not_picked":["Shovel","Replay:Multitool"],"picked":"Byrd Skull"}],"items_purged_floors":[8],"is_endless":false,"potions_floor_spawned":[1,10,11],"killed_by":"Shell Parasite","ascension_level":20}}