{"host":"naykp6d9ulahlwib","time":1607837325,"event":{"mods":["BaseMod","Highlight Path","Minty Spire (QoL Compilation)","StSLib"],"gold_per_floor":[115,115,115,115,132,132,132,160,186,286,286,298,316,333,333,434,434,450,450,467,480,506,523,523,523,523,330,330,345,345,378,378,479,479,496,511,511,529,55,388,388,422,475,475,489,506,506,540,540,540,540,540,99,131,131,131],"floor_reached":55,"playtime":8101,"items_purged":[],"score":1149,"play_id":"e0bedaf6-98dd-42ed-8226-44885107024a","local_time":"20201212232845","daily_mods":["Draft","Purple Cards","Heirloom"],"is_ascension_mode":true,"campfire_choices":[{"floor":7.0,"key":"REST"},{"data":"Vault","floor":11.0,"key":"SMITH"},{"floor":15.0,"key":"REST"},{"data":"Burst","floor":25.0,"key":"SMITH"},{"floor":28.0,"key":"REST"},{"data":"Apotheosis","floor":30.0,"key":"SMITH"},{"floor":32.0,"key":"RECALL"},{"data":"Well Laid Plans","floor":41.0,"key":"SMITH"},{"data":"Noxious Fumes","floor":44.0,"key":"SMITH"},{"floor":47.0,"key":"REST"},{"floor":49,"key":"REST"},{"floor":52,"key":"REST"}],"circlet_count":0,"master_deck":["CarveReality+1","Backflip+1","Well Laid Plans+1","FlyingSleeves","Consecrate","Sucker Punch","WreathOfFlame","Evaluate","Backflip","FlyingSleeves","Noxious Fumes+1","Infinite Blades","Acrobatics","Flying Knee","Dagger Spray","Vault+1","ThirdEye","Burst+1","RitualDagger","Blur+1","Apotheosis+1","DeceiveReality+1","FollowUp","DevaForm+1","Escape Plan+1","Skewer","Panacea","Meditate+1","Tantrum+1","MasterReality+1","WaveOfTheHand"],"relics":["Ring of the Snake","CaptainsWheel","Frozen Egg 2","Regal Pillow","Sozu","Red Mask","Bird Faced Urn","Question Card","The Courier","Black Star","Lee\u0027s Waffle","Ice Cream","Omamori","Old Coin","Prayer Wheel","Art of War","Ancient Tea Set","Mercury Hourglass","Calipers","Letter Opener","Oddly Smooth Stone","Bottled Tornado"],"acts_visited":["Exordium","TheCity","TheBeyond","TheEnding"],"potions_floor_usage":[54],"damage_taken":[{"damage":7.0,"enemies":"2 Louse","floor":1.0,"turns":3.0},{"damage":9.0,"enemies":"Jaw Worm","floor":5.0,"turns":3.0},{"damage":12.0,"enemies":"Lagavulin","floor":8.0,"turns":7.0},{"damage":0.0,"enemies":"Cultist","floor":12.0,"turns":3.0},{"damage":3.0,"enemies":"Blue Slaver","floor":13.0,"turns":4.0},{"damage":0.0,"enemies":"Lots of Slimes","floor":14.0,"turns":1.0},{"damage":7.0,"enemies":"The Guardian","floor":16.0,"turns":6.0},{"damage":0.0,"enemies":"Spheric Guardian","floor":18.0,"turns":5.0},{"damage":0.0,"enemies":"Shell Parasite","floor":20.0,"turns":5.0},{"damage":12.0,"enemies":"Sentry and Sphere","floor":21.0,"turns":6.0},{"damage":6.0,"enemies":"Masked Bandits","floor":22.0,"turns":3.0},{"damage":18.0,"enemies":"Cultist and Chosen","floor":23.0,"turns":8.0},{"damage":0.0,"enemies":"Centurion and Healer","floor":29.0,"turns":5.0},{"damage":0.0,"enemies":"Book of Stabbing","floor":31.0,"turns":6.0},{"damage":23.0,"enemies":"Automaton","floor":33.0,"turns":10.0},{"damage":0.0,"enemies":"3 Shapes","floor":35.0,"turns":4.0},{"damage":13.0,"enemies":"3 Darklings","floor":36.0,"turns":5.0},{"damage":0.0,"enemies":"Sphere and 2 Shapes","floor":38.0,"turns":5.0},{"damage":8.0,"enemies":"Reptomancer","floor":40.0,"turns":8.0},{"damage":25.0,"enemies":"Giant Head","floor":42.0,"turns":7.0},{"damage":13.0,"enemies":"Writhing Mass","floor":45.0,"turns":8.0},{"damage":9.0,"enemies":"Maw","floor":46.0,"turns":8.0},{"damage":19,"enemies":"Nemesis","floor":48,"turns":6},{"damage":36,"enemies":"Donu and Deca","floor":50,"turns":8},{"damage":34,"enemies":"Shield and Spear","floor":54,"turns":5},{"damage":95,"enemies":"The Heart","floor":55,"turns":3}],"seed_played":"-3153044011770605835","potions_obtained":[{"floor":3.0,"key":"BlessingOfTheForge"},{"floor":3.0,"key":"PowerPotion"},{"floor":3.0,"key":"LiquidBronze"},{"floor":5.0,"key":"ColorlessPotion"},{"floor":8.0,"key":"DuplicationPotion"}],"is_trial":true,"path_per_floor":["M","?","?","$","M","$","R","E","T","?","R","M","M","M","R","B",null,"M","?","M","M","?","M","?","R","T","$","R","M","R","E","R","B",null,"M","M","?","M","$","E","R","E","T","R","M","M","R","E","R","B",null,"R","$","E","B"],"character_chosen":"THE_SILENT","items_purchased":["Apotheosis","Skewer","Lee\u0027s Waffle","Ice Cream","Panacea","Calipers","Letter Opener"],"campfire_rested":6,"item_purchase_floors":[27,39,39,39,39,53,53],"current_hp_per_floor":[56,42,42,42,33,33,54,42,42,42,42,42,39,39,70,63,68,68,62,62,50,44,26,26,26,26,26,62,66,66,70,70,47,64,66,57,57,65,77,71,71,52,52,52,47,46,77,62,77,45,69,77,77,50,0,0],"gold":131,"neow_bonus":"","is_daily":false,"chose_seed":false,"campfire_upgraded":5,"win_rate":0.0,"timestamp":1607837325,"path_taken":["M","?","?","$","?","$","R","E","T","?","R","M","?","M","R","BOSS","M","?","M","M","?","M","?","R","T","$","R","M","R","E","R","BOSS","M","M","?","M","$","E","R","E","T","R","M","M","R","E","R","BOSS","R","$","E","BOSS"],"items_purchased_type":["Card","Card","Relic","Relic","Card","Relic","Relic"],"build_version":"2020-11-30","purchased_purges":0,"victory":false,"max_hp_per_floor":[70,70,70,70,70,70,70,70,70,70,70,70,70,70,70,70,70,70,70,70,70,70,70,70,70,70,70,70,70,70,70,70,70,70,70,70,70,70,77,77,77,77,77,77,77,77,77,77,77,77,77,77,77,77,77,77],"card_choices":[{"not_picked":["BowlingBash","Choke"],"picked":"CarveReality","floor":0.0},{"not_picked":["Setup","FollowUp"],"picked":"Backflip","floor":0.0},{"not_picked":["EmptyBody","Dagger Throw"],"picked":"Well Laid Plans","floor":0.0},{"not_picked":["Outmaneuver","PiercingWail"],"picked":"FlyingSleeves","floor":0.0},{"not_picked":["Tantrum","CrushJoints"],"picked":"Consecrate","floor":0.0},{"not_picked":["Heel Hook","SandsOfTime"],"picked":"Sucker Punch","floor":0.0},{"not_picked":["FlyingSleeves","Concentrate"],"picked":"WreathOfFlame","floor":0.0},{"not_picked":["LikeWater","Predator"],"picked":"Evaluate","floor":0.0},{"not_picked":["Bane","EmptyFist"],"picked":"Backflip","floor":0.0},{"not_picked":["Tactician","FlurryOfBlows"],"picked":"FlyingSleeves","floor":0.0},{"not_picked":["Quick Slash","Underhanded Strike"],"picked":"Noxious Fumes","floor":0.0},{"not_picked":["Prostrate","Reflex"],"picked":"Infinite Blades","floor":0.0},{"not_picked":["Concentrate","Halt"],"picked":"Acrobatics","floor":0.0},{"not_picked":["Nirvana","Prepared"],"picked":"Flying Knee","floor":0.0},{"not_picked":["BowlingBash","Halt"],"picked":"Dagger Spray","floor":0.0},{"not_picked":["EmptyMind","Deadly Poison","Weave"],"picked":"SKIP","floor":1.0},{"not_picked":["Dash","Sucker Punch","Bane"],"picked":"SKIP","floor":5.0},{"not_picked":["Eviscerate","Deflect"],"picked":"Vault","floor":8.0},{"not_picked":["Consecrate","SandsOfTime"],"picked":"ThirdEye","floor":12.0},{"not_picked":["Outmaneuver","Dagger Throw","Vengeance"],"picked":"SKIP","floor":13.0},{"not_picked":["ReachHeaven","CrushJoints","Outmaneuver"],"picked":"SKIP","floor":14.0},{"not_picked":["DeusExMachina","Unload"],"picked":"Burst","floor":16.0},{"not_picked":["Reflex","Halt","FlurryOfBlows+1"],"picked":"SKIP","floor":18.0},{"not_picked":["CutThroughFate","FearNoEvil","Flying Knee+1"],"picked":"SKIP","floor":20.0},{"not_picked":["Quick Slash","Dash","Evaluate"],"picked":"SKIP","floor":21.0},{"not_picked":["Slice","Dagger Spray"],"picked":"Blur+1","floor":23.0},{"not_picked":["Nirvana+1","Backflip","Bane+1"],"picked":"DeceiveReality+1","floor":29.0},{"not_picked":["Venomology","SignatureMove","BowlingBash+1"],"picked":"FollowUp","floor":31.0},{"not_picked":["Vault","Burst","Tools of the Trade+1"],"picked":"DevaForm+1","floor":33.0},{"not_picked":["LikeWater+1","Dagger Throw+1","Nirvana+1","Prostrate+1"],"picked":"SKIP","floor":35.0},{"not_picked":["Crippling Poison","CutThroughFate+1","BowlingBash"],"picked":"Escape Plan+1","floor":36.0},{"not_picked":["Catalyst","EmptyFist+1","Vengeance","Accuracy+1"],"picked":"SKIP","floor":38.0},{"not_picked":["DevaForm+1","CutThroughFate+1","EmptyBody","Terror"],"picked":"SKIP","floor":40.0},{"not_picked":["ThirdEye","Evaluate","BowlingBash+1","Bane"],"picked":"SKIP","floor":42.0},{"not_picked":["Halt","All Out Attack","Bullet Time"],"picked":"Meditate+1","floor":45.0},{"not_picked":["Slice+1","WindmillStrike","Endless Agony","EmptyFist+1"],"picked":"SKIP","floor":45.0},{"not_picked":["Slice+1","WindmillStrike","Endless Agony","EmptyFist+1"],"picked":"SKIP","floor":45.0},{"not_picked":["Dagger Spray","JustLucky+1","LikeWater+1"],"picked":"Tantrum+1","floor":46.0},{"not_picked":["Swivel+1","Blade Dance+1","Evaluate+1","Protect"],"picked":"SKIP","floor":46.0},{"not_picked":["Cloak And Dagger+1","Underhanded Strike+1","SandsOfTime+1"],"picked":"MasterReality+1","floor":48},{"not_picked":["Dash+1","Masterful Stab","Night Terror"],"picked":"WaveOfTheHand","floor":54}],"player_experience":705159,"relics_obtained":[{"floor":8.0,"key":"Frozen Egg 2"},{"floor":9.0,"key":"Regal Pillow"},{"floor":22.0,"key":"Red Mask"},{"floor":26.0,"key":"Question Card"},{"floor":31.0,"key":"The Courier"},{"floor":40.0,"key":"Omamori"},{"floor":40.0,"key":"Old Coin"},{"floor":42.0,"key":"Prayer Wheel"},{"floor":42.0,"key":"Art of War"},{"floor":48,"key":"Ancient Tea Set"},{"floor":48,"key":"Mercury Hourglass"},{"floor":54,"key":"Oddly Smooth Stone"},{"floor":54,"key":"Bottled Tornado"}],"event_choices":[{"damage_healed":0.0,"max_hp_gain":0.0,"max_hp_loss":0.0,"gold_gain":0.0,"event_name":"Shining Light","player_choice":"Entered Light","floor":2.0,"gold_loss":0.0,"damage_taken":14.0,"cards_upgraded":["Backflip","CarveReality"]},{"damage_healed":0.0,"max_hp_gain":0.0,"max_hp_loss":0.0,"gold_gain":0.0,"event_name":"Lab","player_choice":"Got Potions","floor":3.0,"gold_loss":0.0,"damage_taken":0.0},{"damage_healed":0.0,"max_hp_gain":0.0,"max_hp_loss":0.0,"gold_gain":100.0,"event_name":"Golden Shrine","player_choice":"Pray","floor":10.0,"gold_loss":0.0,"damage_taken":0.0},{"damage_healed":0.0,"max_hp_gain":0.0,"max_hp_loss":0.0,"gold_gain":0.0,"event_name":"Nest","player_choice":"Joined the Cult","floor":19.0,"gold_loss":0.0,"damage_taken":6.0,"cards_obtained":["RitualDagger"]},{"damage_healed":0.0,"max_hp_gain":0.0,"max_hp_loss":0.0,"gold_gain":0.0,"event_name":"Masked Bandits","player_choice":"Fought Bandits","floor":22.0,"gold_loss":0.0,"damage_taken":0.0},{"damage_healed":0.0,"max_hp_gain":0.0,"max_hp_loss":0.0,"gold_gain":0.0,"event_name":"The Mausoleum","player_choice":"Opened","floor":24.0,"gold_loss":0.0,"damage_taken":0.0,"relics_obtained":["Bird Faced Urn"]},{"damage_healed":0.0,"max_hp_gain":0.0,"max_hp_loss":0.0,"gold_gain":0.0,"event_name":"Mysterious Sphere","player_choice":"Ignored","floor":37.0,"gold_loss":0.0,"damage_taken":0.0}],"is_beta":false,"boss_relics":[{"not_picked":["Velvet Choker","Runic Pyramid"],"picked":"Sozu"},{"not_picked":["Runic Dome","Tiny House"],"picked":"Black Star"}],"items_purged_floors":[],"is_endless":false,"potions_floor_spawned":[5,8,20,22,23,29,33,40,45,46],"killed_by":"The Heart","ascension_level":9}}