{"host":"x2bb8tnu3h3a650h","time":1607903449,"event":{"mods":["AchievementEnabler","Aspiration","BaseMod","BetterRewards","Colored Map","Conspire","Defuse TimeMaze Blight","Downfall","Energized Spire","Halation","Hubris","Infinite Spire","Mimic Mod","Minty Spire (QoL Compilation)","Rare Cards Sparkle","Replay The Spire","Shop Mod","Spicy Shops","StSLib","The Jungle","The Servant 0.9.4","Wandering Minibosses","vexMod"],"gold_per_floor":[123,135,147,259,281,293,315,356,368,435,457,484,496,508,520,532,639,651,683,695,590,602,633,674,686,717,729,751,763,170,170,197,197,302,302,321,321,404,404,404,404,404,404,472,472,485,485,500,500,517,517,517,613,613,613,436,445,445,455,454,454,454,481,53,57,64,62,66,66,148,148,145,145,149,154,70,70,68,68,68,73,73,82,82,110,110,184,184,188,193,168,17,17,17,11,32,84,91,118,118,115,112,112,89,89],"floor_reached":104,"playtime":2994,"items_purged":["Strike_G","Strike_G","Strike_G","Strike_G","Strike_G"],"score":2401,"play_id":"61acef24-600a-4714-b69e-bfb4c0c33407","local_time":"20201213235049","is_ascension_mode":true,"campfire_choices":[{"data":"Neutralize","floor":6,"key":"SMITH"},{"floor":13,"key":"REST"},{"floor":16,"key":"REST"},{"floor":25,"key":"REST"},{"floor":29,"key":"REST"},{"floor":31,"key":"REST"},{"floor":33,"key":"REST"},{"floor":41,"key":"REST"},{"floor":43,"key":"REST"},{"floor":49,"key":"REST"},{"data":"Corpse Explosion","floor":51,"key":"SMITH"},{"floor":62,"key":"REST"},{"data":"Replay:Bag of Tricks","floor":69,"key":"SMITH"},{"floor":77,"key":"RECALL"},{"floor":79,"key":"REST"},{"floor":82,"key":"REST"},{"floor":86,"key":"REST"},{"floor":94,"key":"REST"}],"circlet_count":0,"master_deck":["Defend_G","Defend_G","Defend_G","Defend_G","Defend_G","Survivor","Neutralize+1","Poisoned Stab","Deadly Poison","Deadly Poison","Deadly Poison+1","Corpse Explosion","Poisoned Stab+1","infinitespire:Starlight","Noxious Fumes","Corpse Explosion+1","Deadly Poison","Replay:Bag of Tricks+1","infinitespire:FutureSight","Deadly Poison"],"relics":["Ring of the Snake","MawBank","hubris:Towel","halation:WeightlessCrab","Snake Skull","Mango","halation:PromiseList","conspire:RoyalGoblet","aspiration:StickyExplosives_weak","aspiration:ChemicalBlood","halation:BlackBeret","Lantern","Omamori","MerchantsRug","Strawberry","HoveringKite","aspiration:Lifesprig","Replay:Bottled Flurry","aspiration:VileToxins","vexMod:ScavengeHelm","Pear","aspiration:Nostalgia","m_SnakeBloodCore","wanderingMiniBosses:OtherGremlinHorn","Runic Pyramid","halation:LostSnail","StrikeDummy","ReplayFunnel","Lee\u0027s Waffle","Fusion Hammer","halation:OrihimeAndHikoboshiSamaAndTears","hubris:SphereOfDissonance","MealTicket","Vajra","vexMod:Spyglass","conspire:Dentures","Bronze Scales","Blood Vial"],"acts_visited":["Exordium","TheCity","TheBeyond","Exordium","TheCity","TheBeyond"],"potions_floor_usage":[11,23,24,28,28,28,34,34,34,34,46,48,48,48,53,53,53,53,53,60,60,60,70,70,83,83,87,87,96,96,96,102,102,104,104,104],"damage_taken":[{"damage":0,"enemies":"Small Slimes","floor":1,"turns":3},{"damage":1,"enemies":"2 Louse","floor":5,"turns":4},{"damage":0,"enemies":"Cultist","floor":7,"turns":3},{"damage":27,"enemies":"Gremlin Nob","floor":8,"turns":5},{"damage":26,"enemies":"Lots of Slimes","floor":11,"turns":7},{"damage":5,"enemies":"Blue Slaver","floor":12,"turns":4},{"damage":30,"enemies":"Slime Boss","floor":17,"turns":10},{"damage":21,"enemies":"Shell Parasite","floor":19,"turns":5},{"damage":10,"enemies":"3 Byrds","floor":23,"turns":3},{"damage":31,"enemies":"Nightmare","floor":24,"turns":7},{"damage":43,"enemies":"Sentry and Sphere","floor":26,"turns":6},{"damage":0,"enemies":"Centurion and Healer","floor":28,"turns":1},{"damage":40,"enemies":"Book of Stabbing","floor":32,"turns":5},{"damage":67,"enemies":"Champ","floor":34,"turns":9},{"damage":15,"enemies":"Orb Walker","floor":36,"turns":4},{"damage":22,"enemies":"3 Darklings","floor":46,"turns":3},{"damage":42,"enemies":"Spire Growth","floor":48,"turns":4},{"damage":16,"enemies":"Writhing Mass","floor":50,"turns":4},{"damage":60,"enemies":"hubris:GrandSnecko","floor":53,"turns":8},{"damage":5,"enemies":"Small Slimes","floor":55,"turns":2},{"damage":0,"enemies":"Cultist","floor":57,"turns":2},{"damage":0,"enemies":"2 Louse","floor":59,"turns":1},{"damage":87,"enemies":"Nightmare","floor":60,"turns":6},{"damage":0,"enemies":"Gremlin Gang","floor":65,"turns":1},{"damage":0,"enemies":"Exordium Thugs","floor":66,"turns":2},{"damage":21,"enemies":"Lots of Slimes","floor":67,"turns":2},{"damage":13,"enemies":"Red Slaver","floor":68,"turns":2},{"damage":14,"enemies":"Slime Boss","floor":70,"turns":4},{"damage":5,"enemies":"Shell Parasite","floor":72,"turns":2},{"damage":39,"enemies":"conspire:MimicChest","floor":74,"turns":5},{"damage":6,"enemies":"Chosen","floor":75,"turns":3},{"damage":26,"enemies":"Centurion and Healer","floor":78,"turns":2},{"damage":35,"enemies":"Snake Plant","floor":81,"turns":3},{"damage":37,"enemies":"Nightmare","floor":83,"turns":5},{"damage":0,"enemies":"Slavers","floor":85,"turns":1},{"damage":27,"enemies":"Automaton","floor":87,"turns":5},{"damage":2,"enemies":"3 Shapes","floor":89,"turns":2},{"damage":0,"enemies":"3 Darklings","floor":90,"turns":1},{"damage":14,"enemies":"Transient","floor":91,"turns":5},{"damage":18,"enemies":"Spire Growth","floor":95,"turns":3},{"damage":22,"enemies":"R_Hoarder","floor":96,"turns":4},{"damage":41,"enemies":"4 Shapes","floor":98,"turns":2},{"damage":0,"enemies":"3 Darklings","floor":101,"turns":2},{"damage":0,"enemies":"Giant Head","floor":102,"turns":4},{"damage":85,"enemies":"Donu and Deca","floor":104,"turns":3}],"seed_played":"-2541151581089753566","potions_obtained":[{"floor":1,"key":"SkillPotion"},{"floor":12,"key":"SpeedPotion"},{"floor":17,"key":"conspire:TimeTravelPotion"},{"floor":26,"key":"DistilledChaos"},{"floor":28,"key":"Block Potion"},{"floor":50,"key":"LiquidMemories"},{"floor":53,"key":"LiquidMemories"},{"floor":57,"key":"Poison Potion"},{"floor":60,"key":"Fire Potion"},{"floor":60,"key":"EssenceOfSteel"},{"floor":60,"key":"Dexterity Potion"},{"floor":66,"key":"Poison Potion"},{"floor":70,"key":"FearPotion"},{"floor":74,"key":"GamblersBrew"},{"floor":74,"key":"Weak Potion"},{"floor":85,"key":"sneckomod:MuddlingPotion"},{"floor":87,"key":"PowerPotion"}],"is_trial":false,"path_per_floor":["M","?","?","?","M","R","M","E","T","T","M","M","R","$","?","R","B",null,"M","?","?","$","M","NM","R","M","T","M","R","$","R","E","R","B",null,"M","?","?","T","T","R","?","R","T","T","M","$","M","R","M","R","R_BF","B",null,"M","$","M","?","M","NM","?","R","T","$","M","M","M","M","R","B",null,"M","$","?","M","?","R","M","R","MIM","M","R","NM","$","E","R","B",null,"M","M","M","$","AVR","R","M","E","T","M","T","?","M","E","R_BF","B"],"character_chosen":"THE_SILENT","items_purchased":["Lantern","Noxious Fumes","Omamori","MerchantsRug","aspiration:Nostalgia","halation:LostSnail","Lee\u0027s Waffle","vexMod:Spyglass"],"campfire_rested":14,"item_purchase_floors":[30,30,30,30,47,56,64,92],"current_hp_per_floor":[63,63,63,63,62,62,62,35,49,49,23,18,43,43,43,68,38,73,52,52,52,52,42,24,49,16,16,16,41,41,66,43,70,13,72,67,70,47,47,47,75,75,89,89,99,87,77,48,77,74,74,99,42,85,83,83,86,86,89,5,5,34,34,106,106,106,88,78,78,67,96,94,94,68,65,65,65,52,83,83,61,92,58,73,76,106,92,103,104,106,95,106,106,106,91,72,72,34,34,34,47,60,60,0,0],"gold":89,"neow_bonus":"RANDOM_COMMON_RELIC","is_daily":false,"chose_seed":false,"campfire_upgraded":3,"win_rate":0.0,"timestamp":1607903449,"path_taken":["M","?","?","?","M","R","?","E","T","T","M","M","R","?","?","R","BOSS","M","?","?","$","M","NM","R","?","T","M","R","?","R","E","R","BOSS","M","?","?","?","?","R","?","R","T","T","?","?","M","R","M","R","R_BF","BOSS","M","$","M","?","M","NM","?","R","T","?","?","?","M","M","R","BOSS","M","$","?","?","?","R","M","R","MIM","M","R","NM","?","E","R","BOSS","M","?","M","?","AVR","R","M","E","T","M","?","?","M","E","R_BF","BOSS"],"items_purchased_type":["Relic","Card","Relic","Relic","Relic","Relic","Relic","Relic"],"build_version":"2020-11-30","purchased_purges":5,"victory":false,"max_hp_per_floor":[70,70,70,70,70,70,70,70,84,84,84,84,84,84,84,84,84,84,84,84,84,84,84,84,84,84,84,84,84,84,84,91,91,91,91,91,94,94,94,94,94,89,89,89,99,99,99,99,99,99,99,99,99,99,99,99,99,99,99,99,99,99,99,106,106,106,106,106,106,106,106,106,106,106,106,106,106,106,106,106,106,106,106,106,106,106,106,106,106,106,106,106,106,106,106,106,106,106,106,106,106,106,106,106,106],"card_choices":[{"not_picked":["Fluid Movement","Tactician"],"picked":"Poisoned Stab","floor":1},{"not_picked":["Outmaneuver","Flying Knee","Blade Dance"],"picked":"SKIP","floor":5},{"not_picked":["PiercingWail","Leg Sweep"],"picked":"Deadly Poison","floor":7},{"not_picked":["Adrenaline","Infinite Blades"],"picked":"Deadly Poison","floor":8},{"not_picked":["Underhanded Strike","Skewer","ReplayTheSpireMod:Exploit Weakness"],"picked":"SKIP","floor":11},{"not_picked":["Cloak And Dagger","Acrobatics"],"picked":"Deadly Poison","floor":12},{"not_picked":["aspiration:Lunge","Adrenaline"],"picked":"Corpse Explosion","floor":17},{"not_picked":["Cloak And Dagger","Masterful Stab+1","Deflect+1"],"picked":"SKIP","floor":19},{"not_picked":["Hidden Blade","ReplayTheSpireMod:Tripwire"],"picked":"Poisoned Stab+1","floor":23},{"not_picked":["infinitespire:UltimateForm","infinitespire:Oblivion"],"picked":"infinitespire:Starlight","floor":24},{"not_picked":["Dagger Spray","Predator","hubris:Sniper"],"picked":"SKIP","floor":24},{"not_picked":["Heel Hook","Concentrate","Backflip"],"picked":"SKIP","floor":26},{"not_picked":["PiercingWail","Cloak And Dagger","Choke"],"picked":"SKIP","floor":28},{"not_picked":["Distraction","Flying Knee","Deflect"],"picked":"SKIP","floor":32},{"not_picked":["Malaise","Doppelganger"],"picked":"Corpse Explosion","floor":34},{"not_picked":["ReplayTheSpireMod:Tripwire+1","Blur","Bouncing Flask+1"],"picked":"SKIP","floor":36},{"not_picked":["Caltrops+1","Die Die Die"],"picked":"Deadly Poison","floor":38},{"not_picked":["Escape Plan+1","Tools of the Trade","Fluid Movement+1"],"picked":"SKIP","floor":46},{"not_picked":["ReplayTheSpireMod:Tripwire","Leg Sweep","Bane+1"],"picked":"SKIP","floor":48},{"not_picked":["Quick Slash","Blade Dance+1","PiercingWail+1"],"picked":"SKIP","floor":50},{"not_picked":["Atom Bomb","Venomology"],"picked":"Replay:Bag of Tricks","floor":53},{"not_picked":["Backflip","Well Laid Plans","Dagger Throw"],"picked":"SKIP","floor":55},{"not_picked":["Acrobatics","Outmaneuver","Underhanded Strike"],"picked":"SKIP","floor":57},{"not_picked":["Backflip","ReplayTheSpireMod:Shiv Toss","Burst"],"picked":"SKIP","floor":59},{"not_picked":["Deflect","PiercingWail","hubris:SlightOfHand"],"picked":"SKIP","floor":60},{"not_picked":["Dodge and Roll","hubris:Sniper","Escape Plan"],"picked":"SKIP","floor":65},{"not_picked":["Quick Slash","Flechettes","Deflect"],"picked":"SKIP","floor":66},{"not_picked":["Blade Dance","Dodge and Roll","Choke"],"picked":"SKIP","floor":67},{"not_picked":["Deflect","hubris:TrickCloak","hubris:SlightOfHand"],"picked":"SKIP","floor":68},{"not_picked":["hubris:Rewind","infinitespire:SealOfDarkness+"],"picked":"infinitespire:FutureSight","floor":71},{"not_picked":["Cloak And Dagger","Blade Dance","Toxin Wave"],"picked":"SKIP","floor":72},{"not_picked":["Distraction","Underhanded Strike"],"picked":"Deadly Poison","floor":74},{"not_picked":["Hidden Blade","PiercingWail","Bane+1"],"picked":"SKIP","floor":75},{"not_picked":["Blade Dance","ReplayTheSpireMod:Exploit Weakness","Dodge and Roll"],"picked":"SKIP","floor":78},{"not_picked":["Malaise","Slice+1","ReplayTheSpireMod:Tripwire+1"],"picked":"SKIP","floor":81},{"not_picked":["Flying Knee+1","Cloak And Dagger+1","A Thousand Cuts"],"picked":"SKIP","floor":83},{"not_picked":["Leg Sweep","After Image","PiercingWail"],"picked":"SKIP","floor":85},{"not_picked":["Accuracy+1","Acrobatics","Deadly Poison+1"],"picked":"SKIP","floor":89},{"not_picked":["ReplayTheSpireMod:Speed Training","Distraction","Flying Knee"],"picked":"SKIP","floor":90},{"not_picked":["Blade Dance+1","Accuracy+1","Deflect"],"picked":"SKIP","floor":91},{"not_picked":["Eviscerate","Well Laid Plans+1","Outmaneuver+1"],"picked":"SKIP","floor":95},{"not_picked":["Sucker Punch","Backflip+1","Well Laid Plans+1"],"picked":"SKIP","floor":96},{"not_picked":["hubris:Counter+1","Reflex+1","Outmaneuver+1"],"picked":"SKIP","floor":98},{"not_picked":["Acrobatics","Slice","Underhanded Strike"],"picked":"SKIP","floor":101},{"not_picked":["Sucker Punch+1","Masterful Stab+1","Cloak And Dagger"],"picked":"SKIP","floor":102}],"player_experience":583393,"relics_obtained":[{"floor":3,"key":"halation:WeightlessCrab"},{"floor":8,"key":"Snake Skull"},{"floor":9,"key":"Mango"},{"floor":10,"key":"halation:PromiseList"},{"floor":24,"key":"aspiration:ChemicalBlood"},{"floor":27,"key":"halation:BlackBeret"},{"floor":32,"key":"Strawberry"},{"floor":38,"key":"aspiration:Lifesprig"},{"floor":39,"key":"Replay:Bottled Flurry"},{"floor":40,"key":"aspiration:VileToxins"},{"floor":44,"key":"vexMod:ScavengeHelm"},{"floor":45,"key":"Pear"},{"floor":48,"key":"wanderingMiniBosses:OtherGremlinHorn"},{"floor":60,"key":"StrikeDummy"},{"floor":63,"key":"ReplayFunnel"},{"floor":74,"key":"halation:OrihimeAndHikoboshiSamaAndTears"},{"floor":83,"key":"MealTicket"},{"floor":85,"key":"Vajra"},{"floor":96,"key":"conspire:Dentures"},{"floor":97,"key":"Bronze Scales"},{"floor":102,"key":"Blood Vial"}],"event_choices":[{"damage_healed":0,"gold_gain":100,"player_choice":"Pray","damage_taken":0,"max_hp_gain":0,"max_hp_loss":0,"event_name":"Golden Shrine","floor":4,"gold_loss":0},{"damage_healed":0,"gold_gain":0,"player_choice":"Disagree","damage_taken":0,"max_hp_gain":0,"max_hp_loss":0,"event_name":"conspire:LoneGhost","floor":15,"gold_loss":0},{"damage_healed":0,"gold_gain":0,"player_choice":"Paid Gold","damage_taken":0,"relics_obtained":["aspiration:StickyExplosives_weak"],"max_hp_gain":0,"max_hp_loss":0,"event_name":"WeMeetAgain","floor":21,"gold_loss":117},{"damage_healed":0,"gold_gain":0,"player_choice":"Max HP","damage_taken":0,"max_hp_gain":0,"max_hp_loss":5,"event_name":"Winding Halls","floor":42,"gold_loss":0},{"damage_healed":0,"gold_gain":0,"player_choice":"Ignored","damage_taken":0,"max_hp_gain":0,"max_hp_loss":0,"event_name":"Golden Idol","floor":58,"gold_loss":0},{"damage_healed":0,"gold_gain":0,"player_choice":"Paid Gold","damage_taken":0,"relics_obtained":["hubris:SphereOfDissonance"],"max_hp_gain":0,"max_hp_loss":0,"event_name":"WeMeetAgain","floor":76,"gold_loss":84}],"is_beta":false,"boss_relics":[{"not_picked":["aspiration:RitualDagger","halation:MonkeysPaw"],"picked":"conspire:RoyalGoblet"},{"not_picked":["hubris:Stopwatch","halation:PinkAlligatorPlush"],"picked":"HoveringKite"},{"not_picked":["energizedSpire:EnergizedDie","hubris:VirtuousBlindfold"],"picked":"Runic Pyramid"},{"not_picked":["Replay:Wanted Poster","Astrolabe"],"picked":"Fusion Hammer"},{"not_picked":["Sozu","halation:MonkeysPaw","energizedSpire:PogoStick"]}],"items_purged_floors":[30,56,64,64,93],"is_endless":true,"potions_floor_spawned":[1,12,17,26,28,50,53,57,60,66,67,70,74,81,83,85,87,90,96,98],"killed_by":"Donu and Deca","ascension_level":8}}