{"host":"7yyoe0ei0fseceei","time":1607866240,"event":{"mods":["BaseMod","Colored Map","Highlight Path","Minty Spire (QoL Compilation)","Quick Restart"],"gold_per_floor":[367,382,382,67,84,84,117,17,40,71,71,71,86,120,120,196,196,209,49,99,118,135,166,166,178,204,79,79,109,109,128,128,205,205,219,239,239,11,56,56,90,90,113,126,31,31,56,56,56],"floor_reached":48,"playtime":1626,"items_purged":["Regret","Doubt","Strike_R"],"score":1188,"play_id":"642d69d0-5256-420e-aed7-c6a72c7dd6c5","local_time":"20201213143040","is_ascension_mode":true,"campfire_choices":[{"data":"Fire Breathing","floor":6,"key":"SMITH"},{"floor":12,"key":"REST"},{"floor":15,"key":"REST"},{"floor":24,"key":"REST"},{"floor":28,"key":"REST"},{"data":"Shockwave","floor":30,"key":"SMITH"},{"floor":32,"key":"REST"},{"floor":40,"key":"REST"},{"data":"Dramatic Entrance","floor":46,"key":"SMITH"}],"circlet_count":0,"master_deck":["AscendersBane","Strike_R","Strike_R","Strike_R","Defend_R","Defend_R","Defend_R","Defend_R","Bash","Wild Strike+1","Pommel Strike+1","Fire Breathing+1","Clothesline","Wild Strike","Disarm","Immolate","Warcry","Warcry+1","Shockwave+1","Pommel Strike+1","Bloodletting+1","Immolate","Armaments+1","Flame Barrier","Whirlwind+1","Power Through","Dramatic Entrance+1"],"relics":["Burning Blood","Bronze Scales","Lantern","Shuriken","Centennial Puzzle","Juzu Bracelet","Bag of Marbles","Black Star","Anchor","PreservedInsect","Question Card","Whetstone","Pocketwatch","MealTicket","Mark of Pain","Potion Belt","Toolbox","StoneCalendar","Bird Faced Urn","Orichalcum","Strawberry","Ancient Tea Set","Calipers"],"acts_visited":["Exordium","TheCity","TheBeyond"],"potions_floor_usage":[7,16,21,25,31,33,39,41,47],"damage_taken":[{"damage":12,"enemies":"Small Slimes","floor":1,"turns":5},{"damage":8,"enemies":"2 Louse","floor":2,"turns":2},{"damage":6,"enemies":"Cultist","floor":5,"turns":3},{"damage":38,"enemies":"Gremlin Nob","floor":7,"turns":5},{"damage":20,"enemies":"Lagavulin","floor":10,"turns":6},{"damage":2,"enemies":"3 Louse","floor":13,"turns":4},{"damage":25,"enemies":"Gremlin Nob","floor":14,"turns":4},{"damage":0,"enemies":"Slime Boss","floor":16,"turns":5},{"damage":33,"enemies":"Spheric Guardian","floor":18,"turns":4},{"damage":0,"enemies":"3 Byrds","floor":21,"turns":1},{"damage":25,"enemies":"Snecko","floor":22,"turns":4},{"damage":21,"enemies":"Slavers","floor":23,"turns":4},{"damage":16,"enemies":"Cultist and Chosen","floor":25,"turns":4},{"damage":15,"enemies":"Book of Stabbing","floor":29,"turns":4},{"damage":7,"enemies":"Shelled Parasite and Fungi","floor":31,"turns":2},{"damage":24,"enemies":"Collector","floor":33,"turns":6},{"damage":6,"enemies":"Orb Walker","floor":35,"turns":2},{"damage":11,"enemies":"3 Darklings","floor":36,"turns":4},{"damage":38,"enemies":"2 Orb Walkers","floor":39,"turns":4},{"damage":20,"enemies":"Giant Head","floor":41,"turns":5},{"damage":18,"enemies":"Maw","floor":44,"turns":7},{"damage":8,"enemies":"Nemesis","floor":47,"turns":5},{"damage":65,"enemies":"Spire Growth","floor":48,"turns":4}],"seed_played":"680110882681153148","potions_obtained":[{"floor":5,"key":"SneckoOil"},{"floor":13,"key":"Dexterity Potion"},{"floor":18,"key":"BlessingOfTheForge"},{"floor":23,"key":"SkillPotion"},{"floor":25,"key":"Swift Potion"},{"floor":31,"key":"DuplicationPotion"},{"floor":35,"key":"SteroidPotion"},{"floor":39,"key":"SneckoOil"},{"floor":44,"key":"Dexterity Potion"}],"is_trial":false,"path_per_floor":["M","M","?","$","M","R","E","$","T","E","?","R","M","E","R","B",null,"M","$","?","M","M","E","R","M","T","$","R","E","R","M","R","B",null,"M","M","?","$","?","R","E","?","T","M","$","R","E","M"],"character_chosen":"IRONCLAD","items_purchased":["Lantern","Fire Breathing","Anchor","Toolbox","Energy Potion","Dramatic Entrance"],"campfire_rested":6,"item_purchase_floors":[4,4,19,38,38,45],"current_hp_per_floor":[62,60,60,60,60,60,28,28,28,14,14,36,40,21,43,49,69,42,42,42,48,29,14,36,26,26,26,48,39,39,38,60,42,67,67,62,62,75,43,65,51,51,58,48,63,63,63,0,0],"gold":56,"neow_bonus":"TWO_FIFTY_GOLD","is_daily":false,"chose_seed":false,"campfire_upgraded":3,"win_rate":0.0,"timestamp":1607866240,"path_taken":["M","M","?","$","M","R","E","$","T","E","?","R","M","E","R","BOSS","M","$","?","M","M","E","R","M","T","$","R","E","R","M","R","BOSS","M","M","?","$","?","R","E","?","T","M","$","R","E","M"],"items_purchased_type":["Relic","Card","Relic","Relic","Potion","Card"],"build_version":"2020-11-30","purchased_purges":3,"victory":false,"max_hp_per_floor":[75,75,75,75,75,75,75,75,75,75,75,75,75,75,75,75,75,75,75,75,75,75,75,75,75,75,75,75,75,75,75,75,75,75,75,75,75,75,75,75,75,75,82,82,82,82,82,82,82],"card_choices":[{"not_picked":["Perfected Strike","Pummel"],"picked":"Wild Strike","floor":1},{"not_picked":["Thunderclap","Dark Embrace"],"picked":"Pommel Strike","floor":2},{"not_picked":["Rupture","Havoc"],"picked":"Clothesline","floor":5},{"not_picked":["Clash","Body Slam","Feed"],"picked":"SKIP","floor":7},{"not_picked":["Heavy Blade","Ghostly Armor"],"picked":"Wild Strike","floor":10},{"not_picked":["Inflame","Anger"],"picked":"Disarm","floor":13},{"not_picked":["Spot Weakness","Warcry","Heavy Blade"],"picked":"SKIP","floor":14},{"not_picked":["Exhume","Corruption"],"picked":"Immolate","floor":16},{"not_picked":["Headbutt+1","Clash"],"picked":"Warcry","floor":18},{"not_picked":["Battle Trance","Havoc"],"picked":"Warcry+1","floor":21},{"not_picked":["Sword Boomerang","Clash"],"picked":"Shockwave","floor":22},{"not_picked":["Sword Boomerang","Inflame+1","Twin Strike"],"picked":"SKIP","floor":23},{"not_picked":["Clothesline","Sentinel+1","True Grit+1"],"picked":"Pommel Strike+1","floor":25},{"not_picked":["Shrug It Off","Spot Weakness","Inflame+1"],"picked":"Bloodletting+1","floor":29},{"not_picked":["Brutality","Sword Boomerang","Iron Wave+1","Heavy Blade"],"picked":"SKIP","floor":31},{"not_picked":["Brutality","Juggernaut","Feed"],"picked":"Immolate","floor":33},{"not_picked":["Twin Strike","Anger","Dual Wield","Feel No Pain"],"picked":"SKIP","floor":35},{"not_picked":["Warcry","Headbutt+1","Body Slam+1"],"picked":"Armaments+1","floor":36},{"not_picked":["Pommel Strike","Uppercut","Anger+1"],"picked":"Flame Barrier","floor":39},{"not_picked":["Sword Boomerang+1","Cleave+1","Headbutt"],"picked":"Whirlwind","floor":41},{"not_picked":["Iron Wave","Headbutt","Clothesline"],"picked":"Power Through","floor":44},{"not_picked":["Searing Blow+1","Body Slam","Thunderclap+1","Berserk"],"picked":"SKIP","floor":47}],"player_experience":828097,"relics_obtained":[{"floor":7,"key":"Shuriken"},{"floor":9,"key":"Centennial Puzzle"},{"floor":10,"key":"Juzu Bracelet"},{"floor":14,"key":"Bag of Marbles"},{"floor":23,"key":"PreservedInsect"},{"floor":23,"key":"Question Card"},{"floor":26,"key":"Whetstone"},{"floor":29,"key":"Pocketwatch"},{"floor":29,"key":"MealTicket"},{"floor":39,"key":"StoneCalendar"},{"floor":41,"key":"Bird Faced Urn"},{"floor":41,"key":"Orichalcum"},{"floor":43,"key":"Strawberry"},{"floor":47,"key":"Ancient Tea Set"},{"floor":47,"key":"Calipers"}],"event_choices":[{"damage_healed":0,"gold_gain":0,"player_choice":"Box","damage_taken":0,"relics_obtained":["Bronze Scales"],"max_hp_gain":0,"max_hp_loss":0,"event_name":"Big Fish","floor":3,"gold_loss":0,"cards_obtained":["Regret"]},{"cards_removed":["Strike_R"],"damage_healed":0,"gold_gain":0,"player_choice":"Purged","damage_taken":0,"max_hp_gain":0,"max_hp_loss":0,"event_name":"Purifier","floor":11,"gold_loss":0},{"damage_healed":0,"gold_gain":50,"player_choice":"Stole From Cult","damage_taken":0,"max_hp_gain":0,"max_hp_loss":0,"event_name":"Nest","floor":20,"gold_loss":0},{"damage_healed":0,"gold_gain":0,"player_choice":"Gave Potion","damage_taken":0,"relics_obtained":["Potion Belt"],"max_hp_gain":0,"max_hp_loss":0,"event_name":"WeMeetAgain","floor":37,"gold_loss":0},{"damage_healed":0,"gold_gain":0,"player_choice":"Fight","damage_taken":0,"max_hp_gain":0,"max_hp_loss":0,"event_name":"Mysterious Sphere","floor":39,"gold_loss":0},{"damage_healed":0,"gold_gain":0,"player_choice":"Upgraded","damage_taken":0,"max_hp_gain":0,"max_hp_loss":0,"event_name":"Upgrade Shrine","floor":42,"gold_loss":0,"cards_upgraded":["Whirlwind"]}],"is_beta":false,"boss_relics":[{"not_picked":["Cursed Key","Fusion Hammer"],"picked":"Black Star"},{"not_picked":["Snecko Eye","Runic Pyramid"],"picked":"Mark of Pain"}],"items_purged_floors":[4,8,27],"is_endless":false,"potions_floor_spawned":[5,13,18,23,25,31,35,39,44],"killed_by":"Spire Growth","ascension_level":20}}