{"host":"st1kg310ms6sytc5","time":1607830101,"event":{"mods":["Act Like it!","BaseMod","CapriCore","Downfall-Rebalance","Friendly Minions","Gensokyo","Koishi","Minty Spire (QoL Compilation)","Relic Stats","StSLib","SuperFastMode","[IsaacMod]ÒÔÈö¼âËþ","¡¾ÒÅÎï¿¨ÅÆ¡¿REMEMod"],"gold_per_floor":[99,99,99,110,110,128,154,181,242,242,289,320,334,351,351,455,455,474,491,491,591,610,637,682,700,700,711,724,755,680,710,710,815,815,831,849,296,296,326,346,346,346,346,376,448,485,410,410,335,335,335,365,43,43,43],"floor_reached":56,"playtime":3308,"items_purged":["hexamod:Strike+1","hexamod:Strike+1"],"score":1976,"play_id":"6a59608c-40bd-40a0-80bf-4f8216b25e14","local_time":"20201213112821","is_ascension_mode":true,"campfire_choices":[{"data":"hexamod:SpectersWail","floor":5.0,"key":"SMITH"},{"data":"hexamod:Float","floor":15.0,"key":"SMITH"},{"data":"hexamod:RecurringNightmare","floor":30.0,"key":"SMITH"},{"data":"hexamod:GhostOfSpirePast","floor":32.0,"key":"SMITH"},{"floor":42.0,"key":"RECALL"},{"data":"hexamod:ChargedBarrage","floor":47.0,"key":"SMITH"},{"data":"REME_FirmDetermination","floor":49.0,"key":"SMITH"},{"data":"BloodyBrimstone","floor":54,"key":"SMITH"}],"circlet_count":5,"master_deck":["hexamod:Strike+1","hexamod:Strike+1","hexamod:Defend+1","hexamod:Defend+1","hexamod:Defend+1","hexamod:Defend+1","hexamod:Float+1","hexamod:SixthSeal","hexamod:SpectersWail+1","hexamod:NightmareStrike+1","hexamod:FourthSeal","hexamod:ThirdSeal","hexamod:GhostShield+1","hexamod:InspiringFlames+1","hexamod:Hexaguard+1","hexamod:GhostOfSpirePast+1","hexamod:Toasty","hexamod:GhostShield+1","hexamod:RecurringNightmare+1","hexamod:GhostLash+1","hexamod:GhostOfSpirePast+1","hexamod:NightmareStrike","hexamod:Again+1","hexamod:GhostShield+1","hexamod:FirstSeal","hexamod:GhostflameBarrier+1","hexamod:Hexaguard+1","hexamod:Haunt+1","hexamod:FastForward+1","hexamod:TimeOfNeed+1","hexamod:Hexaguard+1","hexamod:PhantomFireball+1","REME_FirmDetermination+1","Mayhem+1","hexamod:SecondSeal","hexamod:GhostflameBarrier+1","hexamod:ExtraCrispy+1","hexamod:HeatCrush+1","hexamod:Hexaguard+1","hexamod:ChargedBarrage+1","BloodyBrimstone+1","hexamod:SearingWound"],"relics":["hexamod:SpiritBrand","REME_ComplimentaryCards","downfall:HeartsMalice","Circlet","Darkstone Periapt","Guardian:PocketSentry","REME_HandOfSuture","REME_PuzzleBoxRelic","Oddly Smooth Stone","Akabeko","downfall:HeartBlessingGreen","Lizard Tail","Sozu","Pen Nib","FossilizedHelix","Shuriken","Vajra","Mercury Hourglass","downfall:HeartBlessingRed","downfall:HeartBlessingBlue"],"acts_visited":["TheEnding"],"potions_floor_usage":[55,55,55],"damage_taken":[{"damage":0.0,"enemies":"Cultist","floor":1.0,"turns":1.0},{"damage":0.0,"enemies":"Small Slimes","floor":2.0,"turns":1.0},{"damage":0.0,"enemies":"2 Louse","floor":3.0,"turns":1.0},{"damage":13.0,"enemies":"Blue Slaver","floor":4.0,"turns":4.0},{"damage":10.0,"enemies":"Large Slime","floor":6.0,"turns":5.0},{"damage":6.0,"enemies":"Gremlin Nob","floor":8.0,"turns":4.0},{"damage":4.0,"enemies":"Gremlin Nob","floor":9.0,"turns":4.0},{"damage":20.0,"enemies":"3 Sentries","floor":12.0,"turns":8.0},{"damage":0.0,"enemies":"Gremlin Gang","floor":13.0,"turns":3.0},{"damage":0.0,"enemies":"Exordium Thugs","floor":14.0,"turns":3.0},{"damage":18.0,"enemies":"downfall:Ironclad","floor":16.0,"turns":13.0},{"damage":5.0,"enemies":"Spheric Guardian","floor":18.0,"turns":5.0},{"damage":0.0,"enemies":"3 Byrds","floor":19.0,"turns":4.0},{"damage":8.0,"enemies":"Snecko","floor":22.0,"turns":5.0},{"damage":3.0,"enemies":"Book of Stabbing","floor":23.0,"turns":6.0},{"damage":9.0,"enemies":"Centurion and Healer","floor":25.0,"turns":5.0},{"damage":0.0,"enemies":"Snake Plant","floor":27.0,"turns":2.0},{"damage":0.0,"enemies":"3 Cultists","floor":28.0,"turns":5.0},{"damage":7.0,"enemies":"Slavers","floor":29.0,"turns":5.0},{"damage":29.0,"enemies":"Gremlin Leader","floor":31.0,"turns":6.0},{"damage":0.0,"enemies":"downfall:Silent","floor":33.0,"turns":7.0},{"damage":5.0,"enemies":"3 Darklings","floor":35.0,"turns":5.0},{"damage":0.0,"enemies":"Orb Walker","floor":36.0,"turns":5.0},{"damage":6.0,"enemies":"downfall:FleeingMerchant","floor":37.0,"turns":4.0},{"damage":4.0,"enemies":"Reptomancer","floor":39.0,"turns":7.0},{"damage":0.0,"enemies":"Maw","floor":40.0,"turns":7.0},{"damage":4.0,"enemies":"Nemesis","floor":44.0,"turns":3.0},{"damage":0.0,"enemies":"downfall:FleeingMerchant","floor":45.0,"turns":3.0},{"damage":0.0,"enemies":"Reptomancer","floor":46.0,"turns":5.0},{"damage":0,"enemies":"downfall:Watcher","floor":50,"turns":7},{"damage":0,"enemies":"downfall:CharBossMerchant","floor":52,"turns":1},{"damage":0,"enemies":"downfall:NeowBoss","floor":55,"turns":22}],"seed_played":"-8601775517343642650","potions_obtained":[{"floor":4.0,"key":"Block Potion"},{"floor":8.0,"key":"Ancient Potion"},{"floor":8.0,"key":"AttackPotion"},{"floor":9.0,"key":"Ancient Potion"},{"floor":12.0,"key":"GamblersBrew"},{"floor":13.0,"key":"SteroidPotion"},{"floor":23.0,"key":"Fruit Juice"},{"floor":25.0,"key":"Fruit Juice"},{"floor":27.0,"key":"EntropicBrew"}],"is_trial":false,"path_per_floor":["M","M","M","M","R","M","T","E","?","?","T","E","M","M","R","B",null,"M","M","?","?","M","E","T","M","?","M","M","E","R","E","R","B",null,"M","M","$","?","E","M","T","R","?","E","$","E","R","?","R","B",null,"E","$","R","B",null],"character_chosen":"THE_SPIRIT","items_purchased":["Membership Card","REME_FirmDetermination","Dota2Spire:BlackKingBar","Pen Nib","Mayhem","Vajra","Dota2Spire:PowerTreads","hexamod:ChargedBarrage","BloodyBrimstone","hexamod:SearingWound"],"campfire_rested":0,"item_purchase_floors":[37,37,37,37,37,45,45,45,53,53],"current_hp_per_floor":[70,70,70,57,57,47,47,41,37,42,42,22,22,22,22,4,75,70,70,56,56,48,45,45,43,43,48,55,55,55,64,64,71,90,90,90,90,90,90,90,90,90,90,86,90,90,90,90,100,100,100,105,105,105,102],"gold":43,"neow_bonus":"THREE_ENEMY_KILL","is_daily":false,"chose_seed":false,"campfire_upgraded":7,"win_rate":0.0,"timestamp":1607830101,"path_taken":["M","M","?","M","R","M","T","E","?","?","?","E","M","M","R","BOSS","M","M","?","?","M","E","T","?","?","M","M","E","R","E","R","BOSS","M","M","$","?","E","M","T","R","?","E","$","E","R","?","R","BOSS","E","$","R","BOSS"],"items_purchased_type":["Relic","Card","Undefined","Relic","Card","Relic","Undefined","Card","Card","Card"],"build_version":"2020-11-30","purchased_purges":2,"victory":true,"max_hp_per_floor":[70,70,70,70,70,70,70,70,70,75,75,75,75,75,75,75,75,75,75,80,80,80,80,80,85,85,90,90,90,90,90,90,90,90,90,90,90,90,90,90,90,90,90,90,90,90,90,90,100,100,100,105,105,105,102],"relic_stats":{"Darkstone Periapt":0,"Sozu":10,"Lizard Tail":0,"counters":[32,164],"Shuriken":[10],"Pen Nib":[11],"obtain_stats":[{"Darkstone Periapt":8,"Dota2Spire:PowerTreads":45,"Vajra":45,"downfall:HeartBlessingGreen":30,"Dota2Spire:ShadowBlade":7,"Dota2Spire:EtherealBlade":9,"Sozu":34,"Lizard Tail":31,"downfall:HeartBlessingBlue":49,"hexamod:SpiritBrand":0,"Dota2Spire:BlackKingBar":37,"downfall:HeartBlessingRed":47,"Oddly Smooth Stone":24,"Circlet":0,"downfall:HeartsMalice":0,"Dota2Spire:Bloodstone":17,"Pen Nib":37,"Guardian:PocketSentry":11,"Akabeko":29,"Mercury Hourglass":46,"Shuriken":44,"REME_HandOfSuture":12,"Dota2Spire:OctarineCore":41,"Membership Card":37,"REME_PuzzleBoxRelic":23,"FossilizedHelix":39,"REME_ComplimentaryCards":0},{"Darkstone Periapt":6,"Dota2Spire:PowerTreads":28,"Vajra":28,"downfall:HeartBlessingGreen":19,"Dota2Spire:ShadowBlade":5,"Dota2Spire:EtherealBlade":7,"Sozu":21,"Lizard Tail":20,"downfall:HeartBlessingBlue":29,"hexamod:SpiritBrand":0,"Dota2Spire:BlackKingBar":24,"downfall:HeartBlessingRed":29,"Oddly Smooth Stone":15,"Circlet":0,"downfall:HeartsMalice":0,"Dota2Spire:Bloodstone":11,"Pen Nib":24,"Guardian:PocketSentry":7,"Akabeko":19,"Mercury Hourglass":29,"Shuriken":27,"REME_HandOfSuture":8,"Dota2Spire:OctarineCore":26,"Membership Card":24,"REME_PuzzleBoxRelic":15,"FossilizedHelix":25,"REME_ComplimentaryCards":0},{"Darkstone Periapt":16,"Dota2Spire:PowerTreads":129,"Vajra":129,"downfall:HeartBlessingGreen":83,"Dota2Spire:ShadowBlade":12,"Dota2Spire:EtherealBlade":20,"Sozu":95,"Lizard Tail":88,"downfall:HeartBlessingBlue":134,"hexamod:SpiritBrand":0,"Dota2Spire:BlackKingBar":109,"downfall:HeartBlessingRed":134,"Oddly Smooth Stone":66,"Circlet":0,"downfall:HeartsMalice":0,"Dota2Spire:Bloodstone":46,"Pen Nib":109,"Guardian:PocketSentry":20,"Akabeko":83,"Mercury Hourglass":134,"Shuriken":126,"REME_HandOfSuture":28,"Dota2Spire:OctarineCore":123,"Membership Card":109,"REME_PuzzleBoxRelic":66,"FossilizedHelix":116,"REME_ComplimentaryCards":0}],"Mercury Hourglass":[57]},"card_choices":[{"not_picked":["hexamod:DynamicBlow","hexamod:HauntingEcho","hexamod:PhantomCloak"],"picked":"SKIP","floor":1.0},{"not_picked":["hexamod:Rewind","hexamod:Firestarter"],"picked":"hexamod:SpectersWail","floor":2.0},{"not_picked":["hexamod:RainOfEmbers","hexamod:SixthSeal"],"picked":"hexamod:NightmareStrike","floor":3.0},{"not_picked":["hexamod:AdvancingGuard","hexamod:SkipABeat","hexamod:SpectersWail"],"picked":"SKIP","floor":4.0},{"not_picked":["hexamod:GhostShield","hexamod:ChargedBarrage"],"picked":"hexamod:FourthSeal","floor":6.0},{"not_picked":["hexamod:SkipABeat","hexamod:PhantomCloak"],"picked":"hexamod:ThirdSeal","floor":8.0},{"not_picked":["hexamod:HeatMetal","hexamod:NightmareStrike"],"picked":"hexamod:GhostShield","floor":9.0},{"not_picked":["hexamod:StepThrough","hexamod:Firestarter"],"picked":"hexamod:InspiringFlames","floor":12.0},{"not_picked":["hexamod:ShieldOfDarkness","hexamod:WildfireWeapon","hexamod:SpectersWail"],"picked":"SKIP","floor":12.0},{"not_picked":["hexamod:SwordOfDarkness","hexamod:InspiringFlames"],"picked":"hexamod:Hexaguard","floor":13.0},{"not_picked":["hexamod:GhostShield","hexamod:NightmareStrike"],"picked":"hexamod:GhostOfSpirePast","floor":14.0},{"not_picked":["hexamod:BacktrackSmack","hexamod:SpectersWail","hexamod:HauntingEcho"],"picked":"SKIP","floor":14.0},{"not_picked":["hexamod:TurnItUp","hexamod:ApocalypticArmor"],"picked":"hexamod:Toasty","floor":16.0},{"not_picked":["hexamod:SuperheatedStrike","hexamod:RetreatToShadows"],"picked":"hexamod:GhostShield","floor":18.0},{"not_picked":["hexamod:GhostLash","hexamod:Incineration","hexamod:AdvancingGuard"],"picked":"SKIP","floor":18.0},{"not_picked":["hexamod:ThermalTransfer","hexamod:PhantomFireball"],"picked":"hexamod:RecurringNightmare","floor":19.0},{"not_picked":["hexamod:SkipABeat","hexamod:Rewind"],"picked":"hexamod:GhostLash+1","floor":19.0},{"not_picked":["hexamod:NecessarySacrifice","hexamod:NightmareStrike"],"picked":"hexamod:GhostOfSpirePast","floor":22.0},{"not_picked":["hexamod:NightmareStrike","hexamod:RainOfEmbers","hexamod:BurningTouch+1"],"picked":"SKIP","floor":22.0},{"not_picked":["hexamod:ThirdSeal","hexamod:WildfireWeapon"],"picked":"hexamod:NightmareStrike","floor":23.0},{"not_picked":["hexamod:StepThrough+1","hexamod:SpectersWail"],"picked":"hexamod:Again+1","floor":23.0},{"not_picked":["hexamod:GhostOfSpirePresent+1","hexamod:ThirdSeal","hexamod:AdvancingGuard"],"picked":"SKIP","floor":25.0},{"not_picked":["hexamod:SoulSteal","hexamod:GhostLash","hexamod:ExtraCrispy"],"picked":"SKIP","floor":25.0},{"not_picked":["hexamod:RainOfEmbers","hexamod:HeatShield"],"picked":"hexamod:GhostShield+1","floor":27.0},{"not_picked":["hexamod:BacktrackSmack","hexamod:Rewind+1"],"picked":"hexamod:FirstSeal","floor":27.0},{"not_picked":["hexamod:FirstSeal","hexamod:ThermalTransfer"],"picked":"hexamod:GhostflameBarrier","floor":28.0},{"not_picked":["hexamod:HeatShield","hexamod:NightmareStrike","hexamod:Firestarter"],"picked":"SKIP","floor":28.0},{"not_picked":["hexamod:HeatMetal","hexamod:NecessarySacrifice"],"picked":"hexamod:Hexaguard+1","floor":29.0},{"not_picked":["hexamod:ThermalTransfer","hexamod:ThirdSeal"],"picked":"hexamod:Haunt+1","floor":29.0},{"not_picked":["hexamod:NightmareStrike+1","hexamod:RainOfEmbers"],"picked":"hexamod:FastForward","floor":31.0},{"not_picked":["hexamod:ThermalTransfer","hexamod:GhostShield","hexamod:RainOfEmbers+1"],"picked":"SKIP","floor":31.0},{"not_picked":["hexamod:UnleashSpirits","hexamod:GhostflameInferno"],"picked":"hexamod:TimeOfNeed","floor":33.0},{"not_picked":["hexamod:ThermalTransfer+1","hexamod:SpectralAdrenaline"],"picked":"hexamod:Hexaguard","floor":35.0},{"not_picked":["hexamod:GhostOfSpirePresent","hexamod:GhostShield","hexamod:HauntingEcho+1"],"picked":"SKIP","floor":35.0},{"not_picked":["hexamod:SwordOfDarkness","hexamod:HauntingEcho"],"picked":"hexamod:PhantomFireball","floor":36.0},{"not_picked":["hexamod:GhostflameInferno","hexamod:SwordOfDarkness+1","hexamod:BacktrackSmack"],"picked":"SKIP","floor":36.0},{"not_picked":["hexamod:ShieldOfDarkness+1","hexamod:NightmareStrike"],"picked":"hexamod:SecondSeal","floor":39.0},{"not_picked":["hexamod:SwordOfDarkness","hexamod:NightmareStrike"],"picked":"hexamod:GhostflameBarrier","floor":39.0},{"not_picked":["hexamod:Firestarter+1","hexamod:PhantomCloak+1"],"picked":"hexamod:ExtraCrispy+1","floor":40.0},{"not_picked":["hexamod:ThirdSeal","hexamod:FastForward"],"picked":"hexamod:HeatCrush+1","floor":40.0},{"not_picked":["hexamod:ShieldOfDarkness+1","hexamod:SecondSeal"],"picked":"hexamod:Hexaguard","floor":44.0},{"not_picked":["hexamod:SecondSeal","hexamod:AdvancingGuard+1","hexamod:FourthSeal"],"picked":"SKIP","floor":46.0},{"not_picked":["hexamod:ApocalypticArmor","hexamod:NightmareStrike","hexamod:BacktrackSmack+1"],"picked":"SKIP","floor":52}],"player_experience":1479769,"relics_obtained":[{"floor":7.0,"key":"Dota2Spire:ShadowBlade"},{"floor":8.0,"key":"Darkstone Periapt"},{"floor":9.0,"key":"Dota2Spire:EtherealBlade"},{"floor":11.0,"key":"Guardian:PocketSentry"},{"floor":12.0,"key":"REME_HandOfSuture"},{"floor":23.0,"key":"REME_PuzzleBoxRelic"},{"floor":24.0,"key":"Oddly Smooth Stone"},{"floor":29.0,"key":"Akabeko"},{"floor":31.0,"key":"Lizard Tail"},{"floor":39.0,"key":"FossilizedHelix"},{"floor":41.0,"key":"Dota2Spire:OctarineCore"},{"floor":44.0,"key":"Shuriken"},{"floor":46.0,"key":"Mercury Hourglass"},{"floor":52,"key":"Circlet"}],"event_choices":[{"damage_healed":0.0,"max_hp_gain":5.0,"max_hp_loss":0.0,"gold_gain":0.0,"event_name":"Big Fish","player_choice":"Donut","floor":10.0,"gold_loss":0.0,"damage_taken":0.0},{"cards_removed":["hexamod:Sear"],"damage_healed":0.0,"max_hp_gain":0.0,"max_hp_loss":0.0,"gold_gain":0.0,"event_name":"Bonfire Elementals","player_choice":"Offered Basic","floor":26.0,"gold_loss":0.0,"damage_taken":0.0}],"is_beta":false,"boss_relics":[{"not_picked":["REME_LowDesire","Black Star"],"picked":"Dota2Spire:Bloodstone"},{"not_picked":["Snecko Eye","REME_DemonsWealth"],"picked":"Sozu"}],"items_purged_floors":[37,45],"is_endless":false,"potions_floor_spawned":[4,8,13,14,18,27,33,40,46,52],"ascension_level":1}}