{"host":"3a1ypf1irl30q4k8","time":1607881137,"event":{"mods":["AchievementEnabler","BaseMod","Bestiary","Colored Map","Minty Spire (QoL Compilation)","Relic Stats"],"gold_per_floor":[115,23,34,49,49,49,65,76,101,101,101,12,12,28,28,125,125,141,131,161,175,191,191,223,223,248,248,25,25,42,17,17,117,117,135,135,154,3,20,20,45,56,138,156,156,18,34,34,34,34],"floor_reached":51,"playtime":2787,"items_purged":["Strike_B","Strike_B","Strike_B"],"score":990,"play_id":"54618dc3-e714-43e7-a459-445a8c8fc944","local_time":"20201213173857","is_ascension_mode":true,"campfire_choices":[{"data":"Barrage","floor":6,"key":"SMITH"},{"floor":10,"key":"REST"},{"data":"Echo Form","floor":13,"key":"SMITH"},{"data":"Defragment","floor":15,"key":"SMITH"},{"floor":23,"key":"REST"},{"floor":25,"key":"REST"},{"floor":27,"key":"REST"},{"data":"Electrodynamics","floor":32,"key":"SMITH"},{"floor":40,"key":"REST"},{"floor":45,"key":"REST"},{"floor":49,"key":"REST"}],"circlet_count":0,"master_deck":["Strike_B","Defend_B","Defend_B+1","Defend_B+1","Defend_B","Zap","Dualcast+1","Coolheaded","Chill","Beam Cell","Barrage+1","Heatsinks","Defragment","Echo Form+1","Defragment+1","Barrage","Rainbow+1","Beam Cell+1","Electrodynamics+1","Redo","Genetic Algorithm+1","Coolheaded","Double Energy","Capacitor","RitualDagger","Ball Lightning","Biased Cognition","BootSequence+1","Chill+1","Leap+1","Parasite","Barrage+1","Echo Form+1","Echo Form+1"],"relics":["SlaversCollar","Regal Pillow","Snecko Eye","Red Mask","Nunchaku","War Paint","Membership Card","Inserter","ClockworkSouvenir","Juzu Bracelet","Ornamental Fan","DollysMirror"],"acts_visited":["Exordium","TheCity","TheBeyond"],"potions_floor_usage":[8,16,18,19,21,33,33,41,47,50],"damage_taken":[{"damage":1,"enemies":"Cultist","floor":1,"turns":4},{"damage":0,"enemies":"Small Slimes","floor":3,"turns":3},{"damage":2,"enemies":"Jaw Worm","floor":4,"turns":5},{"damage":0,"enemies":"Large Slime","floor":7,"turns":4},{"damage":19,"enemies":"Lots of Slimes","floor":8,"turns":6},{"damage":10,"enemies":"Blue Slaver","floor":14,"turns":5},{"damage":0,"enemies":"Slime Boss","floor":16,"turns":6},{"damage":10,"enemies":"Chosen","floor":18,"turns":4},{"damage":19,"enemies":"2 Thieves","floor":19,"turns":4},{"damage":6,"enemies":"Masked Bandits","floor":20,"turns":3},{"damage":0,"enemies":"3 Cultists","floor":21,"turns":3},{"damage":18,"enemies":"Shelled Parasite and Fungi","floor":22,"turns":6},{"damage":58,"enemies":"Book of Stabbing","floor":24,"turns":8},{"damage":0,"enemies":"Sentry and Sphere","floor":30,"turns":4},{"damage":35,"enemies":"Collector","floor":33,"turns":8},{"damage":11,"enemies":"3 Darklings","floor":35,"turns":4},{"damage":53,"enemies":"Orb Walker","floor":37,"turns":6},{"damage":0,"enemies":"Maw","floor":39,"turns":6},{"damage":13,"enemies":"Nemesis","floor":41,"turns":7},{"damage":0,"enemies":"4 Shapes","floor":42,"turns":4},{"damage":28,"enemies":"Writhing Mass","floor":44,"turns":7},{"damage":19,"enemies":"Sphere and 2 Shapes","floor":47,"turns":4},{"damage":7,"enemies":"Donu and Deca","floor":50,"turns":6}],"seed_played":"-1557876492604553273","potions_obtained":[{"floor":7,"key":"Block Potion"},{"floor":8,"key":"GamblersBrew"},{"floor":14,"key":"SteroidPotion"},{"floor":18,"key":"Weak Potion"},{"floor":20,"key":"SkillPotion"},{"floor":22,"key":"PotionOfCapacity"},{"floor":24,"key":"Block Potion"},{"floor":37,"key":"LiquidMemories"},{"floor":47,"key":"Fire Potion"}],"is_trial":false,"path_per_floor":["M","$","M","M","?","R","M","M","T","R","?","$","R","M","R","B",null,"M","M","?","M","M","R","E","R","T","R","$","?","M","$","R","B",null,"M","?","M","$","M","R","E","M","T","M","R","$","M","?","R","B",null],"character_chosen":"DEFECT","items_purchased":["Chill","Beam Cell","Defragment","Explosive Potion","Membership Card","Capacitor","Ball Lightning","ClockworkSouvenir","Energy Potion","DollysMirror"],"campfire_rested":7,"item_purchase_floors":[2,2,12,12,28,28,31,38,38,46],"current_hp_per_floor":[67,67,67,65,50,50,50,31,31,68,73,73,73,63,63,63,76,66,47,41,41,23,62,4,43,43,80,80,74,74,74,74,39,70,59,59,6,6,6,45,32,32,32,4,43,43,24,24,63,56],"gold":34,"neow_bonus":"BOSS_RELIC","is_daily":false,"chose_seed":false,"campfire_upgraded":4,"win_rate":0.0,"timestamp":1607881137,"path_taken":["M","$","M","M","?","R","M","M","T","R","?","$","R","M","R","BOSS","M","M","?","M","M","R","E","R","T","R","$","?","M","$","R","BOSS","M","?","M","$","M","R","E","M","T","M","R","$","M","?","R","BOSS"],"items_purchased_type":["Card","Card","Card","Potion","Relic","Card","Card","Relic","Potion","Relic"],"build_version":"2020-11-30","purchased_purges":3,"victory":true,"max_hp_per_floor":[75,75,75,75,75,75,75,75,75,75,80,80,80,80,80,80,80,80,80,80,80,80,80,80,80,80,80,80,80,80,80,80,80,80,80,80,80,80,80,80,80,80,80,80,80,80,80,80,80,80],"relic_stats":{"Regal Pillow":103,"Nunchaku":[5],"Inserter":[22],"counters":[23,117],"Ornamental Fan":[8],"Snecko Eye":[152,177,143,154],"Juzu Bracelet":0,"War Paint":["Defend_B","Rainbow"],"obtain_stats":[{"Regal Pillow":9,"Inserter":34,"Juzu Bracelet":41,"War Paint":26,"ClockworkSouvenir":38,"SlaversCollar":0,"Nunchaku":24,"Ornamental Fan":43,"DollysMirror":46,"Snecko Eye":17,"Red Mask":20,"Membership Card":28,"Cracked Core":0},{"Regal Pillow":5,"Inserter":15,"Juzu Bracelet":19,"War Paint":13,"ClockworkSouvenir":17,"SlaversCollar":0,"Nunchaku":13,"Ornamental Fan":20,"DollysMirror":21,"Snecko Eye":7,"Red Mask":10,"Membership Card":13,"Cracked Core":0},{"Regal Pillow":22,"Inserter":73,"Juzu Bracelet":96,"War Paint":61,"ClockworkSouvenir":83,"SlaversCollar":0,"Nunchaku":61,"Ornamental Fan":100,"DollysMirror":107,"Snecko Eye":33,"Red Mask":44,"Membership Card":61,"Cracked Core":0}]},"card_choices":[{"not_picked":["Compile Driver","Streamline"],"picked":"Coolheaded","floor":1},{"not_picked":["Double Energy","White Noise"],"picked":"Barrage","floor":3},{"not_picked":["Steam Power","Sunder"],"picked":"Heatsinks","floor":4},{"not_picked":["Coolheaded","Heatsinks"],"picked":"Defragment","floor":7},{"not_picked":["Turbo","Heatsinks"],"picked":"Echo Form","floor":8},{"not_picked":["Coolheaded","Turbo"],"picked":"Barrage","floor":14},{"not_picked":["Meteor Strike","Thunder Strike"],"picked":"Rainbow","floor":16},{"not_picked":["Sweeping Beam+1","Streamline"],"picked":"Beam Cell+1","floor":18},{"not_picked":["Turbo+1","Gash"],"picked":"Electrodynamics","floor":19},{"not_picked":["Scrape","Reprogram"],"picked":"Redo","floor":20},{"not_picked":["Hologram","Steam+1"],"picked":"Genetic Algorithm+1","floor":21},{"not_picked":["Streamline","Leap"],"picked":"Coolheaded","floor":22},{"not_picked":["Reboot","Ball Lightning"],"picked":"Double Energy","floor":24},{"not_picked":["Reinforced Body+1","Go for the Eyes+1","Heatsinks+1"],"picked":"SKIP","floor":30},{"not_picked":["Buffer","Creative AI"],"picked":"Biased Cognition","floor":33},{"not_picked":["Steam","Coolheaded"],"picked":"BootSequence+1","floor":35},{"not_picked":["Sweeping Beam","Go for the Eyes+1"],"picked":"Chill+1","floor":37},{"not_picked":["Genetic Algorithm","Coolheaded","Fusion+1"],"picked":"SKIP","floor":39},{"not_picked":["Beam Cell+1","Gash+1","Barrage"],"picked":"SKIP","floor":41},{"not_picked":["Thunder Strike","Go for the Eyes"],"picked":"Leap+1","floor":42},{"not_picked":["Turbo","Go for the Eyes+1"],"picked":"Barrage+1","floor":44},{"not_picked":["Beam Cell","Ball Lightning","Barrage+1"],"picked":"SKIP","floor":47}],"player_experience":839777,"relics_obtained":[{"floor":9,"key":"Regal Pillow"},{"floor":20,"key":"Red Mask"},{"floor":24,"key":"Nunchaku"},{"floor":26,"key":"War Paint"},{"floor":41,"key":"Juzu Bracelet"},{"floor":43,"key":"Ornamental Fan"}],"event_choices":[{"damage_healed":0,"gold_gain":0,"player_choice":"Entered Light","damage_taken":15,"max_hp_gain":0,"max_hp_loss":0,"event_name":"Shining Light","floor":5,"gold_loss":0,"cards_upgraded":["Dualcast","Defend_B"]},{"damage_healed":0,"gold_gain":0,"player_choice":"Donut","damage_taken":0,"max_hp_gain":5,"max_hp_loss":0,"event_name":"Big Fish","floor":11,"gold_loss":0},{"damage_healed":0,"gold_gain":0,"player_choice":"Fought Bandits","damage_taken":0,"max_hp_gain":0,"max_hp_loss":0,"event_name":"Masked Bandits","floor":20,"gold_loss":0},{"damage_healed":0,"gold_gain":0,"player_choice":"Joined the Cult","damage_taken":6,"max_hp_gain":0,"max_hp_loss":0,"event_name":"Nest","floor":29,"gold_loss":0,"cards_obtained":["RitualDagger"]},{"damage_healed":0,"gold_gain":0,"player_choice":"Ignored","damage_taken":0,"max_hp_gain":0,"max_hp_loss":0,"event_name":"Mysterious Sphere","floor":36,"gold_loss":0},{"damage_healed":0,"gold_gain":0,"player_choice":"Copied","damage_taken":0,"max_hp_gain":0,"max_hp_loss":0,"event_name":"Duplicator","floor":48,"gold_loss":0,"cards_obtained":["Echo Form"]}],"is_beta":false,"boss_relics":[{"not_picked":["Coffee Dripper","Nuclear Battery"],"picked":"Snecko Eye"},{"not_picked":["Empty Cage","Fusion Hammer"],"picked":"Inserter"}],"items_purged_floors":[28,38,46],"is_endless":false,"potions_floor_spawned":[7,8,14,18,20,22,24,37,47],"ascension_level":8}}