{"host":"2pffx5rqbod9ds0c","time":1607838660,"event":{"mods":["BaseMod","Better Altar","Better Match","Better Note","Better Sensory Stone","Better Skull","Better Third Choice","Custom Start","Hubris","Minty Spire (QoL Compilation)","Quick Restart","Relic Stats","Robot Space Explorer","Spicy Shops","StSLib"],"gold_per_floor":[113,113,132,132,147,188,211,245,268,284,307,338,359,359,359,484,484,497,510,510,525,548,587,587,35,35,69,69,102,123,76939,76939,77063,77063,77082,77082,77082,77105,75960,75995,76008,74668,74668,74709,74709,74724,73821,73855,73855,73855],"floor_reached":51,"playtime":1823,"items_purged":["RobotSpaceExplorer:Strike","RobotSpaceExplorer:Defend","RobotSpaceExplorer:MiniLasers","RobotSpaceExplorer:Defend","RobotSpaceExplorer:SurgingStrike"],"score":1139,"play_id":"73ffaed2-a62f-475e-91d1-039153f7f620","local_time":"20201212215100","is_ascension_mode":true,"campfire_choices":[{"data":"RobotSpaceExplorer:HighVoltage","floor":15,"key":"SMITH"},{"data":"RobotSpaceExplorer:Blaster","floor":24,"key":"SMITH"},{"data":"RobotSpaceExplorer:ChargingLaser","floor":32,"key":"SMITH"},{"floor":45,"key":"DIG"},{"data":"RobotSpaceExplorer:HighVoltage+1","floor":49,"key":"PURGE"}],"circlet_count":0,"master_deck":["RobotSpaceExplorer:Scan","RobotSpaceExplorer:SurgingStrike","RobotSpaceExplorer:Blaster+1","RobotSpaceExplorer:Reload","RobotSpaceExplorer:ChargingLaser+1","Finesse+1","RobotSpaceExplorer:Reload+1","Madness+1","Madness+1","RobotSpaceExplorer:GearShield+1","RobotSpaceExplorer:IronShell+1","RobotSpaceExplorer:Reload+1"],"relics":["RobotSpaceExplorer:RoboCore","WarpedTongs","Golden Idol","StrikeDummy","Omamori","Lantern","hubris:Reverence","HornCleat","Philosopher\u0027s Stone","InkBottle","Nunchaku","Singing Bowl","hubris:DeckOfHolding","Toxic Egg 2","Pear","Toy Ornithopter","Vajra","Shuriken","Regal Pillow","Empty Cage","Shovel","Torii","Strawberry","OrangePellets","hubris:PeanutButter","hubris:CrystalStatue","PreservedInsect","RobotSpaceExplorer:SlideRule","Frozen Eye","Peace Pipe","hubris:64BitClover","MealTicket","Dream Catcher","CeramicFish","Akabeko","TheAbacus","hubris:ToyBattleship","RobotSpaceExplorer:BottledGravity","hubris:MysteriousPyramids","DollysMirror","hubris:Zylophone"],"acts_visited":["Exordium","TheCity","TheBeyond"],"potions_floor_usage":[16,16],"damage_taken":[{"damage":0,"enemies":"2 Louse","floor":1,"turns":2},{"damage":3,"enemies":"Cultist","floor":3,"turns":2},{"damage":2,"enemies":"Small Slimes","floor":5,"turns":4},{"damage":22,"enemies":"3 Sentries","floor":6,"turns":3},{"damage":4,"enemies":"2 Fungi Beasts","floor":7,"turns":2},{"damage":19,"enemies":"Lagavulin","floor":8,"turns":5},{"damage":0,"enemies":"3 Louse","floor":10,"turns":1},{"damage":4,"enemies":"Large Slime","floor":11,"turns":4},{"damage":27,"enemies":"Gremlin Nob","floor":12,"turns":4},{"damage":0,"enemies":"Exordium Wildlife","floor":13,"turns":1},{"damage":40,"enemies":"The Guardian","floor":16,"turns":16},{"damage":0,"enemies":"Shell Parasite","floor":18,"turns":2},{"damage":0,"enemies":"3 Byrds","floor":19,"turns":2},{"damage":0,"enemies":"Sentry and Sphere","floor":21,"turns":1},{"damage":9,"enemies":"Centurion and Healer","floor":22,"turns":3},{"damage":12,"enemies":"Gremlin Leader","floor":23,"turns":3},{"damage":0,"enemies":"Slavers","floor":27,"turns":1},{"damage":3,"enemies":"Book of Stabbing","floor":29,"turns":3},{"damage":9,"enemies":"Snake Plant","floor":30,"turns":3},{"damage":22,"enemies":"hubris:MusketHawk","floor":33,"turns":5},{"damage":0,"enemies":"Orb Walker","floor":35,"turns":1},{"damage":0,"enemies":"3 Darklings","floor":38,"turns":2},{"damage":11,"enemies":"Giant Head","floor":40,"turns":5},{"damage":0,"enemies":"Jaw Worm Horde","floor":41,"turns":2},{"damage":0,"enemies":"Reptomancer","floor":44,"turns":2},{"damage":0,"enemies":"Spire Growth","floor":46,"turns":2},{"damage":0,"enemies":"Nemesis","floor":48,"turns":1},{"damage":0,"enemies":"Donu and Deca","floor":50,"turns":5}],"seed_played":"8714217545574956057","potions_obtained":[{"floor":5,"key":"RobotSpaceExplorer:LiquidFusion"},{"floor":6,"key":"EssenceOfSteel"},{"floor":7,"key":"ColorlessPotion"},{"floor":18,"key":"SkillPotion"},{"floor":21,"key":"SkillPotion"},{"floor":27,"key":"DuplicationPotion"}],"is_trial":false,"path_per_floor":["M","?","M","?","M","E","M","E","T","M","M","E","M","?","R","B",null,"M","M","?","M","M","E","R","$","T","E","?","E","M","$","R","B",null,"M","?","?","M","$","E","M","$","T","E","R","M","$","E","R","B",null],"character_chosen":"RobotSpaceExplorer","items_purchased":["Nunchaku","Singing Bowl","RobotSpaceExplorer:ChargingLaser","Finesse+1","Toy Ornithopter","Vajra","Shuriken","Regal Pillow","Shovel","Torii","Strawberry","OrangePellets","hubris:PeanutButter","PreservedInsect","RobotSpaceExplorer:SlideRule","Frozen Eye","Peace Pipe","hubris:64BitClover","MealTicket","RobotSpaceExplorer:IronShell+1","TheAbacus","hubris:ToyBattleship","RobotSpaceExplorer:BottledGravity","hubris:MysteriousPyramids","DollysMirror"],"campfire_rested":0,"item_purchase_floors":[25,25,25,31,31,31,31,31,39,39,39,39,39,42,42,42,42,42,42,42,47,47,47,47,47],"current_hp_per_floor":[75,75,72,54,52,30,26,7,7,7,73,46,46,46,46,6,75,75,75,75,75,66,54,54,54,54,56,56,63,56,56,56,36,91,91,80,80,82,89,80,82,82,82,84,84,86,101,103,103,103],"gold":73855,"neow_bonus":"TRANSFORM_CARD","is_daily":false,"chose_seed":false,"campfire_upgraded":3,"win_rate":0.0,"timestamp":1607838660,"path_taken":["M","?","?","?","M","E","M","E","T","M","M","E","M","?","R","BOSS","M","M","?","M","M","E","R","$","T","E","?","E","?","$","R","BOSS","M","?","?","M","$","E","M","?","T","E","R","?","$","E","R","BOSS"],"items_purchased_type":["Relic","Relic","Card","Card","Relic","Relic","Relic","Relic","Relic","Relic","Relic","Relic","Relic","Relic","Relic","Relic","Relic","Relic","Relic","Card","Relic","Relic","Relic","Relic","Relic"],"build_version":"2020-11-30","purchased_purges":5,"victory":true,"max_hp_per_floor":[75,75,75,75,75,75,75,75,75,75,75,75,75,75,75,75,75,75,75,75,75,75,75,75,75,75,77,77,87,89,89,89,91,91,91,91,91,93,100,102,104,104,104,106,106,108,108,110,110,110],"relic_stats":{"Regal Pillow":0,"Singing Bowl":18,"Torii":0,"counters":[28,87],"Golden Idol":192,"CeramicFish":9,"PreservedInsect":105,"WarpedTongs":[76],"Peace Pipe":1,"OrangePellets":[0],"Nunchaku":[10],"Dream Catcher":0,"Shovel":1,"TheAbacus":[24],"Shuriken":[22],"MealTicket":15,"obtain_stats":[{"Lantern":9,"Regal Pillow":31,"hubris:CrystalStatue":40,"RobotSpaceExplorer:SlideRule":42,"Singing Bowl":25,"Torii":39,"CeramicFish":44,"Vajra":31,"hubris:MysteriousPyramids":47,"Empty Cage":34,"Frozen Eye":42,"Nunchaku":25,"Dream Catcher":43,"HornCleat":14,"Shovel":39,"TheAbacus":47,"RobotSpaceExplorer:BottledGravity":47,"DollysMirror":47,"Strawberry":39,"Philosopher\u0027s Stone":17,"hubris:DeckOfHolding":26,"MealTicket":42,"Toxic Egg 2":27,"InkBottle":23,"Pear":29,"Golden Idol":4,"hubris:64BitClover":42,"RobotSpaceExplorer:RoboCore":0,"PreservedInsect":42,"Omamori":8,"Akabeko":45,"WarpedTongs":2,"Peace Pipe":42,"hubris:Zylophone":48,"OrangePellets":39,"Shuriken":31,"hubris:PeanutButter":39,"hubris:ToyBattleship":47,"StrikeDummy":6,"Toy Ornithopter":31,"hubris:Reverence":12},{"Lantern":6,"Regal Pillow":19,"hubris:CrystalStatue":23,"RobotSpaceExplorer:SlideRule":24,"Singing Bowl":16,"Torii":22,"CeramicFish":25,"Vajra":19,"hubris:MysteriousPyramids":26,"Empty Cage":20,"Frozen Eye":24,"Nunchaku":16,"Dream Catcher":24,"HornCleat":10,"Shovel":22,"TheAbacus":26,"RobotSpaceExplorer:BottledGravity":26,"DollysMirror":26,"Strawberry":22,"Philosopher\u0027s Stone":11,"hubris:DeckOfHolding":16,"MealTicket":24,"Toxic Egg 2":17,"InkBottle":16,"Pear":18,"Golden Idol":2,"hubris:64BitClover":24,"RobotSpaceExplorer:RoboCore":0,"PreservedInsect":24,"Omamori":6,"Akabeko":25,"WarpedTongs":1,"Peace Pipe":24,"hubris:Zylophone":27,"OrangePellets":22,"Shuriken":19,"hubris:PeanutButter":22,"hubris:ToyBattleship":26,"StrikeDummy":4,"Toy Ornithopter":19,"hubris:Reverence":9},{"Lantern":18,"Regal Pillow":62,"hubris:CrystalStatue":75,"RobotSpaceExplorer:SlideRule":77,"Singing Bowl":55,"Torii":70,"CeramicFish":79,"Vajra":62,"hubris:MysteriousPyramids":81,"Empty Cage":67,"Frozen Eye":77,"Nunchaku":55,"Dream Catcher":77,"HornCleat":28,"Shovel":70,"TheAbacus":81,"RobotSpaceExplorer:BottledGravity":81,"DollysMirror":81,"Strawberry":70,"Philosopher\u0027s Stone":44,"hubris:DeckOfHolding":55,"MealTicket":77,"Toxic Egg 2":56,"InkBottle":55,"Pear":59,"Golden Idol":4,"hubris:64BitClover":77,"RobotSpaceExplorer:RoboCore":0,"PreservedInsect":77,"Omamori":18,"Akabeko":79,"WarpedTongs":2,"Peace Pipe":77,"hubris:Zylophone":82,"OrangePellets":70,"Shuriken":62,"hubris:PeanutButter":70,"hubris:ToyBattleship":81,"StrikeDummy":11,"Toy Ornithopter":62,"hubris:Reverence":27}],"InkBottle":[17],"Toy Ornithopter":0},"card_choices":[{"not_picked":["RobotSpaceExplorer:GlueShot","RobotSpaceExplorer:ScrapToss"],"picked":"RobotSpaceExplorer:SurgingStrike","floor":1},{"not_picked":["RobotSpaceExplorer:SlimeMissile","RobotSpaceExplorer:Ammunition","RobotSpaceExplorer:PowerGlove"],"picked":"SKIP","floor":3},{"not_picked":["RobotSpaceExplorer:PowerCollector","RobotSpaceExplorer:TurboDodge"],"picked":"RobotSpaceExplorer:SurgingStrike","floor":5},{"not_picked":["RobotSpaceExplorer:FrostMissile","RobotSpaceExplorer:MakeshiftVolley","RobotSpaceExplorer:Probe"],"picked":"SKIP","floor":6},{"not_picked":["RobotSpaceExplorer:ImprovisedAttack","RobotSpaceExplorer:SwiftStep","RobotSpaceExplorer:TrailblazerForm"],"picked":"SKIP","floor":7},{"not_picked":["RobotSpaceExplorer:ImprovisedAttack","RobotSpaceExplorer:Ammunition"],"picked":"RobotSpaceExplorer:Wormhole","floor":8},{"not_picked":["RobotSpaceExplorer:LaserBurst","RobotSpaceExplorer:Probe","RobotSpaceExplorer:MiniDrones"],"picked":"SKIP","floor":10},{"not_picked":["RobotSpaceExplorer:Fix","RobotSpaceExplorer:StunGrenade","RobotSpaceExplorer:MakeshiftVolley"],"picked":"SKIP","floor":11},{"not_picked":["RobotSpaceExplorer:IronShell","RobotSpaceExplorer:MetalStrike","RobotSpaceExplorer:ImprovisedAttack"],"picked":"SKIP","floor":12},{"not_picked":["RobotSpaceExplorer:GlueShot","RobotSpaceExplorer:SwiftStep","RobotSpaceExplorer:ShovelStrike"],"picked":"SKIP","floor":13},{"not_picked":["RobotSpaceExplorer:Accelerator","RobotSpaceExplorer:Autoloader"],"picked":"RobotSpaceExplorer:Blaster","floor":16},{"not_picked":["RobotSpaceExplorer:ScrapShield","RobotSpaceExplorer:Reload","RobotSpaceExplorer:FrostMissile"],"picked":"SKIP","floor":18},{"not_picked":["RobotSpaceExplorer:ScrapShield","RobotSpaceExplorer:FrostMissile"],"picked":"RobotSpaceExplorer:Reload","floor":18},{"not_picked":["RobotSpaceExplorer:FreezingShield","RobotSpaceExplorer:StarDust","RobotSpaceExplorer:Counterblock"],"picked":"SKIP","floor":19},{"not_picked":["RobotSpaceExplorer:Ammunition","RobotSpaceExplorer:GlueShot","RobotSpaceExplorer:Electroshield+1"],"picked":"SKIP","floor":21},{"not_picked":["RobotSpaceExplorer:Probe+1","RobotSpaceExplorer:ImprovisedAttack","RobotSpaceExplorer:Counterblock+1"],"picked":"SKIP","floor":22},{"not_picked":["RobotSpaceExplorer:GlueSpray","RobotSpaceExplorer:RigExplosive+1","RobotSpaceExplorer:ShovelStrike"],"picked":"SKIP","floor":23},{"not_picked":["RobotSpaceExplorer:ScrapMissile+1","RobotSpaceExplorer:Comet+1","RobotSpaceExplorer:Calculate+1"],"picked":"Singing Bowl","floor":27},{"not_picked":["RobotSpaceExplorer:ImprovisedAttack","RobotSpaceExplorer:Pulsar+1"],"picked":"RobotSpaceExplorer:Wormhole+1","floor":29},{"not_picked":["RobotSpaceExplorer:SlimeMissile+1","RobotSpaceExplorer:Probe+1","RobotSpaceExplorer:Ammunition+1"],"picked":"Singing Bowl","floor":30},{"not_picked":["RobotSpaceExplorer:Arsenal+1","RobotSpaceExplorer:TrailblazerForm","RobotSpaceExplorer:Multitool"],"picked":"Singing Bowl","floor":33},{"not_picked":["RobotSpaceExplorer:GlueShot+1","RobotSpaceExplorer:GlueSpray+1"],"picked":"RobotSpaceExplorer:Reload+1","floor":35},{"not_picked":["RobotSpaceExplorer:MetalStrike","RobotSpaceExplorer:FreezeRay+1","RobotSpaceExplorer:StunGrenade+1"],"picked":"Singing Bowl","floor":38},{"not_picked":["RobotSpaceExplorer:LaserBurst+1","RobotSpaceExplorer:StarLightning","RobotSpaceExplorer:ImprovisedAttack+1"],"picked":"Singing Bowl","floor":40},{"not_picked":["RobotSpaceExplorer:MiniBoosters+1","RobotSpaceExplorer:StunGrenade+1","RobotSpaceExplorer:SwiftStep+1"],"picked":"Singing Bowl","floor":41},{"not_picked":["RobotSpaceExplorer:SurgingShield+1","RobotSpaceExplorer:FreezingShield+1","RobotSpaceExplorer:LaserBurst"],"picked":"Singing Bowl","floor":44},{"not_picked":["RobotSpaceExplorer:Ammunition+1","RobotSpaceExplorer:Fix+1","RobotSpaceExplorer:ShovelStrike"],"picked":"Singing Bowl","floor":46},{"not_picked":["RobotSpaceExplorer:StunGrenade","RobotSpaceExplorer:Ammunition+1","RobotSpaceExplorer:Blaster"],"picked":"Singing Bowl","floor":48}],"player_experience":759786,"relics_obtained":[{"floor":6,"key":"StrikeDummy"},{"floor":8,"key":"Omamori"},{"floor":9,"key":"Lantern"},{"floor":12,"key":"hubris:Reverence"},{"floor":23,"key":"InkBottle"},{"floor":26,"key":"hubris:DeckOfHolding"},{"floor":27,"key":"Toxic Egg 2"},{"floor":29,"key":"Pear"},{"floor":40,"key":"hubris:CrystalStatue"},{"floor":43,"key":"Dream Catcher"},{"floor":44,"key":"CeramicFish"},{"floor":45,"key":"Akabeko"},{"floor":48,"key":"hubris:Zylophone"}],"event_choices":[{"damage_healed":0,"gold_gain":0,"player_choice":"Rummage","damage_taken":0,"relics_obtained":["WarpedTongs"],"max_hp_gain":0,"max_hp_loss":0,"event_name":"Accursed Blacksmith","floor":2,"gold_loss":0,"cards_obtained":["Pain"]},{"damage_healed":0,"gold_gain":0,"player_choice":"Take Damage","damage_taken":18,"relics_obtained":["Golden Idol"],"max_hp_gain":0,"max_hp_loss":0,"event_name":"Golden Idol","floor":4,"gold_loss":0},{"damage_healed":0,"gold_gain":0,"player_choice":"Box","damage_taken":0,"relics_obtained":["HornCleat"],"max_hp_gain":0,"max_hp_loss":0,"event_name":"Big Fish","floor":14,"gold_loss":0,"cards_obtained":["Regret"]},{"cards_removed":["RobotSpaceExplorer:Defend"],"damage_healed":0,"gold_gain":0,"player_choice":"Purged","damage_taken":0,"max_hp_gain":0,"max_hp_loss":0,"event_name":"Purifier","floor":20,"gold_loss":0},{"damage_healed":0,"gold_gain":0,"player_choice":"Ignored","damage_taken":0,"max_hp_gain":0,"max_hp_loss":0,"event_name":"betterNote:BetterNote","floor":28,"gold_loss":0,"cards_obtained":["RobotSpaceExplorer:ChargingLaser"]},{"damage_healed":0,"gold_gain":0,"player_choice":"Embrace Madness","damage_taken":11,"max_hp_gain":0,"max_hp_loss":0,"event_name":"Winding Halls","floor":36,"gold_loss":0,"cards_obtained":["Madness","Madness"]}],"is_beta":false,"boss_relics":[{"not_picked":["SacredBark","Busted Crown"],"picked":"Philosopher\u0027s Stone"},{"not_picked":["Snecko Eye","Runic Dome"],"picked":"Empty Cage"}],"items_purged_floors":[25,31,31,42,47],"is_endless":false,"potions_floor_spawned":[5,6,7,10,11,18,21,22,27,30,40,48],"ascension_level":1}}