{"host":"a1entr2f04zjuino","time":1607895605,"event":{"mods":["Act Like it!","BaseMod","BetterRewards","Conspire","Hero for Fun","Hubris","Mimic Mod","Minty Spire (QoL Compilation)","Pale of the Ancients","StSLib","The Factory","The Judge","The Servant 0.9.4"],"gold_per_floor":[119,136,136,19,19,19,39,82,82,82,82,92,2,2,2,99,99,109,124,124,124,124,124,0,26,26,57,68,81,3,22,22,127,127,147,147,163,163,18,18,58,76,151,151,162,189,189,189,189,189,189],"floor_reached":50,"playtime":4436,"items_purged":[],"score":656,"play_id":"d53e39de-537b-46a9-b74a-62d0ecfc4db6","local_time":"20201213224005","is_ascension_mode":false,"campfire_choices":[{"data":"InstantArmor","floor":6,"key":"SMITH"},{"data":"Luminosity","floor":11,"key":"SMITH"},{"floor":15,"key":"REST"},{"data":"FlawlessForm","floor":23,"key":"SMITH"},{"data":"DualDimension","floor":32,"key":"SMITH"},{"data":"SoulSculpture","floor":40,"key":"SMITH"},{"floor":44,"key":"REST"},{"floor":49,"key":"REST"}],"circlet_count":0,"master_deck":["Strike_S","Strike_S","Strike_S","Defend_S","Defend_S","Defend_S","KidneyShot","Exchange","Luminosity","Snipe","Misdirection","ShatteredReality","InstantArmor+1","Defy","Luminosity+1","FastForward+1","Desolation","FlawlessForm+1","Solidify+1","Spin+1","Advance+1","Snipe","Reset+1","Desolation","Spin+1","TimeWarp","DoubleEdge","Potential","DualDimension+1","SoulSculpture+1","Desolation+1","Potential+1","Shame","Contraction","Collapse+1","hubris:Lust","SpecialFormula","Shuttle+1","Double Tap"],"relics":["Uniform","Regal Pillow","hubris:Icosahedron","Tiny Chest","hubris:DeckOfHolding","Torii","Astrolabe","Bag of Preparation","War Paint","InkBottle","Ginger","Cursed Key","hubris:Towel","hubris:TenFootPole","Mercury Hourglass","hubris:DisguiseKit","Ornamental Fan"],"acts_visited":["Exordium","TheCity","TheCity"],"potions_floor_usage":[16,33,45,50,50],"damage_taken":[{"damage":0,"enemies":"2 Louse","floor":1,"turns":3},{"damage":7,"enemies":"conspire:RoseBush","floor":2,"turns":3},{"damage":0,"enemies":"Cultist","floor":7,"turns":4},{"damage":1,"enemies":"conspire:MimicChest","floor":8,"turns":8},{"damage":0,"enemies":"2 Fungi Beasts","floor":12,"turns":3},{"damage":30,"enemies":"Slime Boss","floor":16,"turns":10},{"damage":0,"enemies":"conspire:FuzzyDice","floor":18,"turns":6},{"damage":0,"enemies":"Chosen","floor":19,"turns":7},{"damage":0,"enemies":"conspire:HollyBat","floor":27,"turns":19},{"damage":9,"enemies":"conspire:HollyBat","floor":28,"turns":6},{"damage":2,"enemies":"Snecko","floor":29,"turns":5},{"damage":0,"enemies":"Sentry and Sphere","floor":31,"turns":3},{"damage":41,"enemies":"Automaton","floor":33,"turns":11},{"damage":0,"enemies":"theFactory:4_Mini-Bots","floor":35,"turns":3},{"damage":0,"enemies":"theFactory:2_Experiment_Personnel","floor":37,"turns":6},{"damage":0,"enemies":"theFactory:Personnel_and_Mini-Bots","floor":41,"turns":6},{"damage":55,"enemies":"theFactory:Personnel_and_Mini-Bots","floor":42,"turns":7},{"damage":8,"enemies":"theFactory:Orbs_and_Orb_Walker","floor":45,"turns":6},{"damage":7,"enemies":"theFactory:Manservantes","floor":46,"turns":10},{"damage":75,"enemies":"theFactory:Guardian2","floor":50,"turns":17}],"seed_played":"7016289911587381119","potions_obtained":[{"floor":1,"key":"Fire Potion"},{"floor":16,"key":"LiquidMemories"},{"floor":28,"key":"GamblersBrew"},{"floor":29,"key":"SpeedPotion"},{"floor":33,"key":"Dexterity Potion"},{"floor":35,"key":"EssenceOfSteel"}],"is_trial":false,"path_per_floor":["M","M","?","$","?","R","M","?","T","?","R","M","$","?","R","B",null,"M","M","?","T","?","R","?","T","T","MIM","M","M","$","M","R","B",null,"M","?","M","?","$","R","MIM","M","T","R","M","E","?","?","R","B"],"character_chosen":"THE_SERVANT","items_purchased":["Luminosity","Regal Pillow","Snipe","InstantArmor","Defy","Desolation","Potential","DoubleEdge","Potential","hubris:TenFootPole"],"campfire_rested":3,"item_purchase_floors":[0,0,0,4,4,13,13,30,30,39],"current_hp_per_floor":[65,58,58,58,58,58,58,57,57,57,57,57,57,50,65,35,65,65,65,65,65,68,68,68,68,68,68,59,57,57,57,57,16,68,68,68,68,68,68,68,68,13,13,48,40,38,38,38,68,0,0],"gold":189,"neow_bonus":"","is_daily":false,"chose_seed":false,"campfire_upgraded":5,"win_rate":0.0,"timestamp":1607895605,"path_taken":["M","M","?","$","?","R","?","?","T","?","R","M","$","?","R","BOSS","M","M","?","?","?","R","?","?","T","?","?","M","$","M","R","BOSS","M","?","M","?","$","R","?","M","T","R","M","E","?","?","R","BOSS"],"items_purchased_type":["Card","Relic","Card","Card","Card","Card","Card","Card","Card","Relic"],"build_version":"2020-11-30","purchased_purges":0,"victory":false,"max_hp_per_floor":[65,65,65,65,65,65,65,65,65,65,65,65,65,65,65,65,65,65,65,65,65,68,68,68,68,68,68,68,68,68,68,68,68,68,68,68,68,68,68,68,68,68,68,68,68,68,68,68,68,68,68],"card_choices":[{"not_picked":["Spin","Shuttle"],"picked":"Potential","floor":1},{"not_picked":["TimeWarp","DoubleEdge"],"picked":"ShatteredReality","floor":2},{"not_picked":["BottledTime","ShatteredReality"],"picked":"Defy","floor":7},{"not_picked":["Rewind","Contraction"],"picked":"Luminosity","floor":8},{"not_picked":["BottledTime","Revamp"],"picked":"FastForward","floor":12},{"not_picked":["SoulSculpture","TheWorld"],"picked":"FlawlessForm","floor":16},{"not_picked":["Spin+1","BottledTime+1"],"picked":"Snipe","floor":18},{"not_picked":["TimeWarp","FastForward+1"],"picked":"Reset","floor":19},{"not_picked":["Foresight","Revamp+1"],"picked":"Desolation","floor":27},{"not_picked":["ShiftingGears","Replace"],"picked":"Spin+1","floor":28},{"not_picked":["ShatteredReality","Unruled"],"picked":"TimeWarp","floor":29},{"not_picked":["Revamp","Gouge"],"picked":"DualDimension","floor":31},{"not_picked":["Duplication","PendulumOfEternity"],"picked":"SoulSculpture","floor":33},{"not_picked":["Alleviate","Replace+1"],"picked":"Desolation+1","floor":35},{"not_picked":["FastForward","ShatteredReality"],"picked":"Potential+1","floor":37},{"not_picked":["Starlight","Revamp+1"],"picked":"Contraction","floor":41},{"not_picked":["ShatteredReality","Manipulate+1","Slap"],"picked":"Collapse+1","floor":42},{"not_picked":["Replace","Rewind","Normal_Punch"],"picked":"SpecialFormula","floor":45},{"not_picked":["RealityMarble+1","Ricochet","Slap"],"picked":"Shuttle+1","floor":46},{"not_picked":["ForeignInfluence","Meteor Strike"],"picked":"Double Tap","floor":48}],"player_experience":261156,"relics_obtained":[{"floor":8,"key":"Tiny Chest"},{"floor":9,"key":"hubris:DeckOfHolding"},{"floor":21,"key":"Bag of Preparation"},{"floor":25,"key":"War Paint"},{"floor":26,"key":"InkBottle"},{"floor":27,"key":"Ginger"},{"floor":41,"key":"Mercury Hourglass"},{"floor":41,"key":"hubris:DisguiseKit"},{"floor":43,"key":"Ornamental Fan"},{"floor":46,"key":"HornCleat"}],"event_choices":[{"damage_healed":0,"gold_gain":0,"player_choice":"Leave","damage_taken":0,"max_hp_gain":0,"max_hp_loss":0,"event_name":"FaceTrader","floor":5,"gold_loss":0},{"damage_healed":0,"gold_gain":0,"player_choice":"Leave","damage_taken":0,"max_hp_gain":0,"max_hp_loss":0,"event_name":"conspire:Investor","floor":10,"gold_loss":0},{"damage_healed":0,"gold_gain":0,"player_choice":"Success","damage_taken":7,"relics_obtained":["Torii"],"max_hp_gain":0,"max_hp_loss":0,"event_name":"Scrap Ooze","floor":14,"gold_loss":0},{"damage_healed":0,"gold_gain":0,"player_choice":"Ignored","damage_taken":0,"max_hp_gain":0,"max_hp_loss":0,"event_name":"Beggar","floor":20,"gold_loss":0},{"damage_healed":0,"gold_gain":0,"player_choice":"Paid Fearfully","damage_taken":0,"max_hp_gain":0,"max_hp_loss":0,"event_name":"Masked Bandits","floor":24,"gold_loss":124},{"cards_removed":["Potential"],"damage_healed":5,"gold_gain":0,"player_choice":"Offered Common","damage_taken":0,"max_hp_gain":0,"max_hp_loss":0,"event_name":"Bonfire Elementals","floor":38,"gold_loss":0},{"cards_removed":["Potential"],"damage_healed":5,"gold_gain":0,"player_choice":"Offered Special","damage_taken":0,"max_hp_gain":0,"max_hp_loss":0,"event_name":"Bonfire Elementals","floor":38,"gold_loss":0}],"is_beta":false,"boss_relics":[{"not_picked":["Sozu","Velvet Choker"],"picked":"Astrolabe"},{"not_picked":["Pandora\u0027s Box","Empty Cage"],"picked":"Cursed Key"}],"items_purged_floors":[],"is_endless":false,"potions_floor_spawned":[1,16,28,29,31,33,35,37],"killed_by":"theFactory:Guardian2","ascension_level":0}}