{"host":"jx3f6ezc0g3s9edc","time":1607825451,"event":{"mods":["AchievementEnabler","BaseMod","Bestiary","Colored Map","Highlight Path","Minty Spire (QoL Compilation)","StSLib"],"gold_per_floor":[110,110,23,23,123,123,166,187,212,232,232,58,58,92,92,212,212,233,256,256,271,292,292,325,325,325,348,348,348,273,273,273,401,401,414,153,176,25,0,0,36,36,62,62,81,112,112,112,112],"floor_reached":48,"playtime":4239,"items_purged":["Strike_G","Strike_G"],"score":768,"play_id":"97c0bf32-f168-4f76-840c-3e09fa7970b6","local_time":"20201212211051","is_ascension_mode":true,"campfire_choices":[{"data":"Deadly Poison","floor":6.0,"key":"SMITH"},{"data":"Deadly Poison","floor":11.0,"key":"SMITH"},{"data":"Apotheosis","floor":15.0,"key":"SMITH"},{"floor":23.0,"key":"REST"},{"floor":25.0,"key":"REST"},{"floor":29.0,"key":"REST"},{"floor":32.0,"key":"REST"},{"floor":40.0,"key":"REST"},{"floor":42.0,"key":"REST"},{"floor":44.0,"key":"RECALL"}],"circlet_count":0,"master_deck":["AscendersBane","Defend_G","Defend_G","Defend_G","Defend_G","Defend_G","Survivor","Neutralize+1","Dash","Footwork","Deadly Poison+1","Bane","Dagger Spray","Deadly Poison+1","Apotheosis+1","Footwork","Grand Finale","Backflip+1","Poisoned Stab+1","Catalyst+1","Panacea+1","Parasite"],"relics":["SacredBark","Golden Idol","Strawberry","Lantern","Toxic Egg 2","Busted Crown","Bottled Lightning","InkBottle","Fusion Hammer","Potion Belt","Red Mask","The Specimen","Blood Vial","Shuriken"],"acts_visited":["Exordium","TheCity","TheBeyond"],"potions_floor_usage":[],"damage_taken":[{"damage":8.0,"enemies":"Jaw Worm","floor":1.0,"turns":7.0},{"damage":3.0,"enemies":"Lagavulin","floor":7.0,"turns":7.0},{"damage":0.0,"enemies":"Small Slimes","floor":8.0,"turns":4.0},{"damage":0.0,"enemies":"2 Louse","floor":10.0,"turns":3.0},{"damage":19.0,"enemies":"3 Sentries","floor":14.0,"turns":9.0},{"damage":1.0,"enemies":"The Guardian","floor":16.0,"turns":10.0},{"damage":31.0,"enemies":"2 Thieves","floor":18.0,"turns":5.0},{"damage":0.0,"enemies":"Chosen","floor":19.0,"turns":4.0},{"damage":3.0,"enemies":"Shelled Parasite and Fungi","floor":21.0,"turns":6.0},{"damage":1.0,"enemies":"Centurion and Healer","floor":22.0,"turns":6.0},{"damage":27.0,"enemies":"Book of Stabbing","floor":24.0,"turns":7.0},{"damage":0.0,"enemies":"Cultist and Chosen","floor":27.0,"turns":6.0},{"damage":8.0,"enemies":"Automaton","floor":33.0,"turns":13.0},{"damage":0.0,"enemies":"3 Shapes","floor":35.0,"turns":6.0},{"damage":0.0,"enemies":"Orb Walker","floor":37.0,"turns":3.0},{"damage":6.0,"enemies":"Nemesis","floor":41.0,"turns":5.0},{"damage":24.0,"enemies":"Writhing Mass","floor":45.0,"turns":6.0},{"damage":79.0,"enemies":"Reptomancer","floor":46.0,"turns":6.0},{"damage":20,"enemies":"Sphere and 2 Shapes","floor":48,"turns":4}],"seed_played":"-48003915737040088","potions_obtained":[{"floor":7.0,"key":"LiquidMemories"},{"floor":8.0,"key":"Block Potion"},{"floor":10.0,"key":"LiquidMemories"},{"floor":22.0,"key":"PowerPotion"},{"floor":27.0,"key":"AttackPotion"},{"floor":33.0,"key":"SpeedPotion"},{"floor":35.0,"key":"AttackPotion"},{"floor":45.0,"key":"Regen Potion"}],"is_trial":false,"path_per_floor":["M","?","$","?","?","R","E","M","T","M","R","$","?","E","R","B",null,"M","M","?","M","M","R","E","R","T","M","?","R","$","?","R","B",null,"M","$","M","$","?","R","E","R","T","R","M","E","?","M"],"character_chosen":"THE_SILENT","items_purchased":["Footwork","Deadly Poison","Apotheosis","Catalyst+1","Panacea+1","Potion Belt"],"campfire_rested":6,"item_purchase_floors":[3,3,12,36,36,38],"current_hp_per_floor":[55,55,55,55,55,55,59,59,59,59,59,59,52,33,33,32,62,31,31,31,28,27,48,21,42,42,42,42,63,63,63,72,64,70,70,70,70,70,70,72,66,72,72,72,48,16,16,0,0],"gold":112,"neow_bonus":"BOSS_RELIC","is_daily":false,"chose_seed":false,"campfire_upgraded":3,"win_rate":0.0,"timestamp":1607825451,"path_taken":["M","?","$","?","?","R","E","M","T","?","R","$","?","E","R","BOSS","M","M","?","M","?","R","E","R","T","M","?","R","$","?","R","BOSS","M","?","M","$","?","R","E","R","T","R","M","E","?","?"],"items_purchased_type":["Card","Card","Card","Card","Card","Relic"],"build_version":"2020-11-30","purchased_purges":2,"victory":false,"max_hp_per_floor":[70,70,70,65,65,65,72,72,72,72,72,72,72,72,72,72,72,72,72,72,72,72,72,72,72,72,72,72,72,72,72,72,72,72,72,72,72,72,72,72,72,72,72,72,72,72,72,72,72],"card_choices":[{"not_picked":["Quick Slash","All Out Attack"],"picked":"Dash","floor":1.0},{"not_picked":["Quick Slash","Flechettes"],"picked":"Bane","floor":7.0},{"not_picked":["Sucker Punch","Backflip"],"picked":"Dagger Spray","floor":8.0},{"not_picked":["Underhanded Strike","Dagger Spray"],"picked":"Deadly Poison","floor":10.0},{"not_picked":["PiercingWail+1","Predator"],"picked":"Footwork","floor":14.0},{"not_picked":["Wraith Form v2","Glass Knife"],"picked":"Grand Finale","floor":16.0},{"not_picked":[],"picked":"Backflip+1","floor":18.0},{"not_picked":["Leg Sweep+1"],"picked":"SKIP","floor":19.0},{"not_picked":["Dagger Spray"],"picked":"SKIP","floor":21.0},{"not_picked":["Tactician+1"],"picked":"SKIP","floor":22.0},{"not_picked":["Slice"],"picked":"SKIP","floor":24.0},{"not_picked":["Underhanded Strike"],"picked":"SKIP","floor":27.0},{"not_picked":[],"picked":"Poisoned Stab+1","floor":35.0},{"not_picked":["Dagger Spray"],"picked":"SKIP","floor":37.0},{"not_picked":["Heel Hook"],"picked":"SKIP","floor":41.0},{"not_picked":["Leg Sweep+1"],"picked":"SKIP","floor":45.0},{"not_picked":["Slice"],"picked":"SKIP","floor":46.0}],"player_experience":657743,"relics_obtained":[{"floor":7.0,"key":"Strawberry"},{"floor":9.0,"key":"Lantern"},{"floor":14.0,"key":"Toxic Egg 2"},{"floor":24.0,"key":"Bottled Lightning"},{"floor":26.0,"key":"InkBottle"},{"floor":41.0,"key":"The Specimen"},{"floor":43.0,"key":"Blood Vial"},{"floor":46.0,"key":"Shuriken"}],"event_choices":[{"damage_healed":0.0,"max_hp_gain":0.0,"max_hp_loss":0.0,"gold_gain":0.0,"event_name":"Living Wall","player_choice":"Grow","floor":2.0,"gold_loss":0.0,"damage_taken":0.0,"cards_upgraded":["Neutralize"]},{"damage_healed":0.0,"max_hp_gain":0.0,"max_hp_loss":5.0,"gold_gain":0.0,"event_name":"Golden Idol","player_choice":"Lose Max HP","floor":4.0,"gold_loss":0.0,"damage_taken":0.0,"relics_obtained":["Golden Idol"]},{"damage_healed":0.0,"max_hp_gain":0.0,"max_hp_loss":0.0,"gold_gain":100.0,"event_name":"Golden Shrine","player_choice":"Pray","floor":5.0,"gold_loss":0.0,"damage_taken":0.0},{"cards_removed":["Strike_G"],"damage_healed":0.0,"max_hp_gain":0.0,"max_hp_loss":0.0,"gold_gain":0.0,"event_name":"Golden Wing","player_choice":"Card Removal","floor":13.0,"gold_loss":0.0,"damage_taken":7.0},{"cards_removed":["Strike_G"],"damage_healed":0.0,"max_hp_gain":0.0,"max_hp_loss":0.0,"gold_gain":0.0,"event_name":"Purifier","player_choice":"Purged","floor":20.0,"gold_loss":0.0,"damage_taken":0.0},{"damage_healed":0.0,"max_hp_gain":0.0,"max_hp_loss":0.0,"gold_gain":0.0,"event_name":"Vampires","player_choice":"Ignored","floor":28.0,"gold_loss":0.0,"damage_taken":0.0},{"damage_healed":0.0,"max_hp_gain":0.0,"max_hp_loss":0.0,"gold_gain":0.0,"event_name":"The Woman in Blue","player_choice":"Bought 0 Potions","floor":31.0,"gold_loss":0.0,"damage_taken":0.0},{"damage_healed":0.0,"max_hp_gain":0.0,"max_hp_loss":0.0,"gold_gain":0.0,"event_name":"Tomb of Lord Red Mask","player_choice":"Paid","floor":39.0,"gold_loss":25.0,"damage_taken":0.0,"relics_obtained":["Red Mask"]},{"cards_removed":["Strike_G"],"damage_healed":0.0,"max_hp_gain":0.0,"max_hp_loss":0.0,"gold_gain":0.0,"event_name":"Bonfire Elementals","player_choice":"Offered Basic","floor":47.0,"gold_loss":0.0,"damage_taken":0.0}],"is_beta":false,"boss_relics":[{"not_picked":["Runic Dome","HoveringKite"],"picked":"Busted Crown"},{"not_picked":["Astrolabe","Sozu"],"picked":"Fusion Hammer"}],"items_purged_floors":[30,36],"is_endless":false,"potions_floor_spawned":[7,8,10,22,27,33,35,45],"killed_by":"Sphere and 2 Shapes","ascension_level":10}}