{"host":"qn9jmys3bzrfa36a","time":1607877351,"event":{"mods":["Act Like it!","BaseMod","Decade(王小明)","Downfall","Gensokyo","HololiveMod","Minty Spire (QoL Compilation)","MostiFishMod","Robot Space Explorer","StSLib","The Cursed","【遗物卡牌】REMEMod"],"gold_per_floor":[99,99,99,127,127,146,146,165,165,165,165,184,197,210,226,328,328,278,312,312,312,331,349,372,382,332,362,386,410,439,470,497,613,625,587,599,624,153,253,283,283,283,300,250,261,4,4,4,21,21],"floor_reached":51,"playtime":3726,"items_purged":["Strike_R","Slimebound:Defend_Slimebound"],"score":921,"play_id":"187441ca-4d75-46a4-a9ec-e0c7138de862","local_time":"20201214003551","is_ascension_mode":false,"campfire_choices":[{"floor":1.0,"key":"RECALL"},{"data":"1","floor":10.0,"key":"LIFT"},{"data":"2","floor":18.0,"key":"LIFT"},{"data":"3","floor":26.0,"key":"LIFT"},{"data":"Slimebound:MinionMaster","floor":35,"key":"SMITH"},{"data":"Slimebound:CorrosiveSpit","floor":44,"key":"SMITH"}],"circlet_count":0,"master_deck":["Slimebound:Tackle","Slimebound:Defend_Slimebound","Slimebound:Defend_Slimebound","Slimebound:Defend_Slimebound","Slimebound:Split","Slimebound:CorrosiveSpit+1","Slimebound:SplitBruiser","Slimebound:SlimeTap","Slimebound:Gluttony","Slimebound:SplitAcid+1","Slimebound:SplitMire","Slimebound:SplitLeeching","Slimebound:PressTheAttack","Slimebound:RollThrough","Slimebound:ComboTackle","Slimebound:Replication+1","Slimebound:Tackle+1","Slimebound:Tackle+1","Slimebound:Tackle+1","Slimebound:Schlurp","Slimebound:LivingWall+1","Slimebound:MinionMaster+1","Slimebound:ViciousTackle","Slimebound:LeechingTouch+1","Slimebound:SamplingLick+1","Slimebound:ProtectTheBoss","Slimebound:HauntingLick","Slimebound:MegaLick+1","Slimebound:MassFeed","Slimebound:LeechEnergy+1","Slimebound:Overexert","Slimebound:SlimeSlap","Slimebound:LeadByExample+1","expansioncontent:StudyTheSpire","Slimebound:SamplingLick","expansioncontent:TimeRipple","expansioncontent:Collect","expansioncontent:YouAreMine","Slimebound:AcidTongue+1"],"relics":["Slimebound:AbsorbEndCombat","REME_ComplimentaryCards","DaveBox","Transparent","downfall:HeartsMalice","Pen Nib","Girya","Slimebound:GreedOozeRelic","ImportantClient","FeatherPendant","Potion Belt","MawBank","BirthdayGift-Icosahedron","Civilization","Lee\u0027s Waffle","Mercury Hourglass","Matryoshka","Regal Pillow","Question Card"],"acts_visited":["Exordium","TheCity","TheBeyond"],"potions_floor_usage":[],"damage_taken":[{"damage":0.0,"enemies":"Cultist","floor":3.0,"turns":1.0},{"damage":0.0,"enemies":"Gremlin Nob","floor":4.0,"turns":1.0},{"damage":0.0,"enemies":"Small Slimes","floor":5.0,"turns":1.0},{"damage":13.0,"enemies":"2 Louse","floor":6.0,"turns":1.0},{"damage":30.0,"enemies":"Large Slime","floor":8.0,"turns":2.0},{"damage":38.0,"enemies":"Lots of Slimes","floor":12.0,"turns":2.0},{"damage":39.0,"enemies":"Exordium Wildlife","floor":13.0,"turns":2.0},{"damage":38.0,"enemies":"Gremlin Gang","floor":14.0,"turns":2.0},{"damage":18.0,"enemies":"Blue Slaver","floor":15.0,"turns":1.0},{"damage":44.0,"enemies":"downfall:Defect","floor":16.0,"turns":3.0},{"damage":73.0,"enemies":"Gremlin Leader","floor":19.0,"turns":2.0},{"damage":28.0,"enemies":"Spheric Guardian","floor":22.0,"turns":1.0},{"damage":41.0,"enemies":"Centurion and Healer","floor":23.0,"turns":1.0},{"damage":60.0,"enemies":"Shelled Parasite and Fungi","floor":25.0,"turns":2.0},{"damage":24.0,"enemies":"Slavers","floor":27.0,"turns":1.0},{"damage":14.0,"enemies":"Chosen and Byrds","floor":28.0,"turns":1.0},{"damage":28.0,"enemies":"Sentry and Sphere","floor":29.0,"turns":1.0},{"damage":30,"enemies":"Centurion and Healer","floor":30,"turns":2},{"damage":12,"enemies":"Shelled Parasite and Fungi","floor":31,"turns":2},{"damage":34,"enemies":"Snecko","floor":32,"turns":1},{"damage":14,"enemies":"downfall:Ironclad","floor":33,"turns":1},{"damage":0,"enemies":"Orb Walker","floor":37,"turns":1},{"damage":35,"enemies":"downfall:FleeingMerchant","floor":38,"turns":2},{"damage":0,"enemies":"Reptomancer","floor":40,"turns":1},{"damage":3,"enemies":"3 Shapes","floor":43,"turns":1},{"damage":4,"enemies":"Writhing Mass","floor":45,"turns":1},{"damage":0,"enemies":"Jaw Worm Horde","floor":49,"turns":1},{"damage":40,"enemies":"downfall:Silent","floor":50,"turns":3}],"seed_played":"5020502780928422069","potions_obtained":[{"floor":6.0,"key":"AttackPotion"},{"floor":12.0,"key":"SpeedPotion"},{"floor":13.0,"key":"SneckoOil"},{"floor":28.0,"key":"LiquidMemories"},{"floor":30,"key":"SteroidPotion"}],"is_trial":false,"path_per_floor":["R","?","M","E","M","M","T","M","?","R","?","M","M","M","M","B",null,"R","E","?","?","M","M","T","M","R","E","M","M","M","M","M","B",null,"R","?","M","$","?","E","T","?","M","R","M","$","?","$","M","B",null],"character_chosen":"SLIMEBOUND","items_purchased":["Civilization","Lee\u0027s Waffle","Mercury Hourglass","expansioncontent:StudyTheSpire","Slimebound:SamplingLick"],"campfire_rested":0,"item_purchase_floors":[38,38,38,46,46],"current_hp_per_floor":[60,57,60,60,60,60,60,60,60,60,60,60,60,60,60,60,60,60,60,60,52,60,60,60,60,60,60,60,60,60,60,60,60,60,60,60,60,67,67,73,73,73,79,79,86,86,76,76,96,107],"gold":21,"neow_bonus":"THREE_ENEMY_KILL","is_daily":false,"chose_seed":false,"campfire_upgraded":2,"win_rate":0.0,"timestamp":1607877351,"path_taken":["R","?","M","E","M","M","T","M","?","R","?","M","M","M","M","BOSS","R","E","?","?","?","M","T","M","R","E","M","M","M","M","M","BOSS","R","?","?","$","?","E","T","?","M","R","?","?","?","?","M","BOSS"],"items_purchased_type":["Relic","Relic","Relic","Card","Card"],"build_version":"2020-11-30","purchased_purges":2,"victory":true,"max_hp_per_floor":[60,60,60,60,60,60,60,60,60,60,60,60,60,60,60,60,60,60,60,60,60,60,60,60,60,60,60,60,60,60,60,60,60,60,60,60,60,67,67,73,73,73,79,79,86,86,86,86,96,107],"card_choices":[{"not_picked":["Slimebound:LeechEnergy","Slimebound:ViciousTackle"],"picked":"Slimebound:SplitBruiser","floor":3.0},{"not_picked":["Slimebound:LivingWall","Slimebound:RainOfGoop"],"picked":"Slimebound:SlimeTap","floor":4.0},{"not_picked":["Slimebound:ComboTackle","Slimebound:SlimeBarrage"],"picked":"Slimebound:Gluttony","floor":5.0},{"not_picked":["Slimebound:Schlurp","Slimebound:PressTheAttack"],"picked":"Slimebound:SplitAcid","floor":6.0},{"not_picked":["Slimebound:RejuvenatingLick","Slimebound:LeechingTouch"],"picked":"Slimebound:SplitMire","floor":8.0},{"not_picked":["Slimebound:Prepare","Slimebound:SplitAcid"],"picked":"Slimebound:SplitLeeching","floor":12.0},{"not_picked":["Slimebound:SplitAcid","Slimebound:LeechLife"],"picked":"Slimebound:PressTheAttack","floor":13.0},{"not_picked":["Slimebound:SlimeTap","Slimebound:FinishingTackle"],"picked":"Slimebound:RollThrough","floor":14.0},{"not_picked":["Slimebound:ItLooksTasty","Slimebound:PressTheAttack"],"picked":"Slimebound:ComboTackle","floor":15.0},{"not_picked":["Slimebound:SlimeSlap","Slimebound:WasteNot"],"picked":"Slimebound:DuplicatedForm","floor":16.0},{"not_picked":["Slimebound:RollThrough+1","Slimebound:BestDefense"],"picked":"Slimebound:Replication+1","floor":19.0},{"not_picked":["Slimebound:RollThrough","Slimebound:ViciousTackle"],"picked":"Slimebound:Schlurp","floor":22.0},{"not_picked":["Slimebound:SplitMire","Slimebound:SlimeBarrage"],"picked":"Slimebound:LivingWall+1","floor":23.0},{"not_picked":["Slimebound:SplitBruiser","Slimebound:SplitLeeching+1"],"picked":"Slimebound:MinionMaster","floor":25.0},{"not_picked":["Slimebound:ComboTackle","Slimebound:SplitMire"],"picked":"Slimebound:ViciousTackle","floor":27.0},{"not_picked":["Slimebound:SpikyOuterGoop","Slimebound:Gluttony"],"picked":"Slimebound:LeechingTouch+1","floor":28.0},{"not_picked":["Slimebound:SplitAcid","Slimebound:SplitMire+1"],"picked":"Slimebound:SamplingLick+1","floor":29.0},{"not_picked":["Slimebound:Teamwork","Slimebound:RejuvenatingLick"],"picked":"Slimebound:ProtectTheBoss","floor":30},{"not_picked":["Slimebound:SplitMire","Slimebound:ViciousTackle"],"picked":"Slimebound:HauntingLick","floor":31},{"not_picked":["Slimebound:Chomp+1","Slimebound:Schlurp"],"picked":"Slimebound:MegaLick+1","floor":32},{"not_picked":["Slimebound:RallyTheTroops","Slimebound:SelfFormingGoo"],"picked":"Slimebound:MassFeed","floor":33},{"not_picked":["Slimebound:Replication+1","Slimebound:ComboTackle+1"],"picked":"Slimebound:LeechEnergy+1","floor":37},{"not_picked":["Slimebound:PressTheAttack","Slimebound:ViciousTackle"],"picked":"Slimebound:Overexert","floor":38},{"not_picked":["Slimebound:LeechingTouch","Slimebound:LeechEnergy"],"picked":"Slimebound:SlimeSlap","floor":40},{"not_picked":["Slimebound:SplitAcid","Slimebound:ViciousTackle","Slimebound:RollThrough"],"picked":"Slimebound:LeadByExample+1","floor":43},{"not_picked":["Slimebound:Gluttony+1","Slimebound:BestDefense","Slimebound:LeechingTouch","Slimebound:SpikyOuterGoop"],"picked":"SKIP","floor":45},{"not_picked":["expansioncontent:Torchfire","expansioncontent:Collect","expansioncontent:Sear"],"picked":"expansioncontent:TimeRipple","floor":47},{"not_picked":["expansioncontent:Torchfire","expansioncontent:BronzeBeam","expansioncontent:LastStand"],"picked":"expansioncontent:Collect","floor":47},{"not_picked":["expansioncontent:Chronoboost","expansioncontent:BronzeBeam","expansioncontent:Sear"],"picked":"expansioncontent:YouAreMine","floor":47},{"not_picked":["Slimebound:SplitLeeching","Slimebound:LevelUp+1","Slimebound:PressTheAttack"],"picked":"Slimebound:AcidTongue+1","floor":49}],"player_experience":65046,"relics_obtained":[{"floor":4.0,"key":"Girya"},{"floor":16.0,"key":"ImportantClient"},{"floor":24.0,"key":"Potion Belt"},{"floor":27.0,"key":"MawBank"},{"floor":40,"key":"Matryoshka"},{"floor":41,"key":"Regal Pillow"},{"floor":41,"key":"Question Card"}],"event_choices":[{"damage_healed":0.0,"max_hp_gain":0.0,"max_hp_loss":0.0,"gold_gain":0.0,"event_name":"Scrap Ooze","player_choice":"Success","floor":2.0,"gold_loss":0.0,"damage_taken":3.0,"relics_obtained":["Pen Nib"]},{"cards_removed":["Slimebound:DuplicatedForm"],"damage_healed":0,"gold_gain":0,"player_choice":"Took Card","damage_taken":0,"max_hp_gain":0,"max_hp_loss":0,"event_name":"NoteForYourself","floor":36,"gold_loss":0,"cards_obtained":["Strike_R"]}],"is_beta":false,"boss_relics":[{"not_picked":["Astrolabe","MostiFishMod:Hod"],"picked":"FeatherPendant"},{"not_picked":["Runic Pyramid","Sozu"],"picked":"BirthdayGift-Icosahedron"}],"items_purged_floors":[38,46],"is_endless":false,"potions_floor_spawned":[6,12,13,14,15,23,25,28,30,31,33,40,45,49],"ascension_level":0}}