{"host":"fq9q35as5g8xdsoo","time":1607845042,"event":{"mods":["2.2 Compatiblity","AchievementEnabler","Act Like it!","Aspiration","BaseMod","Beaked The Cultist","Better Skull","Card Forge","Colored Map","Colored Powertips","Conspire","Dota2Spire","Energized Spire","Gensokyo","GifTheSpireLib","Halation","Hermit","Hubris","Marked Mod","Menagerie","Minty Spire (QoL Compilation)","Pale of the Ancients","Permanent Neow","Quick Restart","Relic Filter","Replay The Spire","Robot Space Explorer","Spicy Shops","Spikes Relics","StSLib","Stuff the Spire","SuperFastMode","The Blue Laboratory","The Construct","The Disciple","The Factory","The Gatherer","The Jungle","The Runesmith","The Servant 0.9.4","Trackpad","WarShipGirlsR/????R mod","vexMod"],"gold_per_floor":[33,71,136,199,323,323,323,647,647,1063,1139,1139,1471,1471,1471,1698,1698,1743,2296,2353,2509,2509,2845,2884,2884,2884,3256,3256,3311,3619,3669,3669,3914,3914,3979,3979,3979,3979,3979,4363,4363,4755,4755,5161,5214,5214,5214,5261,5261,5261,5269,5269,5269],"floor_reached":52,"playtime":4239,"items_purged":[],"score":2717,"play_id":"ab009818-0511-4c5c-a810-9a3f27562184","local_time":"20201212233722","daily_mods":["Vintage","Heirloom","Midas","Diverse","Colorless Cards","Binary"],"is_ascension_mode":true,"campfire_choices":[{"floor":6.0,"key":"REST"},{"floor":12.0,"key":"REST"},{"floor":15.0,"key":"RECALL"},{"floor":25.0,"key":"REST"},{"data":"Pain","floor":32.0,"key":"PURGE"},{"floor":41.0,"key":"REST"},{"floor":47.0,"key":"REST"},{"floor":49.0,"key":"REST"}],"circlet_count":0,"master_deck":["Strike_R+1","Strike_G","Strike_B","hubris:Strike_Merchant","Defend_R","Defend_B+1","hubris:Defend_Merchant+1","hubris:MerchantsHand","hubris:MerchantsHand","AscendersBane","construct:Hazardproof"],"relics":["Smiling Mask","hubris:NiceRug","Busted Crown","Dota2Spire:AssaultCuirass","StuffTheSpire:TintedRock","StuffTheSpire:Barrel","Vajra","aspiration:Lifesprig","aspiration:FrozenJewel","Replay:Baseball","hubris:MysteriousPyramids","Bronze Scales","Dota2Spire:BattleFury","CherryCoatedStake","halation:AfternoonTea","Simple Rune","halation:EternalFortune","halation:PrussianBluePaint","Pet Ghost","Frozen Egg 2","vexMod:BarristanHead","Paper Frog","halation:KoshaPiece","StuffTheSpire:HeavyRock","trackpad:DemonHeart","Mummified Hand","SuspiciousGoo","Dota2Spire:ArcaneBoots","construct:RocketBooster","conspire:DeflatedDodgeball","Dota2Spire:CrimsonGuard","vexMod:ScavengeHelm","halation:PenCase","paleoftheancients:Timepiece","paleoftheancients:KeyRelic","Orichalcum","Gremlin Horn"],"acts_visited":["Gensokyo:Gensokyo","Gensokyo:Gensokyoer","TheBeyond","paleoftheancients:PaleOfTheAncients"],"potions_floor_usage":[52,52],"damage_taken":[{"damage":7.0,"enemies":"Gensokyo:3_Fairies","floor":1.0,"turns":5.0},{"damage":6.0,"enemies":"Gensokyo:Python","floor":2.0,"turns":4.0},{"damage":0.0,"enemies":"Gensokyo:Gryphon","floor":3.0,"turns":4.0},{"damage":0.0,"enemies":"Gensokyo:3_Kodama","floor":4.0,"turns":6.0},{"damage":16.0,"enemies":"conspire:MimicChest","floor":5.0,"turns":8.0},{"damage":6.0,"enemies":"Gensokyo:Cirno","floor":8.0,"turns":8.0},{"damage":0.0,"enemies":"Gensokyo:Aya","floor":10.0,"turns":7.0},{"damage":0.0,"enemies":"Gensokyo:2_Rabbits","floor":11.0,"turns":4.0},{"damage":0.0,"enemies":"Gensokyo:Mamizou","floor":13.0,"turns":8.0},{"damage":3.0,"enemies":"Gensokyo:Reimu","floor":16.0,"turns":11.0},{"damage":1.0,"enemies":"Gensokyo:AngelMirror","floor":18.0,"turns":3.0},{"damage":0.0,"enemies":"Gensokyo:Chomper","floor":20.0,"turns":3.0},{"damage":5.0,"enemies":"Gensokyo:Tenshi","floor":23.0,"turns":9.0},{"damage":0.0,"enemies":"Gensokyo:Wraith","floor":24.0,"turns":5.0},{"damage":2.0,"enemies":"Gensokyo:Koishi","floor":27.0,"turns":7.0},{"damage":8.0,"enemies":"Gensokyo:Chomper_and_Gloop","floor":29.0,"turns":6.0},{"damage":1.0,"enemies":"Gensokyo:Tenshi","floor":30.0,"turns":10.0},{"damage":3.0,"enemies":"Gensokyo:Swordslinger","floor":31.0,"turns":4.0},{"damage":0.0,"enemies":"Gensokyo:Eternal_Rivals","floor":33.0,"turns":10.0},{"damage":0.0,"enemies":"Orb Walker","floor":35.0,"turns":3.0},{"damage":9.0,"enemies":"R_Hoarder","floor":40.0,"turns":11.0},{"damage":0.0,"enemies":"Nemesis","floor":42.0,"turns":13.0},{"damage":0.0,"enemies":"R_Hoarder","floor":44.0,"turns":6.0},{"damage":0.0,"enemies":"3 Darklings","floor":45.0,"turns":3.0},{"damage":0.0,"enemies":"Maw","floor":48.0,"turns":7.0},{"damage":0.0,"enemies":"Awakened One","floor":50.0,"turns":18.0},{"damage":0.0,"enemies":"Donu and Deca","floor":51.0,"turns":16.0},{"damage":59,"enemies":"Donu and Deca","floor":52,"turns":20}],"seed_played":"5790538921372661268","potions_obtained":[{"floor":1.0,"key":"BlessingOfTheForge"},{"floor":2.0,"key":"blueLaboratory:ConflagurationPotion"},{"floor":8.0,"key":"Dota2Spire:Clarity"},{"floor":21.0,"key":"SmokeBomb"},{"floor":24.0,"key":"SpeedPotion"},{"floor":30.0,"key":"blueLaboratory:StoneskinPotion"},{"floor":33.0,"key":"blueLaboratory:BottleOfRum"}],"is_trial":true,"path_per_floor":["M","M","M","M","?","R","?","E","T","E","M","R","E","T","R","B",null,"M","?","M","?","?","E","M","R","T","E","$","M","E","M","R_BF","B",null,"M","?","T","?","$","E","R","E","T","E","M","?","R","M","R","B","B","M"],"character_chosen":"IRONCLAD","items_purchased":[],"campfire_rested":6,"item_purchase_floors":[],"current_hp_per_floor":[56,50,50,50,34,55,55,49,49,49,49,70,70,70,70,67,69,68,8,8,8,11,6,6,27,27,40,40,34,33,30,30,32,63,63,63,63,63,63,58,73,73,73,73,73,73,73,73,73,73,73,14,14],"gold":5269,"neow_bonus":"","is_daily":false,"chose_seed":false,"campfire_upgraded":0,"win_rate":0.0,"timestamp":1607845042,"path_taken":["M","M","?","M","?","R","?","E","T","E","M","R","E","?","R","BOSS","M","?","?","?","?","E","M","R","T","E","$","M","E","M","R_BF","BOSS","M","?","?","?","?","E","R","E","T","E","?","?","R","M","R","BOSS","BOSS","M"],"items_purchased_type":[],"build_version":"2020-11-30","purchased_purges":0,"victory":false,"max_hp_per_floor":[70,70,70,70,70,70,70,70,70,70,70,70,70,70,70,70,70,70,70,70,70,73,73,73,73,73,73,73,73,73,73,73,73,73,73,73,73,73,73,73,73,73,73,73,73,73,73,73,73,73,73,73,73],"card_choices":[],"player_experience":945695,"relics_obtained":[{"floor":1.0,"key":"StuffTheSpire:TintedRock"},{"floor":3.0,"key":"StuffTheSpire:Barrel"},{"floor":4.0,"key":"Vajra"},{"floor":5.0,"key":"aspiration:Lifesprig"},{"floor":8.0,"key":"aspiration:FrozenJewel"},{"floor":11.0,"key":"Replay:Baseball"},{"floor":13.0,"key":"hubris:MysteriousPyramids"},{"floor":14.0,"key":"Bronze Scales"},{"floor":18.0,"key":"CherryCoatedStake"},{"floor":20.0,"key":"halation:AfternoonTea"},{"floor":21.0,"key":"Simple Rune"},{"floor":23.0,"key":"halation:PrussianBluePaint"},{"floor":24.0,"key":"Pet Ghost"},{"floor":26.0,"key":"Frozen Egg 2"},{"floor":27.0,"key":"vexMod:BarristanHead"},{"floor":29.0,"key":"Paper Frog"},{"floor":30.0,"key":"halation:KoshaPiece"},{"floor":31.0,"key":"StuffTheSpire:HeavyRock"},{"floor":35.0,"key":"Mummified Hand"},{"floor":37.0,"key":"SuspiciousGoo"},{"floor":40.0,"key":"Dota2Spire:ArcaneBoots"},{"floor":42.0,"key":"construct:RocketBooster"},{"floor":43.0,"key":"conspire:DeflatedDodgeball"},{"floor":44.0,"key":"Dota2Spire:CrimsonGuard"},{"floor":45.0,"key":"vexMod:ScavengeHelm"},{"floor":48.0,"key":"halation:PenCase"}],"event_choices":[{"damage_healed":0.0,"max_hp_gain":0.0,"max_hp_loss":0.0,"gold_gain":553.0,"event_name":"betterSkull:BetterSkull","player_choice":"GO GO GO GO GO GO ","floor":19.0,"gold_loss":0.0,"damage_taken":66.0,"cards_upgraded":[],"relics_obtained":[]},{"damage_healed":0.0,"max_hp_gain":0.0,"max_hp_loss":0.0,"gold_gain":553.0,"event_name":"betterSkull:BetterSkull","player_choice":"GO GO GO GO GO GO ","floor":19.0,"gold_loss":0.0,"damage_taken":66.0,"cards_upgraded":[],"relics_obtained":[]},{"cards_removed":["Defend_G"],"damage_healed":0.0,"max_hp_gain":0.0,"max_hp_loss":0.0,"gold_gain":0.0,"event_name":"Falling","player_choice":"Removed Skill","floor":36.0,"gold_loss":0.0,"damage_taken":0.0},{"damage_healed":0.0,"max_hp_gain":0.0,"max_hp_loss":0.0,"gold_gain":0.0,"event_name":"Tomb of Lord Red Mask","player_choice":"Ignored","floor":38.0,"gold_loss":0.0,"damage_taken":0.0},{"damage_healed":0.0,"max_hp_gain":0.0,"max_hp_loss":0.0,"gold_gain":0.0,"event_name":"Match and Keep!","player_choice":"1 cards matched","floor":46.0,"gold_loss":0.0,"damage_taken":0.0,"cards_obtained":["construct:Hazardproof"]}],"is_beta":false,"boss_relics":[{"not_picked":["aspiration:SecretTechniqueScroll","Dota2Spire:RefresherOrb"],"picked":"Dota2Spire:BattleFury"},{"not_picked":["aspiration:RunicSpoon","Painkiller Herb"],"picked":"trackpad:DemonHeart"}],"items_purged_floors":[],"is_endless":false,"potions_floor_spawned":[1,2,4,8,24,30,33,40,42],"killed_by":"Donu and Deca","ascension_level":20}}