{"host":"wshh0nphwn6jv7vj","time":1607891747,"event":{"mods":["BaseMod","Bestiary","Minty Spire (QoL Compilation)"],"gold_per_floor":[118,12,12,12,22,51,51,65,65,127,24,53,72,72,72,149,149,162,175,175,248,268,300,300,329,329,26,26,43,69,79,79,79,79],"floor_reached":33,"playtime":1982,"items_purged":["Defend_G"],"score":635,"play_id":"19887830-8cc6-4675-9bce-f6cd9936bc8f","local_time":"20201213153547","is_ascension_mode":true,"campfire_choices":[{"data":"Neutralize","floor":7.0,"key":"SMITH"},{"floor":15.0,"key":"REST"},{"floor":28,"key":"REST"},{"data":"Well Laid Plans","floor":32,"key":"SMITH"}],"circlet_count":0,"master_deck":["AscendersBane","Strike_G+1","Defend_G","Defend_G+1","Defend_G","Survivor","Neutralize+1","Dash","Blade Dance","Quick Slash+1","Terror","Deflect","Dagger Spray+1","Predator+1","PiercingWail","Well Laid Plans+1","Quick Slash+1","Adrenaline","Deflect","Venomology","Backstab+1","Bane+1","Blade Dance+1","Deadly Poison","Bouncing Flask+1","J.A.X.","PiercingWail","Deflect","Poisoned Stab+1","Caltrops","Acrobatics","Catalyst","Slice+1"],"relics":["Ring of the Snake","NeowsBlessing","Molten Egg 2","Ornamental Fan","Whetstone","Question Card","Astrolabe","Meat on the Bone","Bird Faced Urn","Bottled Tornado","OrangePellets","Du-Vu Doll"],"acts_visited":[],"potions_floor_usage":[25,29,30,31,31,33],"damage_taken":[{"damage":0.0,"enemies":"Small Slimes","floor":1.0,"turns":1.0},{"damage":0.0,"enemies":"2 Louse","floor":5.0,"turns":1.0},{"damage":0.0,"enemies":"3 Sentries","floor":6.0,"turns":1.0},{"damage":0.0,"enemies":"Cultist","floor":8.0,"turns":2.0},{"damage":9.0,"enemies":"Lagavulin Event","floor":10.0,"turns":6.0},{"damage":10.0,"enemies":"Lagavulin","floor":12.0,"turns":4.0},{"damage":4.0,"enemies":"Exordium Wildlife","floor":13.0,"turns":4.0},{"damage":2.0,"enemies":"Hexaghost","floor":16.0,"turns":9.0},{"damage":3.0,"enemies":"Spheric Guardian","floor":18.0,"turns":4.0},{"damage":2.0,"enemies":"Chosen","floor":19.0,"turns":4.0},{"damage":5.0,"enemies":"Centurion and Healer","floor":22.0,"turns":4.0},{"damage":25.0,"enemies":"Book of Stabbing","floor":23.0,"turns":3.0},{"damage":3,"enemies":"Gremlin Leader","floor":25,"turns":2},{"damage":9,"enemies":"Snecko","floor":29,"turns":3},{"damage":22,"enemies":"Book of Stabbing","floor":30,"turns":5},{"damage":10,"enemies":"Sentry and Sphere","floor":31,"turns":4},{"damage":41,"enemies":"Collector","floor":33,"turns":9}],"seed_played":"-2001980079903975195","potions_obtained":[{"floor":1.0,"key":"SneckoOil"},{"floor":8.0,"key":"Fruit Juice"},{"floor":23,"key":"DuplicationPotion"},{"floor":29,"key":"Strength Potion"},{"floor":30,"key":"LiquidMemories"}],"is_trial":false,"path_per_floor":["M","$","?","?","M","E","R","M","T","?","$","E","M","?","R","B",null,"M","M","?","T","M","E","?","E","T","$","R","M","E","M","R","B"],"character_chosen":"THE_SILENT","items_purchased":["Blade Dance","Quick Slash","Well Laid Plans","Quick Slash+1","Caltrops","OrangePellets"],"campfire_rested":2,"item_purchase_floors":[2,2,11,11,27,27],"current_hp_per_floor":[59,59,59,39,39,39,39,39,39,35,35,25,21,21,42,40,63,60,58,58,58,53,28,28,37,37,37,58,51,45,37,37,0,0],"gold":79,"neow_bonus":"THREE_ENEMY_KILL","is_daily":false,"chose_seed":false,"campfire_upgraded":2,"win_rate":0.0,"timestamp":1607891747,"path_taken":["M","$","?","?","M","E","R","M","T","?","$","E","M","?","R","BOSS","M","M","?","?","M","E","?","E","T","$","R","M","E","M","R","BOSS"],"items_purchased_type":["Card","Card","Card","Card","Card","Relic"],"build_version":"2020-11-30","purchased_purges":1,"victory":false,"max_hp_per_floor":[66,66,66,66,66,66,66,66,66,71,71,71,71,71,71,71,71,71,71,71,71,71,71,71,71,71,71,71,71,71,71,71,71,71],"card_choices":[{"not_picked":["Slice","Bane"],"picked":"Dash","floor":1.0},{"not_picked":["Choke","Underhanded Strike"],"picked":"Deflect","floor":5.0},{"not_picked":["PiercingWail","Blade Dance"],"picked":"Dagger Spray+1","floor":6.0},{"not_picked":["Quick Slash+1","Bane+1"],"picked":"Predator+1","floor":8.0},{"not_picked":["Deadly Poison","Sucker Punch+1"],"picked":"PiercingWail","floor":10.0},{"not_picked":["Underhanded Strike+1","Envenom"],"picked":"Adrenaline","floor":12.0},{"not_picked":["Noxious Fumes","Dagger Throw+1","Poisoned Stab+1"],"picked":"Deflect","floor":13.0},{"not_picked":["Wraith Form v2","Storm of Steel","Bullet Time"],"picked":"Venomology","floor":16.0},{"not_picked":["Blade Dance","Eviscerate+1","Underhanded Strike+1"],"picked":"Deadly Poison","floor":18.0},{"not_picked":["Distraction","Flying Knee+1","Underhanded Strike+1"],"picked":"Bouncing Flask+1","floor":19.0},{"not_picked":["Slice+1","Escape Plan","Backstab+1"],"picked":"PiercingWail","floor":22.0},{"not_picked":["Corpse Explosion","Quick Slash+1","Catalyst"],"picked":"Deflect","floor":23},{"not_picked":["Deflect","Reflex","Bouncing Flask"],"picked":"Poisoned Stab+1","floor":25},{"not_picked":["Dagger Throw+1","Slice+1","Prepared"],"picked":"Acrobatics","floor":29},{"not_picked":["Acrobatics","Reflex","Bouncing Flask"],"picked":"Catalyst","floor":30},{"not_picked":["Deadly Poison","Dagger Spray+1","Quick Slash+1"],"picked":"Slice+1","floor":31}],"player_experience":1402755,"relics_obtained":[{"floor":6.0,"key":"Molten Egg 2"},{"floor":9.0,"key":"Ornamental Fan"},{"floor":10.0,"key":"Whetstone"},{"floor":12.0,"key":"Question Card"},{"floor":23,"key":"Meat on the Bone"},{"floor":25,"key":"Bird Faced Urn"},{"floor":26,"key":"Bottled Tornado"},{"floor":30,"key":"Du-Vu Doll"}],"event_choices":[{"damage_healed":0.0,"max_hp_gain":0.0,"max_hp_loss":0.0,"gold_gain":0.0,"cards_transformed":["Strike_G"],"event_name":"Living Wall","player_choice":"Change","floor":3.0,"gold_loss":0.0,"damage_taken":0.0,"cards_obtained":["Terror"]},{"damage_healed":0.0,"max_hp_gain":0.0,"max_hp_loss":0.0,"gold_gain":0.0,"event_name":"Shining Light","player_choice":"Entered Light","floor":4.0,"gold_loss":0.0,"damage_taken":20.0,"cards_upgraded":["Strike_G","Defend_G"]},{"damage_healed":0.0,"max_hp_gain":0.0,"max_hp_loss":0.0,"gold_gain":0.0,"event_name":"Dead Adventurer","player_choice":"Searched \u00271\u0027 times","floor":10.0,"gold_loss":0.0,"damage_taken":0.0},{"cards_removed":["Strike_G"],"damage_healed":0.0,"max_hp_gain":0.0,"max_hp_loss":0.0,"gold_gain":0.0,"event_name":"Bonfire Elementals","player_choice":"Offered Basic","floor":14.0,"gold_loss":0.0,"damage_taken":0.0},{"damage_healed":0.0,"max_hp_gain":0.0,"max_hp_loss":0.0,"gold_gain":0.0,"event_name":"Drug Dealer","player_choice":"Obtain J.A.X.","floor":20.0,"gold_loss":0.0,"damage_taken":0.0,"cards_obtained":["J.A.X."]},{"damage_healed":0,"gold_gain":0,"player_choice":"Ignored","damage_taken":0,"max_hp_gain":0,"max_hp_loss":0,"event_name":"Cursed Tome","floor":24,"gold_loss":0}],"is_beta":false,"boss_relics":[{"not_picked":["Calling Bell","Black Star"],"picked":"Astrolabe"}],"items_purged_floors":[27],"is_endless":false,"potions_floor_spawned":[1,8,23,29,30],"killed_by":"Collector","ascension_level":15}}