{"host":"yqn5z8axa8cxkj1d","time":1607839886,"event":{"mods":["2.2 Compatiblity","AchievementEnabler","Aspiration","BaseMod","Better Altar","Better Match","Better Note","Better Sensory Stone","Better Skull","Better Third Choice","BetterRewards","Colored Map","Hermit","Hubris","Infinite Spire","Minty Spire (QoL Compilation)","Quick Restart","Replay The Spire","Shop Mod","StSLib","The Construct","The Cursed","The Disciple","The Hierophant"],"gold_per_floor":[111,130,26,46,62,93,93,126,126,136,136,17,28,41,41,146,146,161,161,178,39,39,72,72,72,72,89,116,116,129,129,129,149,149,149,149],"floor_reached":35,"playtime":2625,"items_purged":[],"score":395,"play_id":"7da7b82c-3b9b-4947-972a-3ea2a9da4042","local_time":"20201212231126","is_ascension_mode":true,"campfire_choices":[{"data":"Backstab","floor":7,"key":"SMITH"},{"floor":15,"key":"REST"},{"floor":24,"key":"REST"},{"floor":29,"key":"REST"},{"floor":34,"key":"REST"}],"circlet_count":0,"master_deck":["Strike_G","Strike_G","Strike_G","Strike_G","Strike_G+1","Defend_G","Defend_G","Defend_G","Defend_G","Defend_G+1","Survivor","Neutralize","Blade Dance","Hidden Blade","Blade Dance","Blade Dance","Footwork","Deflect","Backstab+1","Outmaneuver","ReplayTheSpireMod:Shiv Toss+1","Dagger Throw+1","Infinite Blades","Hidden Blade","Backstab+1","Footwork","Corpse Explosion","Slice+1","Flying Knee+1","Blade Dance","Swift Strike+1","Burst","Slice+1","All Out Attack+1","Leg Sweep+1","Blade Dance+1"],"relics":["Ring of the Snake","NeowsBlessing","Orichalcum","Molten Egg 2","SacredBark","hubris:Towel","hubris:Icosahedron","Snake Skull","Simple Rune"],"acts_visited":["Exordium","TheCity"],"potions_floor_usage":[16,23,27,33,35,35],"damage_taken":[{"damage":0,"enemies":"infinitespire:Voidling","floor":1,"turns":1},{"damage":0,"enemies":"2 Louse","floor":2,"turns":1},{"damage":0,"enemies":"Small Slimes","floor":4,"turns":1},{"damage":2,"enemies":"2 Fungi Beasts","floor":5,"turns":3},{"damage":13,"enemies":"3 Sentries","floor":6,"turns":8},{"damage":28,"enemies":"Lagavulin","floor":8,"turns":6},{"damage":15,"enemies":"Exordium Wildlife","floor":10,"turns":4},{"damage":4,"enemies":"Large Slime","floor":13,"turns":4},{"damage":2,"enemies":"2 Fungi Beasts","floor":14,"turns":2},{"damage":3,"enemies":"Slime Boss","floor":16,"turns":9},{"damage":5,"enemies":"2 Thieves","floor":18,"turns":2},{"damage":21,"enemies":"3 Byrds","floor":20,"turns":5},{"damage":23,"enemies":"Gremlin Leader","floor":23,"turns":10},{"damage":22,"enemies":"Snake Plant","floor":27,"turns":5},{"damage":6,"enemies":"Cultist and Chosen","floor":30,"turns":6},{"damage":11,"enemies":"Snecko","floor":33,"turns":4},{"damage":30,"enemies":"hubris:MusketHawk","floor":35,"turns":7}],"seed_played":"6722157536718429143","potions_obtained":[{"floor":4,"key":"SpeedPotion"},{"floor":5,"key":"LiquidBronze"},{"floor":13,"key":"Milkshake"},{"floor":20,"key":"Reflective Coating"},{"floor":23,"key":"AttackPotion"},{"floor":27,"key":"SpeedPotion"}],"is_trial":false,"path_per_floor":["M","M","$","M","M","E","R","E","T","M","?","$","M","M","R","B",null,"M","?","M","$","?","E","R","PTL","PTL","M","T","R","M","?","?","M","R","B"],"character_chosen":"THE_SILENT","items_purchased":["Blade Dance","Footwork","Infinite Blades","Hidden Blade","Blade Dance","Swift Strike+1"],"campfire_rested":4,"item_purchase_floors":[3,3,12,12,21,21],"current_hp_per_floor":[70,70,70,70,68,55,55,27,27,12,12,12,8,6,27,24,70,65,65,44,44,44,21,42,42,42,20,20,41,35,35,18,7,28,0,0],"gold":149,"neow_bonus":"THREE_ENEMY_KILL","is_daily":false,"chose_seed":false,"campfire_upgraded":1,"win_rate":0.0,"timestamp":1607839886,"path_taken":["M","?","$","M","M","E","R","E","T","M","?","$","M","M","R","BOSS","M","?","M","$","?","E","R","PTL","PTL","M","T","R","M","?","?","M","R","BOSS"],"items_purchased_type":["Card","Card","Card","Card","Card","Card"],"build_version":"2020-11-30","purchased_purges":0,"victory":false,"max_hp_per_floor":[70,70,70,70,70,70,70,70,70,70,70,70,70,70,70,70,70,70,70,70,70,70,70,70,70,70,70,70,70,70,70,70,70,70,70,70],"card_choices":[{"not_picked":["Flying Knee","Acrobatics"],"picked":"Blade Dance","floor":1},{"not_picked":["Concentrate","Poisoned Stab"],"picked":"Hidden Blade","floor":2},{"not_picked":["hubris:SlightOfHand","Bouncing Flask"],"picked":"Deflect","floor":4},{"not_picked":["Distraction","Prepared"],"picked":"Backstab","floor":5},{"not_picked":["Dagger Throw","Prepared"],"picked":"Outmaneuver","floor":6},{"not_picked":["Underhanded Strike","Venomology"],"picked":"ReplayTheSpireMod:Shiv Toss","floor":8},{"not_picked":["ReplayTheSpireMod:Speed Training","Acrobatics"],"picked":"Dagger Throw+1","floor":10},{"not_picked":["Predator+1","Flying Knee+1"],"picked":"Backstab+1","floor":13},{"not_picked":["Replay:Poison Smokescreen","PiercingWail"],"picked":"Footwork","floor":14},{"not_picked":["Tools of the Trade","Poison Darts"],"picked":"Corpse Explosion","floor":16},{"not_picked":["Setup+1","Hidden Blade"],"picked":"Slice+1","floor":18},{"not_picked":["Poisoned Stab+1","Deadly Poison"],"picked":"Flying Knee+1","floor":20},{"not_picked":["Fluid Movement","hubris:SlightOfHand"],"picked":"Burst","floor":23},{"not_picked":["ReplayTheSpireMod:The Works","PiercingWail"],"picked":"Slice+1","floor":27},{"not_picked":["Hidden Blade+1","Acrobatics"],"picked":"All Out Attack+1","floor":30},{"not_picked":["Bouncing Flask+1","Flechettes+1"],"picked":"Leg Sweep+1","floor":31},{"not_picked":["Deflect","Dagger Throw+1"],"picked":"Blade Dance+1","floor":33}],"player_experience":556105,"relics_obtained":[{"floor":8,"key":"Orichalcum"},{"floor":9,"key":"Molten Egg 2"},{"floor":23,"key":"Snake Skull"},{"floor":28,"key":"Simple Rune"}],"event_choices":[{"damage_healed":0,"gold_gain":0,"player_choice":"2","damage_taken":0,"max_hp_gain":0,"max_hp_loss":0,"event_name":"betterMatch:BetterMatch","floor":31,"gold_loss":0,"cards_obtained":["betterMatch:UncommonCard"]},{"damage_healed":0,"gold_gain":0,"player_choice":" Potion ","damage_taken":17,"relics_obtained":[],"max_hp_gain":35,"max_hp_loss":18,"event_name":"betterAltar:BetterAltar","floor":32,"potions_obtained":["betterAltar:AltarPotion"],"relics_lost":[],"gold_loss":0}],"is_beta":false,"boss_relics":[{"not_picked":["hubris:TerracottaHorce","Runic Dome"],"picked":"SacredBark"}],"items_purged_floors":[],"is_endless":false,"potions_floor_spawned":[4,5,13,16,20,23,27],"killed_by":"hubris:MusketHawk","ascension_level":2}}