{"host":"x1qj4d8ympd5jdqh","time":1607869280,"event":{"mods":["AchievementEnabler","AlwaysNeverKeys","BaseMod","Colored Map","Custom Start","DeckTracker","Highlight Path","Minty Spire (QoL Compilation)","StSLib","SuperFastMode"],"gold_per_floor":[117,131,145,159,159,159,84,84,108,108,33,33,33,61,61,134,134,154,0,0,0,0,0,33,49,49,100,100,100,113,133,133,206,256,276,276,70,70,70,70,95,95,95,112,2,18,18,31,31,31,31],"floor_reached":52,"playtime":2698,"items_purged":["Strike_G","Deadly Poison","Blade Dance"],"score":1992,"play_id":"6090d9b6-3945-4831-93db-06573255bd37","local_time":"20201213232120","is_ascension_mode":true,"campfire_choices":[{"data":"Tools of the Trade","floor":6.0,"key":"SMITH"},{"data":"Accuracy","floor":8.0,"key":"SMITH"},{"data":"Blade Dance","floor":10.0,"key":"SMITH"},{"data":"Neutralize","floor":13.0,"key":"SMITH"},{"data":"Reflex","floor":15.0,"key":"SMITH"},{"data":"Calculated Gamble","floor":23.0,"key":"SMITH"},{"data":"Tactician","floor":29.0,"key":"SMITH"},{"data":"Acrobatics","floor":32.0,"key":"SMITH"},{"data":"Prepared","floor":40.0,"key":"SMITH"},{"floor":47.0,"key":"REST"},{"floor":49,"key":"REST"}],"circlet_count":0,"master_deck":["AscendersBane","Survivor","Neutralize+1","Tools of the Trade+1","Tactician+1","Blade Dance+1","Accuracy+1","Reflex+1","Burst","Crippling Poison","Dash+1","Noxious Fumes","Calculated Gamble+1","Poisoned Stab+1","Acrobatics+1","Backflip+1","Prepared+1","Footwork","Purity","Blur","Calculated Gamble+1"],"relics":["Ring of the Snake","Strawberry","Vajra","Tiny Chest","Pandora\u0027s Box","Dream Catcher","Whetstone","Nunchaku","Tiny House","Bag of Preparation","Turnip"],"acts_visited":["Exordium","TheCity","TheBeyond"],"potions_floor_usage":[],"damage_taken":[{"damage":10.0,"enemies":"Cultist","floor":1.0,"turns":6.0},{"damage":3.0,"enemies":"2 Louse","floor":2.0,"turns":4.0},{"damage":9.0,"enemies":"Jaw Worm","floor":3.0,"turns":7.0},{"damage":3.0,"enemies":"Blue Slaver","floor":4.0,"turns":5.0},{"damage":12.0,"enemies":"Gremlin Nob","floor":14.0,"turns":4.0},{"damage":7.0,"enemies":"Slime Boss","floor":16.0,"turns":5.0},{"damage":0.0,"enemies":"Chosen","floor":18.0,"turns":2.0},{"damage":29.0,"enemies":"Gremlin Leader","floor":24.0,"turns":4.0},{"damage":12.0,"enemies":"3 Byrds","floor":25.0,"turns":3.0},{"damage":0.0,"enemies":"Snake Plant","floor":28.0,"turns":1.0},{"damage":0.0,"enemies":"Centurion and Healer","floor":30.0,"turns":3.0},{"damage":0.0,"enemies":"Shelled Parasite and Fungi","floor":31.0,"turns":1.0},{"damage":0.0,"enemies":"Automaton","floor":33.0,"turns":2.0},{"damage":0.0,"enemies":"Orb Walker","floor":35.0,"turns":3.0},{"damage":40.0,"enemies":"Reptomancer","floor":41.0,"turns":3.0},{"damage":0.0,"enemies":"3 Shapes","floor":44.0,"turns":4.0},{"damage":12.0,"enemies":"Sphere and 2 Shapes","floor":46.0,"turns":3.0},{"damage":0,"enemies":"Transient","floor":48,"turns":6},{"damage":0,"enemies":"Awakened One","floor":50,"turns":2},{"damage":38,"enemies":"Donu and Deca","floor":51,"turns":3}],"seed_played":"7008803395445615608","potions_obtained":[{"floor":4.0,"key":"Block Potion"},{"floor":14.0,"key":"CunningPotion"},{"floor":16.0,"key":"Strength Potion"},{"floor":24.0,"key":"SmokeBomb"},{"floor":30.0,"key":"Energy Potion"},{"floor":33.0,"key":"SneckoOil"},{"floor":34.0,"key":"Strength Potion"},{"floor":41.0,"key":"EssenceOfSteel"}],"is_trial":false,"path_per_floor":["M","M","M","M","?","R","?","R","T","R","$","T","R","E","R","B",null,"M","$","?","?","$","R","E","M","T","T","M","R","M","M","R","B",null,"M","?","$","?","T","R","E","$","T","M","?","M","R","M","R","B","B",null],"character_chosen":"THE_SILENT","items_purchased":["Backflip","Footwork"],"campfire_rested":2,"item_purchase_floors":[19,37],"current_hp_per_floor":[49,46,37,34,39,39,39,39,46,46,46,46,46,34,34,27,65,65,65,65,65,65,65,36,24,24,24,24,24,24,24,24,24,70,70,70,70,60,60,60,20,20,20,20,20,8,32,32,56,56,18],"gold":31,"neow_bonus":"ONE_RANDOM_RARE_CARD","is_daily":false,"chose_seed":false,"campfire_upgraded":9,"win_rate":0.0,"timestamp":1607869280,"path_taken":["M","M","?","M","?","R","?","R","T","R","$","?","R","E","R","BOSS","M","$","?","?","?","R","E","M","T","?","M","R","?","M","R","BOSS","M","?","$","?","?","R","E","$","T","?","?","M","R","M","R","BOSS","BOSS"],"items_purchased_type":["Card","Card"],"build_version":"2020-11-30","purchased_purges":3,"victory":true,"max_hp_per_floor":[66,66,66,66,71,71,71,71,78,78,78,78,78,78,78,78,78,78,78,78,78,78,78,78,78,78,78,78,78,78,78,78,78,83,83,83,83,83,83,83,83,83,83,83,83,83,83,83,83,83,83],"card_choices":[{"not_picked":["Quick Slash","Flying Knee"],"picked":"Tactician","floor":1.0},{"not_picked":["Outmaneuver","Caltrops","Slice"],"picked":"SKIP","floor":2.0},{"not_picked":["Deadly Poison","Sucker Punch"],"picked":"Blade Dance","floor":3.0},{"not_picked":["Deflect","Caltrops"],"picked":"Accuracy","floor":4.0},{"not_picked":["Doppelganger","Underhanded Strike"],"picked":"Reflex","floor":14.0},{"not_picked":["Grand Finale","Bullet Time"],"picked":"Burst","floor":16.0},{"not_picked":["Setup","All Out Attack"],"picked":"Acrobatics","floor":18.0},{"not_picked":["All Out Attack+1","Dagger Throw","Distraction"],"picked":"SKIP","floor":24.0},{"not_picked":["Deadly Poison","Bane+1","Blade Dance"],"picked":"SKIP","floor":25.0},{"not_picked":["Leg Sweep","Flechettes","Deflect"],"picked":"SKIP","floor":30.0},{"not_picked":["Accuracy","Outmaneuver","Deflect"],"picked":"SKIP","floor":31.0},{"not_picked":["Backflip+1","Leg Sweep+1"],"picked":"Prepared","floor":35.0},{"not_picked":["Dramatic Entrance","Discovery"],"picked":"Purity","floor":38.0},{"not_picked":["Flechettes","Finisher"],"picked":"Blur","floor":41.0},{"not_picked":["All Out Attack","Backflip+1","Dagger Spray"],"picked":"SKIP","floor":44.0},{"not_picked":["Acrobatics","Noxious Fumes+1","Quick Slash"],"picked":"SKIP","floor":46.0},{"not_picked":["Bane","Quick Slash"],"picked":"Calculated Gamble+1","floor":48}],"player_experience":1220668,"relics_obtained":[{"floor":9.0,"key":"Strawberry"},{"floor":12.0,"key":"Vajra"},{"floor":14.0,"key":"Tiny Chest"},{"floor":24.0,"key":"Dream Catcher"},{"floor":26.0,"key":"Whetstone"},{"floor":27.0,"key":"Nunchaku"},{"floor":41.0,"key":"Bag of Preparation"},{"floor":43.0,"key":"Turnip"}],"event_choices":[{"damage_healed":0.0,"max_hp_gain":5.0,"max_hp_loss":0.0,"gold_gain":0.0,"event_name":"Big Fish","player_choice":"Donut","floor":5.0,"gold_loss":0.0,"damage_taken":0.0},{"cards_removed":["Strike_G"],"damage_healed":0.0,"max_hp_gain":0.0,"max_hp_loss":0.0,"gold_gain":0.0,"event_name":"The Cleric","player_choice":"Card Removal","floor":7.0,"gold_loss":75.0,"damage_taken":0.0},{"damage_healed":0.0,"max_hp_gain":0.0,"max_hp_loss":0.0,"gold_gain":0.0,"event_name":"Vampires","player_choice":"Ignored","floor":20.0,"gold_loss":0.0,"damage_taken":0.0},{"damage_healed":0.0,"max_hp_gain":0.0,"max_hp_loss":0.0,"gold_gain":0.0,"event_name":"Tomb of Lord Red Mask","player_choice":"Ignored","floor":36.0,"gold_loss":0.0,"damage_taken":0.0},{"damage_healed":0.0,"max_hp_gain":0.0,"max_hp_loss":0.0,"gold_gain":0.0,"event_name":"SensoryStone","player_choice":"Memory 3","floor":38.0,"gold_loss":0.0,"damage_taken":10.0},{"cards_removed":["Dagger Spray"],"damage_healed":0.0,"max_hp_gain":0.0,"max_hp_loss":0.0,"gold_gain":0.0,"event_name":"Designer","player_choice":"Upgrade and Remove","floor":45.0,"gold_loss":110.0,"damage_taken":0.0,"cards_upgraded":["Backflip"]}],"is_beta":false,"boss_relics":[{"not_picked":["Snecko Eye","HoveringKite"],"picked":"Pandora\u0027s Box"},{"not_picked":["Ring of the Serpent","SacredBark"],"picked":"Tiny House"}],"items_purged_floors":[11,19,37],"is_endless":false,"potions_floor_spawned":[4,14,16,24,28,30,33,41],"ascension_level":20}}