{"host":"kyy1kus4tsuq869y","time":1607853579,"event":{"mods":["BaseMod","Downfall","GifTheSpireLib","HololiveMod","Hubris","Jorbs\u0027s Wanderer Trilogy","Marisa£®ÏF”Í°°ƒß¿Ì…≥£©","Minty Spire (QoL Compilation)","Quick Restart","READ ME - Guardian Mod","READ ME - Snecko Mod","Reimu£®≤©¿ˆ¡È√Œ£©","Remilia£®¿Ÿ√◊¿Ú—«£©","Replay The Spire","StSLib","Td1madao Mod","The Administrix","The Animator","The Bug Knight","The Construct","The Cursed","The Hierophant","The Runesmith","The Senshi","The Servant 0.9.4","Youmu£®ªÍ∆«—˝√Œ£©"],"gold_per_floor":[118,118,118,202,251,251,42,72,95,95,106,137,156,156,156,230,230,241,241,256,277,277,277,327,131,131,145,145,91,91,91],"floor_reached":30,"playtime":682,"items_purged":[],"score":505,"play_id":"3707d463-12ea-4df0-9816-b9f53402daf5","local_time":"20201213175939","is_ascension_mode":true,"campfire_choices":[{"data":"Sword Boomerang","floor":6.0,"key":"SMITH"},{"data":"Panache","floor":15.0,"key":"SMITH"},{"data":"Reaper","floor":23.0,"key":"SMITH"},{"data":"Limit Break","floor":28.0,"key":"SMITH"}],"circlet_count":0,"master_deck":["AscendersBane","Strike_R","Strike_R","Strike_R","Strike_R","Strike_R","Defend_R","Defend_R","Defend_R","Defend_R","Bash","Disarm+1","Replay:Undeath\u0027s Touch","Flex","Sword Boomerang+1","Reaper+1","Fire Breathing+1","Exhume","Wild Strike","Fire Breathing","ReplayTheSpireMod:Uncanny Aura","Limit Break+1","Sword Boomerang"],"relics":["Burning Blood","NeowsBlessing","Replay:Mystery Machine","HollowMod:PaleOreRelic","RuthlessExorcism:ReiMu","Hololive_LightStick","construct:ClawGrip","Thread and Needle"],"acts_visited":["Exordium","TheCity"],"potions_floor_usage":[30],"damage_taken":[{"damage":0.0,"enemies":"Small Slimes","floor":1.0,"turns":1.0},{"damage":0.0,"enemies":"3 Sentries","floor":8.0,"turns":2.0},{"damage":0.0,"enemies":"Jaw Worm","floor":11.0,"turns":1.0},{"damage":27.0,"enemies":"Lagavulin","floor":12.0,"turns":5.0},{"damage":0.0,"enemies":"Cultist","floor":13.0,"turns":2.0},{"damage":10.0,"enemies":"Hexaghost","floor":16.0,"turns":9.0},{"damage":19.0,"enemies":"Shell Parasite","floor":18.0,"turns":5.0},{"damage":24.0,"enemies":"2 Thieves","floor":20.0,"turns":4.0},{"damage":31.0,"enemies":"3 Cultists","floor":21.0,"turns":5.0},{"damage":5.0,"enemies":"Snecko","floor":27.0,"turns":4.0},{"damage":39,"enemies":"Gremlin Leader","floor":30,"turns":8}],"seed_played":"8795979487985251371","potions_obtained":[{"floor":8.0,"key":"Ancient Potion"},{"floor":13.0,"key":"Weak Potion"},{"floor":27.0,"key":"Fire Potion"}],"is_trial":false,"path_per_floor":["M","?","$","?","T","R","$","E","T","$","M","E","M","?","R","B",null,"M","?","M","M","?","R","?","$","T","M","R","$","E"],"character_chosen":"IRONCLAD","items_purchased":["Panache","Fire Breathing","ReplayTheSpireMod:Uncanny Aura","Sword Boomerang"],"campfire_rested":0,"item_purchase_floors":[7,25,25,29],"current_hp_per_floor":[74,74,74,50,50,50,50,56,56,56,62,47,53,53,53,53,70,62,62,56,45,45,45,38,38,38,39,39,39,15,15],"gold":91,"neow_bonus":"THREE_ENEMY_KILL","is_daily":false,"chose_seed":false,"campfire_upgraded":4,"win_rate":0.0,"timestamp":1607853579,"path_taken":["M","?","$","?","?","R","?","E","T","$","M","E","M","?","R","BOSS","M","?","M","?","?","R","?","$","T","M","R","$","E"],"items_purchased_type":["Card","Card","Card","Card"],"build_version":"2020-11-30","purchased_purges":0,"victory":false,"max_hp_per_floor":[75,75,75,75,75,75,75,75,75,75,75,75,75,75,75,75,75,75,75,75,75,75,75,75,75,75,75,75,75,75,75],"card_choices":[{"not_picked":["Twin Strike","Anger"],"picked":"Disarm","floor":1.0},{"not_picked":["Heavy Blade","Intimidate"],"picked":"Replay:Undeath\u0027s Touch","floor":4.0},{"not_picked":["Headbutt","Spot Weakness"],"picked":"Flex","floor":4.0},{"not_picked":["Intimidate","Perfected Strike"],"picked":"Sword Boomerang","floor":4.0},{"not_picked":["hubris:SharpeningStone","ReplayTheSpireMod:Limb From Limb","Body Slam"],"picked":"SKIP","floor":8.0},{"not_picked":["Warcry","Burning Pact"],"picked":"Reaper","floor":11.0},{"not_picked":["Second Wind","Body Slam","Abandon"],"picked":"SKIP","floor":12.0},{"not_picked":["Heavy Blade","Blood for Blood"],"picked":"Fire Breathing","floor":13.0},{"not_picked":["Juggernaut","Feed"],"picked":"Exhume","floor":16.0},{"not_picked":["Burning Pact+1","Cleave"],"picked":"Wild Strike","floor":18.0},{"not_picked":["hubris:SharpeningStone","hubris:ReadiedAction","ReplayTheSpireMod:Strike From Hell"],"picked":"SKIP","floor":20.0},{"not_picked":["Clothesline","Body Slam","Dark Embrace"],"picked":"SKIP","floor":21.0},{"not_picked":["Replay:Undeath\u0027s Touch","hubris:CleavingFinish"],"picked":"Limit Break","floor":27.0}],"player_experience":455000,"relics_obtained":[{"floor":5.0,"key":"Replay:Mystery Machine"},{"floor":8.0,"key":"HollowMod:PaleOreRelic"},{"floor":9.0,"key":"RuthlessExorcism:ReiMu"},{"floor":12.0,"key":"Hololive_LightStick"}],"event_choices":[{"damage_healed":0.0,"max_hp_gain":0.0,"max_hp_loss":0.0,"gold_gain":0.0,"event_name":"Living Wall","player_choice":"Grow","floor":2.0,"gold_loss":0.0,"damage_taken":0.0,"cards_upgraded":["Disarm"]},{"damage_healed":0.0,"max_hp_gain":0.0,"max_hp_loss":0.0,"gold_gain":0.0,"event_name":"Accursed Blacksmith","player_choice":"Forge","floor":14.0,"gold_loss":0.0,"damage_taken":0.0,"cards_upgraded":["Fire Breathing"]},{"cards_removed":["Panache"],"damage_healed":0.0,"max_hp_gain":0.0,"max_hp_loss":0.0,"gold_gain":0.0,"event_name":"WeMeetAgain","player_choice":"Gave Card","floor":19.0,"gold_loss":0.0,"damage_taken":0.0,"relics_obtained":["Thread and Needle"]},{"damage_healed":0.0,"max_hp_gain":0.0,"max_hp_loss":0.0,"gold_gain":50.0,"event_name":"FaceTrader","player_choice":"Touch","floor":24.0,"gold_loss":0.0,"damage_taken":7.0}],"is_beta":false,"boss_relics":[{"not_picked":["Honey Jar","ReplayTheSpireMod:DimensionalGlitch"],"picked":"construct:ClawGrip"}],"items_purged_floors":[],"is_endless":false,"potions_floor_spawned":[8,13,27],"killed_by":"Gremlin Leader","ascension_level":19}}