{"host":"ifd7sfhtlbe34qll","time":1607881425,"event":{"mods":["2.2 Compatiblity","BaseMod","Block Reminder","Colored Map","Downfall","Highlight Path","Minty Spire (QoL Compilation)","Potion Indicator Mod","Quick Restart","Random Character Button","Relic Stats","StSLib"],"gold_per_floor":[99,99,116,136,167,167,167,167,167,167],"floor_reached":9,"playtime":342,"items_purged":[],"score":71,"play_id":"936a1b89-9f4b-4e08-bbc9-207c057af6ef","local_time":"20201213114345","is_ascension_mode":true,"campfire_choices":[{"data":"Slimebound:CorrosiveSpit","floor":1,"key":"SMITH"},{"data":"Slimebound:GrowthPunch","floor":6,"key":"SMITH"}],"circlet_count":0,"master_deck":["Slimebound:Strike_Slimebound","Slimebound:Strike_Slimebound","Slimebound:Tackle","Slimebound:Defend_Slimebound","Slimebound:Defend_Slimebound","Slimebound:Defend_Slimebound","Slimebound:Defend_Slimebound","Slimebound:Split","Slimebound:CorrosiveSpit+1","Slimebound:SpikyOuterGoop","Slimebound:LeechingTouch","Slimebound:GrowthPunch+1"],"relics":["Slimebound:AbsorbEndCombat","Bird Faced Urn","Blue Candle","Mummified Hand","Mango"],"acts_visited":["Exordium"],"potions_floor_usage":[9,9],"damage_taken":[{"damage":9,"enemies":"Jaw Worm","floor":3,"turns":5},{"damage":4,"enemies":"Small Slimes","floor":4,"turns":3},{"damage":29,"enemies":"Lagavulin","floor":5,"turns":6},{"damage":38,"enemies":"3 Sentries","floor":9,"turns":6}],"seed_played":"2444339910714999173","potions_obtained":[{"floor":3,"key":"GamblersBrew"},{"floor":5,"key":"Swift Potion"}],"is_trial":false,"path_per_floor":["R","?","M","M","E","R","T","?","E"],"character_chosen":"SLIMEBOUND","items_purchased":[],"campfire_rested":0,"item_purchase_floors":[],"current_hp_per_floor":[54,54,53,54,35,35,35,31,0,0],"gold":167,"neow_bonus":"ONE_RARE_RELIC","is_daily":false,"chose_seed":false,"campfire_upgraded":2,"win_rate":0.0,"timestamp":1607881425,"path_taken":["R","?","M","M","E","R","T","?","E"],"items_purchased_type":[],"build_version":"2020-11-30","purchased_purges":0,"victory":false,"max_hp_per_floor":[54,54,54,54,54,54,54,68,68,68],"relic_stats":{"counters":[4,20],"Mummified Hand":[1],"Bird Faced Urn":[2],"Blue Candle":[0],"obtain_stats":[{"Mummified Hand":7,"Bird Faced Urn":0,"Blue Candle":5,"Mango":8,"Slimebound:AbsorbEndCombat":0},{"Mummified Hand":3,"Bird Faced Urn":0,"Blue Candle":3,"Mango":3,"Slimebound:AbsorbEndCombat":0},{"Mummified Hand":14,"Bird Faced Urn":0,"Blue Candle":14,"Mango":14,"Slimebound:AbsorbEndCombat":0}]},"card_choices":[{"not_picked":["Slimebound:SplitBruiser","Slimebound:SamplingLick"],"picked":"Slimebound:SpikyOuterGoop","floor":3},{"not_picked":["Slimebound:GrowthPunch","Slimebound:ViciousTackle"],"picked":"Slimebound:LeechingTouch","floor":4},{"not_picked":["Slimebound:SlimeSpikes","Slimebound:FinishingTackle"],"picked":"Slimebound:GrowthPunch","floor":5}],"player_experience":1533959,"relics_obtained":[{"floor":5,"key":"Blue Candle"},{"floor":7,"key":"Mummified Hand"}],"event_choices":[{"damage_healed":0,"gold_gain":0,"player_choice":"Success","damage_taken":18,"relics_obtained":["Mango"],"max_hp_gain":0,"max_hp_loss":0,"event_name":"Scrap Ooze","floor":8,"gold_loss":0}],"is_beta":false,"boss_relics":[],"items_purged_floors":[],"is_endless":false,"potions_floor_spawned":[3,5],"killed_by":"3 Sentries","ascension_level":4}}