{"host":"h9912w2erkgvaua8","time":1607876158,"event":{"mods":["AchievementEnabler","BaseMod","Colored Map","Minty Spire (QoL Compilation)","Quick Restart","StSLib","SuperFastMode","[IsaacMod]ÒÔÈö¼âËþ"],"gold_per_floor":[118,51,51,51,51,94,113,113,113,152,152,192,211,260,260,349,349,363,63,86,46,1,1,1,1,26,50,106,133,149,214,214,312,312,337,357,375,406,431,469,469,508,508,508,337,376,376,401,401,415],"floor_reached":51,"playtime":1461,"items_purged":["Strike_R","Strike_R","Strike_R"],"score":1682,"play_id":"044d876e-756a-4762-b7c6-86d6fa7de6d1","local_time":"20201214001558","is_ascension_mode":true,"campfire_choices":[{"data":"Inflame","floor":8.0,"key":"SMITH"},{"data":"Pommel Strike","floor":11.0,"key":"SMITH"},{"data":"Sword Boomerang","floor":15.0,"key":"SMITH"},{"data":"Armaments","floor":23.0,"key":"SMITH"},{"data":"Strike_R","floor":25.0,"key":"PURGE"},{"data":"Defend_R","floor":32.0,"key":"PURGE"},{"data":"Limit Break","floor":41,"key":"SMITH"},{"data":"Strike_R","floor":47,"key":"PURGE"},{"data":"Offering","floor":49,"key":"SMITH"}],"circlet_count":0,"master_deck":["AscendersBane","Defend_R","Defend_R","Defend_R","Bash","Inflame+1","Dropkick","Pommel Strike+1","Sword Boomerang+1","Limit Break+1","Armaments+1","Battle Trance","Flex","Limit Break+1","Heavy Blade+1","Twin Strike","Offering+1"],"relics":["Burning Blood","HushsDoor","PokeGo","NeowsBlessing","Golden Idol","CaptainsWheel","Matryoshka","Smiling Mask","BloodDonationMachine","Strawberry","The Courier","Nunchaku","Anchor","MagicMushroom","Peace Pipe","Lantern","PreservedInsect","Bottled Lightning","Letter Opener","Sozu","TheBean","SalivaCoin","Pear","Akabeko","StrikeDummy"],"acts_visited":["Exordium","TheCity","TheBeyond"],"potions_floor_usage":[],"damage_taken":[{"damage":0.0,"enemies":"Cultist","floor":1.0,"turns":1.0},{"damage":0.0,"enemies":"Gremlin Nob","floor":6.0,"turns":1.0},{"damage":0.0,"enemies":"Jaw Worm","floor":7.0,"turns":1.0},{"damage":0.0,"enemies":"Lagavulin","floor":10.0,"turns":4.0},{"damage":0.0,"enemies":"Gremlin Nob","floor":12.0,"turns":3.0},{"damage":0.0,"enemies":"2 Louse","floor":13.0,"turns":2.0},{"damage":8.0,"enemies":"Hexaghost","floor":16.0,"turns":7.0},{"damage":9.0,"enemies":"2 Thieves","floor":18.0,"turns":2.0},{"damage":11.0,"enemies":"3 Byrds","floor":20.0,"turns":4.0},{"damage":0.0,"enemies":"Cultist and Chosen","floor":27.0,"turns":2.0},{"damage":2.0,"enemies":"Slavers","floor":28.0,"turns":3.0},{"damage":4.0,"enemies":"Shelled Parasite and Fungi","floor":29.0,"turns":2.0},{"damage":0.0,"enemies":"3 Cultists","floor":30.0,"turns":3.0},{"damage":1.0,"enemies":"Book of Stabbing","floor":31.0,"turns":4.0},{"damage":14.0,"enemies":"Champ","floor":33.0,"turns":7.0},{"damage":0.0,"enemies":"3 Shapes","floor":35.0,"turns":3.0},{"damage":10.0,"enemies":"3 Darklings","floor":36.0,"turns":3.0},{"damage":8,"enemies":"Writhing Mass","floor":37,"turns":4},{"damage":26,"enemies":"Mind Bloom Boss Battle","floor":38,"turns":3},{"damage":5,"enemies":"Sphere and 2 Shapes","floor":39,"turns":5},{"damage":0,"enemies":"Reptomancer","floor":40,"turns":3},{"damage":0,"enemies":"Nemesis","floor":42,"turns":3},{"damage":0,"enemies":"Giant Head","floor":46,"turns":4},{"damage":0,"enemies":"Jaw Worm Horde","floor":48,"turns":2},{"damage":2,"enemies":"Awakened One","floor":50,"turns":3}],"seed_played":"-9083042374132724763","potions_obtained":[{"floor":10.0,"key":"LiquidBronze"},{"floor":12.0,"key":"DistilledChaos"}],"is_trial":false,"path_per_floor":["M","$","$","?","T","E","M","R","T","E","R","E","M","T","R","B",null,"M","$","M","?","$","R","?","R","T","M","E","M","M","E","R","B",null,"M","M","M","?","M","E","R","E","T","?","$","E","R","M","R","B",null],"character_chosen":"IRONCLAD","items_purchased":["Inflame","Peace Pipe","Akabeko"],"campfire_rested":0,"item_purchase_floors":[2,19,45],"current_hp_per_floor":[74,74,74,56,56,62,68,68,68,81,81,82,82,82,82,80,89,86,86,82,82,81,81,81,81,81,88,89,89,89,89,89,81,87,89,85,84,65,67,74,74,81,91,91,91,98,98,99,99,99],"gold":415,"neow_bonus":"THREE_ENEMY_KILL","is_daily":false,"chose_seed":false,"campfire_upgraded":6,"win_rate":0.0,"timestamp":1607876158,"path_taken":["M","?","$","?","?","E","?","R","T","E","R","E","M","?","R","BOSS","M","$","M","?","$","R","?","R","T","M","E","M","?","E","R","BOSS","M","M","M","?","M","E","R","E","T","?","$","E","R","M","R","BOSS"],"items_purchased_type":["Card","Relic","Relic"],"build_version":"2020-11-30","purchased_purges":3,"victory":true,"max_hp_per_floor":[75,75,75,75,75,75,75,75,75,82,82,82,82,82,82,82,89,89,89,89,89,89,89,89,89,89,89,89,89,89,89,89,89,89,89,89,89,89,89,89,89,89,99,99,99,99,99,99,99,99],"card_choices":[{"not_picked":["Body Slam","Warcry"],"picked":"Thunderclap","floor":1.0},{"not_picked":["Carnage","Power Through","Infernal Blade"],"picked":"SKIP","floor":6.0},{"not_picked":["Bloodletting","Anger"],"picked":"Dropkick","floor":7.0},{"not_picked":["Bludgeon","Clothesline"],"picked":"Pommel Strike","floor":10.0},{"not_picked":["Fiend Fire","Headbutt"],"picked":"Sword Boomerang","floor":12.0},{"not_picked":["Wild Strike","Perfected Strike","Clothesline"],"picked":"SKIP","floor":13.0},{"not_picked":["Reaper","Offering"],"picked":"Limit Break","floor":16.0},{"not_picked":["Havoc","True Grit"],"picked":"Armaments","floor":18.0},{"not_picked":["Bloodletting","Warcry"],"picked":"Battle Trance","floor":20.0},{"not_picked":["Iron Wave","Juggernaut"],"picked":"Flex","floor":27.0},{"not_picked":["Second Wind","Warcry","Headbutt"],"picked":"SKIP","floor":28.0},{"not_picked":["Warcry+1","Battle Trance","Bloodletting"],"picked":"SKIP","floor":29.0},{"not_picked":["Clash","Havoc","Dropkick+1"],"picked":"SKIP","floor":30.0},{"not_picked":["Bloodletting","Anger","Reckless Charge"],"picked":"SKIP","floor":31.0},{"not_picked":["Demon Form","Double Tap"],"picked":"Limit Break","floor":33.0},{"not_picked":["Havoc+1","Rage+1","Seeing Red"],"picked":"SKIP","floor":35.0},{"not_picked":["Body Slam","Entrench","Clothesline"],"picked":"SKIP","floor":36.0},{"not_picked":["Iron Wave","Clash","Havoc"],"picked":"SKIP","floor":37},{"not_picked":["Searing Blow","Shrug It Off"],"picked":"Heavy Blade+1","floor":39},{"not_picked":["Pommel Strike","Rampage","Feed"],"picked":"SKIP","floor":40},{"not_picked":["Evolve","Iron Wave+1"],"picked":"Twin Strike","floor":42},{"not_picked":["Pommel Strike","Bloodletting"],"picked":"Offering","floor":46},{"not_picked":["Headbutt","Clash","Ghostly Armor"],"picked":"SKIP","floor":48}],"player_experience":321639,"relics_obtained":[{"floor":5.0,"key":"CaptainsWheel"},{"floor":6.0,"key":"Matryoshka"},{"floor":9.0,"key":"Smiling Mask"},{"floor":9.0,"key":"BloodDonationMachine"},{"floor":10.0,"key":"Strawberry"},{"floor":12.0,"key":"The Courier"},{"floor":14.0,"key":"Nunchaku"},{"floor":14.0,"key":"Anchor"},{"floor":26.0,"key":"PreservedInsect"},{"floor":28.0,"key":"Bottled Lightning"},{"floor":31.0,"key":"Letter Opener"},{"floor":40,"key":"TheBean"},{"floor":42,"key":"SalivaCoin"},{"floor":43,"key":"Pear"},{"floor":46,"key":"StrikeDummy"}],"event_choices":[{"damage_healed":0.0,"max_hp_gain":0.0,"max_hp_loss":0.0,"gold_gain":0.0,"event_name":"Golden Idol","player_choice":"Take Damage","floor":4.0,"gold_loss":0.0,"damage_taken":18.0,"relics_obtained":["Golden Idol"]},{"damage_healed":0.0,"max_hp_gain":0.0,"max_hp_loss":0.0,"gold_gain":0.0,"event_name":"Designer","player_choice":"Upgrade","floor":21.0,"gold_loss":40.0,"damage_taken":0.0,"cards_upgraded":["Limit Break"]},{"damage_healed":0.0,"max_hp_gain":0.0,"max_hp_loss":0.0,"gold_gain":0.0,"event_name":"The Mausoleum","player_choice":"Opened","floor":24.0,"gold_loss":0.0,"damage_taken":0.0,"relics_obtained":["Lantern"]},{"damage_healed":0,"gold_gain":0,"player_choice":"Fight","damage_taken":0,"max_hp_gain":0,"max_hp_loss":0,"event_name":"MindBloom","floor":38,"gold_loss":0},{"cards_removed":["Thunderclap"],"damage_healed":0,"gold_gain":0,"player_choice":"Removed Attack","damage_taken":0,"max_hp_gain":0,"max_hp_loss":0,"event_name":"Falling","floor":44,"gold_loss":0}],"is_beta":false,"boss_relics":[{"not_picked":["Ectoplasm","Runic Pyramid"],"picked":"MagicMushroom"},{"not_picked":[]},{"not_picked":["Busted Crown","Snecko Eye"],"picked":"Sozu"},{"not_picked":[]}],"items_purged_floors":[19,22,45],"is_endless":false,"potions_floor_spawned":[10,12,16,28,33,36,38,42,48],"ascension_level":14}}