{"host":"caz9phlr9zt22rnt","time":1607902817,"event":{"mods":["AchievementEnabler","BaseMod","Colored Map","Custom Start","Minty Spire (QoL Compilation)","Rare Cards Sparkle","Relic Stats","StSLib","The Cursed"],"gold_per_floor":[112,122,141,96,116,116,130,130,207,220,220,230,250,101,101,101,101],"floor_reached":16,"playtime":958,"items_purged":[],"score":96,"play_id":"70305af8-5ace-45bc-8e28-68a6be01843a","local_time":"20201213174017","is_ascension_mode":false,"campfire_choices":[{"floor":6,"key":"REST"},{"floor":8,"key":"RECALL"},{"floor":15,"key":"REST"}],"circlet_count":0,"master_deck":["Strike_P","Strike_P","Strike_P","Strike_P","Defend_P","Defend_P","Defend_P","Eruption","Vigilance","Meditate","EmptyBody","Consecrate","EmptyFist","FearNoEvil","InnerPeace","ClearTheMind","LikeWater"],"relics":["PureWater","Art of War"],"acts_visited":["Exordium"],"potions_floor_usage":[3,5,16],"damage_taken":[{"damage":0,"enemies":"Cultist","floor":1,"turns":2},{"damage":0,"enemies":"Jaw Worm","floor":2,"turns":3},{"damage":3,"enemies":"2 Louse","floor":3,"turns":3},{"damage":27,"enemies":"Large Slime","floor":5,"turns":2},{"damage":0,"enemies":"2 Fungi Beasts","floor":7,"turns":3},{"damage":7,"enemies":"3 Louse","floor":10,"turns":2},{"damage":11,"enemies":"Exordium Thugs","floor":12,"turns":4},{"damage":8,"enemies":"Exordium Wildlife","floor":13,"turns":5},{"damage":65,"enemies":"The Guardian","floor":16,"turns":7}],"seed_played":"-680117325099101828","potions_obtained":[{"floor":1,"key":"Dexterity Potion"},{"floor":3,"key":"PowerPotion"},{"floor":5,"key":"ColorlessPotion"}],"is_trial":false,"path_per_floor":["M","M","M","$","M","R","M","R","T","M","?","M","M","$","R","B"],"character_chosen":"WATCHER","items_purchased":["EmptyFist","Art of War"],"campfire_rested":2,"item_purchase_floors":[4,14],"current_hp_per_floor":[79,79,76,76,49,72,72,72,72,65,65,54,46,46,69,4,4],"gold":101,"neow_bonus":"TEN_PERCENT_HP_BONUS","is_daily":false,"chose_seed":false,"campfire_upgraded":0,"win_rate":0.0,"timestamp":1607902817,"path_taken":["M","?","M","$","M","R","?","R","T","M","?","?","M","?","R","BOSS"],"items_purchased_type":["Card","Relic"],"build_version":"2020-11-30","purchased_purges":0,"victory":false,"max_hp_per_floor":[79,79,79,79,79,79,79,79,79,79,79,79,79,79,79,79,79],"relic_stats":{"counters":[9,31],"Art of War":[0],"obtain_stats":[{"Art of War":14,"PureWater":0},{"Art of War":8,"PureWater":0},{"Art of War":24,"PureWater":0}]},"card_choices":[{"not_picked":["DeceiveReality","Conclude"],"picked":"Meditate","floor":1},{"not_picked":["Collect","FollowUp"],"picked":"EmptyBody","floor":2},{"not_picked":["Halt","ClearTheMind"],"picked":"Consecrate","floor":3},{"not_picked":["DeceiveReality","FollowUp"],"picked":"FearNoEvil","floor":5},{"not_picked":["CrushJoints","Prostrate"],"picked":"InnerPeace","floor":7},{"not_picked":["WheelKick","EmptyFist"],"picked":"ClearTheMind","floor":10},{"not_picked":["WheelKick","Halt"],"picked":"LikeWater","floor":12},{"not_picked":["SpiritShield","Pray","FollowUp"],"picked":"SKIP","floor":13}],"player_experience":491585,"relics_obtained":[],"event_choices":[{"cards_removed":["Defend_P"],"damage_healed":0,"gold_gain":0,"player_choice":"Purged","damage_taken":0,"max_hp_gain":0,"max_hp_loss":0,"event_name":"Purifier","floor":11,"gold_loss":0}],"is_beta":false,"boss_relics":[],"items_purged_floors":[],"is_endless":false,"potions_floor_spawned":[1,3,5],"killed_by":"The Guardian","ascension_level":0}}