{"host":"9ubnrp80z7gv8v8p","time":1607836922,"event":{"mods":["AchievementEnabler","BaseMod","Better Altar","Better Match","Better Note","Better Sensory Stone","Better Skull","Better Third Choice","Better Vampires","BetterRewards","Block Reminder","Colored Map","DeckTracker","Displayed Cursed Tome","Highlight Path","Minty Spire (QoL Compilation)","Quick Restart","Rare Cards Sparkle","Relic Stats","Spire Birthday Party","StSLib","everything is the same but u backflip on backflip","slay the spire mod where everything is the same but ironclad has a cowboy hat"],"gold_per_floor":[119,129,129,129,139,174,184,184,231,85,85,100,100,110,110,215,215,234,149,149,74,86,86,114,114,114,39,53,53,83,83,83,184,184,202,102,102,115,115,115,115,127,127,149,149,149],"floor_reached":45,"playtime":3390,"items_purged":["Strike_P","Strike_P"],"score":547,"play_id":"5e39726b-7ef8-46b8-9f31-b613cb688b96","local_time":"20201212232202","is_ascension_mode":true,"campfire_choices":[{"floor":8,"key":"REST"},{"floor":11,"key":"REST"},{"data":"Eruption","floor":13,"key":"SMITH"},{"data":"Alpha","floor":15,"key":"SMITH"},{"data":"Alpha","floor":23,"key":"SMITH"},{"floor":25,"key":"REST"},{"floor":32,"key":"REST"},{"floor":40,"key":"REST"}],"circlet_count":0,"master_deck":["Strike_P","Strike_P+1","Defend_P+1","Defend_P","Defend_P","Defend_P","Vigilance","Alpha+1","LikeWater","LikeWater","Alpha+1","Parasite"],"relics":["HolyWater","TeardropLocket","CeramicFish","Orichalcum","Juzu Bracelet","Busted Crown","Anchor","Meat on the Bone","Yang","Oddly Smooth Stone","Eternal Feather","Boot"],"acts_visited":["Exordium","TheCity","TheBeyond"],"potions_floor_usage":[],"damage_taken":[{"damage":2,"enemies":"Cultist","floor":1,"turns":3},{"damage":8,"enemies":"Jaw Worm","floor":2,"turns":5},{"damage":0,"enemies":"Small Slimes","floor":5,"turns":3},{"damage":7,"enemies":"Lagavulin","floor":6,"turns":5},{"damage":10,"enemies":"Looter","floor":7,"turns":4},{"damage":3,"enemies":"3 Louse","floor":12,"turns":4},{"damage":2,"enemies":"Blue Slaver","floor":14,"turns":4},{"damage":12,"enemies":"Hexaghost","floor":16,"turns":8},{"damage":6,"enemies":"Spheric Guardian","floor":18,"turns":5},{"damage":3,"enemies":"Shell Parasite","floor":22,"turns":6},{"damage":23,"enemies":"Book of Stabbing","floor":24,"turns":5},{"damage":2,"enemies":"3 Cultists","floor":28,"turns":3},{"damage":29,"enemies":"Gremlin Leader","floor":30,"turns":4},{"damage":9,"enemies":"Champ","floor":33,"turns":7},{"damage":4,"enemies":"Orb Walker","floor":35,"turns":4},{"damage":25,"enemies":"3 Darklings","floor":38,"turns":4},{"damage":5,"enemies":"4 Shapes","floor":42,"turns":3},{"damage":5,"enemies":"Writhing Mass","floor":44,"turns":5},{"damage":68,"enemies":"Reptomancer","floor":45,"turns":2}],"seed_played":"-622043633187393801","potions_obtained":[{"floor":1,"key":"BottledMiracle"},{"floor":6,"key":"FearPotion"},{"floor":7,"key":"Dexterity Potion"},{"floor":30,"key":"Strength Potion"}],"is_trial":false,"path_per_floor":["M","M","?","T","M","E","M","R","T","$","R","M","R","M","R","B",null,"M","?","?","?","M","R","E","R","T","$","M","?","E","$","R","B",null,"M","$","?","M","$","R","$","M","T","M","E"],"character_chosen":"WATCHER","items_purchased":["Juzu Bracelet"],"campfire_rested":5,"item_purchase_floors":[10],"current_hp_per_floor":[63,55,42,42,42,35,25,44,44,44,63,60,60,58,58,46,65,59,59,59,59,56,56,33,52,52,52,50,50,33,33,58,49,65,61,61,61,36,36,61,61,56,56,51,0,0],"gold":149,"neow_bonus":"THREE_RARE_CARDS","is_daily":false,"chose_seed":false,"campfire_upgraded":3,"win_rate":0.0,"timestamp":1607836922,"path_taken":["M","M","?","?","M","E","M","R","T","?","R","M","R","M","R","BOSS","M","?","?","?","M","R","E","R","T","?","M","?","E","$","R","BOSS","M","$","?","M","$","R","?","M","T","M","E"],"items_purchased_type":["Relic"],"build_version":"2020-11-30","purchased_purges":2,"victory":false,"max_hp_per_floor":[65,65,65,65,65,65,65,65,65,65,65,65,65,65,65,65,65,65,65,65,65,65,65,65,65,65,65,65,65,65,65,65,65,65,65,65,65,65,65,65,65,65,65,65,65,65],"relic_stats":{"Busted Crown":24,"counters":[19,84],"CeramicFish":27,"Yang":[6],"Eternal Feather":12,"Juzu Bracelet":0,"Orichalcum":[228],"Boot":[0],"obtain_stats":[{"CeramicFish":6,"Oddly Smooth Stone":29,"Yang":26,"Eternal Feather":30,"Juzu Bracelet":10,"TeardropLocket":4,"Orichalcum":9,"Boot":43,"Anchor":19,"Busted Crown":17,"HolyWater":34,"PureWater":0,"Meat on the Bone":24},{"CeramicFish":4,"Oddly Smooth Stone":12,"Yang":11,"Eternal Feather":13,"Juzu Bracelet":5,"TeardropLocket":2,"Orichalcum":5,"Boot":17,"Anchor":9,"Busted Crown":8,"HolyWater":14,"PureWater":0,"Meat on the Bone":11},{"CeramicFish":16,"Oddly Smooth Stone":55,"Yang":52,"Eternal Feather":59,"Juzu Bracelet":20,"TeardropLocket":8,"Orichalcum":20,"Boot":77,"Anchor":41,"Busted Crown":36,"HolyWater":66,"PureWater":0,"Meat on the Bone":52}],"Meat on the Bone":12},"card_choices":[{"not_picked":["Ragnarok","Omniscience"],"picked":"Alpha","floor":0},{"not_picked":["CarveReality","FlurryOfBlows","PathToVictory"],"picked":"SKIP","floor":1},{"not_picked":["FlyingSleeves","CrushJoints","Indignation"],"picked":"SKIP","floor":2},{"not_picked":["Crescendo","ClearTheMind"],"picked":"LikeWater","floor":5},{"not_picked":["PathToVictory","Evaluate"],"picked":"LikeWater","floor":6},{"not_picked":["Halt","Wireheading","Scrawl"],"picked":"SKIP","floor":7},{"not_picked":["Prostrate","Adaptation","TalkToTheHand"],"picked":"SKIP","floor":12},{"not_picked":["Wireheading","EmptyBody","SashWhip"],"picked":"SKIP","floor":14},{"not_picked":["LessonLearned","Establishment"],"picked":"Alpha","floor":16},{"not_picked":["JustLucky"],"picked":"SKIP","floor":18},{"not_picked":["EmptyMind"],"picked":"SKIP","floor":22},{"not_picked":["Consecrate"],"picked":"SKIP","floor":24},{"not_picked":["Pray"],"picked":"SKIP","floor":28},{"not_picked":["Weave"],"picked":"SKIP","floor":30},{"not_picked":["CrushJoints+1"],"picked":"SKIP","floor":35},{"not_picked":["Perseverance"],"picked":"SKIP","floor":38},{"not_picked":["Protect"],"picked":"SKIP","floor":42},{"not_picked":["Consecrate+1"],"picked":"SKIP","floor":44}],"player_experience":881370,"relics_obtained":[{"floor":4,"key":"TeardropLocket"},{"floor":6,"key":"CeramicFish"},{"floor":9,"key":"Orichalcum"},{"floor":24,"key":"Meat on the Bone"},{"floor":26,"key":"Yang"},{"floor":30,"key":"Eternal Feather"},{"floor":43,"key":"Boot"}],"event_choices":[{"damage_healed":55,"gold_gain":0,"player_choice":"Upgrade","damage_taken":13,"max_hp_gain":0,"max_hp_loss":65,"event_name":"betterThird:BetterShining","floor":3,"gold_loss":0,"cards_upgraded":["Strike_P","Defend_P"]},{"damage_healed":0,"gold_gain":0,"player_choice":"Obtained Relic","damage_taken":0,"relics_obtained":["Anchor"],"max_hp_gain":0,"max_hp_loss":0,"event_name":"Addict","floor":19,"gold_loss":85},{"damage_healed":0,"gold_gain":2,"player_choice":"1","damage_taken":0,"max_hp_gain":0,"max_hp_loss":0,"event_name":"betterStone:BetterStone","floor":20,"gold_loss":0},{"cards_removed":["Eruption"],"damage_healed":0,"gold_gain":0,"player_choice":"Gave Gold","damage_taken":0,"max_hp_gain":0,"max_hp_loss":0,"event_name":"Beggar","floor":21,"gold_loss":75},{"damage_healed":0,"gold_gain":0,"player_choice":"Gave Potion","damage_taken":0,"relics_obtained":["Oddly Smooth Stone"],"max_hp_gain":0,"max_hp_loss":0,"event_name":"WeMeetAgain","floor":29,"gold_loss":0},{"damage_healed":0,"gold_gain":0,"player_choice":"Ignored","damage_taken":0,"max_hp_gain":0,"max_hp_loss":0,"event_name":"betterThird:BetterPortal","floor":37,"gold_loss":0}],"is_beta":false,"boss_relics":[{"not_picked":["Sozu","SlaversCollar"],"picked":"Busted Crown"},{"not_picked":["Snecko Eye","Coffee Dripper"],"picked":"HolyWater"}],"items_purged_floors":[27,36],"is_endless":false,"potions_floor_spawned":[1,6,7,16,18,24,30,44],"killed_by":"Reptomancer","ascension_level":3}}