{"host":"zizeror0v90hbyn9","time":1607844450,"event":{"mods":["Aspiration","BaseMod","Downfall","Friendly Minions","Koishi","Marisa£®ÏF”Í°°ƒß¿Ì…≥£©","Minty Spire (QoL Compilation)","Prisma Mod","Replay The Spire","StSLib","The Animator","The Bug Knight","The Cursed","The Servant 0.9.4","Youmu£®ªÍ∆«—˝√Œ£©"],"gold_per_floor":[113,188,188,188,200,200,227,245,245,270,286,298,298,308,308,403,453,473,70,70,83,83,83,112,27,27,27,27,27,38,56,56,156,156,175,175,189,53,70,70,70,70,97,0,28,28,28,57,57,57],"floor_reached":51,"playtime":2468,"items_purged":["Strike_G","Defend_G"],"score":870,"play_id":"c73ab6a8-179e-46e7-ad8d-5537ae081f4a","local_time":"20201213152730","is_ascension_mode":true,"campfire_choices":[{"data":"Neutralize","floor":6,"key":"SMITH"},{"data":"Dagger Spray","floor":13,"key":"SMITH"},{"data":"Defend_G","floor":15,"key":"PURGE"},{"data":"Well Laid Plans","floor":23,"key":"SMITH"},{"floor":29,"key":"REST"},{"data":"Prepared","floor":32,"key":"SMITH"},{"data":"Grand Finale","floor":40,"key":"SMITH"},{"data":"Dagger Throw","floor":42,"key":"SMITH"},{"data":"Defend_G","floor":46,"key":"SMITH"},{"data":"Defend_G+1","floor":49,"key":"SMITH"}],"circlet_count":0,"master_deck":["Strike_G","Strike_G+1","Strike_G+1","Defend_G+2","Defend_G","Defend_G+1","Survivor+1","Neutralize+1","Dagger Throw+1","Prepared+1","Cloak And Dagger+1","Dagger Spray+1","Slice","Prepared","Grand Finale+1","Acrobatics","Well Laid Plans+1","Accuracy+1"],"relics":["Ring of the Snake","NeowsBlessing","Mirror","Replay:Mystery Machine","War Paint","aspiration:FrozenJewel","Tiny House","Divine Protection","Ninja Scroll","Replay:Rubber Ducky","Frozen Egg 2","MutagenicStrength","WristBlade","Basket Of Snakes","Vajra","Red Mask","Garlic","Simple Rune"],"acts_visited":["Exordium","TheCity","TheBeyond"],"potions_floor_usage":[16,33,50],"damage_taken":[{"damage":0,"enemies":"2 Louse","floor":1,"turns":1},{"damage":0,"enemies":"Jaw Worm","floor":5,"turns":1},{"damage":0,"enemies":"Lagavulin","floor":7,"turns":1},{"damage":0,"enemies":"Small Slimes","floor":8,"turns":3},{"damage":17,"enemies":"Gremlin Nob","floor":10,"turns":5},{"damage":0,"enemies":"Exordium Wildlife","floor":11,"turns":4},{"damage":1,"enemies":"Large Slime","floor":12,"turns":7},{"damage":0,"enemies":"3 Louse","floor":14,"turns":3},{"damage":25,"enemies":"Hexaghost","floor":16,"turns":15},{"damage":14,"enemies":"Shell Parasite","floor":18,"turns":10},{"damage":1,"enemies":"Spheric Guardian","floor":21,"turns":5},{"damage":17,"enemies":"Slavers","floor":24,"turns":9},{"damage":0,"enemies":"Centurion and Healer","floor":30,"turns":5},{"damage":0,"enemies":"Snake Plant","floor":31,"turns":3},{"damage":49,"enemies":"Champ","floor":33,"turns":10},{"damage":0,"enemies":"3 Shapes","floor":35,"turns":3},{"damage":0,"enemies":"Orb Walker","floor":37,"turns":2},{"damage":0,"enemies":"Maw","floor":39,"turns":6},{"damage":0,"enemies":"Nemesis","floor":45,"turns":5},{"damage":0,"enemies":"Giant Head","floor":48,"turns":6},{"damage":25,"enemies":"Awakened One","floor":50,"turns":11}],"seed_played":"-7431724422594223915","potions_obtained":[{"floor":1,"key":"Ancient Potion"},{"floor":11,"key":"Block Potion"},{"floor":12,"key":"LiquidBronze"},{"floor":17,"key":"EssenceOfSteel"},{"floor":31,"key":"DuplicationPotion"},{"floor":33,"key":"DuplicationPotion"},{"floor":36,"key":"FairyPotion"},{"floor":36,"key":"Weak Potion"}],"is_trial":false,"path_per_floor":["M","?","T","?","M","R","E","M","T","E","M","M","R","M","R","B",null,"M","$","?","M","$","R","E","?","T","?","$","R","M","M","R","B",null,"M","?","M","$","M","R","T","R","T","?","E","R","$","E","R","B",null],"character_chosen":"THE_SILENT","items_purchased":["Well Laid Plans","Divine Protection","Accuracy+1"],"campfire_rested":1,"item_purchase_floors":[19,19,38],"current_hp_per_floor":[70,59,59,52,52,52,52,52,52,35,35,34,34,34,34,9,75,61,61,47,46,46,46,29,29,29,29,29,53,53,53,53,4,80,80,80,80,80,80,80,80,80,80,80,80,80,80,80,80,55],"gold":57,"neow_bonus":"THREE_ENEMY_KILL","is_daily":false,"chose_seed":false,"campfire_upgraded":8,"win_rate":0.0,"timestamp":1607844450,"path_taken":["M","?","?","?","?","R","E","M","T","E","M","M","R","M","R","BOSS","M","$","?","M","$","R","E","?","T","?","$","R","M","M","R","BOSS","M","?","?","$","M","R","?","R","T","?","E","R","?","E","R","BOSS"],"items_purchased_type":["Card","Relic","Card"],"build_version":"2020-11-30","purchased_purges":2,"victory":true,"max_hp_per_floor":[70,70,70,70,70,70,70,70,70,70,70,70,70,70,70,70,75,75,75,80,80,80,80,80,80,80,80,80,80,80,80,80,80,80,80,80,80,80,80,80,80,80,80,80,80,80,80,80,80,80],"card_choices":[{"not_picked":["Skewer","Cloak And Dagger"],"picked":"Dagger Throw","floor":1},{"not_picked":["Terror","Deflect"],"picked":"Prepared","floor":5},{"not_picked":["Poisoned Stab","Blade Dance"],"picked":"Cloak And Dagger","floor":7},{"not_picked":["Dagger Throw","Flying Knee"],"picked":"Dagger Spray","floor":8},{"not_picked":["PiercingWail","Flying Knee","Bane"],"picked":"SKIP","floor":10},{"not_picked":["Quick Slash","PiercingWail","Bullet Time"],"picked":"SKIP","floor":11},{"not_picked":["Underhanded Strike","Dagger Spray"],"picked":"Slice","floor":12},{"not_picked":["Deadly Poison","Predator"],"picked":"Prepared","floor":14},{"not_picked":["Envenom","Unload"],"picked":"Grand Finale","floor":16},{"not_picked":["Slice","Bane"],"picked":"Acrobatics","floor":17},{"not_picked":["ReplayTheSpireMod:Tripwire","ReplayTheSpireMod:The Works","Flying Knee+1"],"picked":"SKIP","floor":18},{"not_picked":["Riddle With Holes","Hidden Blade","Acrobatics"],"picked":"SKIP","floor":21},{"not_picked":["Envenom","Poisoned Stab","Bane"],"picked":"SKIP","floor":24},{"not_picked":["Quick Slash+1","Dagger Throw+1","Setup"],"picked":"SKIP","floor":30},{"not_picked":["Bane","Setup+1","Deadly Poison"],"picked":"SKIP","floor":31},{"not_picked":["Dodge and Roll","Outmaneuver","Deflect"],"picked":"SKIP","floor":35},{"not_picked":["Slice+1","Dagger Throw+1","Bouncing Flask"],"picked":"SKIP","floor":37},{"not_picked":["Cloak And Dagger","Masterful Stab+1","Dodge and Roll+1"],"picked":"SKIP","floor":39},{"not_picked":["Bane","Slice+1","ReplayTheSpireMod:Shiv Toss+1"],"picked":"SKIP","floor":45},{"not_picked":["Prepared+1","Calculated Gamble","Dodge and Roll"],"picked":"SKIP","floor":48},{"not_picked":["Prepared+1","Calculated Gamble","Dodge and Roll"],"picked":"SKIP","floor":48},{"not_picked":["Prepared+1","Calculated Gamble","Dodge and Roll"],"picked":"SKIP","floor":48}],"player_experience":136788,"relics_obtained":[{"floor":3,"key":"Mirror"},{"floor":7,"key":"Replay:Mystery Machine"},{"floor":9,"key":"War Paint"},{"floor":10,"key":"aspiration:FrozenJewel"},{"floor":24,"key":"Ninja Scroll"},{"floor":26,"key":"Frozen Egg 2"},{"floor":41,"key":"Basket Of Snakes"},{"floor":43,"key":"Vajra"},{"floor":45,"key":"Garlic"},{"floor":48,"key":"Simple Rune"}],"event_choices":[{"damage_healed":0,"gold_gain":75,"player_choice":"Gather Gold","damage_taken":11,"max_hp_gain":0,"max_hp_loss":0,"event_name":"World of Goop","floor":2,"gold_loss":0},{"cards_removed":["Strike_G"],"damage_healed":0,"gold_gain":0,"player_choice":"Card Removal","damage_taken":7,"max_hp_gain":0,"max_hp_loss":0,"event_name":"Golden Wing","floor":4,"gold_loss":0},{"damage_healed":0,"gold_gain":0,"player_choice":"Shed Blood","damage_taken":19,"max_hp_gain":5,"max_hp_loss":0,"event_name":"Forgotten Altar","floor":20,"gold_loss":0},{"damage_healed":0,"gold_gain":0,"player_choice":"Obtained Relic","damage_taken":0,"relics_obtained":["Replay:Rubber Ducky"],"max_hp_gain":0,"max_hp_loss":0,"event_name":"Addict","floor":25,"gold_loss":85},{"damage_healed":0,"gold_gain":0,"player_choice":"Inject Mutagens","damage_taken":0,"relics_obtained":["MutagenicStrength"],"max_hp_gain":0,"max_hp_loss":0,"event_name":"Drug Dealer","floor":27,"gold_loss":0},{"damage_healed":0,"gold_gain":0,"player_choice":"Got Potions","damage_taken":0,"max_hp_gain":0,"max_hp_loss":0,"event_name":"Lab","floor":36,"gold_loss":0},{"damage_healed":0,"gold_gain":0,"player_choice":"Paid","damage_taken":0,"relics_obtained":["Red Mask"],"max_hp_gain":0,"max_hp_loss":0,"event_name":"Tomb of Lord Red Mask","floor":44,"gold_loss":97}],"is_beta":false,"boss_relics":[{"not_picked":["Replay:Drink Me","Replay:Ancient Bell"],"picked":"Tiny House"},{"not_picked":["aspiration:IroncladSkillbook","Fusion Hammer"],"picked":"WristBlade"}],"items_purged_floors":[19,38],"is_endless":false,"potions_floor_spawned":[1,11,12,14,31,33,35,37],"ascension_level":1}}