{"host":"7w1f7px7r26mario","time":1607834689,"event":{"mods":["Act Like it!","BaseMod","Conspire","Gensokyo","Lobotomy","LobotomyExtend","Minty Spire (QoL Compilation)","Quick Restart","Relic Stats","Replay The Spire","StSLib","TestMod","The Bug Knight","The Hierophant","The Jungle","[IsaacMod]以撒尖塔","vexMod"],"gold_per_floor":[111,123,173,190,202,228,228,261,261,292,318,351,351,371,437,538,538,562,502,502,75,75,102,152,177,177,197,197,216,217,229,229,288,288,351,226,242,242,258,289,308,308,334,410,410,470,470,548,548,548],"floor_reached":51,"playtime":4048,"items_purged":["hierophant:Strike_Hierophant"],"score":1300,"play_id":"2bb158ce-7982-44bd-be9f-a85b2ffa1fa6","local_time":"20201213124449","is_ascension_mode":false,"campfire_choices":[{"data":"hierophant:PristineSoul","floor":32.0,"key":"SMITH"},{"floor":42,"key":"RECALL"},{"data":"hierophant:LocustPlague","floor":45,"key":"SMITH"},{"data":"hierophant:Determination","floor":47,"key":"SMITH"},{"data":"ReplayTheSpireMod:Uncanny Aura","floor":49,"key":"SMITH"}],"circlet_count":1,"master_deck":["hierophant:Strike_Hierophant","hierophant:Strike_Hierophant","hierophant:Strike_Hierophant","hierophant:Punish","hierophant:Defend_Hierophant","hierophant:Defend_Hierophant","hierophant:Defend_Hierophant","hierophant:Defend_Hierophant","hierophant:ChurchCoffers","hierophant:HolyVerse","hierophant:Sermon","hierophant:Zeal","hierophant:HolyVerse","hierophant:PristineSoul+1","Madness","ReplayTheSpireMod:Uncanny Aura+1","Bandage Up","hierophant:Determination+1","hierophant:SealAway","hierophant:FieryStrike+1","hierophant:Flagellation+1","hierophant:Zeal+1","hierophant:Smite+1","hierophant:LocustPlague+1"],"relics":["hierophant:PropheticMaskRelic","testmod-TestBox","HushsDoor","GuppysHead","testmod-ChristmasGift","ReplayTheSpireMod:TigerMarble","The Courier","Omamori","testmod-ThousandKnives","Gensokyo:NagashiBinaDoll","Pear","Kunai","Tiny Chest","ReplayTheSpireMod:ShopPack","LetterFromLob","Painkiller Herb","Ring of Panic","ReplayTheSpireMod:Ring of Challenge","Shuriken","Potion Belt","Medical Kit","Replay:Mystery Machine","Replay:Baseball","Unceasing Top","testmod-AssaultLearning","Gensokyo:DirgeOfMelancholy","Circlet","testmod-D_4","PrismaticShard","GuppysPaw","PreservedInsect","Gremlin Horn","testmod-CrystalShield","HollowMod:PaleOreRelic","hierophant:DonationBoxRelic"],"acts_visited":["Gensokyo:Gensokyoer","TheBeyond"],"potions_floor_usage":[41,41,41,41,41,41,41,41,41,41,41,41,41,41,41,44,44,46,46,46,46,50,50,50,50,50,50,50],"damage_taken":[{"damage":5.0,"enemies":"Gensokyo:2_Kodama","floor":1.0,"turns":3.0},{"damage":6.0,"enemies":"Gensokyo:Gryphon","floor":2.0,"turns":2.0},{"damage":0.0,"enemies":"Hiden Room Battle","floor":3.0,"turns":1.0},{"damage":12.0,"enemies":"Gensokyo:Python","floor":4.0,"turns":3.0},{"damage":0.0,"enemies":"Gensokyo:LivingMonolith","floor":5.0,"turns":3.0},{"damage":16.0,"enemies":"Gensokyo:Aya","floor":6.0,"turns":8.0},{"damage":6.0,"enemies":"Gensokyo:Mamizou","floor":8.0,"turns":6.0},{"damage":2.0,"enemies":"Gensokyo:Cirno","floor":10.0,"turns":3.0},{"damage":12.0,"enemies":"Gensokyo:CorruptedTreant","floor":11.0,"turns":3.0},{"damage":8.0,"enemies":"Gensokyo:Mamizou","floor":12.0,"turns":6.0},{"damage":13.0,"enemies":"Gensokyo:VengefulSpirit","floor":14.0,"turns":5.0},{"damage":41.0,"enemies":"Gensokyo:Yukari","floor":16.0,"turns":7.0},{"damage":28.0,"enemies":"Gensokyo:AngelMirror","floor":18.0,"turns":4.0},{"damage":0.0,"enemies":"Gensokyo:Koishi","floor":23.0,"turns":4.0},{"damage":0.0,"enemies":"Gensokyo:Chomper","floor":24.0,"turns":3.0},{"damage":0.0,"enemies":"Gensokyo:Reisen","floor":25.0,"turns":4.0},{"damage":20.0,"enemies":"Gensokyo:Wraith","floor":27.0,"turns":5.0},{"damage":1.0,"enemies":"Gensokyo:3_Gloops","floor":29.0,"turns":3.0},{"damage":10.0,"enemies":"Gensokyo:Koishi","floor":30.0,"turns":8.0},{"damage":0.0,"enemies":"Gensokyo:Swordslinger","floor":31.0,"turns":2.0},{"damage":24.0,"enemies":"Gensokyo:Eiki","floor":33.0,"turns":7.0},{"damage":6,"enemies":"3 Shapes","floor":35,"turns":2},{"damage":0,"enemies":"Orb Walker","floor":37,"turns":1},{"damage":0,"enemies":"Jaw Worm Horde","floor":39,"turns":1},{"damage":0,"enemies":"Nemesis","floor":40,"turns":1},{"damage":0,"enemies":"Writhing Mass","floor":41,"turns":2},{"damage":0,"enemies":"Giant Head","floor":44,"turns":2},{"damage":0,"enemies":"R_Hoarder","floor":46,"turns":2},{"damage":0,"enemies":"conspire:OrnateMirror","floor":50,"turns":2}],"seed_played":"2900532493101221405","potions_obtained":[{"floor":1.0,"key":"LiquidBronze"},{"floor":10.0,"key":"SteroidPotion"},{"floor":12.0,"key":"Weak Potion"},{"floor":16.0,"key":"Block Potion"},{"floor":29.0,"key":"Dexterity Potion"},{"floor":30.0,"key":"Doom Potion"},{"floor":31.0,"key":"BlessingOfTheForge"},{"floor":35,"key":"CultistPotion"},{"floor":44,"key":"AttackPotion"}],"is_trial":false,"path_per_floor":["M","M","?","M","M","E","?","E","T","E","M","E","?","M","R","B",null,"?","T","?","T","T","E","?","E","T","?","?","?","E","?","T","B",null,"?","T","?","?","?","E","?","T","T","E","T","E","T","T","T","B",null],"character_chosen":"HIEROPHANT","items_purchased":["Shuriken","Potion Belt","Medical Kit","PrismaticShard"],"campfire_rested":0,"item_purchase_floors":[21,21,21,36],"current_hp_per_floor":[71,67,68,57,58,51,51,61,61,61,50,47,47,43,43,21,85,64,64,64,64,64,75,82,85,85,72,72,85,90,90,90,82,90,84,84,90,75,82,90,90,90,90,90,90,90,90,90,90,90],"gold":548,"neow_bonus":"RANDOM_COMMON_RELIC","is_daily":false,"chose_seed":false,"campfire_upgraded":4,"win_rate":0.0,"timestamp":1607834689,"path_taken":["M","M","?","M","M","E","?","E","T","E","M","E","?","M","R","BOSS","?","T","?","?","?","E","?","E","T","?","?","?","E","?","T","BOSS","?","T","?","?","?","E","?","T","T","E","T","E","T","?","T","BOSS"],"items_purchased_type":["Relic","Relic","Relic","Relic"],"build_version":"2020-11-30","purchased_purges":1,"victory":true,"max_hp_per_floor":[75,75,75,75,75,75,75,85,85,85,85,85,85,85,85,85,85,85,85,85,85,85,85,85,85,85,85,85,85,90,90,90,90,90,90,90,90,90,90,90,90,90,90,90,90,90,90,90,90,90],"relic_stats":{"Gremlin Horn":[0,0],"counters":[29,103],"Shuriken":[37],"Tiny Chest":2,"PreservedInsect":200,"Kunai":[41],"Medical Kit":[20],"obtain_stats":[{"Gremlin Horn":44,"GuppysPaw":40,"hierophant:PropheticMaskRelic":0,"GnawedLeaf":10,"Painkiller Herb":17,"DemoMod:GlassGuonStoneRelic":1,"Gensokyo:NagashiBinaDoll":7,"Replay:Mystery Machine":22,"PrismaticShard":36,"Frozen Eye":23,"testmod-CrystalShield":46,"testmod-ThousandKnives":6,"Tiny Chest":12,"Kunai":9,"HollowMod:PaleOreRelic":46,"Ring of Panic":20,"testmod-ChristmasGift":0,"KeepersGift":0,"Potion Belt":21,"testmod-TestBox":0,"Pear":8,"Gensokyo:DirgeOfMelancholy":28,"Circlet":30,"The Courier":3,"PreservedInsect":43,"Omamori":3,"Medical Kit":21,"Replay:Baseball":23,"testmod-D_4":34,"Shuriken":21,"testmod-AssaultLearning":26,"hierophant:DonationBoxRelic":48,"ReplayTheSpireMod:TigerMarble":0,"LetterFromLob":14,"GuppysHead":0,"ReplayTheSpireMod:Ring of Challenge":20,"HushsDoor":0,"Unceasing Top":25,"ReplayTheSpireMod:ShopPack":13},{"Gremlin Horn":27,"GuppysPaw":25,"hierophant:PropheticMaskRelic":0,"GnawedLeaf":8,"Painkiller Herb":12,"DemoMod:GlassGuonStoneRelic":1,"Gensokyo:NagashiBinaDoll":6,"Replay:Mystery Machine":13,"PrismaticShard":22,"Frozen Eye":13,"testmod-CrystalShield":28,"testmod-ThousandKnives":6,"Tiny Chest":10,"Kunai":7,"HollowMod:PaleOreRelic":28,"Ring of Panic":13,"testmod-ChristmasGift":0,"KeepersGift":0,"Potion Belt":13,"testmod-TestBox":0,"Pear":7,"Gensokyo:DirgeOfMelancholy":17,"Circlet":19,"The Courier":3,"PreservedInsect":26,"Omamori":3,"Medical Kit":13,"Replay:Baseball":14,"testmod-D_4":21,"Shuriken":13,"testmod-AssaultLearning":16,"hierophant:DonationBoxRelic":28,"ReplayTheSpireMod:TigerMarble":0,"LetterFromLob":11,"GuppysHead":0,"ReplayTheSpireMod:Ring of Challenge":13,"HushsDoor":0,"Unceasing Top":16,"ReplayTheSpireMod:ShopPack":10},{"Gremlin Horn":99,"GuppysPaw":95,"hierophant:PropheticMaskRelic":0,"GnawedLeaf":29,"Painkiller Herb":50,"DemoMod:GlassGuonStoneRelic":3,"Gensokyo:NagashiBinaDoll":20,"Replay:Mystery Machine":54,"PrismaticShard":92,"Frozen Eye":54,"testmod-CrystalShield":101,"testmod-ThousandKnives":20,"Tiny Chest":38,"Kunai":26,"HollowMod:PaleOreRelic":101,"Ring of Panic":54,"testmod-ChristmasGift":0,"KeepersGift":0,"Potion Belt":54,"testmod-TestBox":0,"Pear":26,"Gensokyo:DirgeOfMelancholy":70,"Circlet":81,"The Courier":6,"PreservedInsect":97,"Omamori":6,"Medical Kit":54,"Replay:Baseball":58,"testmod-D_4":90,"Shuriken":54,"testmod-AssaultLearning":65,"hierophant:DonationBoxRelic":101,"ReplayTheSpireMod:TigerMarble":0,"LetterFromLob":43,"GuppysHead":0,"ReplayTheSpireMod:Ring of Challenge":54,"HushsDoor":0,"Unceasing Top":65,"ReplayTheSpireMod:ShopPack":38}],"Unceasing Top":[15]},"card_choices":[{"not_picked":[],"picked":"Bomb","floor":0.0},{"not_picked":["hierophant:Alms","hierophant:DisplayOfPower"],"picked":"hierophant:HolyVerse","floor":1.0},{"not_picked":["hierophant:Dazzle","hierophant:AuricShield"],"picked":"hierophant:Sermon","floor":2.0},{"not_picked":["hierophant:MirrorShield","hierophant:HolyVerse"],"picked":"hierophant:Zeal","floor":3.0},{"not_picked":["hierophant:CoinFling","hierophant:FlamingChariot","hierophant:DisplayOfPower"],"picked":"SKIP","floor":4.0},{"not_picked":["hierophant:RepressedViolence","hierophant:Encroach","hierophant:Zeal"],"picked":"SKIP","floor":5.0},{"not_picked":["hierophant:AuricShield","hierophant:HammerAndAnvil","hierophant:DisplayOfPower"],"picked":"SKIP","floor":6.0},{"not_picked":["hierophant:Blessing","hierophant:Prophecy","hierophant:Shelter"],"picked":"SKIP","floor":8.0},{"not_picked":["hierophant:Prophecy","hierophant:PassingBell"],"picked":"hierophant:HolyVerse","floor":10.0},{"not_picked":["hierophant:Zeal","hierophant:AuricBeam"],"picked":"hierophant:PristineSoul","floor":11.0},{"not_picked":["hierophant:ThreeLashes","hierophant:Zeal","hierophant:Generosity"],"picked":"SKIP","floor":12.0},{"not_picked":["testmod-AssimilatedRune","Poisoned Strike"],"picked":"DemoMod:Invincible","floor":13.0},{"not_picked":["Forethought","Metamorphosis"],"picked":"ReplayTheSpireMod:Uncanny Aura","floor":13.0},{"not_picked":["testmod-Illusory","testmod-ChaoticCore"],"picked":"Bandage Up","floor":13.0},{"not_picked":["hierophant:FaithHealing","hierophant:Empathy","hierophant:FieryStrike"],"picked":"SKIP","floor":14.0},{"not_picked":["hierophant:DeathKnell","hierophant:Cornucopia"],"picked":"hierophant:Determination","floor":16.0},{"not_picked":["hierophant:Endure","hierophant:HammerAndAnvil"],"picked":"hierophant:SealAway","floor":18.0},{"not_picked":["hierophant:Chorus","hierophant:AuricBeam"],"picked":"hierophant:FieryStrike+1","floor":23.0},{"not_picked":["hierophant:AuricShield","hierophant:Zeal","hierophant:RustyCrate"],"picked":"SKIP","floor":24.0},{"not_picked":["hierophant:Sermon","hierophant:Purify","hierophant:Exaltation"],"picked":"SKIP","floor":25.0},{"not_picked":["hierophant:ConvertCurrency","hierophant:Exaltation+1"],"picked":"hierophant:Flagellation+1","floor":27.0},{"not_picked":["hierophant:AuricBeam+1","hierophant:FieryStrike"],"picked":"hierophant:Zeal+1","floor":29.0},{"not_picked":["hierophant:Rebuild","hierophant:OrnateBuckler+1","hierophant:SecretStash"],"picked":"SKIP","floor":30.0},{"not_picked":["hierophant:Cornucopia","hierophant:HolyVerse"],"picked":"hierophant:Smite+1","floor":31.0},{"not_picked":["hierophant:Generosity","hierophant:AuricForm"],"picked":"hierophant:LocustPlague","floor":33.0},{"not_picked":["hierophant:FieryStrike","hierophant:Mercenaries","hierophant:MorningPrayer+1"],"picked":"SKIP","floor":35},{"not_picked":["Loneliness+1","Choke+1","Crescendo+1"],"picked":"SKIP","floor":37},{"not_picked":["Reckless Charge","Crescendo+1","Evaluate+1"],"picked":"SKIP","floor":39},{"not_picked":["Recycle","Leap+1","hierophant:Doubloon+1"],"picked":"SKIP","floor":40},{"not_picked":["hierophant:HammerAndAnvil+1","ScreamingWedge+1","Wild Strike"],"picked":"SKIP","floor":41},{"not_picked":["HollowMod:SoulSplash+1","Redo","Life Link+1"],"picked":"SKIP","floor":44},{"not_picked":["Tools of the Trade","Wraith Form v2","Static Discharge"],"picked":"SKIP","floor":46}],"player_experience":198663,"relics_obtained":[{"floor":3.0,"key":"The Courier"},{"floor":3.0,"key":"Omamori"},{"floor":6.0,"key":"testmod-ThousandKnives"},{"floor":8.0,"key":"Pear"},{"floor":9.0,"key":"Kunai"},{"floor":10.0,"key":"GnawedLeaf"},{"floor":12.0,"key":"Tiny Chest"},{"floor":14.0,"key":"LetterFromLob"},{"floor":20.0,"key":"Ring of Panic"},{"floor":20.0,"key":"ReplayTheSpireMod:Ring of Challenge"},{"floor":22.0,"key":"Replay:Mystery Machine"},{"floor":23.0,"key":"Replay:Baseball"},{"floor":25.0,"key":"Unceasing Top"},{"floor":26.0,"key":"testmod-AssaultLearning"},{"floor":30.0,"key":"Circlet"},{"floor":40,"key":"GuppysPaw"},{"floor":43,"key":"PreservedInsect"},{"floor":44,"key":"Gremlin Horn"},{"floor":46,"key":"testmod-CrystalShield"},{"floor":46,"key":"HollowMod:PaleOreRelic"},{"floor":48,"key":"hierophant:DonationBoxRelic"}],"event_choices":[{"damage_healed":0.0,"max_hp_gain":0.0,"max_hp_loss":0.0,"gold_gain":0.0,"event_name":"HidenRoomEvent","player_choice":"Fight","floor":3.0,"gold_loss":0.0,"damage_taken":0.0},{"damage_healed":0.0,"max_hp_gain":0.0,"max_hp_loss":0.0,"gold_gain":0.0,"event_name":"给自己的盒子","player_choice":"Swap Relic","floor":13.0,"relics_lost":["GnawedLeaf"],"gold_loss":0.0,"damage_taken":0.0,"relics_obtained":["ReplayTheSpireMod:ShopPack"]}],"is_beta":false,"boss_relics":[{"not_picked":["Ring of Chaos","Honey Jar"],"picked":"Painkiller Herb"},{"not_picked":[]},{"not_picked":["Replay:Fungal Core","Calling Bell"],"picked":"testmod-D_4"},{"not_picked":[]}],"items_purged_floors":[19],"is_endless":false,"potions_floor_spawned":[1,6,10,12,16,18,25,29,30,31,35,37,40,44],"ascension_level":0}}