{"host":"63sioh49uueqzogg","time":1607877153,"event":{"mods":["BaseMod","Card Forge","Colored Map","Colored Powertips","Minty Spire (QoL Compilation)","StSLib","The Animator"],"gold_per_floor":[109,109,131,141,316,316,343,343,369,369,369],"floor_reached":10,"playtime":319,"items_purged":[],"score":89,"play_id":"bf37e2b3-d7ce-45fa-96d3-1819e2478472","local_time":"20201213083233","is_ascension_mode":true,"campfire_choices":[{"data":"animator:DolaSchwi","floor":6,"key":"SMITH"},{"data":"animator:DolaRiku","floor":8,"key":"SMITH"}],"circlet_count":0,"master_deck":["animator:Strike_NoGameNoLife","animator:Defend_NoGameNoLife","animator:Strike","animator:Strike","animator:Strike","animator:Defend","animator:Defend","animator:Defend","animator:DolaSchwi+1","animator:DolaCouronne","animator:DolaRiku+1","animator:Envy","Doubt","animator:ChlammyZell"],"relics":["animator:LivingPicture","animator:TheMissingPiece","Hammer of Thor","Seething Fire","Anvil of the Gods","NeowsBlessing","animator:Buoy","animator:ShionDessert","Strawberry"],"acts_visited":["Exordium"],"potions_floor_usage":[],"damage_taken":[{"damage":0,"enemies":"Jaw Worm","floor":1,"turns":1},{"damage":0,"enemies":"Cultist","floor":3,"turns":1},{"damage":0,"enemies":"Small Slimes","floor":4,"turns":1},{"damage":33,"enemies":"Lagavulin","floor":7,"turns":7},{"damage":49,"enemies":"Gremlin Nob","floor":10,"turns":4}],"seed_played":"1451102720036211965","potions_obtained":[{"floor":1,"key":"SmokeBomb"}],"is_trial":false,"path_per_floor":["M","?","M","M","?","R","E","R","T","E"],"character_chosen":"THE_ANIMATOR","items_purchased":[],"campfire_rested":0,"item_purchase_floors":[],"current_hp_per_floor":[59,59,59,59,59,59,27,27,34,0,0],"gold":369,"neow_bonus":"THREE_ENEMY_KILL","is_daily":false,"chose_seed":false,"campfire_upgraded":2,"win_rate":0.0,"timestamp":1607877153,"path_taken":["M","?","?","M","?","R","E","R","T","E"],"items_purchased_type":[],"build_version":"2020-11-30","purchased_purges":0,"victory":false,"max_hp_per_floor":[66,66,66,66,66,66,67,67,74,74,74],"card_choices":[{"not_picked":["animator:Lancer","animator:RoyMustang"],"picked":"animator:PandorasActor","floor":1},{"not_picked":["animator:OrikoMikuni","animator:Demiurge"],"picked":"animator:DolaRiku","floor":3},{"not_picked":["animator:Alexander","animator:Verdia"],"picked":"animator:Envy","floor":4},{"not_picked":["animator:DolaSchwi","animator:DolaCouronne"],"picked":"animator:ChlammyZell","floor":7}],"player_experience":559377,"relics_obtained":[{"floor":7,"key":"animator:ShionDessert"},{"floor":9,"key":"Strawberry"}],"event_choices":[{"cards_removed":["animator:PandorasActor"],"damage_healed":0,"gold_gain":0,"player_choice":"Gave Card","damage_taken":0,"relics_obtained":["animator:Buoy"],"max_hp_gain":0,"max_hp_loss":0,"event_name":"WeMeetAgain","floor":2,"gold_loss":0},{"damage_healed":0,"gold_gain":175,"player_choice":"AGREE","damage_taken":0,"max_hp_gain":0,"max_hp_loss":0,"event_name":"Liars Game","floor":5,"gold_loss":0,"cards_obtained":["Doubt"]}],"is_beta":false,"boss_relics":[],"items_purged_floors":[],"is_endless":false,"potions_floor_spawned":[1],"killed_by":"Gremlin Nob","ascension_level":7}}