{"host":"ow9msrs9p2ctkx99","time":1607817931,"event":{"mods":["AchievementEnabler","BaseMod","Colored Map","Colored Powertips","Minty Spire (QoL Compilation)","Permanent Neow","Quick Restart","SuperFastMode"],"gold_per_floor":[116,41,52,52,52,52,72,72,96,96,114,147,147,147,147,147,147],"floor_reached":16,"playtime":283,"items_purged":["Decay"],"score":172,"play_id":"65759c20-7236-454c-8e74-54061c463d7b","local_time":"20201213010531","is_ascension_mode":true,"campfire_choices":[{"floor":6,"key":"REST"},{"data":"Sadistic Nature","floor":8,"key":"SMITH"},{"data":"Burst","floor":10,"key":"SMITH"},{"floor":13,"key":"REST"},{"data":"Blade Dance","floor":15,"key":"SMITH"}],"circlet_count":0,"master_deck":["AscendersBane","Strike_G","Strike_G","Strike_G","Strike_G","Strike_G","Defend_G","Defend_G","Defend_G","Defend_G","Defend_G","Survivor","Neutralize","Sadistic Nature+1","PiercingWail","Burst+1","Blade Dance+1","Dagger Spray","Crippling Poison+1"],"relics":["Ring of the Snake","Letter Opener","Centennial Puzzle","The Courier"],"acts_visited":["Exordium"],"potions_floor_usage":[12,16],"damage_taken":[{"damage":0.0,"enemies":"2 Louse","floor":1.0,"turns":2.0},{"damage":2.0,"enemies":"Jaw Worm","floor":3.0,"turns":4.0},{"damage":9,"enemies":"Cultist","floor":7,"turns":5},{"damage":0,"enemies":"Large Slime","floor":11,"turns":5},{"damage":12,"enemies":"3 Sentries","floor":12,"turns":6},{"damage":42,"enemies":"Hexaghost","floor":16,"turns":9}],"seed_played":"4773372364703781256","potions_obtained":[{"floor":1.0,"key":"Weak Potion"},{"floor":3.0,"key":"Block Potion"}],"is_trial":false,"path_per_floor":["M","$","M","?","?","R","M","R","T","R","M","E","R","?","R","B"],"character_chosen":"THE_SILENT","items_purchased":[],"campfire_rested":2,"item_purchase_floors":[],"current_hp_per_floor":[59,59,57,22,22,41,32,32,32,32,32,20,39,39,39,0,0],"gold":147,"neow_bonus":"RANDOM_COLORLESS_2","is_daily":false,"chose_seed":false,"campfire_upgraded":3,"win_rate":0.0,"timestamp":1607817931,"path_taken":["M","$","M","?","?","R","M","R","T","R","?","E","R","?","R","BOSS"],"items_purchased_type":[],"build_version":"2020-11-30","purchased_purges":1,"victory":false,"max_hp_per_floor":[66,66,66,66,66,66,66,66,66,66,66,66,66,66,66,66,66],"card_choices":[{"not_picked":["Apotheosis","Chrysalis"],"picked":"Sadistic Nature","floor":0.0},{"not_picked":["Masterful Stab","Calculated Gamble"],"picked":"PiercingWail","floor":1.0},{"not_picked":["Concentrate","Dodge and Roll","Heel Hook"],"picked":"SKIP","floor":3.0},{"not_picked":["Distraction","Dagger Spray"],"picked":"Blade Dance","floor":7},{"not_picked":["Expertise","Concentrate"],"picked":"Dagger Spray","floor":11},{"not_picked":["Acrobatics","Bullet Time"],"picked":"Crippling Poison","floor":12}],"player_experience":973184,"relics_obtained":[{"floor":9,"key":"Centennial Puzzle"},{"floor":12,"key":"The Courier"}],"event_choices":[{"damage_healed":0.0,"max_hp_gain":0.0,"max_hp_loss":0.0,"gold_gain":0.0,"event_name":"Scrap Ooze","player_choice":"Success","floor":4.0,"gold_loss":0.0,"damage_taken":35.0,"relics_obtained":["Letter Opener"]},{"damage_healed":0,"gold_gain":0,"player_choice":"1 cards matched","damage_taken":0,"max_hp_gain":0,"max_hp_loss":0,"event_name":"Match and Keep!","floor":5,"gold_loss":0,"cards_obtained":["Burst"]},{"damage_healed":0,"gold_gain":0,"player_choice":"Forge","damage_taken":0,"max_hp_gain":0,"max_hp_loss":0,"event_name":"Accursed Blacksmith","floor":14,"gold_loss":0,"cards_upgraded":["Crippling Poison"]}],"is_beta":false,"boss_relics":[],"items_purged_floors":[2],"is_endless":false,"potions_floor_spawned":[1,3],"killed_by":"Hexaghost","ascension_level":15}}