{"host":"4nqeo0vu1vuav7gg","time":1607855177,"event":{"mods":["AchievementEnabler","BaseMod","Block Reminder","Colored Map","Colored Powertips","Highlight Path","Minty Spire (QoL Compilation)","Quick Restart","Rare Cards Sparkle","Relic Relevance Reorder","StSLib"],"gold_per_floor":[14,14,14,27,38,70,82,108,181,214,179,213,213,213,213,309,309,324,336,348,348,348],"floor_reached":21,"playtime":962,"items_purged":[],"score":351,"play_id":"3ebbd5b3-1a77-40f7-a084-bc592dd22989","local_time":"20201213112617","is_ascension_mode":true,"campfire_choices":[{"floor":13.0,"key":"REST"},{"data":"Lockon","floor":15.0,"key":"SMITH"}],"circlet_count":0,"master_deck":["AscendersBane","Strike_B","Strike_B","Strike_B","Strike_B","Defend_B","Defend_B","Defend_B","Defend_B","Zap+1","Dualcast","Lockon+1","Rip and Tear","Electrodynamics","Undo","White Noise","Turbo","BootSequence","Creative AI","Coolheaded+1","Cold Snap","Ball Lightning+1"],"relics":["Cracked Core","Unceasing Top","Happy Flower","Sundial","PreservedInsect","White Beast Statue","SlaversCollar"],"acts_visited":["Exordium","TheCity"],"potions_floor_usage":[20],"damage_taken":[{"damage":0.0,"enemies":"Small Slimes","floor":1.0,"turns":3.0},{"damage":2.0,"enemies":"Jaw Worm","floor":4.0,"turns":3.0},{"damage":1.0,"enemies":"Cultist","floor":5.0,"turns":3.0},{"damage":30.0,"enemies":"3 Sentries","floor":6.0,"turns":8.0},{"damage":17.0,"enemies":"Exordium Thugs","floor":7.0,"turns":3.0},{"damage":12.0,"enemies":"Gremlin Nob","floor":8.0,"turns":3.0},{"damage":10.0,"enemies":"3 Sentries","floor":10.0,"turns":2.0},{"damage":0.0,"enemies":"Gremlin Nob","floor":12.0,"turns":2.0},{"damage":48.0,"enemies":"The Guardian","floor":16.0,"turns":11.0},{"damage":30.0,"enemies":"Spheric Guardian","floor":18.0,"turns":5.0},{"damage":17.0,"enemies":"2 Thieves","floor":19.0,"turns":3.0},{"damage":20,"enemies":"Centurion and Healer","floor":20,"turns":6},{"damage":6,"enemies":"Snake Plant","floor":21,"turns":1}],"seed_played":"-7698845380285563201","potions_obtained":[{"floor":1.0,"key":"AttackPotion"},{"floor":7.0,"key":"Swift Potion"},{"floor":8.0,"key":"GamblersBrew"},{"floor":10.0,"key":"PowerPotion"},{"floor":12.0,"key":"Strength Potion"},{"floor":16.0,"key":"Strength Potion"},{"floor":18.0,"key":"Dexterity Potion"},{"floor":19.0,"key":"DuplicationPotion"},{"floor":20,"key":"Strength Potion"}],"is_trial":false,"path_per_floor":["M","?","?","M","M","E","M","E","T","E","?","E","R","?","R","B",null,"M","M","M","M"],"character_chosen":"DEFECT","items_purchased":[],"campfire_rested":1,"item_purchase_floors":[],"current_hp_per_floor":[82,82,75,73,72,42,25,13,13,3,25,25,51,51,51,3,68,38,21,1,0,0],"gold":348,"neow_bonus":"TWENTY_PERCENT_HP_BONUS","is_daily":false,"chose_seed":false,"campfire_upgraded":1,"win_rate":0.0,"timestamp":1607855177,"path_taken":["M","?","?","M","M","E","M","E","T","E","?","E","R","?","R","BOSS","M","M","?","M"],"items_purchased_type":[],"build_version":"2020-11-30","purchased_purges":0,"victory":false,"max_hp_per_floor":[89,89,89,89,89,89,89,89,89,89,89,89,89,89,89,89,89,89,89,89,89,89],"card_choices":[{"not_picked":["Sweeping Beam","Steam"],"picked":"Reprogram","floor":1.0},{"not_picked":["Cold Snap","Ball Lightning"],"picked":"Lockon","floor":4.0},{"not_picked":["Turbo","Gash"],"picked":"Rip and Tear","floor":5.0},{"not_picked":["Barrage","Heatsinks"],"picked":"Electrodynamics","floor":6.0},{"not_picked":["Cold Snap","Leap"],"picked":"Undo","floor":7.0},{"not_picked":["Tempest","Redo"],"picked":"White Noise","floor":8.0},{"not_picked":["Chaos","Thunder Strike"],"picked":"Turbo","floor":10.0},{"not_picked":["Machine Learning","Coolheaded"],"picked":"BootSequence","floor":12.0},{"not_picked":["Core Surge","Reboot"],"picked":"Creative AI","floor":16.0},{"not_picked":["Aggregate","Auto Shields"],"picked":"Coolheaded+1","floor":18.0},{"not_picked":["Ball Lightning","Sweeping Beam"],"picked":"Cold Snap","floor":19.0},{"not_picked":["Tempest+1","Turbo"],"picked":"Ball Lightning+1","floor":20}],"player_experience":877000,"relics_obtained":[{"floor":6.0,"key":"White Beast Statue"},{"floor":8.0,"key":"Unceasing Top"},{"floor":9.0,"key":"Sundial"},{"floor":10.0,"key":"PreservedInsect"},{"floor":12.0,"key":"Happy Flower"}],"event_choices":[{"damage_healed":0.0,"max_hp_gain":0.0,"max_hp_loss":0.0,"gold_gain":0.0,"event_name":"Living Wall","player_choice":"Grow","floor":2.0,"gold_loss":0.0,"damage_taken":0.0,"cards_upgraded":["Zap"]},{"cards_removed":["Reprogram"],"damage_healed":0.0,"max_hp_gain":0.0,"max_hp_loss":0.0,"gold_gain":0.0,"event_name":"Golden Wing","player_choice":"Card Removal","floor":3.0,"gold_loss":0.0,"damage_taken":7.0},{"damage_healed":22.0,"max_hp_gain":0.0,"max_hp_loss":0.0,"gold_gain":0.0,"event_name":"The Cleric","player_choice":"Healed","floor":11.0,"gold_loss":35.0,"damage_taken":0.0},{"damage_healed":0.0,"max_hp_gain":0.0,"max_hp_loss":0.0,"gold_gain":0.0,"event_name":"The Woman in Blue","player_choice":"Bought 0 Potions","floor":14.0,"gold_loss":0.0,"damage_taken":0.0}],"is_beta":false,"boss_relics":[{"not_picked":["Empty Cage","Philosopher\u0027s Stone"],"picked":"SlaversCollar"}],"items_purged_floors":[],"is_endless":false,"potions_floor_spawned":[1,7,8,10,12,16,18,19,20],"killed_by":"Snake Plant","ascension_level":10}}