{"host":"thn8o1tmql8xszd5","time":1607874370,"event":{"mods":["AchievementEnabler","BaseMod","Block Reminder","Colored Map","DeckTracker","Highlight Path","Minty Spire (QoL Compilation)","Permanent Neow","Quick Restart","Relic Stats","Robot Space Explorer","StSLib"],"gold_per_floor":[118,179,2,177,23,23,49,49,49,67,78,96,96,114,114,114,114],"floor_reached":16,"playtime":827,"items_purged":["RobotSpaceExplorer:Strike","Doubt"],"score":110,"play_id":"696db19a-6689-4d13-a78d-3a39b3c3a668","local_time":"20201213104610","is_ascension_mode":true,"campfire_choices":[{"floor":6,"key":"REST"},{"data":"RobotSpaceExplorer:TurboDodge","floor":8,"key":"SMITH"},{"data":"RobotSpaceExplorer:TurboDodge","floor":15,"key":"SMITH"}],"circlet_count":0,"master_deck":["RobotSpaceExplorer:Strike","RobotSpaceExplorer:Defend","RobotSpaceExplorer:Defend","RobotSpaceExplorer:Defend","RobotSpaceExplorer:Defend","RobotSpaceExplorer:Scan","RobotSpaceExplorer:FrostMissile","RobotSpaceExplorer:FrostMissile","RobotSpaceExplorer:Ammunition","RobotSpaceExplorer:FrostMissile","RobotSpaceExplorer:TurboDodge+1","RobotSpaceExplorer:PlasmaMissile+1","RobotSpaceExplorer:TurboDodge+1"],"relics":["RobotSpaceExplorer:RoboCore","StrikeDummy","Smiling Mask"],"acts_visited":["Exordium"],"potions_floor_usage":[14],"damage_taken":[{"damage":4,"enemies":"Small Slimes","floor":1,"turns":4},{"damage":29,"enemies":"3 Sentries","floor":7,"turns":15},{"damage":9,"enemies":"Jaw Worm","floor":10,"turns":4},{"damage":0,"enemies":"2 Louse","floor":11,"turns":2},{"damage":0,"enemies":"Looter","floor":12,"turns":3},{"damage":10,"enemies":"Gremlin Gang","floor":14,"turns":5},{"damage":26,"enemies":"Slime Boss","floor":16,"turns":3}],"seed_played":"-113218252048247906","potions_obtained":[{"floor":11,"key":"ColorlessPotion"}],"is_trial":false,"path_per_floor":["M","?","$","?","$","R","E","R","T","M","M","M","?","M","R","B"],"character_chosen":"RobotSpaceExplorer","items_purchased":["RobotSpaceExplorer:FrostMissile","RobotSpaceExplorer:Ammunition","RobotSpaceExplorer:FrostMissile"],"campfire_rested":1,"item_purchase_floors":[3,3,5],"current_hp_per_floor":[50,50,50,50,50,72,43,43,43,34,34,34,34,24,24,0,0],"gold":114,"neow_bonus":"REMOVE_TWO","is_daily":false,"chose_seed":false,"campfire_upgraded":2,"win_rate":0.0,"timestamp":1607874370,"path_taken":["M","?","?","?","$","R","E","R","T","M","M","M","?","M","R","BOSS"],"items_purchased_type":["Card","Card","Card"],"build_version":"2020-11-30","purchased_purges":2,"victory":false,"max_hp_per_floor":[75,75,75,75,75,75,75,75,75,75,75,75,75,75,75,75,75],"relic_stats":{"counters":[7,36],"Smiling Mask":0,"obtain_stats":[{"RobotSpaceExplorer:RoboCore":0,"StrikeDummy":7,"Smiling Mask":9},{"RobotSpaceExplorer:RoboCore":0,"StrikeDummy":2,"Smiling Mask":2},{"RobotSpaceExplorer:RoboCore":0,"StrikeDummy":19,"Smiling Mask":19}]},"card_choices":[{"not_picked":["RobotSpaceExplorer:JunkDive","RobotSpaceExplorer:Ammunition"],"picked":"RobotSpaceExplorer:FrostMissile","floor":1},{"not_picked":["RobotSpaceExplorer:ScrapShield","RobotSpaceExplorer:SurgingStrike"],"picked":"RobotSpaceExplorer:TurboDodge","floor":7},{"not_picked":["RobotSpaceExplorer:SlimeMissile","RobotSpaceExplorer:SurgingShield"],"picked":"RobotSpaceExplorer:PlasmaMissile","floor":10},{"not_picked":["RobotSpaceExplorer:MetalStrike","RobotSpaceExplorer:SlimeMissile"],"picked":"RobotSpaceExplorer:TurboDodge","floor":11},{"not_picked":["RobotSpaceExplorer:FranticSearch","RobotSpaceExplorer:SwiftStep","RobotSpaceExplorer:ImprovisedAttack"],"picked":"SKIP","floor":12},{"not_picked":["RobotSpaceExplorer:ScrapToss","RobotSpaceExplorer:ImprovisedAttack"],"picked":"RobotSpaceExplorer:Wormhole","floor":14}],"player_experience":436821,"relics_obtained":[{"floor":7,"key":"StrikeDummy"},{"floor":9,"key":"Smiling Mask"}],"event_choices":[{"damage_healed":0,"gold_gain":61,"player_choice":"Gained Gold","damage_taken":0,"max_hp_gain":0,"max_hp_loss":0,"event_name":"Golden Wing","floor":2,"gold_loss":0},{"damage_healed":0,"gold_gain":175,"player_choice":"AGREE","damage_taken":0,"max_hp_gain":0,"max_hp_loss":0,"event_name":"Liars Game","floor":4,"gold_loss":0,"cards_obtained":["Doubt"]},{"damage_healed":0,"gold_gain":0,"player_choice":"Upgraded","damage_taken":0,"max_hp_gain":0,"max_hp_loss":0,"event_name":"Upgrade Shrine","floor":13,"gold_loss":0,"cards_upgraded":["RobotSpaceExplorer:PlasmaMissile"]}],"is_beta":false,"boss_relics":[],"items_purged_floors":[3,5],"is_endless":false,"potions_floor_spawned":[11],"killed_by":"Slime Boss","ascension_level":2}}