{"host":"8a3g9edf69u3epoz","time":1607849338,"event":{"mods":["BaseMod","Minty Spire (QoL Compilation)","MostiFishMod","Relic Stats","Remilia（蕾米莉亚）","StSLib","TestMod","UnlockEverythingMod","WarShipGirlsR/战舰少女R mod"],"gold_per_floor":[118,135,149,104,115,140,170,170,170,203,203,219,291,291,291,389,389,405,458,38,38,0,34,43,71,142,172,172,92,92,133,133,242,242,271,280,319,69,114,114,162,224,261,273,302,340,352,435,447,459,471,483,58,99,99],"floor_reached":56,"playtime":7453,"items_purged":["Regret","Shame"],"score":2074,"play_id":"b8461b30-0234-4509-8985-7749f079e73c","local_time":"20201213164858","is_ascension_mode":true,"campfire_choices":[{"data":"DiffusionOfMisfortune","floor":8.0,"key":"SMITH"},{"data":"FavorOfDestiny","floor":15.0,"key":"SMITH"},{"floor":32,"key":"RECALL"},{"data":"BatForm","floor":40,"key":"SMITH"},{"floor":44,"key":"REST"},{"floor":47,"key":"REST"},{"floor":49,"key":"REST"},{"floor":52,"key":"REST"}],"circlet_count":0,"master_deck":["Strike_RM+1","Strike_RM+1","Strike_RM+1","Defend_RM+1","Defend_RM+1","Defend_RM+1","Defend_RM+1","RedMoon+1","ScarletShoot+1","ScarletSymphony+1","DiffusionOfMisfortune+1","MastersStateliness+1","FavorOfDestiny+1","ScarletCoffin+1","testmod-FightingIntention+1","HeartBreak+1","DiffusionOfMisfortune+1","BatForm+1","EternalNight+1","DemonKingCradle+1","BombardNight+1","testmod-SubstituteBySubterfuge","ChaoticDestiny"],"relics":["DaveBox","testmod-TestBox","testmod-Justice","Civilization","testmod-TimeTraveler","Question Card","testmod-Motorcycle","AntiCross","Art of War","FairyMaid","Oddly Smooth Stone","Molten Egg 2","Lantern","ImportantClient","Black Star","Mummified Hand","CeramicFish","War Paint","Gambling Chip","Blood Vial","Nunchaku","HornCleat","testmod-Hope","Centennial Puzzle","Anchor","Thread and Needle","testmod-NegativeEmotionEnhancer","DaCapo","testmod-BlackFramedGlasses","Bottled Flame","MawBank","testmod-BouquetWithThorns","testmod-Antiphasic","ScarletDevilRocket","Bronze Scales","Blue Candle","Pantograph","Dodecahedron","Happy Flower","Orichalcum","Pear","White Beast Statue"],"acts_visited":["Exordium","TheCity","TheBeyond","TheEnding"],"potions_floor_usage":[23,54],"damage_taken":[{"damage":0.0,"enemies":"Cultist","floor":1.0,"turns":3.0},{"damage":1.0,"enemies":"Jaw Worm","floor":2.0,"turns":3.0},{"damage":0.0,"enemies":"2 Louse","floor":3.0,"turns":2.0},{"damage":0.0,"enemies":"2 Fungi Beasts","floor":5.0,"turns":2.0},{"damage":0.0,"enemies":"Lagavulin","floor":6.0,"turns":4.0},{"damage":5.0,"enemies":"3 Sentries","floor":10.0,"turns":2.0},{"damage":0.0,"enemies":"3 Louse","floor":12.0,"turns":2.0},{"damage":1.0,"enemies":"Lagavulin","floor":13.0,"turns":4.0},{"damage":4.0,"enemies":"The Guardian","floor":16.0,"turns":3.0},{"damage":0,"enemies":"2 Thieves","floor":18,"turns":1},{"damage":5,"enemies":"Spheric Guardian","floor":19,"turns":3},{"damage":0,"enemies":"Book of Stabbing","floor":23,"turns":1},{"damage":0,"enemies":"Gremlin Leader","floor":25,"turns":6},{"damage":0,"enemies":"Book of Stabbing","floor":27,"turns":2},{"damage":0,"enemies":"Shelled Parasite and Fungi","floor":28,"turns":1},{"damage":0,"enemies":"Slavers","floor":31,"turns":1},{"damage":0,"enemies":"Automaton","floor":33,"turns":1},{"damage":6,"enemies":"3 Shapes","floor":35,"turns":1},{"damage":0,"enemies":"3 Darklings","floor":37,"turns":4},{"damage":0,"enemies":"2 Orb Walkers","floor":39,"turns":1},{"damage":0,"enemies":"Reptomancer","floor":41,"turns":3},{"damage":0,"enemies":"Mind Bloom Boss Battle","floor":42,"turns":2},{"damage":0,"enemies":"Transient","floor":45,"turns":4},{"damage":0,"enemies":"Nemesis","floor":46,"turns":1},{"damage":0,"enemies":"Reptomancer","floor":48,"turns":4},{"damage":0,"enemies":"Awakened One","floor":50,"turns":2},{"damage":0,"enemies":"Shield and Spear","floor":54,"turns":1},{"damage":1,"enemies":"The Heart","floor":55,"turns":3}],"seed_played":"6556283416155578552","potions_obtained":[{"floor":1.0,"key":"testmod-SpacePotion"},{"floor":2.0,"key":"Swift Potion"},{"floor":10.0,"key":"BlessingOfTheForge"},{"floor":12.0,"key":"GamblersBrew"},{"floor":13.0,"key":"EssenceOfSteel"},{"floor":16.0,"key":"DuplicationPotion"}],"is_trial":false,"path_per_floor":["M","M","M","$","M","E","?","R","T","E","?","M","E","?","R","B",null,"M","M","$","?","?","E","?","E","T","E","M","$","?","E","R","B",null,"M","?","M","$","?","R","E","?","T","R","M","E","R","E","R","B",null,"R","$","E","B",null],"character_chosen":"REMILIA","items_purchased":["DiffusionOfMisfortune","Mummified Hand","testmod-FightingIntention","DaCapo","Dodecahedron","Happy Flower","Orichalcum","testmod-SubstituteBySubterfuge"],"campfire_rested":4,"item_purchase_floors":[4,20,20,38,53,53,53,53],"current_hp_per_floor":[76,77,81,81,87,95,95,95,95,100,100,113,129,104,104,118,147,164,177,177,177,177,196,196,221,221,250,277,277,277,307,307,338,338,367,367,416,416,461,461,511,563,563,563,616,670,670,729,729,793,793,793,793,869,935],"gold":99,"neow_bonus":"BOSS_RELIC","is_daily":false,"chose_seed":false,"campfire_upgraded":3,"win_rate":0.0,"timestamp":1607849338,"path_taken":["M","?","M","?","M","E","?","R","T","E","?","M","E","?","R","BOSS","M","M","$","?","?","E","?","E","T","E","M","$","?","E","R","BOSS","M","?","M","?","?","R","E","?","T","R","M","E","R","E","R","BOSS","R","$","E","BOSS"],"items_purchased_type":["Card","Relic","Card","Relic","Relic","Relic","Relic","Card"],"build_version":"2020-11-30","purchased_purges":2,"victory":true,"max_hp_per_floor":[76,78,82,82,88,95,95,95,95,105,105,118,132,132,132,147,147,164,182,182,182,182,201,201,225,225,250,277,277,277,307,307,338,338,373,373,416,416,461,461,511,563,563,563,616,670,670,729,729,793,793,793,793,869,936],"relic_stats":{"Happy Flower":[1],"counters":[28,67],"CeramicFish":72,"Blue Candle":[0],"War Paint":["ScarletSymphony","RedMoon"],"Orichalcum":[6],"Question Card":25,"MawBank":144,"Blood Vial":4,"Nunchaku":[5],"Centennial Puzzle":[0],"Mummified Hand":[37],"Gambling Chip":[17],"Bronze Scales":[12],"Pantograph":0,"Art of War":[9],"Black Star":8,"obtain_stats":[{"Lantern":14,"ScarletDevilRocket":46,"DaveBox":0,"CeramicFish":23,"FairyMaid":11,"testmod-NegativeEmotionEnhancer":34,"testmod-BouquetWithThorns":42,"ScarletHat":0,"testmod-BlackFramedGlasses":39,"Blood Vial":25,"Civilization":0,"Nunchaku":25,"Centennial Puzzle":27,"HornCleat":26,"testmod-Motorcycle":6,"Mummified Hand":20,"Gambling Chip":24,"Pantograph":48,"AntiCross":7,"DaCapo":38,"ImportantClient":16,"testmod-TestBox":0,"testmod-TimeTraveler":0,"Pear":54,"Dodecahedron":53,"Happy Flower":53,"Blue Candle":48,"Oddly Smooth Stone":13,"Thread and Needle":31,"testmod-Justice":0,"War Paint":23,"Orichalcum":53,"Question Card":1,"MawBank":41,"White Beast Statue":54,"testmod-Antiphasic":43,"Anchor":31,"Bottled Flame":41,"Bronze Scales":46,"testmod-Hope":27,"Molten Egg 2":13,"Art of War":10,"Black Star":17},{"Lantern":8,"ScarletDevilRocket":24,"DaveBox":0,"CeramicFish":12,"FairyMaid":6,"testmod-NegativeEmotionEnhancer":17,"testmod-BouquetWithThorns":22,"ScarletHat":0,"testmod-BlackFramedGlasses":20,"Blood Vial":13,"Civilization":0,"Nunchaku":13,"Centennial Puzzle":14,"HornCleat":13,"testmod-Motorcycle":5,"Mummified Hand":11,"Gambling Chip":12,"Pantograph":25,"AntiCross":5,"DaCapo":19,"ImportantClient":9,"testmod-TestBox":0,"testmod-TimeTraveler":0,"Pear":27,"Dodecahedron":26,"Happy Flower":26,"Blue Candle":25,"Oddly Smooth Stone":8,"Thread and Needle":16,"testmod-Justice":0,"War Paint":12,"Orichalcum":26,"Question Card":1,"MawBank":21,"White Beast Statue":27,"testmod-Antiphasic":22,"Anchor":16,"Bottled Flame":21,"Bronze Scales":24,"testmod-Hope":14,"Molten Egg 2":8,"Art of War":6,"Black Star":9},{"Lantern":22,"ScarletDevilRocket":57,"DaveBox":0,"CeramicFish":30,"FairyMaid":16,"testmod-NegativeEmotionEnhancer":41,"testmod-BouquetWithThorns":52,"ScarletHat":0,"testmod-BlackFramedGlasses":47,"Blood Vial":36,"Civilization":0,"Nunchaku":36,"Centennial Puzzle":38,"HornCleat":36,"testmod-Motorcycle":14,"Mummified Hand":29,"Gambling Chip":30,"Pantograph":61,"AntiCross":14,"DaCapo":46,"ImportantClient":25,"testmod-TestBox":0,"testmod-TimeTraveler":0,"Pear":64,"Dodecahedron":63,"Happy Flower":63,"Blue Candle":61,"Oddly Smooth Stone":22,"Thread and Needle":40,"testmod-Justice":0,"War Paint":30,"Orichalcum":63,"Question Card":3,"MawBank":50,"White Beast Statue":64,"testmod-Antiphasic":52,"Anchor":40,"Bottled Flame":50,"Bronze Scales":57,"testmod-Hope":38,"Molten Egg 2":22,"Art of War":16,"Black Star":25}]},"card_choices":[{"not_picked":["Stigmanizer","RedRainbow","VampireClaw"],"picked":"SKIP","floor":1.0},{"not_picked":["ScarletDream","Stigmanizer","NightDance"],"picked":"ScarletSymphony","floor":2.0},{"not_picked":["ScarletDevil","UltimateOffering","BombardNight","Stigmanizer"],"picked":"SKIP","floor":3.0},{"not_picked":["CharismaGuard","TwelveNightmare","ScarletImprint","LeisurelyOfLord"],"picked":"SKIP","floor":5.0},{"not_picked":["ScarletDevilSign","ReincarnationDial","EmergencyRegeneration","HellCatastrophe"],"picked":"SKIP","floor":6.0},{"not_picked":["ScarletDevilSign","RedRainbow","VampireFantasy"],"picked":"MastersStateliness","floor":10.0},{"not_picked":["VampireClaw","MillenniumVampire","RedRainbow"],"picked":"FavorOfDestiny","floor":12.0},{"not_picked":["StarOfDavid+1","Stigmanizer+1","CharismaGuard","EmergencyRegeneration"],"picked":"SKIP","floor":13.0},{"not_picked":["ChaoticDestiny","HeartBreak+1","BatForm"],"picked":"ScarletCoffin+1","floor":16.0},{"not_picked":["ForbiddenFruit+1","HunterOfTheNight+1","ScarletDevil+1","CharismaGuard"],"picked":"SKIP","floor":18},{"not_picked":["ChainGang+1","UnderTheZenith","RedMagic","UnstableMagic"],"picked":"SKIP","floor":19},{"not_picked":[],"picked":"HeartBreak","floor":22},{"not_picked":["Stigmanizer+1","UnderTheZenith+1","NightLord+1","BloodyTrap"],"picked":"SKIP","floor":23},{"not_picked":["BadLadyScramble","KillingBlow+1","ScarletImprint+1","Stigmanizer+1"],"picked":"SKIP","floor":25},{"not_picked":["UnstableMagic","CeilingFear","ScarletImprint+1","FavorOfDestiny+1"],"picked":"SKIP","floor":27},{"not_picked":["DiffusionOfMisfortune+1","EndlessAdversity+1","RedNightlessCastle+1","VampireKiss+1"],"picked":"SKIP","floor":28},{"not_picked":["LeisurelyOfLord+1","StarOfDavid+1","ScarletImprint+1"],"picked":"DiffusionOfMisfortune+1","floor":31},{"not_picked":["DemonKingCradle","TransientEternity","HeartBreak+1"],"picked":"BatForm","floor":33},{"not_picked":["VampirishNight+1","UltimateOffering+1","FavorOfDestiny"],"picked":"EternalNight+1","floor":35},{"not_picked":["FavorOfDestiny","VampireKiss+1","StarOfDavid+1"],"picked":"BombardNight+1","floor":37},{"not_picked":["Septette","EndlessAdversity+1","ScarletImprint+1","RedRainbow+1"],"picked":"SKIP","floor":41},{"not_picked":["EmergencyRegeneration+1","SuperhumanBloodyKnife+1","BloodRain","Stigmanizer+1"],"picked":"SKIP","floor":45},{"not_picked":["ScarletDevil+1","UnderTheZenith+1","UnstableMagic","ChainGang+1"],"picked":"SKIP","floor":46},{"not_picked":["EternalNight+1","BombardNight+1","DiffusionOfMisfortune+1","NightDance+1"],"picked":"SKIP","floor":48},{"not_picked":["ScarletDevil+1","Stigmanizer+1","MillenniumVampire+1"],"picked":"ChaoticDestiny","floor":54}],"player_experience":36696,"relics_obtained":[{"floor":1.0,"key":"Question Card"},{"floor":6.0,"key":"testmod-Motorcycle"},{"floor":10.0,"key":"Art of War"},{"floor":13.0,"key":"Oddly Smooth Stone"},{"floor":13.0,"key":"Molten Egg 2"},{"floor":16.0,"key":"ImportantClient"},{"floor":23,"key":"CeramicFish"},{"floor":23,"key":"War Paint"},{"floor":25,"key":"Blood Vial"},{"floor":25,"key":"Nunchaku"},{"floor":26,"key":"HornCleat"},{"floor":27,"key":"testmod-Hope"},{"floor":27,"key":"Centennial Puzzle"},{"floor":31,"key":"Anchor"},{"floor":31,"key":"Thread and Needle"},{"floor":39,"key":"testmod-BlackFramedGlasses"},{"floor":41,"key":"Bottled Flame"},{"floor":41,"key":"MawBank"},{"floor":42,"key":"testmod-BouquetWithThorns"},{"floor":43,"key":"testmod-Antiphasic"},{"floor":46,"key":"ScarletDevilRocket"},{"floor":46,"key":"Bronze Scales"},{"floor":48,"key":"Blue Candle"},{"floor":48,"key":"Pantograph"},{"floor":54,"key":"Pear"},{"floor":54,"key":"White Beast Statue"}],"event_choices":[{"damage_healed":0.0,"max_hp_gain":0.0,"max_hp_loss":0.0,"gold_gain":30.0,"event_name":"Dead Adventurer","player_choice":"Searched \u00273\u0027 times","floor":7.0,"gold_loss":0.0,"damage_taken":0.0,"relics_obtained":["AntiCross"]},{"damage_healed":0.0,"max_hp_gain":0.0,"max_hp_loss":0.0,"gold_gain":0.0,"event_name":"Big Fish","player_choice":"Box","floor":11.0,"gold_loss":0.0,"damage_taken":0.0,"relics_obtained":["FairyMaid"],"cards_obtained":["Regret"]},{"damage_healed":0.0,"max_hp_gain":0.0,"max_hp_loss":0.0,"gold_gain":0.0,"event_name":"Scrap Ooze","player_choice":"Success","floor":14.0,"gold_loss":0.0,"damage_taken":25.0,"relics_obtained":["Lantern"]},{"damage_healed":0,"gold_gain":0,"player_choice":"Simplicity","damage_taken":0,"max_hp_gain":0,"max_hp_loss":0,"event_name":"Back to Basics","floor":21,"gold_loss":0,"cards_upgraded":["Strike_RM","Strike_RM","Strike_RM","Strike_RM","Defend_RM","Defend_RM"]},{"damage_healed":0,"gold_gain":0,"player_choice":"Stole Relic","damage_taken":0,"relics_obtained":["Gambling Chip"],"max_hp_gain":0,"max_hp_loss":0,"event_name":"Addict","floor":24,"gold_loss":0,"cards_obtained":["Shame"]},{"damage_healed":0,"gold_gain":0,"player_choice":"Ignored","damage_taken":0,"max_hp_gain":0,"max_hp_loss":0,"event_name":"Ghosts","floor":30,"gold_loss":0},{"damage_healed":0,"gold_gain":0,"cards_transformed":["Strike_RM"],"player_choice":"Transformed","damage_taken":0,"max_hp_gain":0,"max_hp_loss":0,"event_name":"Transmorgrifier","floor":36,"gold_loss":0,"cards_obtained":["DemonKingCradle"]},{"damage_healed":0,"gold_gain":0,"player_choice":"Fight","damage_taken":0,"max_hp_gain":0,"max_hp_loss":0,"event_name":"Mysterious Sphere","floor":39,"gold_loss":0},{"damage_healed":0,"gold_gain":0,"player_choice":"Fight","damage_taken":0,"max_hp_gain":0,"max_hp_loss":0,"event_name":"MindBloom","floor":42,"gold_loss":0}],"is_beta":false,"boss_relics":[{"not_picked":["Philosopher\u0027s Stone","APieceOfRedMist"],"picked":"Black Star"},{"not_picked":["TimeKeys","Calling Bell"],"picked":"testmod-NegativeEmotionEnhancer"}],"items_purged_floors":[20,29],"is_endless":false,"potions_floor_spawned":[1,2,10,12,16,25,28,31,33,41,46],"ascension_level":3}}