{"host":"g3js2eermvvpeiqn","time":1607852077,"event":{"mods":["BaseMod","DeckTracker","Downfall","Minty Spire (QoL Compilation)","Quick Restart","StSLib"],"gold_per_floor":[118,17,192,192,192,225,225,225,225,54,88,113,113,127,127,246,246,260,301,301,4,19,58,58,79,105,105,105,105,105,65,65,188,188,203,203,203],"floor_reached":36,"playtime":1116,"items_purged":["Defend_P","Injury"],"score":503,"play_id":"d764e669-205a-42c5-bd2e-73f74895caab","local_time":"20201213033437","is_ascension_mode":true,"campfire_choices":[{"data":"Eruption","floor":8.0,"key":"SMITH"},{"floor":15.0,"key":"RECALL"},{"data":"BowlingBash","floor":24.0,"key":"SMITH"},{"data":"Vigilance","floor":27.0,"key":"SMITH"},{"floor":28.0,"key":"REST"},{"data":"Collect","floor":32.0,"key":"SMITH"}],"circlet_count":0,"master_deck":["Strike_P+1","Strike_P","Strike_P","Defend_P","Defend_P","Defend_P+1","Eruption+1","Vigilance+1","ClearTheMind","BowlingBash+1","FollowUp","InnerPeace+1","DevaForm","WheelKick","Collect+1","Worship"],"relics":["PureWater","NeowsBlessing","Golden Idol","PreservedInsect","Strawberry","Kunai","Thread and Needle","Guardian:PocketSentry","Velvet Choker","Red Mask","WingedGreaves","The Courier","Ancient Tea Set","Black Star"],"acts_visited":["Exordium","TheCity","TheBeyond"],"potions_floor_usage":[33,33,36,36],"damage_taken":[{"damage":0.0,"enemies":"2 Louse","floor":1.0,"turns":1.0},{"damage":0.0,"enemies":"Lagavulin","floor":6.0,"turns":1.0},{"damage":0.0,"enemies":"3 Sentries","floor":11.0,"turns":1.0},{"damage":0.0,"enemies":"Small Slimes","floor":14.0,"turns":1.0},{"damage":42.0,"enemies":"Hexaghost","floor":16.0,"turns":10.0},{"damage":11.0,"enemies":"Shell Parasite","floor":18.0,"turns":7.0},{"damage":26.0,"enemies":"Masked Bandits","floor":19.0,"turns":5.0},{"damage":0.0,"enemies":"Chosen","floor":22.0,"turns":3.0},{"damage":0.0,"enemies":"Gremlin Leader","floor":23.0,"turns":3.0},{"damage":14.0,"enemies":"Sentry and Sphere","floor":25.0,"turns":4.0},{"damage":21,"enemies":"Champ","floor":33,"turns":12},{"damage":59,"enemies":"3 Shapes","floor":35,"turns":4},{"damage":26,"enemies":"2 Orb Walkers","floor":36,"turns":3}],"seed_played":"-4140906240987442924","potions_obtained":[{"floor":11.0,"key":"Energy Potion"},{"floor":16.0,"key":"Block Potion"},{"floor":19.0,"key":"Swift Potion"},{"floor":23.0,"key":"Guardian:BlockOnCardUsePotion"},{"floor":33,"key":"AttackPotion"}],"is_trial":false,"path_per_floor":["M","$","?","?","?","E","?","R","T","$","E","T","T","M","R","B",null,"M","?","?","$","M","E","R","M","T","R","R","?","?","?","R","B",null,"M","?"],"character_chosen":"WATCHER","items_purchased":["BowlingBash","InnerPeace","WingedGreaves"],"campfire_rested":1,"item_purchase_floors":[2,10,21],"current_hp_per_floor":[72,72,72,72,58,58,62,62,62,62,62,62,62,62,62,20,79,68,42,42,42,42,42,42,28,28,28,51,51,51,51,51,30,79,20,0,0],"gold":203,"neow_bonus":"THREE_ENEMY_KILL","is_daily":false,"chose_seed":false,"campfire_upgraded":4,"win_rate":0.0,"timestamp":1607852077,"path_taken":["M","$","?","?","?","E","?","R","T","$","E","?","?","?","R","BOSS","M","?","?","$","?","E","R","M","T","R","R","?","?","?","R","BOSS","M","?"],"items_purchased_type":["Card","Card","Relic"],"build_version":"2020-11-30","purchased_purges":2,"victory":false,"max_hp_per_floor":[72,72,72,72,72,72,79,79,79,79,79,79,79,79,79,79,79,79,79,79,79,79,79,79,79,79,79,79,79,79,79,79,79,79,79,79,79],"card_choices":[{"not_picked":["Evaluate","CrushJoints"],"picked":"ClearTheMind","floor":1.0},{"not_picked":["Blasphemy","Wallop"],"picked":"FollowUp","floor":6.0},{"not_picked":["WaveOfTheHand","FlyingSleeves","ThirdEye"],"picked":"SKIP","floor":11.0},{"not_picked":["Alpha","WreathOfFlame","SashWhip"],"picked":"SKIP","floor":14.0},{"not_picked":["Scrawl","Establishment"],"picked":"DevaForm","floor":16.0},{"not_picked":["CutThroughFate","Halt+1","SashWhip"],"picked":"SKIP","floor":18.0},{"not_picked":["Conclude","MentalFortress"],"picked":"WheelKick","floor":22.0},{"not_picked":["MasterReality","Protect"],"picked":"Collect","floor":23.0},{"not_picked":["FlurryOfBlows+1","JustLucky+1","Evaluate"],"picked":"SKIP","floor":25.0},{"not_picked":["Tantrum+1","Prostrate+1"],"picked":"Worship","floor":35}],"player_experience":1440923,"relics_obtained":[{"floor":6.0,"key":"PreservedInsect"},{"floor":9.0,"key":"Kunai"},{"floor":11.0,"key":"Thread and Needle"},{"floor":12.0,"key":"Guardian:PocketSentry"},{"floor":19.0,"key":"Red Mask"},{"floor":23.0,"key":"The Courier"},{"floor":26.0,"key":"Ancient Tea Set"}],"event_choices":[{"damage_healed":0.0,"max_hp_gain":0.0,"max_hp_loss":0.0,"gold_gain":175.0,"event_name":"Liars Game","player_choice":"AGREE","floor":3.0,"gold_loss":0.0,"damage_taken":0.0,"cards_obtained":["Doubt"]},{"damage_healed":0.0,"max_hp_gain":0.0,"max_hp_loss":0.0,"gold_gain":0.0,"event_name":"Golden Idol","player_choice":"Take Wound","floor":4.0,"gold_loss":0.0,"damage_taken":0.0,"relics_obtained":["Golden Idol"],"cards_obtained":["Injury"]},{"damage_healed":0.0,"max_hp_gain":0.0,"max_hp_loss":0.0,"gold_gain":0.0,"event_name":"Shining Light","player_choice":"Entered Light","floor":5.0,"gold_loss":0.0,"damage_taken":14.0,"cards_upgraded":["Strike_P","Defend_P"]},{"damage_healed":0.0,"max_hp_gain":0.0,"max_hp_loss":0.0,"gold_gain":0.0,"event_name":"Scrap Ooze","player_choice":"Success","floor":7.0,"gold_loss":0.0,"damage_taken":3.0,"relics_obtained":["Strawberry"]},{"damage_healed":0.0,"max_hp_gain":0.0,"max_hp_loss":0.0,"gold_gain":0.0,"event_name":"Masked Bandits","player_choice":"Fought Bandits","floor":19.0,"gold_loss":0.0,"damage_taken":0.0},{"cards_removed":["Doubt"],"damage_healed":0.0,"max_hp_gain":0.0,"max_hp_loss":0.0,"gold_gain":0.0,"event_name":"Purifier","player_choice":"Purged","floor":20.0,"gold_loss":0.0,"damage_taken":0.0},{"damage_healed":0.0,"max_hp_gain":0.0,"max_hp_loss":0.0,"gold_gain":0.0,"event_name":"Ghosts","player_choice":"Ignored","floor":29.0,"gold_loss":0.0,"damage_taken":0.0},{"cards_removed":["Strike_P"],"damage_healed":0.0,"max_hp_gain":0.0,"max_hp_loss":0.0,"gold_gain":0.0,"event_name":"Back to Basics","player_choice":"Elegance","floor":30.0,"gold_loss":0.0,"damage_taken":0.0},{"damage_healed":0.0,"max_hp_gain":0.0,"max_hp_loss":0.0,"gold_gain":0.0,"event_name":"Designer","player_choice":"Upgrade","floor":31.0,"gold_loss":40.0,"damage_taken":0.0,"cards_upgraded":["InnerPeace"]},{"damage_healed":0,"gold_gain":0,"player_choice":"Fight","damage_taken":0,"max_hp_gain":0,"max_hp_loss":0,"event_name":"Mysterious Sphere","floor":36,"gold_loss":0}],"is_beta":false,"boss_relics":[{"not_picked":["Coffee Dripper","Runic Dome"],"picked":"Velvet Choker"},{"not_picked":["Fusion Hammer","Runic Pyramid"],"picked":"Black Star"}],"items_purged_floors":[2,10],"is_endless":false,"potions_floor_spawned":[11,16,19,23,33],"killed_by":"2 Orb Walkers","ascension_level":2}}