{"host":"w4b7hmige5bnqipq","time":1607864022,"event":{"mods":["BaseMod","Minty Spire (QoL Compilation)","Rare Cards Sparkle","SuperFastMode","everything is the same but u backflip on backflip","slay the spire mod where everything is the same but ironclad has a cowboy hat"],"gold_per_floor":[114,132,132,146,71,71,71,71],"floor_reached":7,"playtime":213,"items_purged":["Strike_R"],"score":68,"play_id":"e8900e36-cf2e-4f33-885a-d68ad84f3247","local_time":"20201213205342","is_ascension_mode":true,"campfire_choices":[{"data":"Enlightenment","floor":6,"key":"SMITH"}],"circlet_count":0,"master_deck":["AscendersBane","Strike_R","Strike_R","Strike_R","Defend_R","Defend_R","Defend_R","Defend_R","Bash","Enlightenment+1","Body Slam","Bloodletting","Pommel Strike","Shrug It Off"],"relics":["Burning Blood"],"acts_visited":["Exordium"],"potions_floor_usage":[],"damage_taken":[{"damage":2,"enemies":"2 Louse","floor":1,"turns":4},{"damage":11,"enemies":"Cultist","floor":2,"turns":4},{"damage":7,"enemies":"Jaw Worm","floor":4,"turns":3},{"damage":78,"enemies":"Lagavulin","floor":7,"turns":8}],"seed_played":"8808218265309662999","potions_obtained":[],"is_trial":false,"path_per_floor":["M","M","?","M","$","R","E"],"character_chosen":"IRONCLAD","items_purchased":[],"campfire_rested":0,"item_purchase_floors":[],"current_hp_per_floor":[76,71,71,70,70,70,0,0],"gold":71,"neow_bonus":"RANDOM_COLORLESS","is_daily":false,"chose_seed":false,"campfire_upgraded":1,"win_rate":0.0,"timestamp":1607864022,"path_taken":["M","M","?","M","$","R","E"],"items_purchased_type":[],"build_version":"2020-11-30","purchased_purges":1,"victory":false,"max_hp_per_floor":[80,80,80,80,80,80,80,80],"card_choices":[{"not_picked":["Panacea","Good Instincts"],"picked":"Enlightenment","floor":0},{"not_picked":["Clash","Wild Strike","Body Slam"],"picked":"SKIP","floor":1},{"not_picked":["Clash","Wild Strike"],"picked":"Body Slam","floor":1},{"not_picked":["Anger","Body Slam"],"picked":"Bloodletting","floor":2},{"not_picked":["Sever Soul","Combust"],"picked":"Shrug It Off","floor":4}],"player_experience":389452,"relics_obtained":[],"event_choices":[{"damage_healed":0,"gold_gain":0,"cards_transformed":["Strike_R"],"player_choice":"Transformed","damage_taken":0,"max_hp_gain":0,"max_hp_loss":0,"event_name":"Transmorgrifier","floor":3,"gold_loss":0,"cards_obtained":["Pommel Strike"]}],"is_beta":false,"boss_relics":[],"items_purged_floors":[5],"is_endless":false,"potions_floor_spawned":[],"killed_by":"Lagavulin","ascension_level":13}}