{"host":"fhq3k2nq5elnbks3","time":1607897711,"event":{"mods":["2.2 Compatiblity","AchievementEnabler","Act Like it!","AlwaysNeverKeys","Aspiration","Astrologer","Bard","Bartender","BaseMod","Better Altar","Better Skull","Better Vampires","Better-Laid Plans","CCEM","CapriCore","Card Filter","CatGirl Mod","Chen","Colored Powertips","Displayed Cursed Tome","Ekko","Eldritch Tears","Emptier Cage","Fiend Mod","Fireblade Mod","Friendly Minions","FutureSeer","GifTheSpireLib","Gremlin Skip","Hermit","HololiveMod","Hunter ??","JesterMod","Koishi","Mad Scientist","Mathematician","Mathemortician","Minty Spire (QoL Compilation)","Onozuka Komachi Mod","Permanent Neow","Potionbrewer","Prisma Mod","QueenMod","Quick Restart","READ ME - Guardian Mod","Reimu??????","Relic Filter","Robot Space Explorer","Ruin Mod","SOS???????","Shop Mod","Somnambulant","Spikes Relics","StSLib","SuperFastMode","The Animator","The Blackbeard","The Bladedancer","The Bug Knight","The Clintock","The Construct","The Cursed","The Dragon Tamer","The Exordian Avenger","The Forsaken","The Gatherer","The Hierophant","The Immortal","The Necromancer","The Runesmith","The Servant 0.9.4","The Trickster","The Wild Card","TheBandit","TheFirefly","Transform Curses","Uncapped","Unknown Chances","Virulent Crown","Yohane!","Yuri Mod","thorton","vexMod"],"gold_per_floor":[219,231,244,244,255,285,285,296,376,393,55,55,55,67,67,162,212,228,239,239,8,25,25,25,25,51,51,64,78,78,78,78,78,78],"floor_reached":33,"playtime":1556,"items_purged":[],"score":299,"play_id":"3c85f72f-e8a7-40b0-9d32-43e01d68c811","local_time":"20201213161511","is_ascension_mode":false,"campfire_choices":[{"data":"MortSkillSummonFighter","floor":7,"key":"SMITH"},{"data":"MortPowerIgnite","floor":13,"key":"SMITH"},{"data":"MortSkillSummonCaster","floor":15,"key":"SMITH"},{"data":"MortPowerParty","floor":23,"key":"SMITH"},{"data":"MortSkillDefend","floor":25,"key":"SMITH"},{"data":"MortSkillDefend","floor":27,"key":"SMITH"},{"data":"MortSkillSummonDefender","floor":30,"key":"SMITH"},{"data":"MortSkillDefend","floor":32,"key":"SMITH"}],"circlet_count":0,"master_deck":["MortAttackStrike","MortAttackStrike+1","MortAttackStrike","MortSkillDefend","MortSkillDefend","MortSkillDefend","MortSkillDefend","MortAttackMaim+1","MortPowerIgnite+1","MortSkillSummonCaster+1","MortSkillSummonFighter+1","MortPowerParty+1","MortSkillSummonDefender+1"],"relics":["GuardianSpirit","Shuriken","MerchantsRug","Thread and Needle","CCEMRelics:DissonantTune","Boot"],"acts_visited":["Exordium","TheCity"],"potions_floor_usage":[],"damage_taken":[{"damage":0,"enemies":"Small Slimes","floor":1,"turns":4},{"damage":0,"enemies":"2 Louse","floor":2,"turns":4},{"damage":0,"enemies":"Cultist","floor":3,"turns":3},{"damage":6,"enemies":"Large Slime","floor":5,"turns":6},{"damage":14,"enemies":"Lagavulin","floor":6,"turns":6},{"damage":0,"enemies":"2 Fungi Beasts","floor":8,"turns":4},{"damage":0,"enemies":"3 Louse","floor":10,"turns":3},{"damage":0,"enemies":"Large Slime","floor":14,"turns":5},{"damage":0,"enemies":"Hexaghost","floor":16,"turns":9},{"damage":0,"enemies":"Shell Parasite","floor":18,"turns":4},{"damage":0,"enemies":"Chosen","floor":19,"turns":5},{"damage":0,"enemies":"Snake Plant","floor":22,"turns":5},{"damage":2,"enemies":"Snecko","floor":28,"turns":6},{"damage":14,"enemies":"Cultist and Chosen","floor":29,"turns":7},{"damage":7,"enemies":"Collector","floor":33,"turns":7}],"seed_played":"-4540420164280607987","potions_obtained":[{"floor":1,"key":"potionbrewer:CleansingPotion"},{"floor":5,"key":"DuplicationPotion"},{"floor":6,"key":"potionbrewer:FreezingPotion"},{"floor":17,"key":"potionbrewer:MidasPotion"},{"floor":18,"key":"PowerPotion"},{"floor":19,"key":"Energy Potion"}],"is_trial":false,"path_per_floor":["M","M","M","?","M","E","R","M","T","M","$","?","R","M","R","B",null,"M","M","?","$","M","R","?","R","T","R","M","M","R","?","R","B"],"character_chosen":"MORT","items_purchased":["MerchantsRug","Thread and Needle","CCEMRelics:DissonantTune","MortPowerParty"],"campfire_rested":0,"item_purchase_floors":[11,11,21,21],"current_hp_per_floor":[50,50,50,40,34,22,22,24,24,26,26,26,26,26,26,26,61,61,61,61,61,61,61,61,61,61,61,59,45,45,45,45,38,38],"gold":78,"neow_bonus":"HUNDRED_GOLD","is_daily":false,"chose_seed":false,"campfire_upgraded":8,"win_rate":0.0,"timestamp":1607897711,"path_taken":["M","M","M","?","M","E","R","M","T","M","$","?","R","M","R","BOSS","M","M","?","$","M","R","?","R","T","R","M","M","R","?","R","BOSS"],"items_purchased_type":["Relic","Relic","Relic","Card"],"build_version":"2020-11-30","purchased_purges":0,"victory":false,"max_hp_per_floor":[50,50,50,50,50,52,52,54,54,56,56,56,56,56,56,56,61,61,61,61,61,61,61,61,61,61,61,61,61,61,61,61,61,61],"card_choices":[{"not_picked":["MortSkillExertion","MortSkillMultiheal"],"picked":"MortPowerIgnite","floor":1},{"not_picked":["MortAttackCrescendo","MortSkillHeal"],"picked":"MortSkillSummonCaster","floor":2},{"not_picked":["MortSkillSmokeScreen","MortAttackCleave"],"picked":"MortSkillSummonFighter","floor":3},{"not_picked":["MortAttackFeint","MortSkillRally","MortAttackKickFlip"],"picked":"SKIP","floor":5},{"not_picked":["MortAttackBruiser","MortSkillSummonHealer","MortSkillFireBreath"],"picked":"Singing Bowl","floor":6},{"not_picked":["MortPowerSharpen","MortSkillHeal","MortAttackSerpent"],"picked":"Singing Bowl","floor":8},{"not_picked":["MortSkillFireWall","MortAttackSideKick","MortAttackCleave"],"picked":"Singing Bowl","floor":10},{"not_picked":["MortAttackFeint","MortAttackSerpent","MortSkillExertion"],"picked":"SKIP","floor":14},{"not_picked":["MortSkillRemorse","MortAttackBruiser+1","MortSkillContagion"],"picked":"SKIP","floor":18},{"not_picked":["MortSkillSummonDefender","MortSkillRally","MortSkillFireWall"],"picked":"SKIP","floor":19},{"not_picked":["MortAttackPlight","MortSkillExertion","MortAttackFang+1"],"picked":"SKIP","floor":22},{"not_picked":["MortAttackBurn","MortSkillSacrifice","MortPowerParty"],"picked":"SKIP","floor":28},{"not_picked":["MortAttackPlight+1","MortSkillMonster"],"picked":"MortSkillSummonDefender","floor":29}],"player_experience":530278,"relics_obtained":[{"floor":6,"key":"Singing Bowl"},{"floor":9,"key":"Shuriken"},{"floor":26,"key":"Boot"}],"event_choices":[{"damage_healed":0,"gold_gain":0,"player_choice":"Entered Light","damage_taken":10,"max_hp_gain":0,"max_hp_loss":0,"event_name":"Shining Light","floor":4,"gold_loss":0,"cards_upgraded":["MortAttackStrike","MortSkillDefend"]},{"damage_healed":0,"gold_gain":0,"player_choice":"Ignored","damage_taken":0,"max_hp_gain":0,"max_hp_loss":0,"event_name":"Vampires","floor":20,"gold_loss":0},{"cards_removed":["MortAttackStrike"],"damage_healed":0,"gold_gain":0,"player_choice":"Offered Basic","damage_taken":0,"max_hp_gain":0,"max_hp_loss":0,"event_name":"Bonfire Elementals","floor":31,"gold_loss":0}],"is_beta":false,"boss_relics":[{"not_picked":["aspiration:RunicSpoon","thethorton:CrushedCigarette"],"picked":"Tiny House"}],"items_purged_floors":[],"is_endless":false,"potions_floor_spawned":[1,5,6,8,10,18,19],"killed_by":"Collector","ascension_level":0}}