{"host":"0lnx88jdgcrh6gmr","time":1607830977,"event":{"mods":["2.2 Compatiblity","AchievementEnabler","BaseMod","Beaked The Cultist","Better Note","Better Skull","Better Third Choice","Block Reminder","Colored Map","Displayed Cursed Tome","Glutton Mod","Googly Eyes","Hermit","Highlight Path","Minty Spire (QoL Compilation)","Rare Cards Sparkle","Relic Stats","Shade Mod","Spicy Shops","StSLib","The Construct","The Cursed","The Disciple","The Mystic","The Servant 0.9.4","Unceasing Turn Reminder","everything is the same but u backflip on backflip","slay the spire mod where everything is the same but ironclad has a cowboy hat"],"gold_per_floor":[111,186,196,216,229,256,274,274,274,274,274,293,305,4,4,4,4],"floor_reached":16,"playtime":626,"items_purged":[],"score":129,"play_id":"44a85258-b6b8-4621-93b4-61d1250e7d9b","local_time":"20201212204257","is_ascension_mode":false,"campfire_choices":[{"floor":8,"key":"REST"},{"floor":10,"key":"REST"},{"floor":15,"key":"REST"}],"circlet_count":0,"master_deck":["Strike_R","Strike_R","Strike_R","Strike_R","Strike_R","Defend_R","Defend_R","Defend_R","Defend_R","Bash","Good Instincts","Cleave","Shrug It Off","Heavy Blade","Shrug It Off","Sword Boomerang","Rampage","Burning Pact","Armaments","Armaments"],"relics":["Burning Blood","Calipers","Mango","Pear"],"acts_visited":["Exordium"],"potions_floor_usage":[],"damage_taken":[{"damage":3,"enemies":"Small Slimes","floor":1,"turns":3},{"damage":2,"enemies":"2 Louse","floor":3,"turns":3},{"damage":6,"enemies":"Jaw Worm","floor":4,"turns":3},{"damage":9,"enemies":"Looter","floor":5,"turns":3},{"damage":67,"enemies":"Lagavulin","floor":6,"turns":12},{"damage":6,"enemies":"3 Louse","floor":7,"turns":6},{"damage":16,"enemies":"Exordium Thugs","floor":12,"turns":6},{"damage":19,"enemies":"Gremlin Gang","floor":13,"turns":5},{"damage":93,"enemies":"Hexaghost","floor":16,"turns":16}],"seed_played":"-3785331766460385379","potions_obtained":[{"floor":4,"key":"Energy Potion"},{"floor":7,"key":"Block Potion"},{"floor":12,"key":"LiquidMemories"}],"is_trial":false,"path_per_floor":["M","?","M","M","M","E","M","R","T","R","?","M","M","$","R","B"],"character_chosen":"IRONCLAD","items_purchased":["Pear","Armaments"],"campfire_rested":3,"item_purchase_floors":[14,14],"current_hp_per_floor":[80,69,73,73,70,9,9,33,47,75,75,65,52,62,93,0,0],"gold":4,"neow_bonus":"RANDOM_COLORLESS","is_daily":false,"chose_seed":false,"campfire_upgraded":0,"win_rate":0.0,"timestamp":1607830977,"path_taken":["M","?","M","M","M","E","M","R","T","R","?","M","M","?","R","BOSS"],"items_purchased_type":["Relic","Card"],"build_version":"2020-11-30","purchased_purges":0,"victory":false,"max_hp_per_floor":[80,80,80,80,80,80,80,80,94,94,94,94,94,104,104,104,104],"relic_stats":{"counters":[9,57],"obtain_stats":[{"Calipers":6,"Pear":14,"Mango":9,"Burning Blood":0},{"Calipers":5,"Pear":8,"Mango":6,"Burning Blood":0},{"Calipers":24,"Pear":41,"Mango":30,"Burning Blood":0}],"Burning Blood":45},"card_choices":[{"not_picked":["Deep Breath","Mind Blast"],"picked":"Good Instincts","floor":0},{"not_picked":["Body Slam","Thunderclap"],"picked":"Cleave","floor":1},{"not_picked":["Wild Strike","Thunderclap"],"picked":"Shrug It Off","floor":3},{"not_picked":["Warcry","True Grit"],"picked":"Heavy Blade","floor":4},{"not_picked":["Pommel Strike","Blood for Blood"],"picked":"Shrug It Off","floor":5},{"not_picked":["Disarm","Fiend Fire"],"picked":"Sword Boomerang","floor":6},{"not_picked":["Body Slam","Hemokinesis"],"picked":"Rampage","floor":7},{"not_picked":["Cleave","Combust"],"picked":"Burning Pact","floor":12},{"not_picked":["Burning Pact","Body Slam"],"picked":"Armaments","floor":13}],"player_experience":185662,"relics_obtained":[{"floor":6,"key":"Calipers"},{"floor":9,"key":"Mango"}],"event_choices":[{"damage_healed":0,"gold_gain":75,"player_choice":"Gold","damage_taken":11,"max_hp_gain":0,"max_hp_loss":0,"event_name":"betterThird:BetterGoop","floor":2,"gold_loss":0},{"damage_healed":0,"gold_gain":0,"player_choice":"Searched \u00270\u0027 times","damage_taken":0,"max_hp_gain":0,"max_hp_loss":0,"event_name":"Dead Adventurer","floor":11,"gold_loss":0}],"is_beta":false,"boss_relics":[],"items_purged_floors":[],"is_endless":false,"potions_floor_spawned":[4,7,12],"killed_by":"Hexaghost","ascension_level":0}}