{"host":"85dtmvttrcbdj5h5","time":1607893452,"event":{"mods":["AchievementEnabler","BaseMod","Bestiary","Colored Map","Colored Powertips","Filter the Spire","Minty Spire (QoL Compilation)","RNG Fix","Relic Stats"],"gold_per_floor":[114,114,137,137,160,184,259,273,273,62,62,106,106,21,21,150,213,236,249,249,2,101,144,144,164,164,164,164,18,37,57,57,183,183,207,228,286,286,311,352,352,151,198,261,280,293,293,312,312,312],"floor_reached":51,"playtime":5257,"items_purged":["Strike_B","Defend_B"],"score":722,"play_id":"c0b52432-c1bc-4703-a4eb-3ea04eda4152","local_time":"20201213160412","is_ascension_mode":false,"campfire_choices":[{"floor":11,"key":"REST"},{"data":"Tempest","floor":13,"key":"SMITH"},{"data":"Melter","floor":15,"key":"SMITH"},{"data":"Biased Cognition","floor":24,"key":"SMITH"},{"floor":28,"key":"REST"},{"data":"Zap","floor":32,"key":"SMITH"},{"data":"Machine Learning","floor":41,"key":"SMITH"},{"data":"Glacier","floor":47,"key":"SMITH"},{"data":"Capacitor","floor":49,"key":"SMITH"}],"circlet_count":0,"master_deck":["Strike_B+1","Strike_B+1","Defend_B","Defend_B","Defend_B+1","Zap+1","Dualcast","Ball Lightning+1","Go for the Eyes+1","Conserve Battery","Genetic Algorithm","Machine Learning+1","Self Repair","Cold Snap","Tempest+1","Melter+1","Biased Cognition+1","Barrage","Leap+1","Hologram+1","Thunder Strike","Capacitor+1","Auto Shields","Aggregate+1","Redo+1","Necronomicurse","Thunder Strike","Glacier+1","Consume","Electrodynamics+1","Chill+1","Defragment+1","Glacier+1","All For One"],"relics":["Cracked Core","Golden Idol","Anchor","Blood Vial","Tiny House","PreservedInsect","Whetstone","Necronomicon","Snecko Eye","Bird Faced Urn","Lantern","Nunchaku","Calipers"],"acts_visited":["Exordium","TheCity","TheBeyond"],"potions_floor_usage":[6,8,12,16,16,19,23,30,33,33,33,44,50,50,50],"damage_taken":[{"damage":0,"enemies":"2 Louse","floor":1,"turns":2},{"damage":0,"enemies":"Small Slimes","floor":3,"turns":3},{"damage":0,"enemies":"Cultist","floor":5,"turns":2},{"damage":0,"enemies":"3 Louse","floor":6,"turns":1},{"damage":14,"enemies":"Exordium Wildlife","floor":8,"turns":2},{"damage":17,"enemies":"Lagavulin","floor":12,"turns":6},{"damage":20,"enemies":"Slime Boss","floor":16,"turns":8},{"damage":12,"enemies":"Spheric Guardian","floor":18,"turns":4},{"damage":0,"enemies":"3 Byrds","floor":19,"turns":5},{"damage":25,"enemies":"Gremlin Leader","floor":23,"turns":10},{"damage":41,"enemies":"3 Cultists","floor":25,"turns":7},{"damage":2,"enemies":"Snecko","floor":30,"turns":5},{"damage":0,"enemies":"Centurion and Healer","floor":31,"turns":7},{"damage":25,"enemies":"Collector","floor":33,"turns":9},{"damage":0,"enemies":"3 Shapes","floor":35,"turns":3},{"damage":4,"enemies":"3 Darklings","floor":36,"turns":5},{"damage":13,"enemies":"2 Orb Walkers","floor":37,"turns":5},{"damage":28,"enemies":"Spire Growth","floor":39,"turns":4},{"damage":26,"enemies":"Reptomancer","floor":40,"turns":3},{"damage":0,"enemies":"Mind Bloom Boss Battle","floor":44,"turns":5},{"damage":12,"enemies":"Maw","floor":45,"turns":7},{"damage":9,"enemies":"Jaw Worm Horde","floor":46,"turns":4},{"damage":6,"enemies":"Spire Growth","floor":48,"turns":5},{"damage":0,"enemies":"Time Eater","floor":50,"turns":8}],"seed_played":"4867485293023018572","potions_obtained":[{"floor":1,"key":"Explosive Potion"},{"floor":6,"key":"SneckoOil"},{"floor":8,"key":"FearPotion"},{"floor":16,"key":"Dexterity Potion"},{"floor":17,"key":"BlessingOfTheForge"},{"floor":19,"key":"FearPotion"},{"floor":25,"key":"PotionOfCapacity"},{"floor":30,"key":"Strength Potion"},{"floor":31,"key":"Block Potion"},{"floor":37,"key":"LiquidBronze"},{"floor":40,"key":"Weak Potion"},{"floor":44,"key":"FocusPotion"},{"floor":45,"key":"DuplicationPotion"}],"is_trial":false,"path_per_floor":["M","?","M","?","M","M","?","M","T","$","R","E","R","$","R","B",null,"M","M","?","$","?","E","R","M","T","?","R","$","M","M","R","B",null,"M","M","?","?","M","E","R","$","T","?","M","M","R","M","R","B",null],"character_chosen":"DEFECT","items_purchased":["Self Repair","Cold Snap","Explosive Potion","Melter","Block Potion","Thunder Strike","Capacitor","Auto Shields","Thunder Strike","Regen Potion","FocusPotion","PowerPotion"],"campfire_rested":2,"item_purchase_floors":[10,10,10,14,14,21,21,21,29,29,42,42],"current_hp_per_floor":[82,62,62,46,46,46,35,21,21,21,45,35,35,35,35,17,87,75,84,84,84,84,68,68,36,36,20,46,46,60,69,69,46,87,87,87,81,81,59,41,41,41,41,54,61,69,69,80,80,87],"gold":312,"neow_bonus":"TEN_PERCENT_HP_BONUS","is_daily":false,"chose_seed":false,"campfire_upgraded":7,"win_rate":0.0,"timestamp":1607893452,"path_taken":["M","?","M","?","M","M","?","M","T","$","R","E","R","?","R","BOSS","M","M","?","$","?","E","R","M","T","?","R","$","M","M","R","BOSS","M","M","?","?","M","E","R","$","T","?","M","?","R","M","R","BOSS"],"items_purchased_type":["Card","Card","Potion","Card","Potion","Card","Card","Card","Card","Potion","Potion","Potion"],"build_version":"2020-11-30","purchased_purges":2,"victory":true,"max_hp_per_floor":[82,82,82,82,82,82,82,82,82,82,82,82,82,82,82,82,87,87,87,87,87,87,87,87,87,87,87,87,87,87,87,87,87,87,87,87,87,87,87,87,87,87,87,87,87,87,87,87,87,87],"relic_stats":{"Blood Vial":28,"Nunchaku":[4],"counters":[24,120],"Golden Idol":203,"Bird Faced Urn":[45],"Snecko Eye":[88,80,86,90],"PreservedInsect":61,"Necronomicon":[21],"Whetstone":["Ball Lightning","Go for the Eyes"],"obtain_stats":[{"Lantern":40,"Tiny House":17,"Calipers":44,"Golden Idol":2,"PreservedInsect":23,"Whetstone":26,"Blood Vial":12,"Anchor":9,"Nunchaku":43,"Bird Faced Urn":37,"Snecko Eye":34,"Necronomicon":27,"Cracked Core":0},{"Lantern":19,"Tiny House":7,"Calipers":20,"Golden Idol":1,"PreservedInsect":10,"Whetstone":11,"Blood Vial":6,"Anchor":5,"Nunchaku":19,"Bird Faced Urn":17,"Snecko Eye":14,"Necronomicon":11,"Cracked Core":0},{"Lantern":91,"Tiny House":24,"Calipers":96,"Golden Idol":2,"PreservedInsect":43,"Whetstone":50,"Blood Vial":16,"Anchor":10,"Nunchaku":91,"Bird Faced Urn":84,"Snecko Eye":71,"Necronomicon":50,"Cracked Core":0}]},"card_choices":[{"not_picked":["Sweeping Beam","Gash"],"picked":"Ball Lightning","floor":1},{"not_picked":["Compile Driver","Blizzard"],"picked":"Go for the Eyes","floor":3},{"not_picked":["Beam Cell","Steam"],"picked":"Conserve Battery","floor":5},{"not_picked":["Leap","Skim"],"picked":"Genetic Algorithm","floor":6},{"not_picked":["Steam Power","Conserve Battery"],"picked":"Machine Learning","floor":8},{"not_picked":["Skim","Rip and Tear"],"picked":"Tempest","floor":12},{"not_picked":["Amplify","Buffer"],"picked":"Biased Cognition","floor":16},{"not_picked":["Chaos","Force Field"],"picked":"Barrage","floor":17},{"not_picked":["Redo","Streamline"],"picked":"Leap+1","floor":18},{"not_picked":["Beam Cell","Barrage"],"picked":"Hologram+1","floor":19},{"not_picked":["Ball Lightning","Streamline"],"picked":"Aggregate+1","floor":23},{"not_picked":["Stack","Capacitor"],"picked":"Redo+1","floor":25},{"not_picked":["Skim","Compile Driver"],"picked":"Glacier","floor":30},{"not_picked":["Leap","Steam Power"],"picked":"Consume","floor":31},{"not_picked":["Creative AI","Machine Learning"],"picked":"Electrodynamics","floor":33},{"not_picked":["Melter+1","Leap"],"picked":"Chill+1","floor":35},{"not_picked":["Stack+1","Go for the Eyes","Cold Snap+1"],"picked":"SKIP","floor":36},{"not_picked":["Go for the Eyes+1","Barrage+1"],"picked":"Defragment+1","floor":37},{"not_picked":["Coolheaded+1","Beam Cell","Sweeping Beam"],"picked":"SKIP","floor":39},{"not_picked":["Hologram","Double Energy+1","Reprogram+1"],"picked":"SKIP","floor":40},{"not_picked":["Heatsinks","White Noise"],"picked":"Glacier+1","floor":45},{"not_picked":["Gash+1","FTL"],"picked":"All For One","floor":46},{"not_picked":["Steam+1","Coolheaded+1","Consume+1"],"picked":"SKIP","floor":48}],"player_experience":9659,"relics_obtained":[{"floor":9,"key":"Anchor"},{"floor":12,"key":"Blood Vial"},{"floor":23,"key":"PreservedInsect"},{"floor":26,"key":"Whetstone"},{"floor":27,"key":"Necronomicon"},{"floor":37,"key":"Bird Faced Urn"},{"floor":40,"key":"Lantern"},{"floor":43,"key":"Nunchaku"},{"floor":44,"key":"Calipers"}],"event_choices":[{"damage_healed":0,"gold_gain":0,"player_choice":"Take Damage","damage_taken":20,"relics_obtained":["Golden Idol"],"max_hp_gain":0,"max_hp_loss":0,"event_name":"Golden Idol","floor":2,"gold_loss":0},{"damage_healed":0,"gold_gain":0,"player_choice":"Entered Light","damage_taken":16,"max_hp_gain":0,"max_hp_loss":0,"event_name":"Shining Light","floor":4,"gold_loss":0,"cards_upgraded":["Strike_B","Strike_B"]},{"damage_healed":0,"gold_gain":75,"player_choice":"Gather Gold","damage_taken":11,"max_hp_gain":0,"max_hp_loss":0,"event_name":"World of Goop","floor":7,"gold_loss":0},{"cards_removed":["Strike_B"],"damage_healed":0,"gold_gain":0,"player_choice":"Elegance","damage_taken":0,"max_hp_gain":0,"max_hp_loss":0,"event_name":"Back to Basics","floor":20,"gold_loss":0},{"damage_healed":0,"gold_gain":99,"player_choice":"Stole From Cult","damage_taken":0,"max_hp_gain":0,"max_hp_loss":0,"event_name":"Nest","floor":22,"gold_loss":0},{"damage_healed":0,"gold_gain":0,"player_choice":"Obtained Book","damage_taken":16,"max_hp_gain":0,"max_hp_loss":0,"event_name":"Cursed Tome","floor":27,"gold_loss":0},{"damage_healed":0,"gold_gain":0,"player_choice":"Fight","damage_taken":0,"max_hp_gain":0,"max_hp_loss":0,"event_name":"Mysterious Sphere","floor":37,"gold_loss":0},{"damage_healed":0,"gold_gain":0,"player_choice":"Upgraded","damage_taken":0,"max_hp_gain":0,"max_hp_loss":0,"event_name":"Upgrade Shrine","floor":38,"gold_loss":0,"cards_upgraded":["Electrodynamics"]},{"damage_healed":0,"gold_gain":0,"player_choice":"Fight","damage_taken":0,"max_hp_gain":0,"max_hp_loss":0,"event_name":"MindBloom","floor":44,"gold_loss":0}],"is_beta":false,"boss_relics":[{"not_picked":["Fusion Hammer","Velvet Choker"],"picked":"Tiny House"},{"not_picked":["Astrolabe","Calling Bell"],"picked":"Snecko Eye"}],"items_purged_floors":[10,42],"is_endless":false,"potions_floor_spawned":[1,6,8,16,19,25,30,31,37,40,44,45,46],"ascension_level":0}}