{"host":"w3x3n9s6mrz4xpf0","time":1607856407,"event":{"mods":["BaseMod","Minty Spire (QoL Compilation)","StSLib","SuperFastMode"],"gold_per_floor":[13,29,46,46,60,92,103,103,103,113,139,150,150,175,175,249,249,259,277,202,202,202,202],"floor_reached":22,"playtime":1266,"items_purged":["Strike_R"],"score":364,"play_id":"76277797-ac52-42d2-9f00-041a963fdc1c","local_time":"20201213194647","is_ascension_mode":true,"campfire_choices":[{"data":"Rampage","floor":8.0,"key":"SMITH"},{"data":"True Grit","floor":15,"key":"SMITH"}],"circlet_count":0,"master_deck":["AscendersBane","Strike_R","Strike_R","Strike_R","Strike_R","Defend_R","Defend_R","Defend_R","Defend_R","Bash","Metallicize","Rampage+1","Shrug It Off","True Grit+1","Berserk"],"relics":["Burning Blood","TungstenRod","Ancient Tea Set","Pocketwatch","Bottled Lightning","GremlinMask","Du-Vu Doll","Runic Cube","Ornamental Fan"],"acts_visited":["Exordium","TheCity"],"potions_floor_usage":[16,22,22],"damage_taken":[{"damage":6.0,"enemies":"Jaw Worm","floor":1.0,"turns":3.0},{"damage":0.0,"enemies":"2 Louse","floor":2.0,"turns":3.0},{"damage":1.0,"enemies":"Cultist","floor":3.0,"turns":4.0},{"damage":20.0,"enemies":"Lots of Slimes","floor":5.0,"turns":6.0},{"damage":23.0,"enemies":"3 Sentries","floor":6.0,"turns":10.0},{"damage":12.0,"enemies":"Looter","floor":7.0,"turns":4.0},{"damage":9.0,"enemies":"Exordium Wildlife","floor":10.0,"turns":6.0},{"damage":24.0,"enemies":"Gremlin Nob","floor":11.0,"turns":4.0},{"damage":0.0,"enemies":"Large Slime","floor":12.0,"turns":7.0},{"damage":14,"enemies":"3 Sentries","floor":14,"turns":10},{"damage":24,"enemies":"Slime Boss","floor":16,"turns":9},{"damage":10,"enemies":"3 Byrds","floor":18,"turns":10},{"damage":0,"enemies":"Chosen","floor":19,"turns":5},{"damage":64,"enemies":"Masked Bandits","floor":22,"turns":5}],"seed_played":"-1955921441675323797","potions_obtained":[{"floor":1.0,"key":"LiquidMemories"},{"floor":10.0,"key":"BloodPotion"},{"floor":11.0,"key":"SpeedPotion"},{"floor":14,"key":"AttackPotion"},{"floor":16,"key":"SpeedPotion"},{"floor":19,"key":"DuplicationPotion"}],"is_trial":false,"path_per_floor":["M","M","M","?","M","E","M","R","T","M","E","M","?","E","R","B",null,"M","M","$","T","?"],"character_chosen":"IRONCLAD","items_purchased":[],"campfire_rested":0,"item_purchase_floors":[],"current_hp_per_floor":[68,74,75,75,61,44,38,38,38,35,32,38,38,30,30,12,59,55,61,61,61,0,0],"gold":202,"neow_bonus":"ONE_RARE_RELIC","is_daily":false,"chose_seed":false,"campfire_upgraded":2,"win_rate":0.0,"timestamp":1607856407,"path_taken":["M","M","M","?","M","E","M","R","T","M","E","M","?","E","R","BOSS","M","?","$","?","?"],"items_purchased_type":[],"build_version":"2020-11-30","purchased_purges":1,"victory":false,"max_hp_per_floor":[75,75,75,75,75,75,75,75,75,75,75,75,75,75,75,75,75,75,75,75,75,75,75],"card_choices":[{"not_picked":["Disarm","Thunderclap"],"picked":"Metallicize","floor":1.0},{"not_picked":["Anger","Dark Embrace"],"picked":"Rampage","floor":2.0},{"not_picked":["Clash","Heavy Blade","Iron Wave"],"picked":"SKIP","floor":3.0},{"not_picked":["True Grit","Pommel Strike","Dual Wield"],"picked":"SKIP","floor":5.0},{"not_picked":["Anger","Second Wind"],"picked":"Shrug It Off","floor":6.0},{"not_picked":["Dropkick","Anger","Searing Blow"],"picked":"SKIP","floor":7.0},{"not_picked":["Bloodletting","Havoc","Twin Strike"],"picked":"SKIP","floor":10.0},{"not_picked":["Metallicize","Headbutt"],"picked":"True Grit","floor":11.0},{"not_picked":["Feel No Pain","Armaments","True Grit"],"picked":"SKIP","floor":12.0},{"not_picked":["Thunderclap","Cleave","Entrench"],"picked":"SKIP","floor":14},{"not_picked":["Barricade","Juggernaut"],"picked":"Berserk","floor":16},{"not_picked":["Thunderclap","Perfected Strike","Disarm"],"picked":"SKIP","floor":18},{"not_picked":["Perfected Strike","Twin Strike","Anger"],"picked":"SKIP","floor":19}],"player_experience":63668,"relics_obtained":[{"floor":6.0,"key":"Ancient Tea Set"},{"floor":9.0,"key":"Pocketwatch"},{"floor":11.0,"key":"Bottled Lightning"},{"floor":14,"key":"Du-Vu Doll"},{"floor":21,"key":"Ornamental Fan"}],"event_choices":[{"damage_healed":0.0,"max_hp_gain":0.0,"max_hp_loss":0.0,"gold_gain":0.0,"event_name":"The Cleric","player_choice":"Leave","floor":4.0,"gold_loss":0.0,"damage_taken":0.0},{"damage_healed":0.0,"max_hp_gain":0.0,"max_hp_loss":0.0,"gold_gain":0.0,"event_name":"FaceTrader","player_choice":"Trade","floor":13.0,"gold_loss":0.0,"damage_taken":0.0,"relics_obtained":["GremlinMask"]},{"damage_healed":0,"gold_gain":0,"player_choice":"Fought Bandits","damage_taken":0,"max_hp_gain":0,"max_hp_loss":0,"event_name":"Masked Bandits","floor":22,"gold_loss":0}],"is_beta":false,"boss_relics":[{"not_picked":["Philosopher\u0027s Stone","Mark of Pain"],"picked":"Runic Cube"}],"items_purged_floors":[20],"is_endless":false,"potions_floor_spawned":[1,10,11,14,16,19],"killed_by":"Masked Bandits","ascension_level":15}}