{"host":"i9wanet4r0ff4t9y","time":1607864355,"event":{"mods":["2.2 Compatiblity","Act Like it!","BaseMod","Better Altar","Better Match","Better Note","Better Sensory Stone","Better Skull","Better Third Choice","Better Vampires","BetterRewards","CapriCore","Downfall","Minty Spire (QoL Compilation)","READ ME - Guardian Mod","READ ME - Snecko Mod","Relic Stats","Replay The Spire","Spicy Shops","StSLib","The Disciple","Waifu the Spire"],"gold_per_floor":[113,188,10,26,42,42,70,81,81,29,29,29,29,64,64,167,167,185,185,385,397,410,438,51,51,77,113,26,35,62,86,86,194,194,220,240,299,583,603,603,638,638,715,204,0,27,89,108,108,108],"floor_reached":51,"playtime":1768,"items_purged":[],"score":798,"play_id":"1110b036-7b64-4ef3-a963-1061684d6bce","local_time":"20201213135915","is_ascension_mode":false,"campfire_choices":[{"data":"Apotheosis","floor":6.0,"key":"SMITH"},{"floor":11.0,"key":"REST"},{"data":"Massacre","floor":13.0,"key":"SMITH"},{"data":"ReplayTheSpireMod:Muscle Training","floor":15.0,"key":"SMITH"},{"data":"Demonic Infusion","floor":25,"key":"SMITH"},{"data":"ReplayTheSpireMod:Brewmster","floor":32,"key":"SMITH"},{"data":"Limit Break","floor":40,"key":"SMITH"},{"data":"Barricade","floor":42,"key":"SMITH"},{"data":"ReplayTheSpireMod:Brewmster","floor":49,"key":"SMITH"}],"circlet_count":0,"master_deck":["Strike_R+1","Strike_R","Strike_R","Strike_R","Strike_R","Defend_R","Defend_R","Defend_R","Bash","ReplayTheSpireMod:Muscle Training+1","ReplayTheSpireMod:Strike From Hell","Apotheosis+1","Massacre+1","Flex","Ghostly Armor","Seeing Red","ReplayTheSpireMod:Limb From Limb+1","Replay:Undeath\u0027s Touch+1","Demonic Infusion+1","Run Through","Run Through","Dropkick+1","Impervious","Crow Ritual","Barricade+1","ReplayTheSpireMod:Brewmster+1","Replay:Undeath\u0027s Touch+1","Pain","Flex+1","Twin Strike+1","Limit Break+1","Iron Wave+1","Rupture","Shrug It Off+1","Regret","Combust+1","Entrench","ReplayTheSpireMod:Brewmster+1","Reaper","Infernal Blade+1","Infernal Blade","Twin Strike+1"],"relics":["Burning Blood","Pantograph","StoneCalendar","Magic Flower","TungstenRod","Letter Opener","Vajra","Electric Blood","ReplayTheSpireMod:TigerMarble","Membership Card","CeramicFish","Blood Vial","Replay:Mystery Machine","ReplayTheSpireMod:Shallot","WarpedTongs","Replay:Kaleidoscope","Oddly Smooth Stone","Mercury Hourglass","ClockworkSouvenir","Quantum Egg","Lee\u0027s Waffle","Pet Ghost","Red Mask","Torii"],"acts_visited":["Exordium","TheCity","TheBeyond"],"potions_floor_usage":[23,33,33,33,33,33,35,35,37,37,39,39,41,41,46,46,48,50,50,50,50,50,50,50,50,50],"damage_taken":[{"damage":2.0,"enemies":"Cultist","floor":1.0,"turns":3.0},{"damage":4.0,"enemies":"Jaw Worm","floor":4.0,"turns":3.0},{"damage":9.0,"enemies":"Small Slimes","floor":5.0,"turns":4.0},{"damage":24.0,"enemies":"3 Sentries","floor":7.0,"turns":7.0},{"damage":4.0,"enemies":"Looter","floor":8.0,"turns":3.0},{"damage":38.0,"enemies":"Gremlin Nob","floor":14.0,"turns":6.0},{"damage":28.0,"enemies":"Slime Boss","floor":16.0,"turns":7.0},{"damage":20.0,"enemies":"3 Byrds","floor":18.0,"turns":5.0},{"damage":8,"enemies":"Chosen","floor":21,"turns":4},{"damage":10,"enemies":"Snake Plant","floor":22,"turns":3},{"damage":24,"enemies":"Book of Stabbing","floor":23,"turns":4},{"damage":6,"enemies":"Slavers","floor":27,"turns":3},{"damage":10,"enemies":"Cultist and Chosen","floor":30,"turns":4},{"damage":0,"enemies":"Sentry and Sphere","floor":31,"turns":1},{"damage":56,"enemies":"Collector","floor":33,"turns":7},{"damage":16,"enemies":"3 Darklings","floor":35,"turns":3},{"damage":7,"enemies":"3 Shapes","floor":36,"turns":4},{"damage":20,"enemies":"Mind Bloom Boss Battle","floor":37,"turns":6},{"damage":24,"enemies":"Transient","floor":39,"turns":5},{"damage":32,"enemies":"Giant Head","floor":41,"turns":7},{"damage":1,"enemies":"3 Darklings","floor":46,"turns":2},{"damage":19,"enemies":"2 Orb Walkers","floor":47,"turns":4},{"damage":2,"enemies":"4 Shapes","floor":48,"turns":4},{"damage":53,"enemies":"Replay:Hell Engine","floor":50,"turns":8}],"seed_played":"6240343620386787619","potions_obtained":[{"floor":1.0,"key":"Elixir"},{"floor":4.0,"key":"sneckomod:MuddlingPotion"},{"floor":14.0,"key":"BloodPotion"},{"floor":21,"key":"ElixirPotion"},{"floor":22,"key":"Ancient Potion"},{"floor":23,"key":"Weak Potion"},{"floor":33,"key":"SkillPotion"},{"floor":41,"key":"Fire Potion"},{"floor":47,"key":"Fire Potion"}],"is_trial":false,"path_per_floor":["M","?","$","M","M","R","E","M","T","$","R","?","R","E","R","B",null,"M","?","?","M","M","E","$","R","T","E","$","?","M","M","R","B",null,"M","M","?","?","M","R","E","R","T","$","?","M","?","M","R","B",null],"character_chosen":"IRONCLAD","items_purchased":["Pantograph","StoneCalendar","Magic Flower","ReplayTheSpireMod:Muscle Training","Apotheosis","ReplayTheSpireMod:Limb From Limb+1","Membership Card","CeramicFish","Crow Ritual","Blood Vial","ReplayTheSpireMod:Brewmster","Replay:Undeath\u0027s Touch+1","ClockworkSouvenir","Quantum Egg","Lee\u0027s Waffle","Pet Ghost","ReplayTheSpireMod:Brewmster","Reaper"],"campfire_rested":1,"item_purchase_floors":[0,0,0,0,3,10,24,24,24,24,28,28,44,44,44,44,44,44],"current_hp_per_floor":[53,42,42,47,47,47,32,37,37,37,61,61,61,32,32,61,80,69,69,69,70,69,54,54,54,54,60,60,60,62,74,74,33,80,73,78,69,69,80,80,57,57,57,87,87,87,77,87,87,44],"gold":108,"neow_bonus":"","is_daily":false,"chose_seed":false,"campfire_upgraded":8,"win_rate":0.0,"timestamp":1607864355,"path_taken":["M","?","$","M","M","R","E","M","T","$","R","?","R","E","R","BOSS","M","?","?","M","?","E","$","R","T","E","?","?","?","M","R","BOSS","M","M","?","?","?","R","E","R","T","$","?","M","?","?","R","BOSS"],"items_purchased_type":["Relic","Relic","Relic","Card","Card","Card","Relic","Relic","Card","Relic","Card","Card","Relic","Relic","Relic","Relic","Card","Card"],"build_version":"2020-11-30","purchased_purges":0,"victory":true,"max_hp_per_floor":[80,80,80,80,80,80,80,80,80,80,80,80,80,80,80,80,80,80,80,80,80,80,80,80,80,80,80,80,80,80,80,80,80,80,80,80,80,80,80,80,80,80,80,87,87,87,87,87,87,87],"relic_stats":{"Lee\u0027s Waffle":30,"Torii":0,"counters":[79,393],"CeramicFish":171,"Magic Flower":[185],"StoneCalendar":[37],"Letter Opener":[115],"Burning Blood":527,"WarpedTongs":[30],"Mercury Hourglass":[68],"Blood Vial":44,"Pantograph":41,"obtain_stats":[{"Calipers":6,"Nilry\u0027s Codex":22,"CeramicFish":24,"Vajra":8,"Blood Vial":22,"Lizard Tail":42,"HornCleat":52,"FaceOfCleric":13,"Sundial":17,"MealTicket":26,"Prayer Wheel":40,"Iron Hammer":9,"Kunai":10,"Toxic Egg 2":36,"Replay:Wax Seal":0,"Electric Blood":17,"Happy Flower":14,"Dead Branch":17,"ReplayTheSpireMod:Ring of Addiction":36,"Oddly Smooth Stone":41,"Replay:Ancient Bell":34,"Letter Opener":9,"Replay:Kaleidoscope":37,"WarpedTongs":29,"Bottled Flame":26,"ReplayTheSpireMod:Shallot":27,"Shuriken":34,"Bird Faced Urn":9,"Molten Egg 2":43,"Onion Ring":54,"Mark of Pain":17,"ReplayTheSpireMod:TigerMarble":23,"Regal Pillow":24,"Lantern":34,"Torii":47,"Magic Flower":0,"StoneCalendar":0,"Replay:Mystery Machine":26,"Cursed Key":34,"Burning Blood":0,"Pet Ghost":44,"ClockworkSouvenir":44,"Nunchaku":45,"Shovel":34,"Chameleon Ring":49,"Pantograph":0,"Toolbox":0,"Red Mask":41,"Chemical X":21,"Red Skull":17,"Paper Frog":23,"Potion Belt":36,"Gremlin Food":37,"Lee\u0027s Waffle":44,"Quantum Egg":42,"Replay:WaspNest":3,"Odd Mushroom":12,"White Beast Statue":36,"Mercury Hourglass":43,"Calling Bell":17,"CaptainsWheel":0,"Bloody Idol":22,"Ring of Misfortune":36,"Art of War":40,"Membership Card":24,"FossilizedHelix":12,"TungstenRod":7},{"Calipers":32,"Nilry\u0027s Codex":13,"CeramicFish":66,"Vajra":7,"Blood Vial":39,"Lizard Tail":24,"HornCleat":54,"FaceOfCleric":9,"Sundial":11,"MealTicket":14,"Prayer Wheel":23,"Iron Hammer":33,"Kunai":33,"Toxic Egg 2":20,"Replay:Wax Seal":28,"Electric Blood":62,"Happy Flower":36,"Dead Branch":11,"ReplayTheSpireMod:Ring of Addiction":47,"Oddly Smooth Stone":75,"Replay:Ancient Bell":46,"Letter Opener":60,"Replay:Kaleidoscope":73,"WarpedTongs":67,"Bottled Flame":41,"ReplayTheSpireMod:Shallot":67,"Shuriken":46,"Bird Faced Urn":7,"Molten Egg 2":24,"Onion Ring":55,"Mark of Pain":37,"ReplayTheSpireMod:TigerMarble":66,"Regal Pillow":14,"Lantern":46,"Torii":77,"Magic Flower":28,"StoneCalendar":55,"Replay:Mystery Machine":66,"Cursed Key":19,"Burning Blood":0,"Pet Ghost":75,"ClockworkSouvenir":75,"Nunchaku":51,"Shovel":46,"Chameleon Ring":53,"Pantograph":55,"Toolbox":28,"Red Mask":23,"Chemical X":13,"Red Skull":11,"Paper Frog":40,"Potion Belt":47,"Gremlin Food":47,"Lee\u0027s Waffle":75,"Quantum Egg":50,"Replay:WaspNest":29,"Odd Mushroom":9,"White Beast Statue":47,"Mercury Hourglass":75,"Calling Bell":11,"CaptainsWheel":0,"Bloody Idol":39,"Ring of Misfortune":47,"Art of War":49,"Membership Card":66,"FossilizedHelix":34,"TungstenRod":59},{"Calipers":142,"Nilry\u0027s Codex":46,"CeramicFish":335,"Vajra":28,"Blood Vial":183,"Lizard Tail":102,"HornCleat":280,"FaceOfCleric":32,"Sundial":38,"MealTicket":52,"Prayer Wheel":101,"Iron Hammer":146,"Kunai":146,"Toxic Egg 2":85,"Replay:Wax Seal":125,"Electric Blood":319,"Happy Flower":161,"Dead Branch":38,"ReplayTheSpireMod:Ring of Addiction":228,"Oddly Smooth Stone":375,"Replay:Ancient Bell":224,"Letter Opener":306,"Replay:Kaleidoscope":363,"WarpedTongs":338,"Bottled Flame":193,"ReplayTheSpireMod:Shallot":338,"Shuriken":224,"Bird Faced Urn":28,"Molten Egg 2":102,"Onion Ring":286,"Mark of Pain":174,"ReplayTheSpireMod:TigerMarble":335,"Regal Pillow":52,"Lantern":224,"Torii":381,"Magic Flower":125,"StoneCalendar":286,"Replay:Mystery Machine":335,"Cursed Key":81,"Burning Blood":0,"Pet Ghost":375,"ClockworkSouvenir":375,"Nunchaku":256,"Shovel":224,"Chameleon Ring":267,"Pantograph":286,"Toolbox":125,"Red Mask":101,"Chemical X":46,"Red Skull":38,"Paper Frog":188,"Potion Belt":228,"Gremlin Food":228,"Lee\u0027s Waffle":375,"Quantum Egg":245,"Replay:WaspNest":129,"Odd Mushroom":32,"White Beast Statue":228,"Mercury Hourglass":375,"Calling Bell":38,"CaptainsWheel":0,"Bloody Idol":183,"Ring of Misfortune":228,"Art of War":239,"Membership Card":335,"FossilizedHelix":150,"TungstenRod":303}],"TungstenRod":213},"card_choices":[{"not_picked":["True Grit","Entrench"],"picked":"ReplayTheSpireMod:Strike From Hell","floor":1.0},{"not_picked":["Intimidate","Flex"],"picked":"Massacre","floor":4.0},{"not_picked":["Wild Strike","Clothesline"],"picked":"Flex","floor":5.0},{"not_picked":["Feel No Pain","Hemokinesis"],"picked":"Ghostly Armor","floor":7.0},{"not_picked":["Heavy Blade","Armaments"],"picked":"Seeing Red","floor":8.0},{"not_picked":["Iron Wave","Shrug It Off"],"picked":"Replay:Undeath\u0027s Touch","floor":14.0},{"not_picked":["Brutality","Double Tap"],"picked":"Demonic Infusion","floor":16.0},{"not_picked":["Havoc","Evolve+1"],"picked":"Run Through","floor":18.0},{"not_picked":["Clothesline","ReplayTheSpireMod:Strike From Hell+1"],"picked":"Run Through","floor":21},{"not_picked":["Warcry","Burning Pact+1"],"picked":"Dropkick+1","floor":22},{"not_picked":["Sever Soul+1","Wild Strike+1"],"picked":"Impervious","floor":23},{"not_picked":["Burning Pact","Sword Boomerang"],"picked":"Barricade","floor":27},{"not_picked":["Havoc","Pommel Strike"],"picked":"Flex+1","floor":30},{"not_picked":["Anger","Power Through"],"picked":"Twin Strike+1","floor":31},{"not_picked":["Feed","Offering"],"picked":"Limit Break","floor":33},{"not_picked":["Thunderclap","Havoc+1"],"picked":"Iron Wave+1","floor":35},{"not_picked":["True Grit+1","Iron Wave+1"],"picked":"Rupture","floor":36},{"not_picked":["Havoc","ReplayTheSpireMod:Strike From Hell+1"],"picked":"Shrug It Off+1","floor":37},{"not_picked":["Seeing Red+1","Headbutt+1"],"picked":"Combust+1","floor":39},{"not_picked":["Wild Strike","Run Through"],"picked":"Entrench","floor":41},{"not_picked":["Metallicize","Abandon"],"picked":"Infernal Blade+1","floor":46},{"not_picked":["Havoc","Headbutt"],"picked":"Infernal Blade","floor":47},{"not_picked":["Shrug It Off+1","Dual Wield"],"picked":"Twin Strike+1","floor":48}],"player_experience":337478,"relics_obtained":[{"floor":7.0,"key":"TungstenRod"},{"floor":9.0,"key":"Letter Opener"},{"floor":14.0,"key":"Vajra"},{"floor":23,"key":"ReplayTheSpireMod:TigerMarble"},{"floor":26,"key":"Replay:Mystery Machine"},{"floor":27,"key":"ReplayTheSpireMod:Shallot"},{"floor":37,"key":"Replay:Kaleidoscope"},{"floor":41,"key":"Oddly Smooth Stone"},{"floor":43,"key":"Mercury Hourglass"},{"floor":47,"key":"Torii"}],"event_choices":[{"damage_healed":0.0,"max_hp_gain":0.0,"max_hp_loss":0.0,"gold_gain":75.0,"event_name":"betterThird:BetterGoop","player_choice":"Gold","floor":2.0,"gold_loss":0.0,"damage_taken":11.0},{"damage_healed":0.0,"max_hp_gain":0.0,"max_hp_loss":0.0,"gold_gain":0.0,"event_name":"Upgrade Shrine","player_choice":"Upgraded","floor":19.0,"gold_loss":0.0,"damage_taken":0.0,"cards_upgraded":["Replay:Undeath\u0027s Touch"]},{"damage_healed":0,"gold_gain":250,"player_choice":"Bet on Owner","damage_taken":0,"max_hp_gain":0,"max_hp_loss":0,"event_name":"The Joust","floor":20,"gold_loss":50},{"damage_healed":0,"gold_gain":0,"player_choice":"Rummage","damage_taken":0,"relics_obtained":["WarpedTongs"],"max_hp_gain":0,"max_hp_loss":0,"event_name":"Accursed Blacksmith","floor":29,"gold_loss":0,"cards_obtained":["Pain"]},{"damage_healed":0,"gold_gain":0,"player_choice":"Fight","damage_taken":0,"max_hp_gain":0,"max_hp_loss":0,"event_name":"MindBloom","floor":37,"gold_loss":0},{"damage_healed":0,"gold_gain":275,"player_choice":"Desecrate","damage_taken":0,"max_hp_gain":0,"max_hp_loss":0,"event_name":"Golden Shrine","floor":38,"gold_loss":0,"cards_obtained":["Regret"]},{"damage_healed":0,"gold_gain":0,"player_choice":"Paid","damage_taken":0,"relics_obtained":["Red Mask"],"max_hp_gain":0,"max_hp_loss":0,"event_name":"Tomb of Lord Red Mask","floor":45,"gold_loss":204},{"damage_healed":0,"gold_gain":0,"player_choice":"Fight","damage_taken":0,"max_hp_gain":0,"max_hp_loss":0,"event_name":"Mysterious Sphere","floor":47,"gold_loss":0}],"is_beta":false,"boss_relics":[{"not_picked":["Kintsugi","Black Star"],"picked":"Electric Blood"},{"not_picked":["Runic Dome","Replay:Wanted Poster","Pandora\u0027s Box"]}],"items_purged_floors":[],"is_endless":false,"potions_floor_spawned":[1,4,14,21,22,23,33,37,39,41,47],"ascension_level":0}}