{"host":"9jbduwjxg0e72hbg","time":1607845257,"event":{"mods":["AchievementEnabler","Act Like it!","Aspiration","BaseMod","Better Match","Better Skull","Better Third Choice","BetterRewards","Conspire","Downfall","Elementarium","Energized Spire","Gensokyo","GifTheSpireLib","Gold Saver","GungeonMod","Hallownest","Hubris","Infinite Spire","Jedi Mod","Marisa????????","Menagerie","Minty Spire (QoL Compilation)","Pale of the Ancients","Replay The Spire","SCP261 Mod","Shop Mod","Spicy Shops","StSLib","Stuff the Spire","The Animator","The Blue Laboratory","The Gatherer","Wandering Minibosses","vexMod"],"gold_per_floor":[102,109,11110,11131,10643,10696,10696,10696,10696,10696,10747,10747,10394,10394,10394,10424,10450,10566,10566,10491,10491,10491,10601,10637,10672,10672,10672,10672,10672,10672,10672],"floor_reached":30,"playtime":8808,"items_purged":["hexamod:Defend","hexamod:Defend","hexamod:Strike","hexamod:Strike","hexamod:Strike","hexamod:Defend","hexamod:Defend","hexamod:Strike"],"score":557,"play_id":"c3c29e6d-ce24-4963-ae99-e35b7acb1065","local_time":"20201212234057","is_ascension_mode":false,"campfire_choices":[{"floor":1,"key":"DIG"},{"data":"hexamod:GhostLash","floor":8,"key":"SMITH"},{"data":"hexamod:Float","floor":12,"key":"SMITH"},{"data":"hexamod:Sear","floor":20,"key":"PURGE"},{"data":"ReplayTheSpireMod:Faulty Equipment","floor":27,"key":"SMITH"}],"circlet_count":0,"master_deck":["Mind Blast+1","hexamod:Float+1","hexamod:GhostLash+1","hexamod:GhostOfSpireFuture","hexamod:FastForward","hexamod:FourthSeal","hexamod:SkipABeat+1","hexamod:SkipABeat","hexamod:StepThrough","hexamod:Incineration","hexamod:BurningTouch+1","hexamod:BurningTouch+1","hexamod:TimeWarp+1","hexamod:HeatCrush+1","hexamod:GhostOfSpireFuture+1","hexamod:ChargedBarrage+1","hexamod:EmpoweredFlame+1","hexamod:FastForward+1","hexamod:HauntingEcho+1","hubris:EnhanceAbility+1","hexamod:ThermalTransfer+1","hexamod:HeatShield+1","hexamod:GhostOfSpirePast+1","hexamod:SoulSteal+1","hexamod:PhantomFireball+1","hexamod:DynamicBlow+1","hexamod:GhostOfSpirePast+1","hexamod:BurningTouch+1","hexamod:PhantomFireball+1","hexamod:ThirdSeal","hexamod:FastForward+1","hexamod:ThirdSeal","hexamod:AdvancingGuard+1","hexamod:SecondSeal","hexamod:GhostflameInferno+1","hexamod:TurnItUp+1","hexamod:FifthSeal","hexamod:ExtraCrispy+1","hexamod:HeatMetal+1","expansioncontent:DashGenerateEvil+1","hexamod:TimeOfNeed+1","hexamod:FifthSeal","hexamod:ExtraCrispy+1","hexamod:FirstSeal","hexamod:SixthSeal","hexamod:FifthSeal","hexamod:ThirdSeal","hexamod:SixthSeal","hexamod:PhantomFireball","hexamod:HauntingEcho+1","ReplayTheSpireMod:Faulty Equipment+1","hexamod:Sear+1","Swift Strike","hexamod:FourthSeal","hexamod:GhostOfSpirePresent+1","hexamod:SixthSeal","hexamod:SixthSeal","hexamod:NightmareGuise+1","hexamod:GhostflameBarrier+1"],"relics":["hexamod:SpiritBrand","hubris:EmptyBottle","jedi:cryingmask","Sling","aspiration:TomeofQuesting","hexamod:MatchstickCase","Replay:Bandana","DemoMod:LamentConfigurum","aspiration:HatOfInfinitePower","Turnip","Golden Egg","DemoMod:Metronome","StuffTheSpire:ForceGauntlet","vexMod:Spyglass","Orichalcum","Bottled Flame","DemoMod:WeirdEgg","Dream Catcher","vexMod:Cooldron","hubris:64BitClover","Replay:Baseball","Oddly Smooth Stone","BargainBundle","Eternal Feather","StuffTheSpire:Tea","MerchantsRug","ReplayTheSpireMod:Shallot","hubris:SphereOfDissonance","StuffTheSpire:HeavyRock","hubris:Spice","aspiration:RunicSpoon","downfall:HeartBlessingBlue","downfall:GremlinSack","wanderingMiniBosses:CarrionFlame","Replay:Rubber Ducky"],"acts_visited":["Exordium","TheCity"],"potions_floor_usage":[5,5,5,5,5,5,5,5,5,5,5,5,5,17,17,17,17,17,17,17,17,17,17,18,18,18,18,18,18,18,18,18,18,25,25,25,25,25,25,25,25,25,25,25,25,25,25,25,25,25,25,25,25,25,25],"damage_taken":[{"damage":4,"enemies":"downfall:FleeingMerchant","floor":2,"turns":4},{"damage":0,"enemies":"Gensokyo:Gryphon","floor":3,"turns":3},{"damage":0,"enemies":"Gensokyo:Python","floor":4,"turns":1},{"damage":0,"enemies":"downfall:FleeingMerchant","floor":5,"turns":6},{"damage":0,"enemies":"Gensokyo:Aya","floor":6,"turns":2},{"damage":0,"enemies":"Gensokyo:Cirno","floor":11,"turns":5},{"damage":0,"enemies":"Gensokyo:3_Fairies","floor":16,"turns":3},{"damage":0,"enemies":"Gensokyo:Gryphon_and_Rabbit","floor":17,"turns":3},{"damage":0,"enemies":"downfall:Defect","floor":18,"turns":1},{"damage":0,"enemies":"downfall:Defect","floor":23,"turns":2},{"damage":0,"enemies":"conspire:FuzzyDice","floor":24,"turns":3},{"damage":69,"enemies":"conspire:HollyBat","floor":25,"turns":17}],"seed_played":"1622683575526070977","potions_obtained":[{"floor":2,"key":"blueLaboratory:AbyssPotion"},{"floor":3,"key":"EntropicBrew"},{"floor":6,"key":"SCP261:EnergyGasPotion"},{"floor":11,"key":"SCP261:ThunderBarPotion"},{"floor":17,"key":"EntropicBrew"},{"floor":18,"key":"EntropicBrew"},{"floor":24,"key":"EntropicBrew"},{"floor":25,"key":"blueLaboratory:ExaltedPotion"}],"is_trial":false,"path_per_floor":["R","$","M","M","$","E","T","R","PTL","PTL","E","R","$","T","?","M","M","B",null,"R","AVR","?","?","M","M","T","R","PTL","PTL","?"],"character_chosen":"THE_SPIRIT","items_purchased":["hubris:EmptyBottle","jedi:cryingmask","hexamod:GhostLash","hexamod:GhostOfSpireFuture","hexamod:ShieldOfDarkness","hexamod:FastForward","Sling","hexamod:FourthSeal","hexamod:SkipABeat","hexamod:StepThrough","hexamod:Incineration","aspiration:TomeofQuesting","hexamod:MatchstickCase","Replay:Bandana","blueLaboratory:NullPotion","blueLaboratory:TrueEctoplasm","DemoMod:LamentConfigurum","aspiration:HatOfInfinitePower","Turnip","Golden Egg","hexamod:BurningTouch","hexamod:TimeWarp","hexamod:HeatCrush","hexamod:GhostOfSpireFuture","hexamod:ChargedBarrage","hexamod:EmpoweredFlame","DemoMod:Metronome","hexamod:FastForward","hexamod:HauntingEcho","StuffTheSpire:ForceGauntlet","vexMod:Spyglass","Orichalcum","Bottled Flame","hubris:EnhanceAbility","hexamod:ThermalTransfer","hexamod:HeatShield","hexamod:GhostOfSpirePast","hexamod:SoulSteal","hexamod:PhantomFireball","DemoMod:WeirdEgg","Dream Catcher","hexamod:DynamicBlow","vexMod:Cooldron","hexamod:GhostOfSpirePast","hexamod:BurningTouch","hexamod:PhantomFireball","hubris:64BitClover","Replay:Baseball","hexamod:ThirdSeal","hexamod:FastForward","BargainBundle","Eternal Feather","StuffTheSpire:Tea","MerchantsRug","EntropicBrew","EntropicBrew","EntropicBrew","EntropicBrew","hexamod:HeatMetal","expansioncontent:DashGenerateEvil","hexamod:ExtraCrispy"],"campfire_rested":0,"item_purchase_floors":[0,0,0,0,0,0,0,0,0,0,0,0,0,0,0,0,0,0,0,0,0,0,0,0,0,0,0,0,0,0,0,0,0,0,0,0,0,0,0,0,0,0,0,0,0,0,0,0,0,0,5,5,5,5,5,5,5,5,5,5,13],"current_hp_per_floor":[70,66,66,66,66,66,66,70,70,70,70,70,70,70,63,71,71,71,78,88,88,88,88,88,26,26,59,59,59,0,0],"gold":10672,"neow_bonus":"","is_daily":false,"chose_seed":false,"campfire_upgraded":3,"win_rate":0.0,"timestamp":1607845257,"path_taken":["R","?","M","M","$","E","T","R","PTL","PTL","E","R","?","?","?","?","M","BOSS","R","AVR","?","?","M","M","T","R","PTL","PTL","?"],"items_purchased_type":["Relic","Relic","Card","Card","Card","Card","Relic","Card","Card","Card","Card","Relic","Relic","Relic","Potion","Potion","Relic","Relic","Relic","Relic","Card","Card","Card","Card","Card","Card","Relic","Card","Card","Relic","Relic","Relic","Relic","Card","Card","Card","Card","Card","Card","Relic","Relic","Card","Relic","Card","Card","Card","Relic","Relic","Card","Card","Relic","Relic","Relic","Relic","Potion","Potion","Potion","Potion","Card","Card","Card"],"build_version":"2020-11-30","purchased_purges":8,"victory":false,"max_hp_per_floor":[70,70,70,70,70,70,70,70,70,70,70,70,70,70,70,78,78,78,78,88,88,88,88,88,88,88,88,88,88,88,88],"card_choices":[{"not_picked":["hexamod:AdvancingGuard","hexamod:HauntingEcho"],"picked":"hexamod:ThirdSeal","floor":2},{"not_picked":["hexamod:Hexaguard","hexamod:PhantomFireball"],"picked":"hexamod:AdvancingGuard","floor":2},{"not_picked":["hexamod:Hexaguard","hexamod:Firestarter"],"picked":"hexamod:SecondSeal","floor":3},{"not_picked":["hexamod:GhostOfSpireFuture","hexamod:EtherealExpedition","hexamod:Hexaguard"],"picked":"SKIP","floor":3},{"not_picked":["hexamod:ChargedBarrage","hexamod:SpectersWail"],"picked":"hexamod:GhostflameInferno","floor":4},{"not_picked":["hexamod:ThermalTransfer","hexamod:Firestarter"],"picked":"hexamod:TurnItUp","floor":5},{"not_picked":["hexamod:RainOfEmbers","hexamod:HexaLevel"],"picked":"hexamod:FifthSeal","floor":5},{"not_picked":["hexamod:ShieldOfDarkness","hexamod:NightmareGuise"],"picked":"hexamod:ExtraCrispy","floor":5},{"not_picked":["hexamod:ThermalTransfer","hexamod:StepThrough"],"picked":"hexamod:TimeOfNeed","floor":6},{"not_picked":["hexamod:GhostShield","hexamod:Again"],"picked":"hexamod:FifthSeal","floor":11},{"not_picked":["hexamod:GhostShield","hexamod:FastForward","hexamod:GhostLash"],"picked":"SKIP","floor":16},{"not_picked":["hexamod:ThirdSeal","hexamod:SecondSeal"],"picked":"hexamod:SixthSeal","floor":17},{"not_picked":["hexamod:AdvancingGuard","hexamod:FastForward","hexamod:InspiringFlames"],"picked":"SKIP","floor":17},{"not_picked":["hexamod:TimeWarp","hexamod:ParanormalForm"],"picked":"hexamod:FifthSeal","floor":18},{"not_picked":["hexamod:GhostOfSpirePresent","hexamod:GhostLash+1"],"picked":"hexamod:FourthSeal","floor":24},{"not_picked":["hexamod:Hexaguard","hexamod:SpectersWail"],"picked":"hexamod:GhostOfSpirePresent+1","floor":24},{"not_picked":["hexamod:FourthSeal","hexamod:FifthSeal"],"picked":"hexamod:SixthSeal","floor":25},{"not_picked":["hexamod:ThirdSeal","hexamod:FourthSeal"],"picked":"hexamod:SixthSeal","floor":25},{"not_picked":["hexamod:RecurringNightmare","hexamod:NecessarySacrifice"],"picked":"hexamod:NightmareGuise+1","floor":25},{"not_picked":["hexamod:SpectersWail","hexamod:HauntingEcho"],"picked":"hexamod:GhostflameBarrier+1","floor":25}],"player_experience":840995,"relics_obtained":[{"floor":1,"key":"Oddly Smooth Stone"},{"floor":6,"key":"ReplayTheSpireMod:Shallot"},{"floor":7,"key":"hubris:SphereOfDissonance"},{"floor":11,"key":"StuffTheSpire:HeavyRock"},{"floor":23,"key":"downfall:GremlinSack"},{"floor":25,"key":"wanderingMiniBosses:CarrionFlame"},{"floor":25,"key":"Replay:Rubber Ducky"}],"event_choices":[{"damage_healed":0,"gold_gain":0,"cards_transformed":["hexamod:ShieldOfDarkness"],"player_choice":"Transformed","damage_taken":0,"max_hp_gain":0,"max_hp_loss":0,"event_name":"Transmorgrifier","floor":22,"gold_loss":0,"cards_obtained":["hexamod:ThirdSeal"]}],"is_beta":false,"boss_relics":[{"not_picked":["hubris:Spice","Honey Jar"],"picked":"aspiration:RunicSpoon"}],"items_purged_floors":[0,0,0,0,0,5,5,13],"is_endless":false,"potions_floor_spawned":[3,16,17,18,24],"ascension_level":0}}