{"host":"ap8nepptd6icxyz7","time":1607884271,"event":{"mods":["2.2 Compatiblity","AchievementEnabler","BaseMod","Bestiary","Better Altar","Better Match","Better Note","Better Sensory Stone","Better Skull","Better Third Choice","Better Vampires","CCEM","Challenge The Spire","Colored Map","Colored Powertips","Colorless Booster Pack","Conspire","Custom Start","Displayed Cursed Tome","EXCEPTION","Energized Spire","Faster Ascension Climbing","Halation","Hermit","Highlight Path","Hubris","Jorbs\u0027s Wanderer Trilogy","Marked Mod","Mimic Mod","Minty Spire (QoL Compilation)","Permanent Neow","Quick Restart","RRrroohrrRGHHhhh!!","Random Character Button","Rare Cards Sparkle","Relic Sorter","Relic Stats","Replay The Spire","SCP261 Mod","SacredBarkPlus","Spicy Shops","Spikes Relics","StSLib","Swap Starting Deck Mod","The Cursed","The Disciple","The Jungle","Uncapped","Wandering Minibosses"],"gold_per_floor":[109,157,3,19,33,33,33],"floor_reached":6,"playtime":271,"items_purged":[],"score":52,"play_id":"3715cf25-012a-4b04-b570-3ece625c3827","local_time":"20201213123111","is_ascension_mode":true,"campfire_choices":[],"circlet_count":0,"master_deck":["Strike_G","Strike_G","Strike_G","Strike_G","Strike_G","Defend_G","Defend_G","Defend_G","Defend_G","Defend_G","Survivor+1","Neutralize","PiercingWail","Terror"],"relics":["Ring of the Snake","Replay:Rubber Ducky"],"acts_visited":["Exordium"],"potions_floor_usage":[],"damage_taken":[{"damage":1.0,"enemies":"Cultist","floor":1.0,"turns":4.0},{"damage":0.0,"enemies":"Small Slimes","floor":4.0,"turns":4.0},{"damage":0.0,"enemies":"Jaw Worm","floor":5.0,"turns":5.0},{"damage":23,"enemies":"Lagavulin","floor":6,"turns":8}],"seed_played":"3915138151691119720","potions_obtained":[{"floor":5.0,"key":"SneckoOil"}],"is_trial":false,"path_per_floor":["M","T","$","M","M","E"],"character_chosen":"THE_SILENT","items_purchased":["DuplicationPotion"],"campfire_rested":0,"item_purchase_floors":[3],"current_hp_per_floor":[62,62,62,62,62,39,39],"gold":33,"neow_bonus":"UPGRADE_CARD","is_daily":false,"chose_seed":false,"campfire_upgraded":0,"win_rate":0.0,"timestamp":1607884271,"path_taken":["M","?","?","M","M","E"],"items_purchased_type":["Potion"],"build_version":"2020-11-30","purchased_purges":0,"victory":false,"max_hp_per_floor":[70,70,70,70,70,70,70],"relic_stats":{"counters":[4,21],"obtain_stats":[{"Ring of the Snake":0,"Replay:Rubber Ducky":2},{"Ring of the Snake":0,"Replay:Rubber Ducky":1},{"Ring of the Snake":0,"Replay:Rubber Ducky":4}],"Ring of the Snake":[8]},"card_choices":[{"not_picked":["Bane","conspire:PoisonWeapons","Outmaneuver"],"picked":"SKIP","floor":1.0},{"not_picked":["Hidden Blade","Dodge and Roll"],"picked":"PiercingWail","floor":4.0},{"not_picked":["Dash","Poisoned Stab"],"picked":"Terror","floor":5.0}],"player_experience":24009,"relics_obtained":[{"floor":2.0,"key":"Replay:Rubber Ducky"}],"event_choices":[],"is_beta":false,"boss_relics":[],"items_purged_floors":[],"is_endless":false,"potions_floor_spawned":[5],"killed_by":"Lagavulin","ascension_level":9}}