{"host":"f6tqpspb2ou2a4h5","time":1607862200,"event":{"mods":["2.2 Compatiblity","Ascension Unlocker","BaseMod","Colored Map","DeckTracker","Hermit","Highlight Path","KOR Keyword Fix","Keyboard Shortcuts","Minty Spire (QoL Compilation)","Permanent Neow","Quick Restart","Random Character Button","StSLib","SuperFastMode","The Poker Player","everything is the same but u backflip on backflip"],"gold_per_floor":[110,110,161,161,86,86,130,130,179,274,274,274,274,382,382,481,481,576,501,520,520,520,520,584,634,659,750,766,766,811,124,124,215,215,255,255,29,251,251,251,272,353,353,353,353,10,10,30,30,30],"floor_reached":51,"playtime":2600,"items_purged":["Strike_G","Prepared"],"score":1336,"play_id":"ab797e2a-9044-4c02-97f8-e58774983118","local_time":"20201213212320","is_ascension_mode":true,"campfire_choices":[{"data":"HandOfGreed","floor":6.0,"key":"SMITH"},{"data":"Terror","floor":8.0,"key":"SMITH"},{"data":"Footwork","floor":11.0,"key":"SMITH"},{"data":"Neutralize","floor":15.0,"key":"SMITH"},{"data":"Wraith Form v2","floor":23.0,"key":"SMITH"},{"floor":29.0,"key":"REST"},{"floor":32.0,"key":"REST"},{"data":"Apotheosis","floor":40.0,"key":"SMITH"},{"floor":44.0,"key":"REST"},{"floor":49.0,"key":"REST"}],"circlet_count":0,"master_deck":["AscendersBane","Survivor","Neutralize+1","HandOfGreed+1","Leg Sweep","Terror+1","Footwork+1","Blur","Wraith Form v2+1","Die Die Die","Deflect","Flechettes","Bullet Time","Burst","Adrenaline","Expertise","Bouncing Flask","Caltrops+1","Apotheosis+1","Catalyst","CurseOfTheBell","Deadly Poison","HandOfGreed","Dodge and Roll+1","Backflip","Outmaneuver+1"],"relics":["Ring of the Snake","CaptainsWheel","Art of War","Golden Idol","Ninja Scroll","Pandora\u0027s Box","Smiling Mask","Boot","Red Mask","Vajra","OrangePellets","Calling Bell","Toy Ornithopter","Mercury Hourglass","WingedGreaves","ClockworkSouvenir","Tough Bandages","Question Card","Mummified Hand","Sundial"],"acts_visited":["Exordium","TheCity","TheBeyond"],"potions_floor_usage":[50,50],"damage_taken":[{"damage":6.0,"enemies":"Cultist","floor":1.0,"turns":5.0},{"damage":2.0,"enemies":"Small Slimes","floor":3.0,"turns":5.0},{"damage":1.0,"enemies":"Jaw Worm","floor":7.0,"turns":2.0},{"damage":5.0,"enemies":"Lots of Slimes","floor":10.0,"turns":8.0},{"damage":0.0,"enemies":"3 Sentries","floor":14.0,"turns":16.0},{"damage":20.0,"enemies":"The Guardian","floor":16.0,"turns":18.0},{"damage":17.0,"enemies":"3 Byrds","floor":18.0,"turns":8.0},{"damage":3.0,"enemies":"Spheric Guardian","floor":20.0,"turns":3.0},{"damage":23.0,"enemies":"Book of Stabbing","floor":24.0,"turns":8.0},{"damage":14.0,"enemies":"Snake Plant","floor":25.0,"turns":5.0},{"damage":0.0,"enemies":"Masked Bandits","floor":27.0,"turns":4.0},{"damage":7.0,"enemies":"Snecko","floor":28.0,"turns":4.0},{"damage":16.0,"enemies":"Shelled Parasite and Fungi","floor":30.0,"turns":7.0},{"damage":16.0,"enemies":"Automaton","floor":33.0,"turns":10.0},{"damage":0.0,"enemies":"3 Shapes","floor":35.0,"turns":3.0},{"damage":0.0,"enemies":"3 Darklings","floor":41.0,"turns":3.0},{"damage":32.0,"enemies":"Mind Bloom Boss Battle","floor":42.0,"turns":8.0},{"damage":8.0,"enemies":"Maw","floor":48.0,"turns":6.0},{"damage":39,"enemies":"Donu and Deca","floor":50,"turns":15}],"seed_played":"3375838118779359390","potions_obtained":[{"floor":1.0,"key":"EssenceOfSteel"},{"floor":3.0,"key":"FearPotion"},{"floor":25.0,"key":"Ancient Potion"},{"floor":28.0,"key":"FearPotion"},{"floor":30.0,"key":"Swift Potion"},{"floor":33.0,"key":"Energy Potion"},{"floor":42.0,"key":"SpeedPotion"},{"floor":48.0,"key":"SpeedPotion"}],"is_trial":false,"path_per_floor":["M","T","M","?","$","R","M","R","T","M","R","?","?","E","R","B",null,"M","?","M","?","?","R","E","M","T","?","M","R","M","$","R","B",null,"M","?","$","?","?","R","M","?","T","R","T","$","$","M","R","B",null],"character_chosen":"THE_SILENT","items_purchased":["Apotheosis","Vajra","Catalyst","OrangePellets","Strength Potion","ClockworkSouvenir","Deadly Poison","Sundial","Backflip"],"campfire_rested":4,"item_purchase_floors":[31,31,31,31,31,37,37,46,46],"current_hp_per_floor":[38,38,36,58,58,58,57,57,57,52,52,52,52,52,52,32,53,36,36,33,33,45,45,22,8,8,8,1,19,3,3,21,5,46,46,46,46,46,46,46,51,19,19,36,36,36,36,28,45,16],"gold":30,"neow_bonus":"RANDOM_COLORLESS_2","is_daily":false,"chose_seed":false,"campfire_upgraded":6,"win_rate":0.0,"timestamp":1607862200,"path_taken":["M","?","M","?","?","R","M","R","T","?","R","?","?","E","R","BOSS","M","?","M","?","?","R","E","?","T","?","M","R","M","$","R","BOSS","M","?","$","?","?","R","?","?","T","R","?","?","$","M","R","BOSS"],"items_purchased_type":["Card","Relic","Card","Relic","Potion","Relic","Card","Relic","Card"],"build_version":"2020-11-30","purchased_purges":2,"victory":true,"max_hp_per_floor":[66,66,66,66,66,66,66,66,66,66,66,66,60,60,60,60,60,60,60,60,60,60,60,60,60,60,60,60,60,60,60,60,60,60,60,57,57,57,57,57,57,57,57,57,57,57,57,57,57,57],"card_choices":[{"not_picked":["Secret Technique","Magnetism"],"picked":"HandOfGreed","floor":0.0},{"not_picked":["PiercingWail","Blade Dance"],"picked":"Leg Sweep","floor":1.0},{"not_picked":["Blur","Quick Slash"],"picked":"Terror","floor":3.0},{"not_picked":["Acrobatics","Distraction"],"picked":"Footwork","floor":7.0},{"not_picked":["PiercingWail","Underhanded Strike"],"picked":"Blur","floor":10.0},{"not_picked":["Underhanded Strike","Terror"],"picked":"Wraith Form v2","floor":14.0},{"not_picked":["Storm of Steel","Tools of the Trade"],"picked":"Die Die Die","floor":16.0},{"not_picked":["Terror","Calculated Gamble"],"picked":"Bouncing Flask","floor":18.0},{"not_picked":["Backflip","Slice","Sucker Punch"],"picked":"SKIP","floor":20.0},{"not_picked":["Dagger Spray","Outmaneuver","Cloak And Dagger+1"],"picked":"SKIP","floor":24.0},{"not_picked":["Quick Slash","Dagger Throw+1","Deflect"],"picked":"SKIP","floor":25.0},{"not_picked":["Flechettes","Phantasmal Killer"],"picked":"Caltrops+1","floor":27.0},{"not_picked":["Dagger Throw","Dash","Dagger Spray"],"picked":"SKIP","floor":28.0},{"not_picked":["Dagger Spray","Catalyst","Reflex"],"picked":"SKIP","floor":30.0},{"not_picked":["Calculated Gamble","Finisher","Sucker Punch+1"],"picked":"SKIP","floor":35.0},{"not_picked":["Thinking Ahead","Violence"],"picked":"HandOfGreed","floor":39.0},{"not_picked":["Dagger Throw+1","Well Laid Plans","Footwork"],"picked":"SKIP","floor":41.0},{"not_picked":["Bane+1","Endless Agony"],"picked":"Dodge and Roll+1","floor":42.0},{"not_picked":["PiercingWail","Cloak And Dagger","Masterful Stab+1"],"picked":"Outmaneuver+1","floor":48.0}],"player_experience":14632,"relics_obtained":[{"floor":2.0,"key":"CaptainsWheel"},{"floor":9.0,"key":"Art of War"},{"floor":14.0,"key":"Ninja Scroll"},{"floor":24.0,"key":"Smiling Mask"},{"floor":26.0,"key":"Boot"},{"floor":27.0,"key":"Red Mask"},{"floor":34.0,"key":"Toy Ornithopter"},{"floor":34.0,"key":"Mercury Hourglass"},{"floor":34.0,"key":"WingedGreaves"},{"floor":42.0,"key":"Tough Bandages"},{"floor":43.0,"key":"Question Card"},{"floor":45.0,"key":"Mummified Hand"}],"event_choices":[{"damage_healed":22.0,"max_hp_gain":0.0,"max_hp_loss":0.0,"gold_gain":0.0,"event_name":"Big Fish","player_choice":"Banana","floor":4.0,"gold_loss":0.0,"damage_taken":0.0},{"damage_healed":0.0,"max_hp_gain":0.0,"max_hp_loss":0.0,"gold_gain":0.0,"event_name":"Dead Adventurer","player_choice":"Searched \u00271\u0027 times","floor":12.0,"gold_loss":0.0,"damage_taken":0.0},{"damage_healed":0.0,"max_hp_gain":0.0,"max_hp_loss":6.0,"gold_gain":0.0,"event_name":"Golden Idol","player_choice":"Lose Max HP","floor":13.0,"gold_loss":0.0,"damage_taken":0.0,"relics_obtained":["Golden Idol"]},{"cards_removed":["Heel Hook"],"damage_healed":0.0,"max_hp_gain":0.0,"max_hp_loss":0.0,"gold_gain":0.0,"event_name":"Beggar","player_choice":"Gave Gold","floor":19.0,"gold_loss":75.0,"damage_taken":0.0},{"cards_removed":["Skewer"],"damage_healed":0.0,"max_hp_gain":0.0,"max_hp_loss":0.0,"gold_gain":0.0,"event_name":"Back to Basics","player_choice":"Elegance","floor":21.0,"gold_loss":0.0,"damage_taken":0.0},{"damage_healed":12.0,"max_hp_gain":0.0,"max_hp_loss":0.0,"gold_gain":0.0,"event_name":"The Library","player_choice":"Heal","floor":22.0,"gold_loss":0.0,"damage_taken":0.0},{"damage_healed":0.0,"max_hp_gain":0.0,"max_hp_loss":0.0,"gold_gain":0.0,"event_name":"Masked Bandits","player_choice":"Fought Bandits","floor":27.0,"gold_loss":0.0,"damage_taken":0.0},{"damage_healed":0.0,"max_hp_gain":0.0,"max_hp_loss":3.0,"gold_gain":0.0,"event_name":"Winding Halls","player_choice":"Max HP","floor":36.0,"gold_loss":0.0,"damage_taken":0.0},{"damage_healed":0.0,"max_hp_gain":0.0,"max_hp_loss":0.0,"gold_gain":222.0,"event_name":"Tomb of Lord Red Mask","player_choice":"Wore Mask","floor":38.0,"gold_loss":0.0,"damage_taken":0.0},{"damage_healed":0.0,"max_hp_gain":0.0,"max_hp_loss":0.0,"gold_gain":0.0,"event_name":"SensoryStone","player_choice":"Memory 1","floor":39.0,"gold_loss":0.0,"damage_taken":0.0},{"damage_healed":0.0,"max_hp_gain":0.0,"max_hp_loss":0.0,"gold_gain":0.0,"event_name":"MindBloom","player_choice":"Fight","floor":42.0,"gold_loss":0.0,"damage_taken":0.0}],"is_beta":false,"boss_relics":[{"not_picked":["Runic Pyramid","Busted Crown"],"picked":"Pandora\u0027s Box"},{"not_picked":["Runic Dome","Coffee Dripper"],"picked":"Calling Bell"}],"items_purged_floors":[5,31],"is_endless":false,"potions_floor_spawned":[1,3,10,25,28,30,33,42,48],"ascension_level":19}}