{"host":"x6nowcojk5kpg2sb","time":1607889929,"event":{"mods":["BaseMod","Colored Powertips","Downfall","Friendly Minions","Minty Spire (QoL Compilation)","Rare Cards Sparkle","StSLib","Unceasing Turn Reminder","WarShipGirlsR/????R mod"],"gold_per_floor":[115,115,132,132,61,90,90,101,101,134,134,60,79,114,114,213,213,233,332,358,126,137,169,169,189,189,201,201,233,247,260,260,355,355,374,387,387,437,452,452,484,484,507,729,729,52,69,79,79,79,79,79,0,35,35,35],"floor_reached":55,"playtime":3682,"items_purged":["rmod:defend","rmod:ring"],"score":830,"play_id":"d6272e44-614d-49cc-8b48-01f304e8c477","local_time":"20201213150529","is_ascension_mode":false,"campfire_choices":[{"data":"rmod:guardianhero","floor":7,"key":"SMITH"},{"floor":15,"key":"REST"},{"data":"rmod:acesubmarine","floor":24,"key":"SMITH"},{"floor":32,"key":"REST"},{"floor":40,"key":"REST"},{"floor":42,"key":"REST"},{"floor":45,"key":"RECALL"},{"floor":49,"key":"REST"},{"data":"rmod:expedition","floor":52,"key":"SMITH"}],"circlet_count":0,"master_deck":["rmod:strick","rmod:strick","rmod:strick+1","rmod:defend","rmod:defend","rmod:defend","rmod:basicallowance","Apotheosis+1","rmod:guardianhero+1","rmod:aluminumsupply","rmod:intelligenceanalysis","rmod:ammunitionsupply","rmod:aviationdawn","rmod:rockthrower","rmod:wolves","rmod:firesupport","rmod:punchline","rmod:steelsupply","rmod:acesubmarine+1","rmod:lonelyqueen+1","rmod:luckystar","rmod:aluminumsupply","rmod:firesupport","rmod:diaomin","rmod:wife+1","rmod:mineteam","rmod:fletcherpendant","rmod:salvage+1","rmod:guardianhero","rmod:highspeedmaneuver","rmod:fletcherpendant+1","Panache","Sadistic Nature","rmod:fletcherpendant","rmod:diamondstrike+1","rmod:wife+1","rmod:goodsister","rmod:expedition+1","rmod:supportaircraftcarrier","rmod:fuelsupply","rmod:mineteam","rmod:abidefaith"],"relics":["Blue Candle","PreservedInsect","Mango","Dream Catcher","Art of War","Sozu","Red Mask","Oddly Smooth Stone","Bottled Lightning","Mummified Hand","Bottled Flame","rmod:mogul","TungstenRod","Whetstone","Pen Nib","HornCleat","ClockworkSouvenir","Centennial Puzzle"],"acts_visited":["Exordium","TheCity","TheBeyond","TheEnding"],"potions_floor_usage":[16,16,33],"damage_taken":[{"damage":0,"enemies":"Cultist","floor":1,"turns":3},{"damage":0,"enemies":"2 Louse","floor":3,"turns":2},{"damage":0,"enemies":"Gremlin Nob","floor":6,"turns":4},{"damage":0,"enemies":"Jaw Worm","floor":8,"turns":3},{"damage":25,"enemies":"Lagavulin","floor":10,"turns":5},{"damage":0,"enemies":"Exordium Wildlife","floor":13,"turns":3},{"damage":0,"enemies":"Gremlin Nob","floor":14,"turns":2},{"damage":8,"enemies":"The Guardian","floor":16,"turns":6},{"damage":12,"enemies":"Shell Parasite","floor":18,"turns":4},{"damage":0,"enemies":"Masked Bandits","floor":20,"turns":3},{"damage":0,"enemies":"3 Byrds","floor":22,"turns":3},{"damage":8,"enemies":"Book of Stabbing","floor":23,"turns":3},{"damage":0,"enemies":"Snecko","floor":25,"turns":3},{"damage":9,"enemies":"Centurion and Healer","floor":27,"turns":4},{"damage":5,"enemies":"Gremlin Leader","floor":29,"turns":4},{"damage":20,"enemies":"Snake Plant","floor":30,"turns":4},{"damage":6,"enemies":"3 Cultists","floor":31,"turns":3},{"damage":41,"enemies":"Collector","floor":33,"turns":7},{"damage":16,"enemies":"3 Darklings","floor":35,"turns":6},{"damage":11,"enemies":"Orb Walker","floor":36,"turns":3},{"damage":6,"enemies":"Mind Bloom Boss Battle","floor":38,"turns":4},{"damage":8,"enemies":"Jaw Worm Horde","floor":39,"turns":4},{"damage":12,"enemies":"Reptomancer","floor":41,"turns":3},{"damage":20,"enemies":"4 Shapes","floor":47,"turns":4},{"damage":2,"enemies":"Maw","floor":48,"turns":4},{"damage":34,"enemies":"Awakened One","floor":50,"turns":8},{"damage":31,"enemies":"Shield and Spear","floor":54,"turns":6},{"damage":66,"enemies":"The Heart","floor":55,"turns":9}],"seed_played":"4134621923602073888","potions_obtained":[{"floor":1,"key":"BlessingOfTheForge"},{"floor":3,"key":"Ancient Potion"},{"floor":8,"key":"LiquidBronze"},{"floor":14,"key":"FearPotion"}],"is_trial":false,"path_per_floor":["M","?","M","?","$","E","R","M","T","E","T","$","M","E","R","B",null,"M","?","?","$","M","E","R","M","T","M","?","E","M","M","R","B",null,"M","M","?","?","M","R","E","R","T","?","R","$","M","M","R","B",null,"R","$","E","B"],"character_chosen":"PRAEFECT","items_purchased":["rmod:intelligenceanalysis","rmod:ammunitionsupply","rmod:wolves","Oddly Smooth Stone","Pen Nib","rmod:expedition","HornCleat","ClockworkSouvenir","rmod:mineteam"],"campfire_rested":5,"item_purchase_floors":[5,5,12,21,46,46,46,46,53],"current_hp_per_floor":[68,68,68,61,61,61,61,61,61,50,50,50,50,50,74,66,82,70,70,70,70,70,62,62,62,62,53,53,48,28,22,46,5,82,66,55,50,44,36,60,48,72,72,72,72,72,52,50,74,40,82,82,82,51,0,0],"gold":35,"neow_bonus":"RANDOM_COLORLESS_2","is_daily":false,"chose_seed":false,"campfire_upgraded":3,"win_rate":0.0,"timestamp":1607889929,"path_taken":["M","?","M","?","$","E","R","M","T","E","?","$","?","E","R","BOSS","M","?","?","$","M","E","R","M","T","M","?","E","?","M","R","BOSS","M","?","?","?","M","R","E","R","T","?","R","$","M","M","R","BOSS","R","$","E","BOSS"],"items_purchased_type":["Card","Card","Card","Relic","Relic","Card","Relic","Relic","Card"],"build_version":"2020-11-30","purchased_purges":2,"victory":false,"max_hp_per_floor":[68,68,68,68,68,68,68,68,68,82,82,82,82,82,82,82,82,82,82,82,82,82,82,82,82,82,82,82,82,82,82,82,82,82,82,82,82,82,82,82,82,82,82,82,82,82,82,82,82,82,82,82,82,82,82,82],"card_choices":[{"not_picked":["Metamorphosis","Sadistic Nature"],"picked":"Apotheosis","floor":0},{"not_picked":["rmod:combined","rmod:smokecover"],"picked":"rmod:guardianhero","floor":1},{"not_picked":["rmod:supportescort","rmod:fuelsupply"],"picked":"rmod:aluminumsupply","floor":3},{"not_picked":["rmod:combined","rmod:supportescort"],"picked":"rmod:aviationdawn","floor":6},{"not_picked":["rmod:circuitoustactics","rmod:diamondstrike"],"picked":"rmod:ring","floor":8},{"not_picked":["rmod:tearstotiara","rmod:ammunitionsupply"],"picked":"rmod:rockthrower","floor":10},{"not_picked":["rmod:ammunitionsupply","rmod:slowdown"],"picked":"rmod:firesupport","floor":13},{"not_picked":["rmod:supriseattacks","rmod:sl"],"picked":"rmod:punchline","floor":14},{"not_picked":["rmod:rockthrower","rmod:aviationdawn"],"picked":"rmod:steelsupply","floor":15},{"not_picked":["rmod:highspeedmaneuver","rmod:stealaluminum"],"picked":"rmod:acesubmarine","floor":16},{"not_picked":["rmod:unsinkable","rmod:victimresponsibility"],"picked":"rmod:lonelyqueen+1","floor":18},{"not_picked":["rmod:intelligenceanalysis","rmod:aviationdawn"],"picked":"rmod:luckystar","floor":20},{"not_picked":["rmod:steelsupply","rmod:fletcherpendant"],"picked":"rmod:aluminumsupply","floor":22},{"not_picked":["rmod:selfconfidence","rmod:victimresponsibility"],"picked":"rmod:firesupport","floor":23},{"not_picked":["rmod:ammunitionsupply+1","rmod:tearstotiara"],"picked":"rmod:diaomin","floor":25},{"not_picked":["rmod:firesupport+1","rmod:ammunitionsupply"],"picked":"rmod:wife+1","floor":27},{"not_picked":["rmod:tearstotiara+1","rmod:saltedfish"],"picked":"rmod:mineteam","floor":29},{"not_picked":["rmod:goodfighter+1","rmod:slowdown+1"],"picked":"rmod:fletcherpendant","floor":30},{"not_picked":["rmod:victimresponsibility+1","rmod:intelligenceanalysis"],"picked":"rmod:salvage","floor":31},{"not_picked":["rmod:garrisonisland","rmod:circuitoustactics"],"picked":"rmod:guardianhero","floor":32},{"not_picked":["rmod:saltedfish","rmod:supriseattacks"],"picked":"rmod:highspeedmaneuver","floor":33},{"not_picked":["rmod:goodfighter","rmod:tearstotiara+1"],"picked":"rmod:fletcherpendant+1","floor":35},{"not_picked":["rmod:steelsupply+1","rmod:rockthrower","rmod:combined"],"picked":"SKIP","floor":36},{"not_picked":["Mind Blast","Secret Technique"],"picked":"Panache","floor":37},{"not_picked":["expansioncontent:SlimeTackle","Dramatic Entrance"],"picked":"Sadistic Nature","floor":37},{"not_picked":["rmod:victimresponsibility+1","rmod:ring"],"picked":"rmod:fletcherpendant","floor":38},{"not_picked":["rmod:ammunitionsupply","rmod:firesupport"],"picked":"rmod:diamondstrike+1","floor":39},{"not_picked":["rmod:fletcherpendant+1","rmod:steelsupply+1"],"picked":"rmod:wife+1","floor":40},{"not_picked":["rmod:supriseattacks","rmod:launchingtorpedo+1","rmod:aluminumsupply"],"picked":"SKIP","floor":41},{"not_picked":["rmod:fletcherpendant","rmod:supportescort+1"],"picked":"rmod:goodsister","floor":42},{"not_picked":["rmod:generalist+1","rmod:diamondstrike+1"],"picked":"rmod:supportaircraftcarrier","floor":47},{"not_picked":["rmod:mineteam+1","rmod:shuttlebombing+1"],"picked":"rmod:fuelsupply","floor":48},{"not_picked":["rmod:wife","rmod:steelsupply"],"picked":"rmod:abidefaith","floor":54}],"player_experience":459836,"relics_obtained":[{"floor":6,"key":"Blue Candle"},{"floor":9,"key":"PreservedInsect"},{"floor":10,"key":"Mango"},{"floor":11,"key":"Dream Catcher"},{"floor":14,"key":"Art of War"},{"floor":20,"key":"Red Mask"},{"floor":23,"key":"Bottled Lightning"},{"floor":26,"key":"Mummified Hand"},{"floor":29,"key":"Bottled Flame"},{"floor":38,"key":"TungstenRod"},{"floor":41,"key":"Whetstone"},{"floor":54,"key":"Centennial Puzzle"}],"event_choices":[{"damage_healed":0,"gold_gain":0,"player_choice":"Grow","damage_taken":0,"max_hp_gain":0,"max_hp_loss":0,"event_name":"Living Wall","floor":2,"gold_loss":0,"cards_upgraded":["Apotheosis"]},{"cards_removed":["rmod:strick"],"damage_healed":0,"gold_gain":0,"player_choice":"Card Removal","damage_taken":7,"max_hp_gain":0,"max_hp_loss":0,"event_name":"Golden Wing","floor":4,"gold_loss":0},{"damage_healed":0,"gold_gain":99,"player_choice":"Stole From Cult","damage_taken":0,"max_hp_gain":0,"max_hp_loss":0,"event_name":"Nest","floor":19,"gold_loss":0},{"damage_healed":0,"gold_gain":0,"player_choice":"Fought Bandits","damage_taken":0,"max_hp_gain":0,"max_hp_loss":0,"event_name":"Masked Bandits","floor":20,"gold_loss":0},{"cards_removed":["rmod:maingunfire"],"damage_healed":0,"gold_gain":0,"player_choice":"Offered Basic","damage_taken":0,"max_hp_gain":0,"max_hp_loss":0,"event_name":"Bonfire Elementals","floor":28,"gold_loss":0},{"damage_healed":0,"gold_gain":0,"player_choice":"Memory 2","damage_taken":5,"max_hp_gain":0,"max_hp_loss":0,"event_name":"SensoryStone","floor":37,"gold_loss":0},{"damage_healed":0,"gold_gain":0,"player_choice":"Fight","damage_taken":0,"max_hp_gain":0,"max_hp_loss":0,"event_name":"MindBloom","floor":38,"gold_loss":0},{"damage_healed":0,"gold_gain":222,"player_choice":"Wore Mask","damage_taken":0,"max_hp_gain":0,"max_hp_loss":0,"event_name":"Tomb of Lord Red Mask","floor":44,"gold_loss":0}],"is_beta":false,"boss_relics":[{"not_picked":["Calling Bell","Runic Pyramid"],"picked":"Sozu"},{"not_picked":["Cursed Key","SacredBark"],"picked":"rmod:mogul"}],"items_purged_floors":[21,46],"is_endless":false,"potions_floor_spawned":[1,3,8,14,25,27,31,36,38,39,47,48],"killed_by":"The Heart","ascension_level":0}}