{"host":"ow9msrs9p2ctkx99","time":1607845144,"event":{"mods":["AchievementEnabler","BaseMod","Colored Map","Colored Powertips","Minty Spire (QoL Compilation)","Permanent Neow","Quick Restart","SuperFastMode"],"gold_per_floor":[119,119,119,194,83,83,83,102,180,180,199,228,238,290,290,290,290],"floor_reached":16,"playtime":200,"items_purged":["Strike_B"],"score":147,"play_id":"607190fe-fc2e-4afb-8c19-910f51d48c6b","local_time":"20201213083904","is_ascension_mode":true,"campfire_choices":[{"floor":6,"key":"DIG"},{"floor":10,"key":"DIG"},{"floor":15,"key":"DIG"}],"circlet_count":0,"master_deck":["AscendersBane","Strike_B","Strike_B","Defend_B","Defend_B","Defend_B","Defend_B","Zap","Dualcast","The Bomb","Rip and Tear","Auto Shields","Conserve Battery","Ball Lightning","Cold Snap","Rebound"],"relics":["Cracked Core","Shovel","Cables","The Courier","DataDisk","Mercury Hourglass","Toy Ornithopter","Akabeko"],"acts_visited":["Exordium"],"potions_floor_usage":[12],"damage_taken":[{"damage":10,"enemies":"Small Slimes","floor":1,"turns":3},{"damage":0,"enemies":"2 Louse","floor":8,"turns":1},{"damage":7,"enemies":"Jaw Worm","floor":11,"turns":2},{"damage":3,"enemies":"3 Sentries","floor":12,"turns":3},{"damage":0,"enemies":"Large Slime","floor":13,"turns":3},{"damage":31,"enemies":"The Guardian","floor":16,"turns":5}],"seed_played":"-8723943025856073988","potions_obtained":[{"floor":1,"key":"Block Potion"},{"floor":11,"key":"SmokeBomb"}],"is_trial":false,"path_per_floor":["M","?","?","?","$","R","?","M","T","R","M","E","M","T","R","B"],"character_chosen":"DEFECT","items_purchased":["Auto Shields"],"campfire_rested":0,"item_purchase_floors":[5],"current_hp_per_floor":[58,58,51,40,40,40,40,40,40,40,33,30,30,30,30,0,0],"gold":290,"neow_bonus":"RANDOM_COLORLESS_2","is_daily":false,"chose_seed":false,"campfire_upgraded":0,"win_rate":0.0,"timestamp":1607845144,"path_taken":["M","?","?","?","?","R","?","M","T","R","?","E","M","?","R","BOSS"],"items_purchased_type":["Card"],"build_version":"2020-11-30","purchased_purges":1,"victory":false,"max_hp_per_floor":[75,75,75,75,75,75,75,75,75,75,75,75,75,75,75,75,75],"card_choices":[{"not_picked":["Apotheosis","Metamorphosis"],"picked":"The Bomb","floor":0},{"not_picked":["Beam Cell","White Noise"],"picked":"Rip and Tear","floor":1},{"not_picked":["Stack","Go for the Eyes"],"picked":"Ball Lightning","floor":8},{"not_picked":["Blizzard","Go for the Eyes"],"picked":"Cold Snap","floor":11},{"not_picked":["Stack","Redo","Amplify"],"picked":"SKIP","floor":12},{"not_picked":["Streamline","Reinforced Body"],"picked":"Rebound","floor":13}],"player_experience":997736,"relics_obtained":[{"floor":6,"key":"Cables"},{"floor":9,"key":"The Courier"},{"floor":10,"key":"DataDisk"},{"floor":12,"key":"Mercury Hourglass"},{"floor":14,"key":"Toy Ornithopter"},{"floor":15,"key":"Akabeko"}],"event_choices":[{"cards_removed":["Writhe"],"damage_healed":0,"gold_gain":0,"player_choice":"Forget","damage_taken":0,"max_hp_gain":0,"max_hp_loss":0,"event_name":"Living Wall","floor":2,"gold_loss":0},{"damage_healed":0,"gold_gain":0,"player_choice":"Success","damage_taken":7,"relics_obtained":["Shovel"],"max_hp_gain":0,"max_hp_loss":0,"event_name":"Scrap Ooze","floor":3,"gold_loss":0},{"damage_healed":0,"gold_gain":75,"player_choice":"Gather Gold","damage_taken":11,"max_hp_gain":0,"max_hp_loss":0,"event_name":"World of Goop","floor":4,"gold_loss":0},{"damage_healed":0,"gold_gain":0,"cards_transformed":["Strike_B"],"player_choice":"Transformed","damage_taken":0,"max_hp_gain":0,"max_hp_loss":0,"event_name":"Transmorgrifier","floor":7,"gold_loss":0,"cards_obtained":["Conserve Battery"]}],"is_beta":false,"boss_relics":[],"items_purged_floors":[5],"is_endless":false,"potions_floor_spawned":[1,11],"killed_by":"The Guardian","ascension_level":10}}