{"host":"wnbfov91sqg45vrw","time":1607903475,"event":{"mods":["BaseMod","Downfall","GifTheSpireLib","Marisa????????","Minty Spire (QoL Compilation)","StSLib","The Jungle","The Necromancer","The Servant 0.9.4"],"gold_per_floor":[99,30,30,30,30,30,30,30,30],"floor_reached":8,"playtime":282,"items_purged":[],"score":40,"play_id":"dd8182dc-5812-4177-8825-a48e577480a8","local_time":"20201213175115","is_ascension_mode":false,"campfire_choices":[{"data":"hexamod:Sear","floor":1,"key":"SMITH"},{"data":"hexamod:RadiantFlame","floor":4,"key":"SMITH"},{"data":"hexamod:EmpoweredFlame","floor":6,"key":"SMITH"}],"circlet_count":0,"master_deck":["hexamod:Strike","hexamod:Strike","hexamod:Strike","hexamod:Strike","hexamod:Defend","hexamod:Defend","hexamod:Defend","hexamod:Defend","hexamod:Sear+1","hexamod:Float","hexamod:RadiantFlame+1","hexamod:GhostOfSpirePresent","hexamod:EmpoweredFlame+1","hexamod:DynamicBlow"],"relics":["hexamod:SpiritBrand","downfall:HeartsMalice","FossilizedHelix"],"acts_visited":["Exordium"],"potions_floor_usage":[],"damage_taken":[{"damage":0,"enemies":"downfall:FleeingMerchant","floor":2,"turns":1},{"damage":0,"enemies":"Cultist","floor":3,"turns":1},{"damage":0,"enemies":"2 Louse","floor":5,"turns":1},{"damage":12,"enemies":"3 Sentries","floor":8,"turns":4}],"seed_played":"-91126283064108427","potions_obtained":[],"is_trial":false,"path_per_floor":["R","$","M","R","M","R","T","E"],"character_chosen":"THE_SPIRIT","items_purchased":["hexamod:GhostOfSpirePresent"],"campfire_rested":0,"item_purchase_floors":[2],"current_hp_per_floor":[70,70,70,70,70,70,70,58,58],"gold":30,"neow_bonus":"THREE_ENEMY_KILL","is_daily":false,"chose_seed":false,"campfire_upgraded":3,"win_rate":0.0,"timestamp":1607903475,"path_taken":["R","?","M","R","M","R","T","E"],"items_purchased_type":["Card"],"build_version":"2020-12-13","purchased_purges":0,"victory":false,"max_hp_per_floor":[70,70,70,70,70,70,70,70,70],"card_choices":[{"not_picked":["hexamod:ShieldOfDarkness","hexamod:Hexaguard"],"picked":"hexamod:RadiantFlame","floor":2},{"not_picked":["hexamod:FirstSeal","hexamod:FastForward"],"picked":"hexamod:EmpoweredFlame","floor":3},{"not_picked":["hexamod:Hexaguard","hexamod:AdvancingGuard"],"picked":"hexamod:DynamicBlow","floor":5}],"player_experience":1732849,"relics_obtained":[{"floor":7,"key":"FossilizedHelix"}],"event_choices":[],"is_beta":false,"boss_relics":[],"items_purged_floors":[],"is_endless":false,"potions_floor_spawned":[],"killed_by":"3 Sentries","ascension_level":0}}