{"host":"xwog71r75u8mqwn1","time":1607838606,"event":{"mods":["BaseMod","Downfall","Minty Spire (QoL Compilation)","StSLib","The Runesmith"],"gold_per_floor":[119,138,9,9,9,9,9,9,35,52,66,86,86,117,117,117,117],"floor_reached":16,"playtime":605,"items_purged":["Strike_G"],"score":140,"play_id":"7a854f72-73ce-43e5-8272-bb0672b92b5a","local_time":"20201212235006","is_ascension_mode":true,"campfire_choices":[{"data":"Prepared","floor":6,"key":"SMITH"},{"data":"Adrenaline","floor":8,"key":"SMITH"},{"floor":15,"key":"REST"}],"circlet_count":0,"master_deck":["Strike_G","Strike_G","Strike_G","Defend_G","Defend_G","Defend_G","Defend_G","Defend_G","Survivor","Neutralize","Adrenaline+1","Prepared+1","Deflect","Dagger Spray+1","Bane","Footwork"],"relics":["Ring of the Snake","Runesmith:AutoHammer","Ninja Scroll"],"acts_visited":["Exordium"],"potions_floor_usage":[14],"damage_taken":[{"damage":3,"enemies":"Small Slimes","floor":1,"turns":5},{"damage":2,"enemies":"2 Louse","floor":2,"turns":2},{"damage":0,"enemies":"Cultist","floor":10,"turns":3},{"damage":3,"enemies":"3 Louse","floor":11,"turns":3},{"damage":0,"enemies":"Looter","floor":12,"turns":3},{"damage":29,"enemies":"Gremlin Nob","floor":14,"turns":4},{"damage":5,"enemies":"The Guardian","floor":16,"turns":9}],"seed_played":"2833306142392259799","potions_obtained":[{"floor":12,"key":"SteroidPotion"},{"floor":14,"key":"sneckomod:MuddlingPotion"}],"is_trial":false,"path_per_floor":["M","M","$","?","?","R","?","R","T","M","M","M","?","E","R","B"],"character_chosen":"THE_SILENT","items_purchased":["Dagger Spray"],"campfire_rested":1,"item_purchase_floors":[3],"current_hp_per_floor":[60,58,58,58,58,58,58,58,58,58,55,55,60,31,53,48,48],"gold":117,"neow_bonus":"ONE_RANDOM_RARE_CARD","is_daily":false,"chose_seed":false,"campfire_upgraded":2,"win_rate":0.0,"timestamp":1607838606,"path_taken":["M","M","$","?","?","R","?","R","T","M","?","M","?","E","R","BOSS"],"items_purchased_type":["Card"],"build_version":"2020-11-30","purchased_purges":1,"victory":false,"max_hp_per_floor":[70,70,70,70,70,70,70,70,70,70,70,70,75,75,75,75,75],"card_choices":[{"not_picked":["Sucker Punch","Outmaneuver"],"picked":"Prepared","floor":1},{"not_picked":["Backflip","Dodge and Roll"],"picked":"Deflect","floor":2},{"not_picked":["Distraction","Dodge and Roll"],"picked":"Bane","floor":10},{"not_picked":["Backflip","Bouncing Flask","Quick Slash"],"picked":"SKIP","floor":11},{"not_picked":["Poisoned Stab","Acrobatics"],"picked":"Footwork","floor":12},{"not_picked":["Poisoned Stab","Venomology","Dagger Throw"],"picked":"SKIP","floor":14}],"player_experience":2411445,"relics_obtained":[{"floor":9,"key":"Runesmith:AutoHammer"},{"floor":14,"key":"Ninja Scroll"}],"event_choices":[{"damage_healed":0,"gold_gain":0,"player_choice":"Ignored","damage_taken":0,"max_hp_gain":0,"max_hp_loss":0,"event_name":"Liars Game","floor":4,"gold_loss":0},{"cards_removed":["Strike_G"],"damage_healed":0,"gold_gain":0,"player_choice":"Forget","damage_taken":0,"max_hp_gain":0,"max_hp_loss":0,"event_name":"Living Wall","floor":5,"gold_loss":0},{"damage_healed":0,"gold_gain":0,"player_choice":"Upgraded","damage_taken":0,"max_hp_gain":0,"max_hp_loss":0,"event_name":"Upgrade Shrine","floor":7,"gold_loss":0,"cards_upgraded":["Dagger Spray"]},{"damage_healed":0,"gold_gain":0,"player_choice":"Donut","damage_taken":0,"max_hp_gain":5,"max_hp_loss":0,"event_name":"Big Fish","floor":13,"gold_loss":0}],"is_beta":false,"boss_relics":[],"items_purged_floors":[3],"is_endless":false,"potions_floor_spawned":[12,14],"killed_by":"The Guardian","ascension_level":8}}