{"host":"kyy1kus4tsuq869y","time":1607851811,"event":{"mods":["BaseMod","Downfall","GifTheSpireLib","HololiveMod","Hubris","Jorbs\u0027s Wanderer Trilogy","Marisa£®ÏF”Í°°ƒß¿Ì…≥£©","Minty Spire (QoL Compilation)","Quick Restart","READ ME - Guardian Mod","READ ME - Snecko Mod","Reimu£®≤©¿ˆ¡È√Œ£©","Remilia£®¿Ÿ√◊¿Ú—«£©","Replay The Spire","StSLib","Td1madao Mod","The Administrix","The Animator","The Bug Knight","The Construct","The Cursed","The Hierophant","The Runesmith","The Senshi","The Servant 0.9.4","Youmu£®ªÍ∆«—˝√Œ£©"],"gold_per_floor":[116,116,58,58,58,93,12,12,94,94,109,149,169,31,31,125,425,449,467,467,467],"floor_reached":20,"playtime":478,"items_purged":[],"score":400,"play_id":"c7713196-1f75-4c52-a7b3-2c449961cb3b","local_time":"20201213173011","is_ascension_mode":true,"campfire_choices":[{"data":"Fire Breathing","floor":8.0,"key":"SMITH"},{"data":"Reckless Charge","floor":10.0,"key":"SMITH"},{"floor":15.0,"key":"REST"}],"circlet_count":0,"master_deck":["AscendersBane","Strike_R","Strike_R","Strike_R","Strike_R","Strike_R","Defend_R","Defend_R","Defend_R","Defend_R","Bash","Infernal Blade","Wild Strike","Fire Breathing+1","Reckless Charge+1","Feel No Pain","Reckless Charge","Juggernaut","Berserk","Guardian:Aged","hubris:Wrath","Slimebound:Icky","Infernal Blade","Feel No Pain"],"relics":["Burning Blood","NeowsBlessing","hubris:Metronome","Golden Idol","PreservedInsect","The Courier","ReplayFunnel","Replay:Ancient Bell","Replay:Wax Seal","hubris:BottledRain","Old Coin"],"acts_visited":["Exordium","TheCity"],"potions_floor_usage":[20],"damage_taken":[{"damage":0.0,"enemies":"Small Slimes","floor":1.0,"turns":1.0},{"damage":0.0,"enemies":"HollowMod:MossKnight","floor":6.0,"turns":1.0},{"damage":0.0,"enemies":"Jaw Worm","floor":11.0,"turns":1.0},{"damage":26.0,"enemies":"Replay:BlueRogue","floor":12.0,"turns":7.0},{"damage":14.0,"enemies":"2 Louse","floor":13.0,"turns":3.0},{"damage":37.0,"enemies":"The Guardian","floor":16.0,"turns":9.0},{"damage":20.0,"enemies":"Chosen","floor":18.0,"turns":4.0},{"damage":30.0,"enemies":"Spheric Guardian","floor":19.0,"turns":4.0},{"damage":24,"enemies":"Snake Plant","floor":20,"turns":1}],"seed_played":"-3928015820579651516","potions_obtained":[{"floor":1.0,"key":"Swift Potion"},{"floor":12.0,"key":"SteroidPotion"},{"floor":16.0,"key":"Slimebound:ThreeZeroPotion"}],"is_trial":false,"path_per_floor":["M","?","$","?","?","E","$","R","T","R","M","E","M","$","R","B",null,"M","M","M"],"character_chosen":"IRONCLAD","items_purchased":["Wild Strike","Reckless Charge","Juggernaut"],"campfire_rested":1,"item_purchase_floors":[3,7,14],"current_hp_per_floor":[74,48,48,48,68,68,68,68,68,68,68,48,40,40,60,29,58,44,20,0,0],"gold":467,"neow_bonus":"THREE_ENEMY_KILL","is_daily":false,"chose_seed":false,"campfire_upgraded":2,"win_rate":0.0,"timestamp":1607851811,"path_taken":["M","?","$","?","?","E","?","R","T","R","M","E","M","?","R","BOSS","M","?","M"],"items_purchased_type":["Card","Card","Card"],"build_version":"2020-11-30","purchased_purges":0,"victory":false,"max_hp_per_floor":[75,75,75,68,68,68,68,68,68,68,68,68,68,68,68,68,68,68,68,68,68],"card_choices":[{"not_picked":["Twin Strike","Intimidate"],"picked":"Infernal Blade","floor":1.0},{"not_picked":["Dark Embrace","Battle Trance"],"picked":"Fire Breathing","floor":6.0},{"not_picked":["Havoc","ReplayTheSpireMod:Strike From Hell","Hemokinesis"],"picked":"SKIP","floor":11.0},{"not_picked":["True Grit","Run Through"],"picked":"Feel No Pain","floor":12.0},{"not_picked":["Metallicize","Clothesline"],"picked":"Reckless Charge","floor":13.0},{"not_picked":["Demonic Infusion","Fiend Fire"],"picked":"Berserk","floor":16.0},{"not_picked":["Replay:Sluggish","hubris:Envy"],"picked":"Guardian:Aged","floor":17.0},{"not_picked":["Overencumbered","stsjorbsmod:Procrastination"],"picked":"hubris:Wrath","floor":17.0},{"not_picked":["Pain","Regret"],"picked":"Slimebound:Icky","floor":17.0},{"not_picked":["Abandon","Clothesline"],"picked":"Infernal Blade","floor":18.0},{"not_picked":["Battle Trance+1","Body Slam"],"picked":"Feel No Pain","floor":19.0}],"player_experience":453560,"relics_obtained":[{"floor":6.0,"key":"PreservedInsect"},{"floor":9.0,"key":"The Courier"},{"floor":12.0,"key":"ReplayFunnel"}],"event_choices":[{"damage_healed":0.0,"max_hp_gain":0.0,"max_hp_loss":0.0,"gold_gain":0.0,"event_name":"Scrap Ooze","player_choice":"Success","floor":2.0,"gold_loss":0.0,"damage_taken":26.0,"relics_obtained":["hubris:Metronome"]},{"damage_healed":0.0,"max_hp_gain":0.0,"max_hp_loss":7.0,"gold_gain":0.0,"event_name":"Golden Idol","player_choice":"Lose Max HP","floor":4.0,"gold_loss":0.0,"damage_taken":0.0,"relics_obtained":["Golden Idol"]},{"damage_healed":22.0,"max_hp_gain":0.0,"max_hp_loss":0.0,"gold_gain":0.0,"event_name":"Big Fish","player_choice":"Banana","floor":5.0,"gold_loss":0.0,"damage_taken":0.0}],"is_beta":false,"boss_relics":[{"not_picked":["Replay:Grab Bag","Coffee Dripper"],"picked":"Replay:Ancient Bell"},{"not_picked":["Anchor","Orichalcum"],"picked":"Replay:Wax Seal"},{"not_picked":["hubris:IronBody","Replay:Bottled Flurry"],"picked":"hubris:BottledRain"},{"not_picked":["Calipers","Unceasing Top"],"picked":"Old Coin"}],"items_purged_floors":[],"is_endless":false,"potions_floor_spawned":[1,12,16],"killed_by":"Snake Plant","ascension_level":19}}