{"host":"ljavmhyz2e552xgo","time":1607852005,"event":{"mods":["BaseMod","Better Third Choice","Downfall","Friendly Minions","Minty Spire (QoL Compilation)","Permanent Neow","Spicy Shops","StSLib"],"gold_per_floor":[99,99,115,115,215,283,283,283,298,223,273,286,306,317,335,440,440,440],"floor_reached":17,"playtime":1084,"items_purged":[],"score":149,"play_id":"621dacb8-a949-4c3a-9045-75e24f688834","local_time":"20201213033325","is_ascension_mode":false,"campfire_choices":[{"data":"champ:Duel","floor":1,"key":"SMITH"},{"data":"champ:Taunt","floor":4,"key":"SMITH"},{"floor":8,"key":"RECALL"},{"data":"champ:Haymaker","floor":10,"key":"SMITH"}],"circlet_count":0,"master_deck":["champ:Execute","champ:Taunt+1","champ:Duel+1","Distraction","champ:AdrenalArmor","champ:FocusedDefense","champ:RisingSlash","champ:Haymaker+1","champ:CrookedStrike","champ:StrikeOfGenius","champ:GladiatorsShout","champ:ViciousMockery","champ:CheapShot","champ:GladiatorsShout","champ:Lariat","champ:Duel","champ:HoldFirm","champ:CalledShot","champ:EnGarde","champ:SkillfulDodge","champ:FocusedDefense"],"relics":["champ:ChampionCrown","Letter Opener","downfall:CloakOfManyFaces","CultistMask","FaceOfCleric","NlothsMask","GremlinMask","SsserpentHead","downfall:HeartBlessingRed","Question Card","Pandora\u0027s Box"],"acts_visited":["Exordium","TheCity"],"potions_floor_usage":[13,16],"damage_taken":[{"damage":2,"enemies":"2 Louse","floor":3,"turns":3},{"damage":32,"enemies":"downfall:FaceTrader","floor":5,"turns":10},{"damage":5,"enemies":"Cultist","floor":6,"turns":3},{"damage":2,"enemies":"Small Slimes","floor":9,"turns":3},{"damage":0,"enemies":"Red Slaver","floor":12,"turns":2},{"damage":26,"enemies":"Exordium Wildlife","floor":13,"turns":6},{"damage":7,"enemies":"3 Louse","floor":14,"turns":3},{"damage":12,"enemies":"Red Slaver","floor":15,"turns":4},{"damage":64,"enemies":"downfall:Ironclad","floor":16,"turns":8}],"seed_played":"-1835987242760184506","potions_obtained":[{"floor":9,"key":"DuplicationPotion"},{"floor":12,"key":"Fire Potion"},{"floor":13,"key":"Fruit Juice"},{"floor":14,"key":"Ancient Potion"},{"floor":15,"key":"Swift Potion"},{"floor":16,"key":"Energy Potion"}],"is_trial":false,"path_per_floor":["R","?","M","R","?","M","T","R","M","R","T","M","M","M","M","B",null],"character_chosen":"THE_CHAMP","items_purchased":[],"campfire_rested":0,"item_purchase_floors":[],"current_hp_per_floor":[90,78,76,76,71,72,72,72,73,73,73,74,56,57,56,22,102,102],"gold":440,"neow_bonus":"THREE_CARDS","is_daily":false,"chose_seed":false,"campfire_upgraded":3,"win_rate":0.0,"timestamp":1607852005,"path_taken":["R","?","M","R","?","?","T","R","M","R","?","M","M","M","M","BOSS"],"items_purchased_type":[],"build_version":"2020-11-30","purchased_purges":0,"victory":false,"max_hp_per_floor":[90,90,90,90,90,91,91,91,92,92,92,93,99,100,101,102,102,102],"card_choices":[{"not_picked":["champ:CrookedStrike","champ:Backstep"],"picked":"champ:Duel","floor":0},{"not_picked":["champ:Encircle","champ:BladeFlurry"],"picked":"champ:AdrenalArmor","floor":3},{"not_picked":["champ:FaceSlap","champ:PerfectedStrike"],"picked":"champ:FocusedDefense","floor":5},{"not_picked":["champ:FocusedDefense","champ:BringItOn"],"picked":"champ:RisingSlash","floor":6},{"not_picked":["champ:RapidStrikes","champ:DefensiveShout"],"picked":"champ:Haymaker","floor":9},{"not_picked":["champ:StanceDance","champ:CalledShot","champ:SkillfulDodge"],"picked":"champ:CrookedStrike","floor":12},{"not_picked":["champ:Shatter","champ:EndlessRage","champ:EnragedBash"],"picked":"champ:StrikeOfGenius","floor":13},{"not_picked":["champ:BladeFlurry","champ:BringItOn","champ:AdrenalArmor"],"picked":"champ:GladiatorsShout","floor":14},{"not_picked":["champ:FlashCut","champ:PerfectedStrike","champ:AdrenalArmor"],"picked":"champ:ViciousMockery","floor":15},{"not_picked":["champ:CrownThrow","champ:MurderStrike","champ:StrikeOfGenius"],"picked":"champ:CheapShot","floor":16}],"player_experience":1396314,"relics_obtained":[{"floor":5,"key":"downfall:CloakOfManyFaces"},{"floor":11,"key":"Question Card"}],"event_choices":[],"is_beta":false,"boss_relics":[{"not_picked":["Black Star","Empty Cage"],"picked":"Pandora\u0027s Box"}],"items_purged_floors":[],"is_endless":false,"potions_floor_spawned":[9,12,13,14,15,16],"ascension_level":0}}