{"host":"jielpdldxluclcd7","time":1607885882,"event":{"mods":["AchievementEnabler","BaseMod","CapriCore","Colored Map","DeckTracker","Highlight Path","KOR Keyword Fix","Minty Spire (QoL Compilation)","Permanent Neow","StSLib"],"gold_per_floor":[117,127,140,150,51,51,51,51,51,89,89],"floor_reached":10,"playtime":295,"items_purged":["Defend_P"],"score":118,"play_id":"9f418dc7-78b8-4a49-af44-aaad0a5c2810","local_time":"20201214035802","daily_mods":["Vintage","Heirloom","Time Dilation","Flight"],"is_ascension_mode":false,"campfire_choices":[{"data":"Eruption","floor":6,"key":"SMITH"},{"data":"Consecrate","floor":7,"key":"SMITH"}],"circlet_count":0,"master_deck":["Strike_P","Strike_P","Strike_P","Strike_P","Defend_P","Defend_P","Defend_P","Eruption+1","Vigilance","Consecrate+1"],"relics":["PureWater","Incense Burner","GoldenEye","Centennial Puzzle","Letter Opener","InkBottle","Golden Idol","Bottled Flame","Potion Belt"],"acts_visited":["Exordium"],"potions_floor_usage":[],"damage_taken":[{"damage":0,"enemies":"2 Louse","floor":1,"turns":2},{"damage":1,"enemies":"Jaw Worm","floor":2,"turns":2},{"damage":1,"enemies":"Cultist","floor":3,"turns":3},{"damage":2,"enemies":"Looter","floor":4,"turns":2},{"damage":1,"enemies":"3 Sentries","floor":10,"turns":4}],"seed_played":"-6882820419871411740","potions_obtained":[{"floor":1,"key":"PowerPotion"},{"floor":2,"key":"SteroidPotion"},{"floor":10,"key":"SteroidPotion"}],"is_trial":true,"path_per_floor":["M","M","M","M","$","R","R","?","T","E"],"character_chosen":"WATCHER","items_purchased":["Consecrate"],"campfire_rested":0,"item_purchase_floors":[5],"current_hp_per_floor":[72,71,70,68,68,68,68,50,50,49,49],"gold":89,"neow_bonus":"","is_daily":false,"chose_seed":false,"campfire_upgraded":2,"win_rate":0.0,"timestamp":1607885882,"path_taken":["M","M","M","M","$","R","R","?","T","E"],"items_purchased_type":["Card"],"build_version":"2020-11-30","purchased_purges":1,"victory":false,"max_hp_per_floor":[72,72,72,72,72,72,72,72,72,72,72],"card_choices":[],"player_experience":160640,"relics_obtained":[{"floor":1,"key":"GoldenEye"},{"floor":2,"key":"Centennial Puzzle"},{"floor":3,"key":"Letter Opener"},{"floor":4,"key":"InkBottle"},{"floor":9,"key":"Bottled Flame"},{"floor":10,"key":"Potion Belt"}],"event_choices":[{"damage_healed":0,"gold_gain":0,"player_choice":"Take Damage","damage_taken":18,"relics_obtained":["Golden Idol"],"max_hp_gain":0,"max_hp_loss":0,"event_name":"Golden Idol","floor":8,"gold_loss":0}],"is_beta":false,"boss_relics":[],"items_purged_floors":[5],"is_endless":true,"potions_floor_spawned":[1,2,10],"killed_by":"3 Sentries","ascension_level":0}}