{"host":"xwhjghdhlm9sht6o","time":1607870580,"event":{"mods":["BaseMod","Colored Map","Colored Powertips","Highlight Path","Hubris","Minty Spire (QoL Compilation)","StSLib"],"gold_per_floor":[20,20,31,31,43,61,78,78,156,156,172,202,202,214,214,317,317,317,317,317,24,24,24,24,24,24,24,24,24,0,0,0,0,0,0,0,0,0,0,0,0,0,0,0,0,0,0,0,0,0],"floor_reached":51,"playtime":2847,"items_purged":["Strike_R"],"score":803,"play_id":"82e0da26-144c-4029-aa02-4bfa2e0b2dc8","local_time":"20201213084300","is_ascension_mode":false,"campfire_choices":[{"data":"Armaments","floor":8,"key":"SMITH"},{"data":"Flex","floor":10,"key":"SMITH"},{"data":"Bash","floor":15,"key":"SMITH"},{"data":"Inflame","floor":23,"key":"SMITH"},{"data":"Offering","floor":25,"key":"SMITH"},{"data":"Bludgeon","floor":29,"key":"SMITH"},{"data":"Intimidate","floor":32,"key":"SMITH"},{"data":"Feed","floor":42,"key":"SMITH"},{"data":"Heavy Blade","floor":49,"key":"SMITH"}],"circlet_count":0,"master_deck":["Strike_R","Strike_R","Defend_R","Defend_R","Defend_R","Bash+1","Twin Strike","Intimidate+1","Armaments+1","Flex+1","hubris:ReadiedAction","Inflame+1","Twin Strike","Heavy Blade","Thunderclap","Twin Strike","Offering+1","Heavy Blade+1","hubris:CleavingFinish+1","Inflame+1","Headbutt","Bludgeon+1","Inflame+1","Feed+1","CurseOfTheBell","Fire Breathing","Heavy Blade+1","Parasite","Metallicize+1","Headbutt+1","Inflame+1"],"relics":["Burning Blood","hubris:PeanutButter","Potion Belt","Ectoplasm","PreservedInsect","Pen Nib","hubris:Towel","Thread and Needle","Nunchaku","Calling Bell","Centennial Puzzle","Eternal Feather","Charon\u0027s Ashes","hubris:FunFungus","Meat on the Bone","Toy Ornithopter"],"acts_visited":["Exordium","TheCity","TheBeyond"],"potions_floor_usage":[16,36,38,44,44,50,50,50,50,50],"damage_taken":[{"damage":10,"enemies":"Small Slimes","floor":1,"turns":4},{"damage":6,"enemies":"Jaw Worm","floor":3,"turns":2},{"damage":3,"enemies":"2 Louse","floor":5,"turns":2},{"damage":4,"enemies":"Red Slaver","floor":6,"turns":3},{"damage":2,"enemies":"Looter","floor":7,"turns":3},{"damage":0,"enemies":"Lots of Slimes","floor":11,"turns":3},{"damage":15,"enemies":"3 Sentries","floor":12,"turns":5},{"damage":6,"enemies":"Large Slime","floor":14,"turns":4},{"damage":47,"enemies":"Hexaghost","floor":16,"turns":6},{"damage":3,"enemies":"Shell Parasite","floor":18,"turns":3},{"damage":0,"enemies":"3 Byrds","floor":20,"turns":3},{"damage":14,"enemies":"Gremlin Leader","floor":24,"turns":3},{"damage":11,"enemies":"Sentry and Sphere","floor":27,"turns":4},{"damage":6,"enemies":"Centurion and Healer","floor":28,"turns":3},{"damage":62,"enemies":"Automaton","floor":33,"turns":7},{"damage":0,"enemies":"3 Shapes","floor":35,"turns":2},{"damage":0,"enemies":"Mind Bloom Boss Battle","floor":36,"turns":2},{"damage":0,"enemies":"3 Darklings","floor":38,"turns":3},{"damage":10,"enemies":"Spire Growth","floor":39,"turns":2},{"damage":17,"enemies":"Sphere and 2 Shapes","floor":40,"turns":3},{"damage":12,"enemies":"Writhing Mass","floor":41,"turns":5},{"damage":6,"enemies":"Giant Head","floor":44,"turns":5},{"damage":4,"enemies":"Maw","floor":45,"turns":6},{"damage":15,"enemies":"4 Shapes","floor":46,"turns":2},{"damage":4,"enemies":"Jaw Worm Horde","floor":48,"turns":2},{"damage":38,"enemies":"Donu and Deca","floor":50,"turns":5}],"seed_played":"9158467254742692661","potions_obtained":[{"floor":1,"key":"Regen Potion"},{"floor":3,"key":"Ancient Potion"},{"floor":7,"key":"Swift Potion"},{"floor":12,"key":"AttackPotion"},{"floor":20,"key":"EssenceOfSteel"},{"floor":28,"key":"Swift Potion"},{"floor":33,"key":"SneckoOil"},{"floor":35,"key":"LiquidMemories"},{"floor":36,"key":"CultistPotion"},{"floor":41,"key":"AttackPotion"},{"floor":46,"key":"SpeedPotion"},{"floor":47,"key":"ColorlessPotion"},{"floor":47,"key":"SkillPotion"},{"floor":48,"key":"FearPotion"}],"is_trial":false,"path_per_floor":["M","?","M","?","M","M","M","R","T","R","M","E","?","M","R","B",null,"M","?","M","$","?","R","E","R","T","M","M","R","?","?","R","B",null,"M","?","?","M","M","M","M","R","T","E","M","M","?","M","R","B",null],"character_chosen":"IRONCLAD","items_purchased":["Inflame","Pen Nib"],"campfire_rested":0,"item_purchase_floors":[21,21],"current_hp_per_floor":[76,69,69,74,77,79,83,83,83,83,85,76,76,76,76,35,85,85,85,85,85,85,85,77,77,77,72,72,72,72,72,72,16,85,88,88,88,88,84,77,73,88,88,89,92,87,87,93,100,69],"gold":0,"neow_bonus":"TRANSFORM_TWO_CARDS","is_daily":false,"chose_seed":false,"campfire_upgraded":9,"win_rate":0.0,"timestamp":1607870580,"path_taken":["M","?","M","?","M","M","M","R","T","R","M","E","?","?","R","BOSS","M","?","?","$","?","R","E","R","T","M","M","R","?","?","R","BOSS","M","?","?","M","M","?","?","R","T","E","M","?","?","?","R","BOSS"],"items_purchased_type":["Card","Relic"],"build_version":"2020-11-30","purchased_purges":1,"victory":true,"max_hp_per_floor":[80,80,80,85,85,85,85,85,85,85,85,85,85,85,85,85,85,85,85,85,85,85,85,85,85,85,85,85,85,85,85,85,85,85,88,88,88,88,88,92,92,92,92,92,92,96,96,100,100,100],"card_choices":[{"not_picked":["Clothesline","Reckless Charge"],"picked":"Armaments","floor":1},{"not_picked":["Reckless Charge","Havoc"],"picked":"Flex","floor":3},{"not_picked":["Flex","Twin Strike"],"picked":"hubris:ReadiedAction","floor":5},{"not_picked":["Rupture","Burning Pact"],"picked":"Inflame","floor":6},{"not_picked":["Warcry","Iron Wave"],"picked":"Twin Strike","floor":7},{"not_picked":["Perfected Strike","Power Through"],"picked":"Heavy Blade","floor":11},{"not_picked":["Anger","Exhume"],"picked":"Thunderclap","floor":12},{"not_picked":["Clash","Clothesline"],"picked":"Twin Strike","floor":14},{"not_picked":["Fiend Fire","Bludgeon"],"picked":"Offering","floor":16},{"not_picked":["Shrug It Off+1","hubris:ReadiedAction"],"picked":"Heavy Blade","floor":18},{"not_picked":["Second Wind+1","hubris:ReadiedAction"],"picked":"hubris:CleavingFinish","floor":20},{"not_picked":["Hemokinesis","Whirlwind+1"],"picked":"Headbutt","floor":24},{"not_picked":["True Grit","Armaments"],"picked":"Bludgeon","floor":27},{"not_picked":["Flex","Iron Wave"],"picked":"Inflame+1","floor":28},{"not_picked":["Impervious","Corruption"],"picked":"Feed","floor":33},{"not_picked":["Body Slam+1","True Grit","Flex"],"picked":"SKIP","floor":35},{"not_picked":["Headbutt+1","Searing Blow+1","Combust"],"picked":"SKIP","floor":38},{"not_picked":["Wild Strike","Entrench+1"],"picked":"Fire Breathing","floor":39},{"not_picked":["Twin Strike+1","hubris:ReadiedAction+1"],"picked":"Heavy Blade+1","floor":40},{"not_picked":["Power Through","Clothesline+1"],"picked":"Metallicize+1","floor":41},{"not_picked":["Offering","Entrench","Ghostly Armor"],"picked":"SKIP","floor":44},{"not_picked":["Offering","Entrench","Ghostly Armor"],"picked":"SKIP","floor":44},{"not_picked":["Anger","Intimidate"],"picked":"Headbutt+1","floor":45},{"not_picked":["Shockwave","Armaments","Sentinel"],"picked":"SKIP","floor":46},{"not_picked":["Heavy Blade+1","Power Through"],"picked":"Inflame+1","floor":48}],"player_experience":633060,"relics_obtained":[{"floor":9,"key":"hubris:PeanutButter"},{"floor":12,"key":"Potion Belt"},{"floor":24,"key":"Thread and Needle"},{"floor":26,"key":"Nunchaku"},{"floor":34,"key":"Centennial Puzzle"},{"floor":34,"key":"Eternal Feather"},{"floor":34,"key":"Charon\u0027s Ashes"},{"floor":36,"key":"hubris:FunFungus"},{"floor":43,"key":"Meat on the Bone"},{"floor":44,"key":"Toy Ornithopter"}],"event_choices":[{"cards_removed":["Strike_R"],"damage_healed":0,"gold_gain":0,"player_choice":"Card Removal","damage_taken":7,"max_hp_gain":0,"max_hp_loss":0,"event_name":"Golden Wing","floor":2,"gold_loss":0},{"damage_healed":0,"gold_gain":0,"player_choice":"Donut","damage_taken":0,"max_hp_gain":5,"max_hp_loss":0,"event_name":"Big Fish","floor":4,"gold_loss":0},{"damage_healed":0,"gold_gain":0,"player_choice":"Forge","damage_taken":0,"max_hp_gain":0,"max_hp_loss":0,"event_name":"Accursed Blacksmith","floor":13,"gold_loss":0,"cards_upgraded":["Inflame"]},{"damage_healed":0,"gold_gain":0,"player_choice":"Gave Potion","damage_taken":0,"relics_obtained":["PreservedInsect"],"max_hp_gain":0,"max_hp_loss":0,"event_name":"WeMeetAgain","floor":19,"gold_loss":0},{"damage_healed":0,"gold_gain":0,"player_choice":"Paid Fearfully","damage_taken":0,"max_hp_gain":0,"max_hp_loss":0,"event_name":"Masked Bandits","floor":30,"gold_loss":24},{"damage_healed":0,"gold_gain":0,"player_choice":"Upgraded","damage_taken":0,"max_hp_gain":0,"max_hp_loss":0,"event_name":"Upgrade Shrine","floor":31,"gold_loss":0,"cards_upgraded":["hubris:CleavingFinish"]},{"damage_healed":0,"gold_gain":0,"player_choice":"Fight","damage_taken":0,"max_hp_gain":0,"max_hp_loss":0,"event_name":"MindBloom","floor":36,"gold_loss":0},{"damage_healed":0,"gold_gain":0,"player_choice":"Ignored","damage_taken":0,"max_hp_gain":0,"max_hp_loss":0,"event_name":"NoteForYourself","floor":37,"gold_loss":0},{"damage_healed":0,"gold_gain":0,"player_choice":"Got Potions","damage_taken":0,"max_hp_gain":0,"max_hp_loss":0,"event_name":"Lab","floor":47,"gold_loss":0}],"is_beta":false,"boss_relics":[{"not_picked":["Cursed Key","Coffee Dripper"],"picked":"Ectoplasm"},{"not_picked":["hubris:CrackedHourglass","Runic Cube"],"picked":"Calling Bell"}],"items_purged_floors":[21],"is_endless":false,"potions_floor_spawned":[1,3,7,12,20,28,33,35,36,41,45,46,48],"ascension_level":0}}