{"host":"llpusn9usp8rznkj","time":1607836189,"event":{"mods":["2.2 Compatiblity","BaseMod","Colored Map","Colored Powertips","Conspire","Downfall","Hubris","Minty Spire (QoL Compilation)","Rare Cards Sparkle","Replay The Spire","StSLib","The Cursed"],"gold_per_floor":[112,37,37,47,47,47,73,86,86,119,133,146,146,164,164,164,164],"floor_reached":16,"playtime":503,"items_purged":[],"score":274,"play_id":"412bce9d-7050-4d09-9dc7-b307ce19f223","local_time":"20201213000949","is_ascension_mode":true,"campfire_choices":[{"data":"Bash","floor":6,"key":"SMITH"},{"data":"Havoc","floor":15,"key":"SMITH"}],"circlet_count":0,"master_deck":["AscendersBane","Strike_R+1","Strike_R","Strike_R","Defend_R","Defend_R","Defend_R","Defend_R","Bash+1","Pommel Strike","Run Through+1","Cleave","Corruption+1","Havoc+1"],"relics":["Burning Blood","NeowsBlessing","Whetstone","hubris:Reverence","hubris:BundleOfHerbs"],"acts_visited":["Exordium"],"potions_floor_usage":[8,10,14],"damage_taken":[{"damage":0,"enemies":"Jaw Worm","floor":1,"turns":1},{"damage":0,"enemies":"2 Louse","floor":4,"turns":2},{"damage":0,"enemies":"Gremlin Nob","floor":7,"turns":1},{"damage":0,"enemies":"conspire:RoseBush","floor":8,"turns":3},{"damage":15,"enemies":"Lagavulin","floor":10,"turns":5},{"damage":13,"enemies":"Exordium Wildlife","floor":11,"turns":4},{"damage":20,"enemies":"Lots of Slimes","floor":12,"turns":3},{"damage":11,"enemies":"Exordium Thugs","floor":14,"turns":2},{"damage":42,"enemies":"The Guardian","floor":16,"turns":6}],"seed_played":"4200350888478331211","potions_obtained":[{"floor":4,"key":"EssenceOfSteel"},{"floor":8,"key":"SpeedPotion"},{"floor":11,"key":"FearPotion"}],"is_trial":false,"path_per_floor":["M","?","?","M","$","R","E","M","T","E","M","M","?","M","R","B"],"character_chosen":"IRONCLAD","items_purchased":[],"campfire_rested":0,"item_purchase_floors":[],"current_hp_per_floor":[74,74,74,75,75,75,75,75,75,66,64,53,53,48,48,12,12],"gold":164,"neow_bonus":"THREE_ENEMY_KILL","is_daily":false,"chose_seed":false,"campfire_upgraded":2,"win_rate":0.0,"timestamp":1607836189,"path_taken":["M","?","?","M","$","R","E","M","T","E","?","M","?","M","R","BOSS"],"items_purchased_type":[],"build_version":"2020-11-30","purchased_purges":0,"victory":false,"max_hp_per_floor":[75,75,75,75,75,75,75,75,75,75,75,75,75,75,75,75,75],"card_choices":[{"not_picked":["Flex","Anger"],"picked":"Pommel Strike","floor":1},{"not_picked":["Flex","Cleave"],"picked":"Run Through","floor":4},{"not_picked":["Wild Strike","Run Through","Sentinel"],"picked":"SKIP","floor":7},{"not_picked":["Thunderclap","Evolve"],"picked":"Cleave","floor":8},{"not_picked":["Hemokinesis","hubris:CleavingFinish","Thunderclap"],"picked":"SKIP","floor":10},{"not_picked":["Armaments","Flame Barrier"],"picked":"Corruption","floor":11},{"not_picked":["Abandon","Thunderclap","Massacre"],"picked":"SKIP","floor":12},{"not_picked":["Perfected Strike","Heavy Blade"],"picked":"Havoc","floor":14}],"player_experience":913168,"relics_obtained":[{"floor":7,"key":"Whetstone"},{"floor":9,"key":"hubris:Reverence"},{"floor":10,"key":"hubris:BundleOfHerbs"}],"event_choices":[{"cards_removed":["Strike_R"],"damage_healed":0,"gold_gain":0,"player_choice":"Card Removal","damage_taken":0,"max_hp_gain":0,"max_hp_loss":0,"event_name":"The Cleric","floor":2,"gold_loss":75},{"cards_removed":["Strike_R"],"damage_healed":0,"gold_gain":0,"player_choice":"Purged","damage_taken":0,"max_hp_gain":0,"max_hp_loss":0,"event_name":"Purifier","floor":3,"gold_loss":0},{"damage_healed":0,"gold_gain":0,"player_choice":"Upgraded","damage_taken":0,"max_hp_gain":0,"max_hp_loss":0,"event_name":"Upgrade Shrine","floor":13,"gold_loss":0,"cards_upgraded":["Corruption"]}],"is_beta":false,"boss_relics":[],"items_purged_floors":[],"is_endless":false,"potions_floor_spawned":[4,8,11],"killed_by":"The Guardian","ascension_level":20}}