{"host":"35tvc6itv1fggml6","time":1607833608,"event":{"mods":["Act Like it!","Ascension Reborn","BaseMod","Challenge The Spire","Colored Powertips","Conspire","Dota2Spire","Lobotomy","LobotomyExtend","Marked Mod","Minty Spire (QoL Compilation)","Quick Restart","Replay The Spire","Ryuuou龙王","StSLib","[IsaacMod]以撒尖塔","【功能Mod】聪明的最终Boss","【遗物卡牌】REMEMod"],"gold_per_floor":[129,129,147,174,186,213,271,307,357,378,425,443,543,575,575,685,785,804,843,843,876,288,330,330],"floor_reached":23,"playtime":1146,"items_purged":[],"score":447,"play_id":"8d9c71ae-2339-4d5a-94d2-8d7f9f6b084b","local_time":"20201213122648","daily_mods":["SealedDeck","Heirloom","Time Dilation","Flight","DeadlyEvents","Binary","Elite Swarm","Lethality","Night Terrors"],"is_ascension_mode":true,"campfire_choices":[{"data":"Parasite","floor":15,"key":"PURGE"}],"circlet_count":0,"master_deck":["Demon Form","Wraith Form v2","Echo Form","DevaForm","DoctorFetus","Replay:Many Hands","Hemogenesis","Havoc","Armaments","Sword Boomerang","Cleave","Thunderclap","Cleave","Flex","Heavy Blade","Replay:Undeath\u0027s Touch","Warcry","Anger","Flame Barrier","Offering","REME_ACTH","Reaper","Combust","Feed","Burning Pact","True Grit","conspire:Purge","Exhume","Run Through","Searing Blow","Ghostly","Ghostly","Ghostly","Ghostly","Ghostly","Brutality","Anger"],"relics":["Snecko Eye","Unceasing Top","replay:Trail_Library","HushsDoor","REME_ComplimentaryCards","SalivaCoin","conspire:GiftBox","LetterFromLob","Dota2Spire:Dagon","White Beast Statue","MoneyPower","Gremlin Food","InspiredRelic","LaetitiaHeart","Durian","Matryoshka","Replay:Wanted Poster","TuHaoJin","YumHeart","Membership Card","Mercury Hourglass"],"acts_visited":["Exordium","TheCity"],"potions_floor_usage":[23,23],"damage_taken":[{"damage":19,"enemies":"Jaw Worm","floor":1,"turns":3},{"damage":1,"enemies":"Cultist","floor":3,"turns":3},{"damage":18,"enemies":"Small Slimes","floor":4,"turns":3},{"damage":0,"enemies":"3 Louse","floor":5,"turns":1},{"damage":0,"enemies":"Lagavulin","floor":6,"turns":4},{"damage":21,"enemies":"Replay:BlueRogue","floor":7,"turns":4},{"damage":1,"enemies":"Gremlin Nob","floor":8,"turns":2},{"damage":6,"enemies":"Replay:BlueRogue","floor":10,"turns":1},{"damage":8,"enemies":"Replay:BlueRogue","floor":10,"turns":2},{"damage":12,"enemies":"Replay:BlueRogue","floor":11,"turns":3},{"damage":0,"enemies":"Lots of Slimes","floor":12,"turns":2},{"damage":0,"enemies":"Gremlin Nob","floor":14,"turns":1},{"damage":5,"enemies":"Slime Boss","floor":16,"turns":2},{"damage":1,"enemies":"conspire:FuzzyDice","floor":18,"turns":2},{"damage":5,"enemies":"conspire:MimicChest","floor":19,"turns":4},{"damage":3,"enemies":"conspire:SneckoGhost","floor":21,"turns":4},{"damage":60,"enemies":"Gremlin Leader","floor":23,"turns":2}],"seed_played":"-3928963907662621266","potions_obtained":[{"floor":3,"key":"SkillPotion"},{"floor":7,"key":"Death Potion"},{"floor":8,"key":"Regen Potion"},{"floor":16,"key":"Adrenaline Potion"},{"floor":18,"key":"BloodPotion"}],"is_trial":true,"path_per_floor":["M","?","M","M","M","E","E","E","T","E","E","M","?","E","R","B",null,"M","?","?","E","$","E"],"character_chosen":"IRONCLAD","items_purchased":["Membership Card","Mercury Hourglass","Anger"],"campfire_rested":0,"item_purchase_floors":[22,22,22],"current_hp_per_floor":[71,76,75,67,67,67,51,57,57,62,75,75,75,75,75,70,82,81,76,41,41,41,0,0],"gold":330,"neow_bonus":"","is_daily":false,"chose_seed":false,"campfire_upgraded":0,"win_rate":0.0,"timestamp":1607833608,"path_taken":["M","?","?","?","?","E","E","E","T","E","?","M","?","E","R","BOSS","M","?","?","?","$","E"],"items_purchased_type":["Relic","Relic","Card"],"build_version":"2020-11-30","purchased_purges":0,"victory":false,"max_hp_per_floor":[80,80,80,80,80,80,80,80,80,80,85,85,85,85,82,82,82,82,82,41,41,41,41,41],"card_choices":[{"not_picked":[],"picked":"DoctorFetus","floor":0.0},{"not_picked":["Bludgeon"],"picked":"Hemogenesis","floor":0.0},{"not_picked":["Whirlwind"],"picked":"Warcry","floor":1},{"not_picked":["Perfected Strike"],"picked":"conspire:Charge","floor":3},{"not_picked":["Heavy Blade"],"picked":"Anger","floor":4},{"not_picked":["Sever Soul"],"picked":"Flame Barrier","floor":5},{"not_picked":["Bludgeon"],"picked":"Offering","floor":6},{"not_picked":["Hemogenesis"],"picked":"REME_ACTH","floor":7},{"not_picked":["Feed"],"picked":"Reaper","floor":8},{"not_picked":["Bludgeon"],"picked":"Feed","floor":11},{"not_picked":["ReplayTheSpireMod:Muscle Training"],"picked":"Burning Pact","floor":12},{"not_picked":["REME_FearOfPain"],"picked":"True Grit","floor":13},{"not_picked":["Impervious"],"picked":"conspire:Purge","floor":14},{"not_picked":["Fiend Fire"],"picked":"Exhume","floor":16},{"not_picked":["Dark Embrace+1"],"picked":"Run Through","floor":18},{"not_picked":["Pommel Strike"],"picked":"Searing Blow","floor":19},{"not_picked":["Fiend Fire"],"picked":"Brutality","floor":21}],"player_experience":50864,"relics_obtained":[{"floor":1,"key":"LetterFromLob"},{"floor":6,"key":"Dota2Spire:Dagon"},{"floor":7,"key":"White Beast Statue"},{"floor":8,"key":"MoneyPower"},{"floor":9,"key":"Gremlin Food"},{"floor":11,"key":"Durian"},{"floor":14,"key":"Matryoshka"},{"floor":19,"key":"TuHaoJin"},{"floor":21,"key":"YumHeart"}],"event_choices":[{"cards_removed":["Replay:Undeath\u0027s Touch"],"damage_healed":5,"gold_gain":0,"player_choice":"Offered Common","damage_taken":0,"max_hp_gain":0,"max_hp_loss":0,"event_name":"Bonfire Elementals","floor":2,"gold_loss":0},{"cards_removed":["Replay:Undeath\u0027s Touch"],"damage_healed":5,"gold_gain":0,"player_choice":"Offered Special","damage_taken":0,"max_hp_gain":0,"max_hp_loss":0,"event_name":"Bonfire Elementals","floor":2,"gold_loss":0},{"damage_healed":0,"gold_gain":0,"player_choice":"Became a Ghost","damage_taken":0,"max_hp_gain":0,"max_hp_loss":41,"event_name":"Ghosts","floor":20,"gold_loss":0,"cards_obtained":["Ghostly","Ghostly","Ghostly","Ghostly","Ghostly"]}],"is_beta":false,"boss_relics":[{"not_picked":["REME_DuelDisc","Ooze Armor"],"picked":"Replay:Wanted Poster"},{"not_picked":[]}],"items_purged_floors":[],"is_endless":true,"potions_floor_spawned":[3,7,8,10,10,11,12,14,16,18,19,21],"killed_by":"Gremlin Leader","ascension_level":0}}