{"host":"jak4ncvfzor9mys0","time":1607876090,"event":{"mods":["2.2 Compatiblity","AchievementEnabler","BaseMod","Better Altar","Better Match","Better Note","Better Sensory Stone","Better Skull","Better Third Choice","BetterRewards","Block Reminder","Colored Map","Colored Powertips","Energized Spire","Gold Saver","Hubris","Infinite Spire","Key Reminder","Minty Spire (QoL Compilation)","Rare Cards Sparkle","Red Circlet Mod","Relic Sorter","Relic Stats","Replay The Spire","Retaliation","StSLib","SuperFastMode","The Blue Laboratory"],"gold_per_floor":[8743,8754,8447,8461,8461,8461,8479,8479,8503,7828,7842,7874,7885,7904,7904,8000,8000,8012,7173,7173,7173,7187,7187,7187],"floor_reached":23,"playtime":901,"items_purged":["Strike_P","Strike_P","Defend_P","Sickly"],"score":318,"play_id":"b951752e-f5cd-4f90-8565-aa888722a39a","local_time":"20201213081450","is_ascension_mode":false,"campfire_choices":[{"data":"Eruption","floor":6,"key":"SMITH"},{"floor":15,"key":"REST"}],"circlet_count":0,"master_deck":["Strike_P","Strike_P","Defend_P","Defend_P","Defend_P","Eruption+1","Vigilance","Conclude+1","FlyingSleeves+1","ClearTheMind+1","EmptyBody+1","Establishment+1","FlurryOfBlows","ReplayTheSpireMod:Faulty Equipment","Perseverance+1","FlyingSleeves+1","BowlingBash"],"relics":["PureWater","Bronze Scales","HandDrill","hubris:OldNail","Golden Egg","Lantern","Guide Book","Toy Ornithopter","Replay:Ancient Bell","Akabeko","infinitespire:Broken Mirror","hubris:Potato","Shuriken","Question Card","Sling"],"acts_visited":["Exordium","TheCity"],"potions_floor_usage":[16,16],"damage_taken":[{"damage":1,"enemies":"2 Louse","floor":1,"turns":2},{"damage":6,"enemies":"Cultist","floor":2,"turns":4},{"damage":0,"enemies":"Jaw Worm","floor":4,"turns":1},{"damage":15,"enemies":"Exordium Thugs","floor":7,"turns":4},{"damage":0,"enemies":"Exordium Wildlife","floor":11,"turns":1},{"damage":0,"enemies":"Gremlin Nob","floor":12,"turns":2},{"damage":0,"enemies":"Large Slime","floor":13,"turns":3},{"damage":0,"enemies":"3 Louse","floor":14,"turns":2},{"damage":39,"enemies":"Hexaghost","floor":16,"turns":6},{"damage":10,"enemies":"Chosen","floor":18,"turns":3},{"damage":0,"enemies":"Spheric Guardian","floor":22,"turns":2},{"damage":82,"enemies":"Nightmare","floor":23,"turns":8}],"seed_played":"-637201697319435442","potions_obtained":[{"floor":2,"key":"SpeedPotion"},{"floor":4,"key":"Languid Potion"},{"floor":14,"key":"blueLaboratory:FruitPunch"}],"is_trial":false,"path_per_floor":["M","M","$","M","?","R","M","?","T","$","M","E","M","M","R","B",null,"M","$","?","?","M","NM"],"character_chosen":"WATCHER","items_purchased":["Conclude","FlyingSleeves+1","Bronze Scales","HandDrill","Golden Egg","Lantern","Guide Book","Shuriken","Question Card","Sling","Perseverance"],"campfire_rested":1,"item_purchase_floors":[0,0,3,3,10,10,10,19,19,19,19],"current_hp_per_floor":[71,65,65,65,65,65,50,50,50,50,50,50,50,50,71,35,74,64,64,64,64,64,0,0],"gold":7187,"neow_bonus":"","is_daily":false,"chose_seed":false,"campfire_upgraded":1,"win_rate":0.0,"timestamp":1607876090,"path_taken":["M","M","$","M","?","R","M","?","T","$","M","E","?","M","R","BOSS","M","$","?","?","M","NM"],"items_purchased_type":["Card","Card","Relic","Relic","Relic","Relic","Relic","Relic","Relic","Relic","Card"],"build_version":"2020-11-30","purchased_purges":4,"victory":false,"max_hp_per_floor":[72,72,72,72,72,72,72,72,72,72,72,72,72,72,72,74,74,74,74,74,74,74,74,74],"relic_stats":{"counters":[1283,5566],"Shuriken":[5],"Bronze Scales":[66],"HandDrill":[84],"Question Card":1,"obtain_stats":[{"Ice Cream":17,"Golden Egg":10,"energizedSpire:CrystalSphere":17,"Sling":19,"Centennial Puzzle":12,"MealTicket":13,"HandDrill":8,"Toxic Egg 2":9,"Replay:Wax Seal":14,"hubris:MobiusCoin":17,"hubris:Teleporter":43,"Happy Flower":26,"Pen Nib":9,"infinitespire:Beetle Shell":3,"Replay:Ancient Bell":17,"Replay:Kaleidoscope":13,"Question Card":14,"Akabeko":17,"infinitespire:EvilPickle":33,"OrangePellets":21,"ReplayTheSpireMod:Shallot":13,"infinitespire:Broken Mirror":6,"Shuriken":19,"Bronze Scales":3,"hubris:ToyBattleship":23,"ReplayTheSpireMod:TigerMarble":9,"StrikeDummy":3,"ReplayTheSpireMod:Ring of Exchange":2,"Regal Pillow":9,"Lantern":23,"hubris:Metronome":27,"Blue Doll":6,"Juzu Bracelet":17,"hubris:SlimyHat":0,"Replay:Multitool":9,"hubris:EmptyBottle":7,"Empty Cage":17,"Smiling Mask":26,"Replay:Rubber Ducky":5,"Replay:Bandana":9,"Nunchaku":9,"Dream Catcher":19,"energizedSpire:CursedPentagram":17,"Chameleon Ring":22,"Ring of Peace":2,"hubris:Stopwatch":17,"hubris:ScarierMask":17,"Tiny Chest":6,"ReplayTheSpireMod:Ninjato":37,"Replay:Towering Pillar of Hats":4,"Golden Idol":8,"hubris:64BitClover":49,"Guide Book":3,"Thread and Needle":6,"infinitespire:Lucky Rock":7,"Orichalcum":0,"Mercury Hourglass":30,"keyreminder:keyreminder":14,"Anchor":2,"CaptainsWheel":23,"betterThird:SlimedRelic":10,"Orrery":12,"HolyWater":34,"Turnip":0,"Art of War":4,"Membership Card":19,"PureWater":0,"ReplayTheSpireMod:Lightbulb":10,"Toy Ornithopter":0,"hubris:OldNail":9,"hubris:Potato":17,"hubris:BottledRain":9},{"Ice Cream":1166,"Golden Egg":1275,"energizedSpire:CrystalSphere":1225,"Sling":1281,"Centennial Puzzle":1252,"MealTicket":1165,"HandDrill":1217,"Toxic Egg 2":1185,"Replay:Wax Seal":1239,"hubris:MobiusCoin":1166,"hubris:Teleporter":1267,"Happy Flower":1229,"Pen Nib":1172,"infinitespire:Beetle Shell":1220,"Replay:Ancient Bell":1166,"Replay:Kaleidoscope":1206,"Question Card":1188,"Akabeko":1280,"infinitespire:EvilPickle":1263,"OrangePellets":1257,"ReplayTheSpireMod:Shallot":1174,"infinitespire:Broken Mirror":1203,"Shuriken":1281,"Bronze Scales":1273,"hubris:ToyBattleship":1192,"ReplayTheSpireMod:TigerMarble":1250,"StrikeDummy":1201,"ReplayTheSpireMod:Ring of Exchange":1201,"Regal Pillow":1164,"Lantern":1180,"hubris:Metronome":1229,"Blue Doll":1249,"Juzu Bracelet":1166,"hubris:SlimyHat":1214,"Replay:Multitool":1238,"hubris:EmptyBottle":1164,"Empty Cage":1240,"Smiling Mask":1259,"Replay:Rubber Ducky":1184,"Replay:Bandana":1198,"Nunchaku":1222,"Dream Catcher":1241,"energizedSpire:CursedPentagram":1176,"Chameleon Ring":1227,"Ring of Peace":1201,"hubris:Stopwatch":1255,"hubris:ScarierMask":1189,"Tiny Chest":1222,"ReplayTheSpireMod:Ninjato":1264,"Replay:Towering Pillar of Hats":1170,"Golden Idol":1222,"hubris:64BitClover":1270,"Guide Book":1195,"Thread and Needle":1217,"infinitespire:Lucky Rock":1197,"Orichalcum":1245,"Mercury Hourglass":1261,"keyreminder:keyreminder":1188,"Anchor":1161,"CaptainsWheel":1258,"betterThird:SlimedRelic":1172,"Orrery":1173,"HolyWater":1263,"Turnip":1182,"Art of War":1195,"Membership Card":1190,"PureWater":0,"ReplayTheSpireMod:Lightbulb":1164,"Toy Ornithopter":1160,"hubris:OldNail":1275,"hubris:Potato":1280,"hubris:BottledRain":1204},{"Ice Cream":5065,"Golden Egg":5539,"energizedSpire:CrystalSphere":5324,"Sling":5556,"Centennial Puzzle":5451,"MealTicket":5053,"HandDrill":5271,"Toxic Egg 2":5145,"Replay:Wax Seal":5394,"hubris:MobiusCoin":5065,"hubris:Teleporter":5511,"Happy Flower":5344,"Pen Nib":5097,"infinitespire:Beetle Shell":5290,"Replay:Ancient Bell":5065,"Replay:Kaleidoscope":5220,"Question Card":5156,"Akabeko":5553,"infinitespire:EvilPickle":5498,"OrangePellets":5472,"ReplayTheSpireMod:Shallot":5101,"infinitespire:Broken Mirror":5211,"Shuriken":5556,"Bronze Scales":5534,"hubris:ToyBattleship":5176,"ReplayTheSpireMod:TigerMarble":5443,"StrikeDummy":5202,"ReplayTheSpireMod:Ring of Exchange":5202,"Regal Pillow":5051,"Lantern":5121,"hubris:Metronome":5344,"Blue Doll":5440,"Juzu Bracelet":5065,"hubris:SlimyHat":5259,"Replay:Multitool":5389,"hubris:EmptyBottle":5051,"Empty Cage":5403,"Smiling Mask":5480,"Replay:Rubber Ducky":5142,"Replay:Bandana":5191,"Nunchaku":5300,"Dream Catcher":5408,"energizedSpire:CursedPentagram":5108,"Chameleon Ring":5331,"Ring of Peace":5202,"hubris:Stopwatch":5466,"hubris:ScarierMask":5162,"Tiny Chest":5300,"ReplayTheSpireMod:Ninjato":5499,"Replay:Towering Pillar of Hats":5092,"Golden Idol":5300,"hubris:64BitClover":5523,"Guide Book":5182,"Thread and Needle":5271,"infinitespire:Lucky Rock":5189,"Orichalcum":5426,"Mercury Hourglass":5488,"keyreminder:keyreminder":5156,"Anchor":5043,"CaptainsWheel":5476,"betterThird:SlimedRelic":5097,"Orrery":5099,"HolyWater":5498,"Turnip":5136,"Art of War":5182,"Membership Card":5166,"PureWater":0,"ReplayTheSpireMod:Lightbulb":5051,"Toy Ornithopter":5040,"hubris:OldNail":5539,"hubris:Potato":5553,"hubris:BottledRain":5214}],"Toy Ornithopter":1},"card_choices":[{"not_picked":["Perseverance","FlyingSleeves","Replay:AtTheReady"],"picked":"SKIP","floor":1},{"not_picked":["Halt","Replay:AtTheReady","SashWhip"],"picked":"SKIP","floor":2},{"not_picked":["Swivel","Sanctity"],"picked":"ClearTheMind","floor":4},{"not_picked":["FollowUp","Halt"],"picked":"EmptyBody","floor":7},{"not_picked":["CutThroughFate","EmptyFist","WreathOfFlame"],"picked":"SKIP","floor":11},{"not_picked":["PathToVictory","Ragnarok"],"picked":"Establishment","floor":12},{"not_picked":["EmptyBody","CrushJoints"],"picked":"FlurryOfBlows","floor":13},{"not_picked":["Replay:Anticipation","Replay:ManipulateFuture","WaveOfTheHand"],"picked":"SKIP","floor":14},{"not_picked":["hubris:Compulsion","hubris:Despair"],"picked":"Writhe","floor":17},{"not_picked":["ReplayTheSpireMod:IOU","Shame"],"picked":"Sickly","floor":17},{"not_picked":["Delirium","Overencumbered"],"picked":"ReplayTheSpireMod:Faulty Equipment","floor":17},{"not_picked":["Replay:ManipulateFuture","EmptyBody","Replay:Anticipation"],"picked":"SKIP","floor":18},{"not_picked":["Replay:AllIn","CutThroughFate+1","EmptyBody+1"],"picked":"BowlingBash","floor":22}],"player_experience":2580557,"relics_obtained":[{"floor":9,"key":"hubris:OldNail"},{"floor":12,"key":"Toy Ornithopter"}],"event_choices":[{"damage_healed":0,"gold_gain":0,"player_choice":"Forge","damage_taken":0,"max_hp_gain":0,"max_hp_loss":0,"event_name":"Accursed Blacksmith","floor":8,"gold_loss":0,"cards_upgraded":["ClearTheMind"]},{"cards_removed":["Writhe"],"damage_healed":0,"gold_gain":0,"player_choice":"Purged","damage_taken":0,"max_hp_gain":0,"max_hp_loss":0,"event_name":"Purifier","floor":20,"gold_loss":0},{"damage_healed":0,"gold_gain":0,"player_choice":"Copied","damage_taken":0,"max_hp_gain":0,"max_hp_loss":0,"event_name":"Duplicator","floor":21,"gold_loss":0,"cards_obtained":["FlyingSleeves"]}],"is_beta":false,"boss_relics":[{"not_picked":["Pandora\u0027s Box","hubris:TerracottaHorce"],"picked":"Replay:Ancient Bell"},{"not_picked":["Potion Belt","Art of War"],"picked":"Akabeko"},{"not_picked":["White Beast Statue","Mirror"],"picked":"infinitespire:Broken Mirror"},{"not_picked":["GoldenEye","StoneCalendar"],"picked":"hubris:Potato"}],"items_purged_floors":[0,0,10,19],"is_endless":false,"potions_floor_spawned":[2,4,14],"killed_by":"Nightmare","ascension_level":0}}