{"host":"ea1gz0s8chhg5p89","time":1607868230,"event":{"mods":["Act Like it!","BaseMod","Decade(王小明)","Gensokyo","Marisa（F雨　魔理沙）","Minty Spire (QoL Compilation)","Pale of the Ancients","Remilia（蕾米莉亚）","Replay The Spire","StSLib","The Servant 0.9.4","WarShipGirlsR/战舰少女R mod","Youmu（魂魄妖梦）"],"gold_per_floor":[114,129,204,243,193,223,223,253,335,346,377,391,425,458,458,583,583,597,522,522,536,43,117,117,117,117,117,131,131,161,11,11,116,116,127,127,141,141,141,166,478,503,530,530,568,579,616,628,628,628,683,683,734,802,802,834,834,1620,1620,1620],"floor_reached":61,"playtime":2223,"items_purged":["Strike_RM","Defend_RM","Defend_RM","Defend_RM"],"score":2291,"play_id":"2c5f9da2-2b90-4eba-b165-fec63567447e","local_time":"20201213220350","is_ascension_mode":true,"campfire_choices":[{"data":"RedRainbow","floor":7,"key":"SMITH"},{"data":"BloodyMagicSquare","floor":15,"key":"SMITH"},{"data":"ScarletMeister","floor":24,"key":"SMITH"},{"data":"UnderTheZenith","floor":27,"key":"SMITH"},{"data":"MillenniumVampire","floor":32,"key":"SMITH"},{"data":"ReincarnationDial","floor":44,"key":"SMITH"},{"data":"FavorOfDestiny","floor":49,"key":"SMITH"},{"data":"KillingBlow","floor":55,"key":"SMITH"},{"data":"MastersStateliness","floor":57,"key":"SMITH"}],"circlet_count":0,"master_deck":["RedMoon","ScarletShoot","ReplayTheSpireMod:IOU","FavorOfDestiny+1","BloodHunter","RedRainbow+1","UltimateOffering","UltimateOffering","VampirishNight","MastersStateliness+1","ReincarnationDial+1","UnstableMagic","BloodyMagicSquare+1","ScarletMeister+1","Injury","Gensokyo:AllTheWorldsEvil","DiffusionOfMisfortune+1","J.A.X.","MillenniumVampire+1","UnstableMagic","UnderTheZenith+1","RedNightlessCastle","LeisurelyOfLord","TricksterDevil+1","NightDance+1","ScarletCoffin","ScarletCoffin","VampireFantasy+1","BombardNight","CurseOfVladTepes+1","VampireKiss+1","NightDance","BloodyMagicSquare+1","Blind","Blind","Pain","BlasphemousPunishment+1","ReplayTheSpireMod:IOU","ReplayTheSpireMod:IOU","ReplayTheSpireMod:IOU","ReplayTheSpireMod:IOU","RedRainbow","CharismaGuard+1","ForbiddenFruit","ForbiddenFruit","ReplayTheSpireMod:IOU","ReplayTheSpireMod:IOU","ChainGang+1","HunterOfTheNight+1","Parasite","BloodAndWine+1","VampireSweep+1","MiserableFate+1","KillingBlow+1","ReplayTheSpireMod:Splinters","ReincarnationDial+1","ReplayTheSpireMod:IOU","ReplayTheSpireMod:IOU","ReplayTheSpireMod:IOU","ReplayTheSpireMod:IOU","ReplayTheSpireMod:IOU","ReplayTheSpireMod:IOU","ReplayTheSpireMod:IOU","ReplayTheSpireMod:IOU","ReplayTheSpireMod:IOU","ReplayTheSpireMod:IOU","TwelveNightmare+1","UnstableMagic","UltimateOffering","UltimateOffering","BloodHunter+1","SuperhumanBloodyKnife+1","FitfulNightmare+1","ReplayTheSpireMod:IOU","ReplayTheSpireMod:IOU","ReplayTheSpireMod:IOU","ReplayTheSpireMod:IOU","NightLord","NightLord","SuperhumanBloodyKnife+1","BlasphemousPunishment","ReplayTheSpireMod:IOU","ReplayTheSpireMod:IOU","ReplayTheSpireMod:IOU","ReplayTheSpireMod:IOU","ReplayTheSpireMod:IOU","ReplayTheSpireMod:IOU","ReplayTheSpireMod:IOU","ReplayTheSpireMod:IOU","Midas Touch","UnderTheZenith","ReplayTheSpireMod:IOU","ReplayTheSpireMod:IOU","ReplayTheSpireMod:IOU","ReplayTheSpireMod:IOU","ReplayTheSpireMod:IOU","ReplayTheSpireMod:IOU","ReplayTheSpireMod:IOU","ReplayTheSpireMod:IOU","ReplayTheSpireMod:IOU"],"relics":["ScarletHat","Mango","Replay:Bottled Flurry","Orichalcum","Replay:Ancient Bell","Bag of Preparation","Frozen Egg 2","Replay:Kaleidoscope","Pear","Kunai","Quantum Egg","Blue Doll","Bag of Marbles","Empty Cage","Ring of Fangs","Ring of Peace","Ancient Tea Set","Replay:Wax Seal","InkBottle","Centennial Puzzle","paleoftheancients:Timepiece","Coffee Dripper","CultistMask","Snack Pack","ReplayTheSpireMod:Lightbulb","Eternal Feather","Cauldron","paleoftheancients:SoulOfTheDefect","Replay:Accelerometer","AntiCross","Ginger","Sling"],"acts_visited":["Exordium","TheCity","TheBeyond","paleoftheancients:PaleOfTheAncients"],"potions_floor_usage":[6,11,13,23,23,35,48,50,50,52,52,56,60,60],"damage_taken":[{"damage":0,"enemies":"2 Louse","floor":1,"turns":3},{"damage":0,"enemies":"Small Slimes","floor":2,"turns":5},{"damage":7,"enemies":"Jaw Worm","floor":4,"turns":6},{"damage":35,"enemies":"3 Sentries","floor":6,"turns":18},{"damage":9,"enemies":"Exordium Thugs","floor":8,"turns":4},{"damage":14,"enemies":"Exordium Wildlife","floor":10,"turns":5},{"damage":0,"enemies":"2 Fungi Beasts","floor":11,"turns":3},{"damage":16,"enemies":"Lots of Slimes","floor":12,"turns":6},{"damage":9,"enemies":"Replay:BlueRogue","floor":13,"turns":4},{"damage":2,"enemies":"Looter","floor":14,"turns":4},{"damage":46,"enemies":"Hexaghost","floor":16,"turns":6},{"damage":52,"enemies":"3 Byrds","floor":18,"turns":1},{"damage":27,"enemies":"Chosen","floor":21,"turns":3},{"damage":33,"enemies":"Gremlin Leader","floor":23,"turns":6},{"damage":12,"enemies":"Shelled Parasite and Fungi","floor":28,"turns":1},{"damage":4,"enemies":"Replay:Snechameleon","floor":30,"turns":6},{"damage":6,"enemies":"Automaton","floor":33,"turns":4},{"damage":57,"enemies":"3 Shapes","floor":35,"turns":1},{"damage":32,"enemies":"3 Darklings","floor":37,"turns":4},{"damage":12,"enemies":"Reptomancer","floor":40,"turns":3},{"damage":16,"enemies":"Nemesis","floor":42,"turns":7},{"damage":7,"enemies":"Maw","floor":45,"turns":11},{"damage":6,"enemies":"Writhing Mass","floor":46,"turns":3},{"damage":7,"enemies":"Sphere and 2 Shapes","floor":47,"turns":3},{"damage":7,"enemies":"3 Darklings","floor":48,"turns":4},{"damage":8,"enemies":"Donu and Deca","floor":50,"turns":4},{"damage":77,"enemies":"Donu and Deca","floor":51,"turns":7},{"damage":135,"enemies":"Donu and Deca","floor":52,"turns":9},{"damage":191,"enemies":"Donu and Deca","floor":56,"turns":7},{"damage":116,"enemies":"paleoftheancients:N","floor":60,"turns":6}],"seed_played":"-4132001518941618900","potions_obtained":[{"floor":1,"key":"GamblersBrew"},{"floor":2,"key":"Dexterity Potion"},{"floor":2,"key":"Milkshake"},{"floor":6,"key":"Strength Potion"},{"floor":10,"key":"Regen Potion"},{"floor":11,"key":"BlessingOfTheForge"},{"floor":13,"key":"Strength Potion"},{"floor":16,"key":"AttackPotion"},{"floor":23,"key":"GamblersBrew"},{"floor":33,"key":"LifebloodPotion"},{"floor":35,"key":"Fruit Juice"},{"floor":40,"key":"SpeedPotion"},{"floor":40,"key":"Swift Potion"},{"floor":51,"key":"Strength Potion"},{"floor":53,"key":"Energy Potion"},{"floor":54,"key":"SkillPotion"},{"floor":54,"key":"FairyPotion"},{"floor":56,"key":"Energy Potion"}],"is_trial":false,"path_per_floor":["M","M","?","M","?","E","R","M","T","M","M","M","E","M","R","B",null,"M","?","?","M","$","E","R","?","T","R","M","?","E","$","R","B",null,"M","?","M","?","?","E","$","E","T","R","M","M","M","M","R","B","M","M","?","$","R","M","R","$","?","B",null],"character_chosen":"REMILIA","items_purchased":["Pear","UnstableMagic","UnderTheZenith","RedNightlessCastle","ScarletCoffin","VampireFantasy+1","BombardNight","Replay:Wax Seal","RedRainbow","CharismaGuard+1","ForbiddenFruit","ReplayTheSpireMod:Lightbulb","Eternal Feather","Cauldron","TwelveNightmare+1","UnstableMagic","UltimateOffering","BloodHunter","AntiCross","Ginger","Sling","FitfulNightmare+1","NightLord","SuperhumanBloodyKnife+1","BlasphemousPunishment","Midas Touch","UnderTheZenith"],"campfire_rested":0,"item_purchase_floors":[22,22,22,22,31,31,31,41,41,41,41,54,54,54,54,54,54,54,58,58,58,58,58,58,58,58,58],"current_hp_per_floor":[89,89,78,73,73,60,60,51,51,39,52,50,45,47,47,25,103,51,51,51,28,38,17,17,17,17,17,5,5,5,5,5,23,113,61,61,29,24,24,22,22,6,6,6,11,13,10,13,13,118,89,118,118,118,118,90,118,118,118,87],"gold":1620,"neow_bonus":"TWENTY_PERCENT_HP_BONUS","is_daily":false,"chose_seed":false,"campfire_upgraded":9,"win_rate":0.0,"timestamp":1607868230,"path_taken":["M","M","?","M","?","E","R","M","T","?","M","M","E","M","R","BOSS","M","?","?","M","$","E","R","?","T","R","?","?","E","$","R","BOSS","M","?","?","?","?","E","$","E","T","R","M","M","M","M","R","BOSS","M","M","?","$","R","M","R","$","?","BOSS"],"items_purchased_type":["Relic","Card","Card","Card","Card","Card","Card","Relic","Card","Card","Card","Relic","Relic","Relic","Card","Card","Card","Card","Relic","Relic","Relic","Card","Card","Card","Card","Card","Card"],"build_version":"2020-11-30","purchased_purges":4,"victory":true,"max_hp_per_floor":[89,89,89,89,89,103,103,103,103,103,103,103,103,103,103,103,103,103,103,103,103,113,113,113,113,113,113,113,113,113,113,113,113,113,118,118,118,118,118,118,118,118,118,118,118,118,118,118,118,118,118,118,118,118,118,118,118,118,118,118],"card_choices":[{"not_picked":["BlasphemousPunishment","ScarletNetherworld"],"picked":"FavorOfDestiny","floor":1},{"not_picked":["CharismaGuard","TwelveNightmare"],"picked":"BloodHunter","floor":2},{"not_picked":["BlasphemousPunishment","BloodyCatastrophe"],"picked":"RedRainbow","floor":4},{"not_picked":["AfternoonTea","UnstableMagic"],"picked":"UltimateOffering","floor":6},{"not_picked":["Stigmanizer","RedRainbow"],"picked":"UltimateOffering","floor":8},{"not_picked":["ScarletImprint","CharismaGuard"],"picked":"VampirishNight","floor":10},{"not_picked":["ScarletDream","ScarletImprint"],"picked":"MastersStateliness","floor":11},{"not_picked":["GlobalNightmare","Stigmanizer"],"picked":"ReincarnationDial","floor":12},{"not_picked":["MastersStateliness","EndlessAdversity"],"picked":"UnstableMagic","floor":13},{"not_picked":["BlasphemousPunishment","BloodAndWine"],"picked":"BloodyMagicSquare","floor":14},{"not_picked":["BloodRain","CeilingFear"],"picked":"ScarletMeister","floor":16},{"not_picked":["Gluttony_TH","Greed_TH"],"picked":"Decay","floor":17},{"not_picked":["Parasite","Wraith"],"picked":"Injury","floor":17},{"not_picked":["Regret","Sickly"],"picked":"Gensokyo:AllTheWorldsEvil","floor":17},{"not_picked":["UnstableMagic","ScarletSymphony+1"],"picked":"DiffusionOfMisfortune","floor":18},{"not_picked":["BombardNight","UnderTheZenith+1"],"picked":"MillenniumVampire","floor":21},{"not_picked":["EmergencyRegeneration","Stigmanizer"],"picked":"LeisurelyOfLord","floor":23},{"not_picked":["BlasphemousPunishment","StarOfDavid"],"picked":"TricksterDevil+1","floor":28},{"not_picked":["MastersStateliness+1","BloodHunter"],"picked":"NightDance+1","floor":30},{"not_picked":["ForecastOfChange","EquivalentExchange+1"],"picked":"CurseOfVladTepes+1","floor":33},{"not_picked":["Maim","MillenniumVampire"],"picked":"VampireKiss+1","floor":35},{"not_picked":["MastersStateliness+1","UnderTheZenith"],"picked":"BloodyMagicSquare+1","floor":37},{"not_picked":["HandOfGreed","Impatience"],"picked":"Blind","floor":38},{"not_picked":["ReplayUltimateDefense+1","Metamorphosis"],"picked":"Blind","floor":38},{"not_picked":["BloodyTrap+1","BombardNight+1"],"picked":"BlasphemousPunishment+1","floor":40},{"not_picked":["ScarletDevil+1","ScarletDream"],"picked":"ChainGang+1","floor":42},{"not_picked":["BlasphemousPunishment+1","BloodyMagicSquare+1"],"picked":"HunterOfTheNight+1","floor":45},{"not_picked":["NightLord+1","ForbiddenFruit"],"picked":"BloodAndWine+1","floor":46},{"not_picked":["DiffusionOfMisfortune","BombardNight+1"],"picked":"VampireSweep+1","floor":47},{"not_picked":["RedNightlessCastle","UnderTheZenith"],"picked":"MiserableFate+1","floor":48},{"not_picked":["StarOfDavid","Stigmanizer"],"picked":"KillingBlow","floor":51},{"not_picked":["BlasphemousPunishment","ScarletImprint"],"picked":"ReincarnationDial+1","floor":53},{"not_picked":["Stigmanizer","ScarletDevil"],"picked":"SuperhumanBloodyKnife+1","floor":56}],"player_experience":498570,"relics_obtained":[{"floor":6,"key":"Mango"},{"floor":9,"key":"Replay:Bottled Flurry"},{"floor":13,"key":"Orichalcum"},{"floor":23,"key":"Kunai"},{"floor":26,"key":"Quantum Egg"},{"floor":30,"key":"Bag of Marbles"},{"floor":39,"key":"Ring of Fangs"},{"floor":39,"key":"Ring of Peace"},{"floor":40,"key":"Ancient Tea Set"},{"floor":42,"key":"InkBottle"},{"floor":43,"key":"Centennial Puzzle"},{"floor":53,"key":"Snack Pack"},{"floor":56,"key":"paleoftheancients:SoulOfTheDefect"},{"floor":56,"key":"Replay:Accelerometer"}],"event_choices":[{"damage_healed":0,"gold_gain":75,"player_choice":"Gather Gold","damage_taken":11,"max_hp_gain":0,"max_hp_loss":0,"event_name":"World of Goop","floor":3,"gold_loss":0},{"cards_removed":["Strike_RM"],"damage_healed":0,"gold_gain":0,"player_choice":"Card Removal","damage_taken":0,"max_hp_gain":0,"max_hp_loss":0,"event_name":"The Cleric","floor":5,"gold_loss":50},{"cards_removed":["Decay"],"damage_healed":0,"gold_gain":0,"player_choice":"Gave Gold","damage_taken":0,"max_hp_gain":0,"max_hp_loss":0,"event_name":"Beggar","floor":19,"gold_loss":75},{"damage_healed":0,"gold_gain":0,"player_choice":"Obtain J.A.X.","damage_taken":0,"max_hp_gain":0,"max_hp_loss":0,"event_name":"Drug Dealer","floor":20,"gold_loss":0,"cards_obtained":["J.A.X."]},{"damage_healed":0,"gold_gain":0,"player_choice":"Upgraded","damage_taken":0,"max_hp_gain":0,"max_hp_loss":0,"event_name":"Upgrade Shrine","floor":25,"gold_loss":0,"cards_upgraded":["DiffusionOfMisfortune"]},{"damage_healed":0,"gold_gain":0,"player_choice":"Opened","damage_taken":0,"relics_obtained":["Blue Doll"],"max_hp_gain":0,"max_hp_loss":0,"event_name":"The Mausoleum","floor":29,"gold_loss":0},{"damage_healed":0,"gold_gain":0,"cards_transformed":["Defend_RM"],"player_choice":"Transformed","damage_taken":0,"max_hp_gain":0,"max_hp_loss":0,"event_name":"Transmorgrifier","floor":36,"gold_loss":0,"cards_obtained":["NightDance"]},{"damage_healed":0,"gold_gain":0,"player_choice":"Memory 2","damage_taken":5,"max_hp_gain":0,"max_hp_loss":0,"event_name":"SensoryStone","floor":38,"gold_loss":0}],"is_beta":false,"boss_relics":[{"not_picked":["Ring of Chaos","Pandora\u0027s Box"],"picked":"Replay:Ancient Bell"},{"not_picked":["Replay:Mystery Machine","Omamori"],"picked":"Bag of Preparation"},{"not_picked":["HornCleat","Onion Ring"],"picked":"Frozen Egg 2"},{"not_picked":["Girya","Lizard Tail"],"picked":"Replay:Kaleidoscope"},{"not_picked":["Sozu","ReplayTheSpireMod:DimensionalGlitch"],"picked":"Empty Cage"}],"items_purged_floors":[22,41,54,58],"is_endless":false,"potions_floor_spawned":[1,2,8,10,11,16,21,33,35,40,51,60],"ascension_level":4}}