{"host":"ow9msrs9p2ctkx99","time":1607891845,"event":{"mods":["AchievementEnabler","BaseMod","Colored Map","Colored Powertips","Minty Spire (QoL Compilation)","Permanent Neow","Quick Restart","SuperFastMode"],"gold_per_floor":[111,111,131,406,426,426,456,456,456,19,19,98,98,121,121,121,121],"floor_reached":16,"playtime":225,"items_purged":["Regret"],"score":152,"play_id":"a80e3867-2b0e-4b7b-93dd-27ec669953fc","local_time":"20201213213725","is_ascension_mode":true,"campfire_choices":[{"data":"Dualcast","floor":6,"key":"SMITH"},{"floor":8,"key":"REST"},{"data":"Redo","floor":15,"key":"SMITH"}],"circlet_count":0,"master_deck":["AscendersBane","Strike_B","Strike_B","Strike_B","Strike_B+1","Defend_B","Defend_B","Defend_B+1","Defend_B","Zap","Dualcast+1","Gash","Redo+1","Glacier","Turbo","Core Surge","Rip and Tear"],"relics":["Cracked Core","StoneCalendar","InkBottle","Juzu Bracelet","Bird Faced Urn","Golden Idol","Kunai"],"acts_visited":["Exordium"],"potions_floor_usage":[16],"damage_taken":[{"damage":9,"enemies":"Jaw Worm","floor":1,"turns":3},{"damage":3,"enemies":"Cultist","floor":3,"turns":3},{"damage":3,"enemies":"2 Louse","floor":5,"turns":3},{"damage":27,"enemies":"3 Sentries","floor":7,"turns":7},{"damage":0,"enemies":"Looter","floor":14,"turns":3},{"damage":39,"enemies":"Hexaghost","floor":16,"turns":11}],"seed_played":"2507123835975082020","potions_obtained":[{"floor":7,"key":"Energy Potion"}],"is_trial":false,"path_per_floor":["M","?","M","?","M","R","E","R","T","$","?","T","?","M","R","B"],"character_chosen":"DEFECT","items_purchased":["Core Surge","Bird Faced Urn"],"campfire_rested":1,"item_purchase_floors":[10,10],"current_hp_per_floor":[59,44,41,41,38,38,11,33,33,33,33,33,33,33,33,0,0],"gold":121,"neow_bonus":"ONE_RARE_RELIC","is_daily":false,"chose_seed":false,"campfire_upgraded":2,"win_rate":0.0,"timestamp":1607891845,"path_taken":["M","?","M","?","?","R","E","R","T","$","?","?","?","M","R","BOSS"],"items_purchased_type":["Card","Relic"],"build_version":"2020-11-30","purchased_purges":1,"victory":false,"max_hp_per_floor":[75,75,75,75,75,75,75,75,75,75,69,69,69,69,69,69,69],"card_choices":[{"not_picked":["Turbo","Hologram"],"picked":"Gash","floor":1},{"not_picked":["Go for the Eyes","Conserve Battery"],"picked":"Redo","floor":3},{"not_picked":["Redo","Tempest"],"picked":"Glacier","floor":5},{"not_picked":["Heatsinks","Redo"],"picked":"Turbo","floor":7},{"not_picked":["Reprogram","Glacier"],"picked":"Rip and Tear","floor":14}],"player_experience":1017689,"relics_obtained":[{"floor":7,"key":"InkBottle"},{"floor":9,"key":"Juzu Bracelet"},{"floor":12,"key":"Kunai"}],"event_choices":[{"damage_healed":0,"gold_gain":0,"player_choice":"Entered Light","damage_taken":15,"max_hp_gain":0,"max_hp_loss":0,"event_name":"Shining Light","floor":2,"gold_loss":0,"cards_upgraded":["Strike_B","Defend_B"]},{"damage_healed":0,"gold_gain":275,"player_choice":"Desecrate","damage_taken":0,"max_hp_gain":0,"max_hp_loss":0,"event_name":"Golden Shrine","floor":4,"gold_loss":0,"cards_obtained":["Regret"]},{"damage_healed":0,"gold_gain":0,"player_choice":"Lose Max HP","damage_taken":0,"relics_obtained":["Golden Idol"],"max_hp_gain":0,"max_hp_loss":6,"event_name":"Golden Idol","floor":11,"gold_loss":0},{"cards_removed":["Regret"],"damage_healed":0,"gold_gain":0,"player_choice":"Forget","damage_taken":0,"max_hp_gain":0,"max_hp_loss":0,"event_name":"Living Wall","floor":13,"gold_loss":0}],"is_beta":false,"boss_relics":[],"items_purged_floors":[10],"is_endless":false,"potions_floor_spawned":[7],"killed_by":"Hexaghost","ascension_level":11}}