{"host":"7gewg82ormp6yt4e","time":1607863078,"event":{"mods":["BaseMod","Block Reminder","Colored Map","Colored Powertips","DeckTracker","Highlight Path","Minty Spire (QoL Compilation)","Relic Stats","StSLib"],"gold_per_floor":[114,128,128,148,148,148,177,123,123,123,136,136,165,240,240,313,313,326,241,167,167,40,40,69,69,69,85,104,104,137,337,337,337,337],"floor_reached":33,"playtime":1371,"items_purged":[],"score":728,"play_id":"acc6c34f-6d14-427f-8f59-3990989f5a7f","local_time":"20201213213758","is_ascension_mode":true,"campfire_choices":[{"data":"Predator","floor":6,"key":"SMITH"},{"data":"Dagger Spray","floor":10,"key":"SMITH"},{"data":"Accuracy","floor":12,"key":"SMITH"},{"data":"Glass Knife","floor":15,"key":"SMITH"},{"data":"Wraith Form v2","floor":23,"key":"SMITH"},{"data":"Footwork","floor":25,"key":"SMITH"},{"floor":32,"key":"REST"}],"circlet_count":0,"master_deck":["AscendersBane","Survivor+1","Neutralize","Phantasmal Killer","Blade Dance","Predator+1","Dagger Throw","Dagger Spray+1","Accuracy+1","Glass Knife+1","Wraith Form v2+1","All Out Attack","Infinite Blades","Endless Agony","Cloak And Dagger","Skewer","Accuracy","Blur","Skewer","Prepared+1","Blur","Unload","Caltrops","Footwork+1","Panacea","Dodge and Roll+1","Sucker Punch+1","Dagger Spray+1","Decay"],"relics":["Ring of the Snake","Mercury Hourglass","Lantern","Juzu Bracelet","Pandora\u0027s Box","Blue Candle","Bag of Marbles","Molten Egg 2","Boot"],"acts_visited":["Exordium","TheCity"],"potions_floor_usage":[13,24,24,30,33,33],"damage_taken":[{"damage":2,"enemies":"2 Louse","floor":1,"turns":3},{"damage":0,"enemies":"Jaw Worm","floor":2,"turns":3},{"damage":0,"enemies":"Small Slimes","floor":4,"turns":3},{"damage":16,"enemies":"Gremlin Nob","floor":7,"turns":4},{"damage":1,"enemies":"Looter","floor":11,"turns":2},{"damage":0,"enemies":"Lagavulin","floor":13,"turns":3},{"damage":0,"enemies":"Slime Boss","floor":16,"turns":7},{"damage":0,"enemies":"Chosen","floor":18,"turns":3},{"damage":9,"enemies":"Slavers","floor":24,"turns":5},{"damage":2,"enemies":"2 Thieves","floor":27,"turns":3},{"damage":15,"enemies":"Snecko","floor":28,"turns":4},{"damage":9,"enemies":"Gremlin Leader","floor":30,"turns":6},{"damage":51,"enemies":"Collector","floor":33,"turns":8}],"seed_played":"-7039319806027157052","potions_obtained":[{"floor":7,"key":"PowerPotion"},{"floor":16,"key":"SkillPotion"},{"floor":27,"key":"SkillPotion"},{"floor":28,"key":"SneckoOil"},{"floor":30,"key":"SkillPotion"}],"is_trial":false,"path_per_floor":["M","M","?","M","?","R","E","$","T","R","M","R","E","?","R","B",null,"M","?","$","?","$","R","E","R","T","M","M","?","E","?","R","B"],"character_chosen":"THE_SILENT","items_purchased":["Strength Potion","Blur","Footwork","Panacea"],"campfire_rested":1,"item_purchase_floors":[8,20,22,22],"current_hp_per_floor":[57,57,37,37,59,59,43,43,43,43,42,42,42,31,31,31,57,57,57,57,57,57,57,48,48,48,46,31,31,22,22,41,0,0],"gold":337,"neow_bonus":"ONE_RANDOM_RARE_CARD","is_daily":false,"chose_seed":false,"campfire_upgraded":6,"win_rate":0.0,"timestamp":1607863078,"path_taken":["M","M","?","M","?","R","E","$","T","R","M","R","E","?","R","BOSS","M","?","$","?","$","R","E","R","T","M","M","?","E","?","R","BOSS"],"items_purchased_type":["Potion","Card","Card","Card"],"build_version":"2020-11-30","purchased_purges":0,"victory":false,"max_hp_per_floor":[66,66,66,66,66,66,66,66,66,66,66,66,66,66,66,66,66,66,66,66,66,66,66,66,66,66,66,66,66,66,66,66,66,66],"relic_stats":{"counters":[13,53],"Blue Candle":[0],"Pandora\u0027s Box":["All Out Attack","Infinite Blades","Endless Agony","Cloak And Dagger","Skewer","Catalyst","Accuracy","Blur","Envenom","Skewer"],"Juzu Bracelet":1,"Boot":[11],"obtain_stats":[{"Lantern":9,"Blue Candle":19,"Pandora\u0027s Box":17,"Molten Egg 2":26,"Juzu Bracelet":13,"Bag of Marbles":24,"Boot":30,"Ring of the Snake":0,"Mercury Hourglass":7},{"Lantern":4,"Blue Candle":8,"Pandora\u0027s Box":7,"Molten Egg 2":9,"Juzu Bracelet":6,"Bag of Marbles":9,"Boot":12,"Ring of the Snake":0,"Mercury Hourglass":4},{"Lantern":13,"Blue Candle":27,"Pandora\u0027s Box":24,"Molten Egg 2":32,"Juzu Bracelet":18,"Bag of Marbles":32,"Boot":45,"Ring of the Snake":0,"Mercury Hourglass":13}],"Ring of the Snake":[27],"Mercury Hourglass":[188]},"card_choices":[{"not_picked":["Dagger Throw","PiercingWail"],"picked":"Blade Dance","floor":1},{"not_picked":["Deadly Poison","Poisoned Stab"],"picked":"Predator","floor":2},{"not_picked":["Tactician","Predator"],"picked":"Dagger Throw","floor":4},{"not_picked":["Blade Dance","Predator"],"picked":"Dagger Spray","floor":7},{"not_picked":["Dodge and Roll","Deflect"],"picked":"Accuracy","floor":11},{"not_picked":["Infinite Blades","Deflect"],"picked":"Glass Knife","floor":13},{"not_picked":["After Image","Envenom"],"picked":"Wraith Form v2","floor":16},{"not_picked":["Escape Plan+1","Dodge and Roll"],"picked":"Prepared+1","floor":18},{"not_picked":["Outmaneuver","Prepared+1"],"picked":"Dodge and Roll+1","floor":24},{"not_picked":["Dodge and Roll","Catalyst"],"picked":"Sucker Punch+1","floor":27},{"not_picked":["Slice+1","Outmaneuver"],"picked":"Dagger Spray+1","floor":28},{"not_picked":["Dagger Spray+1","Prepared","Distraction"],"picked":"SKIP","floor":30}],"player_experience":2348387,"relics_obtained":[{"floor":7,"key":"Mercury Hourglass"},{"floor":9,"key":"Lantern"},{"floor":13,"key":"Juzu Bracelet"},{"floor":24,"key":"Bag of Marbles"},{"floor":26,"key":"Molten Egg 2"},{"floor":30,"key":"Boot"}],"event_choices":[{"damage_healed":0,"gold_gain":0,"player_choice":"Entered Light","damage_taken":20,"max_hp_gain":0,"max_hp_loss":0,"event_name":"Shining Light","floor":3,"gold_loss":0,"cards_upgraded":["Defend_G","Survivor"]},{"damage_healed":22,"gold_gain":0,"player_choice":"Banana","damage_taken":0,"max_hp_gain":0,"max_hp_loss":0,"event_name":"Big Fish","floor":5,"gold_loss":0},{"damage_healed":0,"gold_gain":75,"player_choice":"Gather Gold","damage_taken":11,"max_hp_gain":0,"max_hp_loss":0,"event_name":"World of Goop","floor":14,"gold_loss":0},{"damage_healed":0,"gold_gain":0,"player_choice":"Obtained Relic","damage_taken":0,"relics_obtained":["Blue Candle"],"max_hp_gain":0,"max_hp_loss":0,"event_name":"Addict","floor":19,"gold_loss":85},{"damage_healed":0,"gold_gain":0,"cards_transformed":["Envenom","Catalyst"],"player_choice":"Became Test Subject","damage_taken":0,"max_hp_gain":0,"max_hp_loss":0,"event_name":"Drug Dealer","floor":21,"gold_loss":0,"cards_obtained":["Unload","Caltrops"]},{"damage_healed":0,"gold_gain":0,"player_choice":"Smashed Altar","damage_taken":0,"max_hp_gain":0,"max_hp_loss":0,"event_name":"Forgotten Altar","floor":29,"gold_loss":0,"cards_obtained":["Decay"]},{"damage_healed":0,"gold_gain":250,"player_choice":"Bet on Owner","damage_taken":0,"max_hp_gain":0,"max_hp_loss":0,"event_name":"The Joust","floor":31,"gold_loss":50}],"is_beta":false,"boss_relics":[{"not_picked":["SlaversCollar","Busted Crown"],"picked":"Pandora\u0027s Box"}],"items_purged_floors":[],"is_endless":false,"potions_floor_spawned":[7,16,18,27,28,30],"killed_by":"Collector","ascension_level":20}}