{"host":"mli1kjx8eh35fx4e","time":1607877578,"event":{"mods":["2.2 Compatiblity","Act Like it!","Aspiration","BaseMod","Better Altar","Better Match","Better Note","Better Sensory Stone","Better Skull","Better Third Choice","BetterRewards","CCEM","Colored Map","Conspire","Downfall","Elementarium","Gensokyo","GifTheSpireLib","Googly Eyes","Halation","Hallownest","Hermit","Hubris","Infinite Spire","Jedi Mod","JesterMod","Jorbs\u0027s Wanderer Trilogy","Mimic Mod","Minty Spire (QoL Compilation)","Pale of the Ancients","Permanent Neow","Railgun Mod","Replay The Spire","Robot Space Explorer","Shade Mod","Shop Mod","Spicy Shops","StSLib","Strawberry Spire","Stuff the Spire","SuperFastMode","The Blackbeard","The Bug Knight","The Cursed","The Death Knight","The Hierophant","The Jungle","The Necromancer","The Problem Sleuth","The Witch","[IsaacMod]????"],"gold_per_floor":[111,111,111,123,133,133,158,158,240,252,252,30,60,77,77,180,180,192,211,211,228,0,0,14,224,257,257,257],"floor_reached":27,"playtime":2972,"items_purged":["TheRailgun:Token_Collection","Voices"],"score":248,"play_id":"31343004-fec6-45f4-8790-e09aa0f25b37","local_time":"20201213113938","is_ascension_mode":false,"campfire_choices":[{"floor":6,"key":"RECALL"},{"floor":11,"key":"REST"},{"data":"TheRailgun:Scatter_Railgun","floor":15,"key":"SMITH"},{"floor":23,"key":"DIG"}],"circlet_count":0,"master_deck":["TheRailgun:Strike","TheRailgun:Strike","TheRailgun:Strike","TheRailgun:Strike","TheRailgun:Defend","TheRailgun:Defend","TheRailgun:Defend","TheRailgun:Defend","TheRailgun:Discharge","TheRailgun:Static","TheRailgun:Zip+1","TheRailgun:Battery_Pack","TheRailgun:Oneesama","TheRailgun:Thunderjolt","TheRailgun:Iron_Dust_Sword","TheRailgun:Scatter_Railgun+1","Twin Strike","TheRailgun:Judgement_Officer","TheRailgun:Lightning_Speed","TheRailgun:Positive_Field","TheRailgun:Negative_Field","TheRailgun:Heroinism+1","TheRailgun:Level_6","TheRailgun:Electrical_Fire"],"relics":["TheRailgun:CoinRelic","HushsDoor","TuHaoJin","aspiration:Nostalgia","StuffTheSpire:OccultApparatus","aspiration:ChemicalBlood","StuffTheSpire:EmeraldSignet","halation:AfternoonTea","jedi:bottledfury","MagicMushroom","ReplayTheSpireMod:Ring of Challenge","Membership Card","Shovel","Smiling Mask","Letter Opener"],"acts_visited":["Hallownest:Greenpath","theJungle:Jungle"],"potions_floor_usage":[7,10,13,13,16,16,26,27],"damage_taken":[{"damage":1,"enemies":"Hallownest:monsterHuskGuard","floor":1,"turns":3},{"damage":0,"enemies":"2_ Uuma","floor":4,"turns":3},{"damage":2,"enemies":"Hallownest:2_Baldur","floor":5,"turns":2},{"damage":11,"enemies":"Hallownest:eliteCrystalGuardian","floor":7,"turns":4},{"damage":20,"enemies":"Hallownest:1_Baldur_1_Crawlid_1_Warrior","floor":10,"turns":5},{"damage":0,"enemies":"Hallownest:eliteVengeflyKing","floor":13,"turns":3},{"damage":0,"enemies":"Hallownest:monsterMossCharger","floor":14,"turns":2},{"damage":9,"enemies":"Hallownest:BossBrokenVessel","floor":16,"turns":6},{"damage":0,"enemies":"theJungle:Flameango_and_Byrd","floor":18,"turns":4},{"damage":6,"enemies":"theJungle:5_Spyders","floor":19,"turns":5},{"damage":6,"enemies":"theJungle:SlimyTreeVines","floor":21,"turns":3},{"damage":5,"enemies":"theJungle:2_Snecko_Cultists","floor":24,"turns":3},{"damage":0,"enemies":"theJungle:2_Flameangoes","floor":26,"turns":3},{"damage":43,"enemies":"theJungle:MamaSnecko","floor":27,"turns":4}],"seed_played":"1396250778335359101","potions_obtained":[{"floor":4,"key":"GamblersBrew"},{"floor":5,"key":"DeathKnight:RimePotion"},{"floor":10,"key":"DistilledChaos"},{"floor":14,"key":"AttackPotion"}],"is_trial":false,"path_per_floor":["M","?","?","M","M","R","E","?","T","M","R","$","E","M","R","B",null,"M","M","?","M","$","R","M","?","MIM","E"],"character_chosen":"THE_DEFAULT","items_purchased":["halation:AfternoonTea","Membership Card","Shovel"],"campfire_rested":1,"item_purchase_floors":[12,22,22],"current_hp_per_floor":[69,69,69,69,67,67,56,56,56,41,62,62,64,64,64,55,77,77,71,71,66,66,66,62,32,33,0,0],"gold":257,"neow_bonus":"NOSTALGIA","is_daily":false,"chose_seed":false,"campfire_upgraded":1,"win_rate":0.0,"timestamp":1607877578,"path_taken":["M","?","?","?","M","R","E","?","T","M","R","$","E","M","R","BOSS","M","?","?","M","?","R","M","?","MIM","E"],"items_purchased_type":["Relic","Relic","Relic"],"build_version":"2020-11-30","purchased_purges":2,"victory":false,"max_hp_per_floor":[70,70,70,70,70,70,70,70,70,70,70,70,70,70,70,70,77,77,77,77,77,77,77,77,77,77,77,77],"card_choices":[{"not_picked":["TheRailgun:Iron_Dust_Vial","TheRailgun:Taser"],"picked":"TheRailgun:Battery_Pack","floor":1},{"not_picked":["TheRailgun:Iron_Dust_Vial","TheRailgun:Coin_Flip"],"picked":"TheRailgun:Oneesama","floor":4},{"not_picked":["TheRailgun:Discharge","TheRailgun:Crackle"],"picked":"TheRailgun:Thunderjolt","floor":5},{"not_picked":["Sword Boomerang","TheRailgun:Crackle"],"picked":"TheRailgun:Iron_Dust_Sword","floor":7},{"not_picked":["TheRailgun:Electrical_Storm","Rupture"],"picked":"TheRailgun:Token_Collection","floor":10},{"not_picked":["Pummel","Reaper"],"picked":"TheRailgun:Scatter_Railgun","floor":13},{"not_picked":["Evolve","Rupture"],"picked":"Twin Strike","floor":14},{"not_picked":["Reaper","Hemogenesis"],"picked":"TheRailgun:Judgement_Officer","floor":16},{"not_picked":["TheRailgun:Crackle+1","TheRailgun:Teleporter"],"picked":"TheRailgun:Lightning_Speed","floor":18},{"not_picked":["TheRailgun:Electrical_Storm","TheRailgun:Electrical_Fire"],"picked":"TheRailgun:Positive_Field","floor":19},{"not_picked":["TheRailgun:Static","TheRailgun:Coin_Flip"],"picked":"TheRailgun:Negative_Field","floor":21},{"not_picked":["TheRailgun:Circuit_Breaker+1","TheRailgun:Taser"],"picked":"TheRailgun:Heroinism+1","floor":24},{"not_picked":["TheRailgun:Thunderbolt","TheRailgun:Thundershock+1"],"picked":"TheRailgun:Level_6","floor":25},{"not_picked":["TheRailgun:Electrical_Storm","TheRailgun:Spark"],"picked":"TheRailgun:Electrical_Fire","floor":26}],"player_experience":533256,"relics_obtained":[{"floor":7,"key":"aspiration:ChemicalBlood"},{"floor":9,"key":"StuffTheSpire:EmeraldSignet"},{"floor":13,"key":"jedi:bottledfury"},{"floor":20,"key":"ReplayTheSpireMod:Ring of Challenge"},{"floor":23,"key":"Smiling Mask"},{"floor":26,"key":"Letter Opener"}],"event_choices":[],"is_beta":false,"boss_relics":[{"not_picked":["conspire:RoyalGoblet","Runic Pyramid"],"picked":"MagicMushroom"},{"not_picked":[]}],"items_purged_floors":[12,22],"is_endless":false,"potions_floor_spawned":[4,5,10,14],"killed_by":"theJungle:MamaSnecko","ascension_level":0}}