{"host":"91n1pc4te07j54gv","time":1607870680,"event":{"mods":["BaseMod","BetterRewards","Colored Powertips","Downfall","Highlight Path","Infinite Spire","Minty Spire (QoL Compilation)","Quick Restart","Relic Filter","Relic Stats","Replay The Spire","Spicy Shops","StSLib"],"gold_per_floor":[118,133,133,150,150,180,180,51,123,150,150,160,160,185,185,263,263,273,273,286,286,338,367,367,398,480,490,490,590,623,635,635,708,1008,1018,1033,638,652,652,652,680,680,705,733,754,791,818,843,843,843,855,855,855,51,107,121],"floor_reached":57,"playtime":4775,"items_purged":["Dualcast"],"score":4332,"play_id":"20dc2f30-f737-43ab-8a7f-675b96cae8da","local_time":"20201213224440","is_ascension_mode":true,"campfire_choices":[{"floor":7.0,"key":"RECALL"},{"data":"Buffer","floor":11,"key":"SMITH"},{"floor":15,"key":"DIG"},{"floor":24,"key":"DIG"},{"data":"Amplify","floor":28,"key":"SMITH"},{"data":"Amplify","floor":32,"key":"SMITH"},{"data":"Recycle","floor":40,"key":"SMITH"},{"floor":49,"key":"DIG"},{"data":"Double Energy","floor":53,"key":"SMITH"}],"circlet_count":0,"master_deck":["AscendersBane","Defragment","Capacitor","Coolheaded","Buffer+1","FIFO Queue","Glacier","White Noise","Skim","Storm","Glacier","Hello World","Recycle","Barrage","Conserve Battery","Barrage","Cold Snap","Pride","Glacier","Consume","Amplify+1","AbeCurse","FIFO Queue+1","Hallucinations","Glacier","ReplayTheSpireMod:Calculation Training","Seek","Recycle+1","Chill","Amplify+1","Cold Snap","Mirror Shield","CurseOfTheBell","Barrage+1","Blizzard+1","Defragment","expansioncontent:DashGenerateEvil+1","Stack","Barrage","Skim","ReplayTheSpireMod:??????????????????????","Double Energy+1","Echo Form","Recycle","Storm","Cold Snap","expansioncontent:TimeRipple","Skim","Hello World"],"relics":["Cracked Core","Unceasing Top","Du-Vu Doll","Bird Faced Urn","TungstenRod","infinitespire:Golems Mask","Thread and Needle","Orrery","Incense Burner","Pocketwatch","Ice Cream","Replay:Ringing Soul","OrangePellets","Replay:WaspNest","Replay:Multitool","Calipers","infinitespire:CheckeredPen","infinitespire:Beetle Shell","Happy Flower","Oddly Smooth Stone","Abe\u0027s Treasure","FrozenCore","Eternal Feather","Orichalcum","infinitespire:ShieldingShard","Dead Branch","Replay:PocketPolymizer","Mirror","Lizard Tail","Question Card","ReplayTheSpireMod:Lightbulb","Calling Bell","ReplayTheSpireMod:TigerMarble","Iron Hammer","Old Coin","Pen Nib","Blood Vial","Replay:Bandana","infinitespire:SolderingIron","Counterbalance","Whetstone","Prayer Wheel","infinitespire:Bottled Soul","ClockworkSouvenir","infinitespire:EmpoweringShard","infinitespire:Midas Blood"],"acts_visited":["Exordium","TheCity","TheBeyond","TheEnding"],"potions_floor_usage":[10,18,25,45,56],"damage_taken":[{"damage":0.0,"enemies":"2 Louse","floor":1.0,"turns":5.0},{"damage":0.0,"enemies":"Cultist","floor":2.0,"turns":5.0},{"damage":0.0,"enemies":"Jaw Worm","floor":4.0,"turns":4.0},{"damage":0.0,"enemies":"Lagavulin","floor":6.0,"turns":5.0},{"damage":3,"enemies":"Gremlin Nob","floor":10,"turns":3},{"damage":3,"enemies":"Blue Slaver","floor":12,"turns":4},{"damage":0,"enemies":"Nightmare","floor":14,"turns":9},{"damage":0,"enemies":"The Guardian","floor":16,"turns":8},{"damage":0,"enemies":"Shell Parasite","floor":18,"turns":4},{"damage":5,"enemies":"3 Byrds","floor":20,"turns":3},{"damage":1,"enemies":"Replay:Snechameleon","floor":23,"turns":6},{"damage":0,"enemies":"Slavers","floor":25,"turns":6},{"damage":0,"enemies":"Snecko","floor":27,"turns":4},{"damage":4,"enemies":"Colosseum Slavers","floor":29,"turns":4},{"damage":0,"enemies":"Colosseum Nobs","floor":29,"turns":4},{"damage":7,"enemies":"Book of Stabbing","floor":30,"turns":4},{"damage":0,"enemies":"Snake Plant","floor":31,"turns":4},{"damage":0,"enemies":"Automaton","floor":33,"turns":9},{"damage":0,"enemies":"Orb Walker","floor":35,"turns":4},{"damage":0,"enemies":"3 Shapes","floor":36,"turns":3},{"damage":0,"enemies":"Sphere and 2 Shapes","floor":38,"turns":4},{"damage":0,"enemies":"Giant Head","floor":41,"turns":5},{"damage":0,"enemies":"Nightmare","floor":44,"turns":10},{"damage":0,"enemies":"Maw","floor":45,"turns":4},{"damage":2,"enemies":"Reptomancer","floor":46,"turns":5},{"damage":0,"enemies":"Mind Bloom Boss Battle","floor":47,"turns":4},{"damage":7,"enemies":"Writhing Mass","floor":48,"turns":4},{"damage":0,"enemies":"infinitespire:MassOfShapes","floor":50,"turns":8},{"damage":0,"enemies":"Time Eater","floor":51,"turns":5},{"damage":0,"enemies":"Shield and Spear","floor":55,"turns":5},{"damage":2,"enemies":"The Heart","floor":56,"turns":6}],"seed_played":"-3068584217040998861","potions_obtained":[{"floor":1.0,"key":"Adrenaline Potion"},{"floor":10,"key":"Energy Potion"},{"floor":23,"key":"DuplicationPotion"},{"floor":27,"key":"Elixir"},{"floor":41,"key":"Swift Potion"},{"floor":46,"key":"Strength Potion"}],"is_trial":false,"path_per_floor":["M","M","?","M","T","E","R","$","T","E","R","M","?","NM","R","B",null,"M","AVR","M","?","T","E","R","E","T","M","R","?","E","M","R","B",null,"M","M","$","M","?","R","E","R","T","NM","M","E","?","M","R","B","B",null,"R","$","E","B",null],"character_chosen":"DEFECT","items_purchased":["Unceasing Top","expansioncontent:AwakenDeath","Fruit Juice","Bird Faced Urn","TungstenRod","Defragment","Capacitor","Coolheaded","Orrery","Storm","Ice Cream","Replay:Ringing Soul","OrangePellets","Glacier","Hello World","Calipers","Defragment","expansioncontent:DashGenerateEvil","infinitespire:Bottled Soul","ClockworkSouvenir","infinitespire:EmpoweringShard","Hello World"],"campfire_rested":0,"item_purchase_floors":[0,0,0,0,0,0,0,0,0,0,0,0,0,0,0,8,37,37,54,54,54,54],"current_hp_per_floor":[47,60,63,78,78,96,96,99,99,99,99,102,102,105,105,108,111,114,114,111,114,114,120,120,120,120,123,126,129,129,135,138,141,144,147,150,153,153,156,159,159,162,162,165,168,171,174,176,180,180,180,180,183,186,186,186],"gold":121,"neow_bonus":"","is_daily":false,"chose_seed":false,"campfire_upgraded":5,"win_rate":0.0,"timestamp":1607870680,"path_taken":["M","M","?","?","?","E","R","?","T","E","R","M","?","NM","R","BOSS","M","AVR","M","?","?","E","R","E","T","M","R","?","E","M","R","BOSS","M","M","$","M","?","R","E","R","T","NM","M","E","?","M","R","BOSS","BOSS","R","$","E","BOSS"],"items_purchased_type":["Relic","Card","Potion","Relic","Relic","Card","Card","Card","Relic","Card","Relic","Relic","Relic","Card","Card","Relic","Card","Card","Relic","Relic","Relic","Card"],"build_version":"2020-11-30","purchased_purges":1,"victory":true,"max_hp_per_floor":[84,87,90,93,93,96,96,99,99,102,102,102,102,105,105,108,111,114,114,114,117,117,120,120,120,120,123,126,129,132,135,138,141,144,147,150,153,153,156,159,159,162,162,165,168,171,174,177,180,180,180,180,183,186,186,186],"relic_stats":{"Happy Flower":[41],"counters":[388,1706],"Dead Branch":[167],"Eternal Feather":1,"Pen Nib":[6],"Whetstone":["Barrage","expansioncontent:DashGenerateEvil"],"Orichalcum":[174],"Question Card":21,"FrozenCore":[89],"Blood Vial":0,"OrangePellets":[30],"Lizard Tail":0,"Bird Faced Urn":[82],"Prayer Wheel":18,"obtain_stats":[{"infinitespire:BottledMercury":54,"Golden Egg":31,"Replay:Accelerometer":31,"infinitespire:Cubic Diamond":2,"Ginger":0,"Whetstone":49,"Bottled Tornado":53,"Boot":8,"FrozenCore":17,"Old Coin":34,"Blood Vial":43,"Replay:Ringing Soul":9,"infinitespire:ShieldingShard":13,"Sundial":40,"Replay:Bronze Core":34,"MealTicket":26,"infinitespire:Golems Mask":13,"Fusion Hammer":17,"HandDrill":0,"Kunai":27,"Replay:Wax Seal":53,"Replay:Bottled Steam":45,"Counterbalance":25,"Blue Candle":0,"Eternal Feather":19,"Pen Nib":23,"ReplayTheSpireMod:SealedPack":17,"Guardian:PocketSentry":10,"infinitespire:Magic Flask":49,"Akabeko":55,"Cables":44,"infinitespire:EvilPickle":33,"SlaversCollar":17,"infinitespire:Lychee Nut":21,"infinitespire:Broken Mirror":10,"Bird Faced Urn":0,"Snecko Eye":34,"Pandora\u0027s Box":0,"CultistMask":3,"StrikeDummy":34,"Unceasing Top":0,"Abe\u0027s Treasure":34,"infinitespire:PuzzleCube":48,"Solar Panel":6,"Lantern":11,"Regal Pillow":14,"Carrot":31,"Singing Bowl":26,"Torii":53,"Blue Doll":13,"StoneCalendar":0,"Bag of Preparation":30,"Replay:Multitool":40,"Smiling Mask":12,"Ancient Tea Set":40,"Cursed Key":34,"Pet Ghost":46,"Replay:Rubber Ducky":17,"Matryoshka":12,"Shovel":0,"infinitespire:Bottled Soul":23,"WingedGreaves":7,"Replay:Lucky Slots":54,"Replay:Bottled Eggs":40,"Guardian:BottledAnomaly":21,"infinitespire:Eraser":43,"InkBottle":23,"Potion Belt":23,"Lee\u0027s Waffle":14,"Inserter":17,"Golden Idol":2,"Guardian:GemstoneGun":0,"Thread and Needle":0,"infinitespire:Joker Card":0,"The Courier":12,"PreservedInsect":0,"Geode":7,"Omamori":41,"infinitespire:CheckeredPen":40,"Frozen Egg 2":0,"MawBank":43,"Replay:Arrowhead":0,"Nuclear Battery":17,"Orrery":0,"Turnip":0,"Garlic":8,"Art of War":53,"Durian":10,"Bottled Lightning":54,"ReplayTheSpireMod:Lightbulb":30,"Toy Ornithopter":42,"infinitespire:Freezer":43,"infinitespire:Midas Blood":55,"Ice Cream":21,"Divine Protection":17,"Calipers":7,"Gremlin Horn":49,"CeramicFish":25,"Vajra":10,"Runic Capacitor":0,"Sozu":17,"Lizard Tail":24,"Centennial Puzzle":48,"infinitespire:SolderingIron":0,"Replay:Frozen Program":19,"HornCleat":14,"FaceOfCleric":14,"DollysMirror":11,"Prayer Wheel":34,"Philosopher\u0027s Stone":34,"Iron Hammer":12,"Toxic Egg 2":0,"Girya":0,"Happy Flower":40,"ReplayTheSpireMod:CursedCoin":0,"Replay:Grab Bag":17,"Dead Branch":0,"Oddly Smooth Stone":54,"infinitespire:Beetle Shell":10,"Letter Opener":32,"War Paint":54,"Question Card":42,"Du-Vu Doll":53,"OrangePellets":0,"Replay:Baseball":28,"Bottled Flame":14,"Bronze Scales":10,"Molten Egg 2":4,"Onion Ring":42,"Simple Rune":8,"ReplayTheSpireMod:TigerMarble":2,"infinitespire:EmpoweringShard":28,"Black Star":34,"Symbiotic Virus":3,"Mirror":52,"Meat on the Bone":0,"Pocketwatch":38,"Snecko Heart":34,"Replay:PocketPolymizer":0,"SacredBark":17,"Mango":40,"Incense Burner":24,"Juzu Bracelet":41,"Replay:Mystery Machine":47,"Empty Cage":17,"ClockworkSouvenir":0,"Frozen Eye":53,"SsserpentHead":3,"Nunchaku":23,"Dream Catcher":23,"Emotion Chip":0,"Replay:Bandana":25,"Chameleon Ring":10,"Mummified Hand":9,"Pantograph":17,"Gambling Chip":0,"Tiny Chest":21,"Red Mask":22,"Replay:Bottled Snecko":6,"Replay:Antivirus Software":53,"Cracked Core":0,"Gremlin Food":53,"ReplayTheSpireMod:Ninjato":44,"Replay:Towering Pillar of Hats":0,"infinitespire:CursedDice":54,"Quantum Egg":4,"Guide Book":47,"Replay:WaspNest":42,"infinitespire:FocusingShard":48,"Orichalcum":44,"White Beast Statue":28,"Mercury Hourglass":14,"Calling Bell":34,"Peace Pipe":37,"Strange Spoon":6,"DataDisk":29,"CaptainsWheel":0,"Anchor":6,"Pondfish Scales":9,"infinitespire:Satchel":34,"ChewingGum":17,"Coffee Dripper":17,"Bag of Marbles":13,"Membership Card":53,"FossilizedHelix":21,"TungstenRod":0,"ReplayTheSpireMod:ShopPack":53},{"infinitespire:BottledMercury":69,"Golden Egg":250,"Replay:Accelerometer":282,"infinitespire:Cubic Diamond":1,"Ginger":70,"Whetstone":384,"Bottled Tornado":68,"Boot":132,"FrozenCore":48,"Old Coin":375,"Blood Vial":379,"Replay:Ringing Soul":33,"infinitespire:ShieldingShard":36,"Sundial":166,"Replay:Bronze Core":161,"MealTicket":14,"infinitespire:Golems Mask":134,"Fusion Hammer":48,"HandDrill":29,"Kunai":157,"Replay:Wax Seal":126,"Replay:Bottled Steam":258,"Counterbalance":83,"Blue Candle":128,"Eternal Feather":366,"Pen Nib":140,"ReplayTheSpireMod:SealedPack":151,"Guardian:PocketSentry":34,"infinitespire:Magic Flask":96,"Akabeko":231,"Cables":290,"infinitespire:EvilPickle":57,"SlaversCollar":79,"infinitespire:Lychee Nut":12,"infinitespire:Broken Mirror":270,"Bird Faced Urn":29,"Snecko Eye":222,"Pandora\u0027s Box":0,"CultistMask":299,"StrikeDummy":57,"Unceasing Top":232,"Abe\u0027s Treasure":344,"infinitespire:PuzzleCube":353,"Solar Panel":131,"Lantern":6,"Regal Pillow":9,"Carrot":160,"Singing Bowl":53,"Torii":68,"Blue Doll":36,"StoneCalendar":202,"Bag of Preparation":55,"Replay:Multitool":224,"Smiling Mask":47,"Ancient Tea Set":120,"Cursed Key":222,"Pet Ghost":94,"Replay:Rubber Ducky":151,"Matryoshka":36,"Shovel":70,"infinitespire:Bottled Soul":155,"WingedGreaves":76,"Replay:Lucky Slots":295,"Replay:Bottled Eggs":120,"Guardian:BottledAnomaly":154,"infinitespire:Eraser":225,"InkBottle":13,"Potion Belt":27,"Lee\u0027s Waffle":22,"Inserter":306,"Golden Idol":265,"Guardian:GemstoneGun":202,"Thread and Needle":175,"infinitespire:Joker Card":15,"The Courier":209,"PreservedInsect":297,"Geode":4,"Omamori":289,"infinitespire:CheckeredPen":224,"Frozen Egg 2":70,"MawBank":91,"Replay:Arrowhead":128,"Nuclear Battery":106,"Orrery":15,"Turnip":175,"Garlic":19,"Art of War":126,"Durian":238,"Bottled Lightning":355,"ReplayTheSpireMod:Lightbulb":85,"Toy Ornithopter":121,"infinitespire:Freezer":64,"infinitespire:Midas Blood":387,"Ice Cream":12,"Divine Protection":184,"Calipers":32,"Gremlin Horn":323,"CeramicFish":247,"Vajra":4,"Runic Capacitor":70,"Sozu":23,"Lizard Tail":53,"Centennial Puzzle":96,"infinitespire:SolderingIron":99,"Replay:Frozen Program":137,"HornCleat":150,"FaceOfCleric":332,"DollysMirror":76,"Prayer Wheel":57,"Philosopher\u0027s Stone":87,"Iron Hammer":76,"Toxic Egg 2":99,"Girya":99,"Happy Flower":62,"ReplayTheSpireMod:CursedCoin":202,"Replay:Grab Bag":48,"Dead Branch":142,"Oddly Smooth Stone":127,"infinitespire:Beetle Shell":20,"Letter Opener":86,"War Paint":173,"Question Card":225,"Du-Vu Doll":97,"OrangePellets":70,"Replay:Baseball":27,"Bottled Flame":47,"Bronze Scales":45,"Molten Egg 2":16,"Onion Ring":196,"Simple Rune":302,"ReplayTheSpireMod:TigerMarble":30,"infinitespire:EmpoweringShard":54,"Black Star":116,"Symbiotic Virus":30,"Mirror":97,"Meat on the Bone":128,"Pocketwatch":319,"Snecko Heart":222,"Replay:PocketPolymizer":264,"SacredBark":10,"Mango":195,"Incense Burner":82,"Juzu Bracelet":90,"Replay:Mystery Machine":292,"Empty Cage":48,"ClockworkSouvenir":128,"Frozen Eye":97,"SsserpentHead":233,"Nunchaku":82,"Dream Catcher":187,"Emotion Chip":232,"Replay:Bandana":311,"Chameleon Ring":182,"Mummified Hand":76,"Pantograph":151,"Gambling Chip":202,"Tiny Chest":25,"Red Mask":51,"Replay:Bottled Snecko":43,"Replay:Antivirus Software":126,"Cracked Core":0,"Gremlin Food":97,"ReplayTheSpireMod:Ninjato":65,"Replay:Towering Pillar of Hats":232,"infinitespire:CursedDice":295,"Quantum Egg":2,"Guide Book":197,"Replay:WaspNest":64,"infinitespire:FocusingShard":198,"Orichalcum":322,"White Beast Statue":84,"Mercury Hourglass":78,"Calling Bell":57,"Peace Pipe":346,"Strange Spoon":17,"DataDisk":28,"CaptainsWheel":70,"Anchor":103,"Pondfish Scales":132,"infinitespire:Satchel":57,"ChewingGum":151,"Coffee Dripper":48,"Bag of Marbles":105,"Membership Card":97,"FossilizedHelix":80,"TungstenRod":99,"ReplayTheSpireMod:ShopPack":126},{"infinitespire:BottledMercury":336,"Golden Egg":1051,"Replay:Accelerometer":1246,"infinitespire:Cubic Diamond":2,"Ginger":342,"Whetstone":1682,"Bottled Tornado":332,"Boot":568,"FrozenCore":218,"Old Coin":1639,"Blood Vial":1655,"Replay:Ringing Soul":147,"infinitespire:ShieldingShard":158,"Sundial":709,"Replay:Bronze Core":684,"MealTicket":63,"infinitespire:Golems Mask":577,"Fusion Hammer":218,"HandDrill":137,"Kunai":670,"Replay:Wax Seal":541,"Replay:Bottled Steam":1092,"Counterbalance":384,"Blue Candle":550,"Eternal Feather":1596,"Pen Nib":600,"ReplayTheSpireMod:SealedPack":650,"Guardian:PocketSentry":152,"infinitespire:Magic Flask":412,"Akabeko":976,"Cables":1280,"infinitespire:EvilPickle":276,"SlaversCollar":373,"infinitespire:Lychee Nut":50,"infinitespire:Broken Mirror":1178,"Bird Faced Urn":137,"Snecko Eye":952,"Pandora\u0027s Box":0,"CultistMask":1316,"StrikeDummy":276,"Unceasing Top":981,"Abe\u0027s Treasure":1503,"infinitespire:PuzzleCube":1529,"Solar Panel":563,"Lantern":23,"Regal Pillow":32,"Carrot":680,"Singing Bowl":246,"Torii":332,"Blue Doll":158,"StoneCalendar":891,"Bag of Preparation":256,"Replay:Multitool":958,"Smiling Mask":207,"Ancient Tea Set":516,"Cursed Key":952,"Pet Ghost":409,"Replay:Rubber Ducky":650,"Matryoshka":158,"Shovel":342,"infinitespire:Bottled Soul":662,"WingedGreaves":364,"Replay:Lucky Slots":1299,"Replay:Bottled Eggs":516,"Guardian:BottledAnomaly":659,"infinitespire:Eraser":960,"InkBottle":56,"Potion Belt":124,"Lee\u0027s Waffle":97,"Inserter":1354,"Golden Idol":1134,"Guardian:GemstoneGun":891,"Thread and Needle":771,"infinitespire:Joker Card":70,"The Courier":909,"PreservedInsect":1307,"Geode":14,"Omamori":1278,"infinitespire:CheckeredPen":958,"Frozen Egg 2":342,"MawBank":403,"Replay:Arrowhead":550,"Nuclear Battery":460,"Orrery":70,"Turnip":771,"Garlic":81,"Art of War":541,"Durian":1002,"Bottled Lightning":1539,"ReplayTheSpireMod:Lightbulb":388,"Toy Ornithopter":520,"infinitespire:Freezer":312,"infinitespire:Midas Blood":1700,"Ice Cream":50,"Divine Protection":811,"Calipers":145,"Gremlin Horn":1422,"CeramicFish":1040,"Vajra":14,"Runic Capacitor":342,"Sozu":108,"Lizard Tail":246,"Centennial Puzzle":412,"infinitespire:SolderingIron":421,"Replay:Frozen Program":591,"HornCleat":642,"FaceOfCleric":1453,"DollysMirror":364,"Prayer Wheel":276,"Philosopher\u0027s Stone":394,"Iron Hammer":364,"Toxic Egg 2":421,"Girya":421,"Happy Flower":299,"ReplayTheSpireMod:CursedCoin":891,"Replay:Grab Bag":218,"Dead Branch":608,"Oddly Smooth Stone":544,"infinitespire:Beetle Shell":87,"Letter Opener":390,"War Paint":756,"Question Card":960,"Du-Vu Doll":416,"OrangePellets":342,"Replay:Baseball":124,"Bottled Flame":207,"Bronze Scales":197,"Molten Egg 2":73,"Onion Ring":866,"Simple Rune":1325,"ReplayTheSpireMod:TigerMarble":139,"infinitespire:EmpoweringShard":252,"Black Star":499,"Symbiotic Virus":139,"Mirror":416,"Meat on the Bone":550,"Pocketwatch":1408,"Snecko Heart":952,"Replay:PocketPolymizer":1125,"SacredBark":41,"Mango":862,"Incense Burner":379,"Juzu Bracelet":401,"Replay:Mystery Machine":1289,"Empty Cage":218,"ClockworkSouvenir":550,"Frozen Eye":416,"SsserpentHead":984,"Nunchaku":379,"Dream Catcher":822,"Emotion Chip":981,"Replay:Bandana":1383,"Chameleon Ring":800,"Mummified Hand":364,"Pantograph":650,"Gambling Chip":891,"Tiny Chest":114,"Red Mask":235,"Replay:Bottled Snecko":187,"Replay:Antivirus Software":541,"Cracked Core":0,"Gremlin Food":416,"ReplayTheSpireMod:Ninjato":317,"Replay:Towering Pillar of Hats":981,"infinitespire:CursedDice":1299,"Quantum Egg":4,"Guide Book":869,"Replay:WaspNest":312,"infinitespire:FocusingShard":874,"Orichalcum":1418,"White Beast Statue":386,"Mercury Hourglass":369,"Calling Bell":276,"Peace Pipe":1509,"Strange Spoon":76,"DataDisk":136,"CaptainsWheel":342,"Anchor":438,"Pondfish Scales":568,"infinitespire:Satchel":276,"ChewingGum":650,"Coffee Dripper":218,"Bag of Marbles":449,"Membership Card":416,"FossilizedHelix":375,"TungstenRod":421,"ReplayTheSpireMod:ShopPack":541}],"Unceasing Top":[4],"TungstenRod":21,"Pocketwatch":[162]},"card_choices":[{"not_picked":["Hologram","Coolheaded"],"picked":"Buffer","floor":0.0},{"not_picked":["Beam Cell","Panic Button"],"picked":"FIFO Queue","floor":0.0},{"not_picked":["Redo","Streamline"],"picked":"Glacier","floor":0.0},{"not_picked":["ReplaySolidLightProjector","Glacier"],"picked":"White Noise","floor":0.0},{"not_picked":["Scrape","Gash"],"picked":"Skim","floor":0.0},{"not_picked":["Beam Cell","ReplayTheSpireMod:Calculation Training"],"picked":"Recycle","floor":1.0},{"not_picked":["Static Discharge","Panic Button"],"picked":"Barrage","floor":2.0},{"not_picked":["Chaos","Rebound"],"picked":"Barrage","floor":4.0},{"not_picked":["BasicCrystalCard","Ball Lightning"],"picked":"Cold Snap","floor":6.0},{"not_picked":["Ball Lightning","Leap"],"picked":"Glacier","floor":10},{"not_picked":["Darkness","Multi-Cast","Beam Cell"],"picked":"SKIP","floor":12},{"not_picked":["Steam","Undo"],"picked":"Consume","floor":14},{"not_picked":["Seek","Meteor Strike"],"picked":"Amplify","floor":16},{"not_picked":["Sweeping Beam","Hologram"],"picked":"FIFO Queue+1","floor":18},{"not_picked":["Sweeping Beam","Beam Cell","Go for the Eyes"],"picked":"SKIP","floor":20},{"not_picked":["Recycle","Hello World"],"picked":"Glacier","floor":23},{"not_picked":["Rebound","Force Field","Steam Power"],"picked":"SKIP","floor":25},{"not_picked":["Stack","Lockon"],"picked":"ReplayTheSpireMod:Calculation Training","floor":27},{"not_picked":["Hologram","Conserve Battery"],"picked":"Recycle","floor":29},{"not_picked":["Beam Cell","Sweeping Beam+1","Turbo"],"picked":"Chill","floor":30},{"not_picked":["Undo+1","Gash","Coolheaded+1"],"picked":"Amplify","floor":31},{"not_picked":["Amplify","ReplayTheSpireMod:Omega Cannon","Machine Learning"],"picked":"Mirror Shield","floor":33},{"not_picked":["Steam+1","Ball Lightning","Panic Button"],"picked":"Barrage","floor":35},{"not_picked":["Compile Driver","Skim","ReplayTheSpireMod:Reroute Power+1"],"picked":"Blizzard+1","floor":36},{"not_picked":["Static Discharge","Gash","Hyperbeam","Panic Button"],"picked":"SKIP","floor":38},{"not_picked":["Panic Button","Rebound","Auto Shields","Streamline"],"picked":"SKIP","floor":41},{"not_picked":["infinitespire:Starlight","infinitespire:Gouge"],"picked":"ReplayTheSpireMod:??????????????????????","floor":44},{"not_picked":["Gash+1","Force Field+1","Sweeping Beam+1"],"picked":"Double Energy","floor":44},{"not_picked":["BasicCrystalCard","Redo","Barrage"],"picked":"Echo Form","floor":45},{"not_picked":["Beam Cell+1","Cold Snap","Leap"],"picked":"Recycle","floor":46},{"not_picked":["Reboot","Redo","Chaos"],"picked":"Storm","floor":47},{"not_picked":["Sunder+1","Panic Button","Conserve Battery"],"picked":"Cold Snap","floor":48},{"not_picked":["Gash","ReplayTheSpireMod:System Scan","BasicCrystalCard","Streamline"],"picked":"SKIP","floor":55}],"player_experience":994014,"relics_obtained":[{"floor":5.0,"key":"Replay:WaspNest"},{"floor":6.0,"key":"Replay:Multitool"},{"floor":9,"key":"infinitespire:CheckeredPen"},{"floor":10,"key":"infinitespire:Beetle Shell"},{"floor":14,"key":"Happy Flower"},{"floor":15,"key":"Oddly Smooth Stone"},{"floor":23,"key":"infinitespire:ShieldingShard"},{"floor":24,"key":"Dead Branch"},{"floor":25,"key":"Replay:PocketPolymizer"},{"floor":26,"key":"Mirror"},{"floor":29,"key":"Lizard Tail"},{"floor":29,"key":"Question Card"},{"floor":30,"key":"ReplayTheSpireMod:Lightbulb"},{"floor":34,"key":"ReplayTheSpireMod:TigerMarble"},{"floor":34,"key":"Iron Hammer"},{"floor":34,"key":"Old Coin"},{"floor":41,"key":"Pen Nib"},{"floor":43,"key":"Blood Vial"},{"floor":44,"key":"Replay:Bandana"},{"floor":46,"key":"infinitespire:SolderingIron"},{"floor":47,"key":"Counterbalance"},{"floor":49,"key":"Whetstone"},{"floor":55,"key":"infinitespire:Midas Blood"}],"event_choices":[{"damage_healed":0.0,"max_hp_gain":0.0,"max_hp_loss":0.0,"gold_gain":0.0,"cards_transformed":["Strike_B"],"event_name":"Transmorgrifier","player_choice":"Transformed","floor":3.0,"gold_loss":0.0,"damage_taken":0.0,"cards_obtained":["Conserve Battery"]},{"damage_healed":0,"gold_gain":0,"player_choice":"Fight","damage_taken":0,"max_hp_gain":0,"max_hp_loss":0,"event_name":"Colosseum","floor":29,"gold_loss":0},{"damage_healed":0,"gold_gain":0,"player_choice":"Fought Nobs","damage_taken":0,"max_hp_gain":0,"max_hp_loss":0,"event_name":"Colosseum","floor":29,"gold_loss":0},{"damage_healed":0,"gold_gain":0,"cards_transformed":["Strike_B"],"player_choice":"Transformed","damage_taken":0,"max_hp_gain":0,"max_hp_loss":0,"event_name":"Transmorgrifier","floor":39,"gold_loss":0,"cards_obtained":["Stack"]},{"cards_removed":["Defend_B"],"damage_healed":0,"gold_gain":0,"player_choice":"Purged","damage_taken":0,"max_hp_gain":0,"max_hp_loss":0,"event_name":"Purifier","floor":42,"gold_loss":0},{"damage_healed":0,"gold_gain":0,"player_choice":"Fight","damage_taken":0,"max_hp_gain":0,"max_hp_loss":0,"event_name":"MindBloom","floor":47,"gold_loss":0}],"is_beta":false,"boss_relics":[{"not_picked":["SacredBark","infinitespire:Cupcake"],"picked":"Abe\u0027s Treasure"},{"not_picked":["SlaversCollar","Snecko Heart"],"picked":"Calling Bell"}],"items_purged_floors":[37],"is_endless":false,"potions_floor_spawned":[1,6,10,14,23,27,29,31,35,41,46,47,55],"ascension_level":20}}