{"host":"aovv4e73998kgan0","time":1607848729,"event":{"mods":["BaseMod","Minty Spire (QoL Compilation)","StSLib"],"gold_per_floor":[116,116,116,129,129,163,163,175,175,30,50,50,50],"floor_reached":12,"playtime":413,"items_purged":["Strike_R"],"score":118,"play_id":"5cb54da4-289d-4587-9da8-1bf5831a510c","local_time":"20201213033849","is_ascension_mode":true,"campfire_choices":[{"data":"True Grit","floor":7,"key":"SMITH"}],"circlet_count":0,"master_deck":["Strike_R","Strike_R","Strike_R","Defend_R","Defend_R","Defend_R","Defend_R","Bash+1","Shrug It Off","Metallicize","Iron Wave","True Grit+1","Cleave","Entrench","Body Slam"],"relics":["Burning Blood","NeowsBlessing","Question Card","Toy Ornithopter","Bottled Flame"],"acts_visited":["Exordium"],"potions_floor_usage":[11],"damage_taken":[{"damage":0,"enemies":"Cultist","floor":1,"turns":1},{"damage":0,"enemies":"Small Slimes","floor":4,"turns":1},{"damage":0,"enemies":"Lagavulin","floor":6,"turns":1},{"damage":1,"enemies":"Jaw Worm","floor":8,"turns":4},{"damage":4,"enemies":"Exordium Thugs","floor":11,"turns":6},{"damage":73,"enemies":"Gremlin Nob","floor":12,"turns":7}],"seed_played":"-4562848905926985892","potions_obtained":[{"floor":4,"key":"SkillPotion"}],"is_trial":false,"path_per_floor":["M","?","?","M","?","E","R","M","T","$","M","E"],"character_chosen":"IRONCLAD","items_purchased":["Entrench"],"campfire_rested":0,"item_purchase_floors":[10],"current_hp_per_floor":[80,80,55,61,61,67,67,72,72,72,79,6,6],"gold":50,"neow_bonus":"THREE_ENEMY_KILL","is_daily":false,"chose_seed":false,"campfire_upgraded":1,"win_rate":0.0,"timestamp":1607848729,"path_taken":["M","?","?","M","?","E","R","?","T","?","M","E"],"items_purchased_type":["Card"],"build_version":"2020-11-30","purchased_purges":1,"victory":false,"max_hp_per_floor":[80,80,80,80,80,80,80,80,80,80,80,80,80],"card_choices":[{"not_picked":["Havoc","Headbutt"],"picked":"Shrug It Off","floor":1},{"not_picked":["Headbutt","Wild Strike","Warcry"],"picked":"Iron Wave","floor":4},{"not_picked":["Wild Strike","Iron Wave","Shrug It Off"],"picked":"True Grit","floor":6},{"not_picked":["Perfected Strike","Juggernaut","Clothesline"],"picked":"Cleave","floor":8},{"not_picked":["Reckless Charge","Sword Boomerang","Power Through"],"picked":"Body Slam","floor":11}],"player_experience":134679,"relics_obtained":[{"floor":6,"key":"Toy Ornithopter"},{"floor":9,"key":"Bottled Flame"}],"event_choices":[{"damage_healed":0,"gold_gain":0,"cards_transformed":["Strike_R"],"player_choice":"Change","damage_taken":0,"max_hp_gain":0,"max_hp_loss":0,"event_name":"Living Wall","floor":2,"gold_loss":0,"cards_obtained":["Metallicize"]},{"damage_healed":0,"gold_gain":0,"player_choice":"Success","damage_taken":25,"relics_obtained":["Question Card"],"max_hp_gain":0,"max_hp_loss":0,"event_name":"Scrap Ooze","floor":3,"gold_loss":0},{"damage_healed":0,"gold_gain":0,"player_choice":"Upgraded","damage_taken":0,"max_hp_gain":0,"max_hp_loss":0,"event_name":"Upgrade Shrine","floor":5,"gold_loss":0,"cards_upgraded":["Bash"]}],"is_beta":false,"boss_relics":[],"items_purged_floors":[10],"is_endless":false,"potions_floor_spawned":[4],"killed_by":"Gremlin Nob","ascension_level":3}}