{"host":"cf32014d19ld5mat","time":1607860891,"event":{"mods":["AchievementEnabler","BaseMod","Block Reminder","Minty Spire (QoL Compilation)","Random Character Button","Relic Stats","StSLib"],"gold_per_floor":[111,123,134,146,158,158,158],"floor_reached":6,"playtime":283,"items_purged":[],"score":80,"play_id":"7596c391-f68e-4820-a103-399cdbd9e542","local_time":"20201213120131","is_ascension_mode":true,"campfire_choices":[],"circlet_count":0,"master_deck":["AscendersBane","Strike_P","Strike_P","Strike_P","Strike_P","Defend_P","Defend_P","Defend_P","Defend_P","Eruption","Vigilance","Vengeance","Adaptation","FollowUp","Tantrum"],"relics":["Snecko Eye"],"acts_visited":["Exordium"],"potions_floor_usage":[5,6],"damage_taken":[{"damage":0.0,"enemies":"Cultist","floor":1.0,"turns":3.0},{"damage":10,"enemies":"Small Slimes","floor":2,"turns":4},{"damage":12,"enemies":"Jaw Worm","floor":3,"turns":3},{"damage":3,"enemies":"Looter","floor":4,"turns":2},{"damage":14,"enemies":"Exordium Wildlife","floor":5,"turns":3},{"damage":0,"enemies":"Lagavulin","floor":6,"turns":4}],"seed_played":"-5397490959385832910","potions_obtained":[{"floor":2,"key":"SkillPotion"},{"floor":3,"key":"EssenceOfSteel"},{"floor":5,"key":"Explosive Potion"}],"is_trial":false,"path_per_floor":["M","M","M","M","M","E"],"character_chosen":"WATCHER","items_purchased":[],"campfire_rested":0,"item_purchase_floors":[],"current_hp_per_floor":[61,51,39,36,22,22,22],"gold":158,"neow_bonus":"BOSS_RELIC","is_daily":false,"chose_seed":false,"campfire_upgraded":0,"win_rate":0.0,"timestamp":1607860891,"path_taken":["M","M","M","M","?","E"],"items_purchased_type":[],"build_version":"2020-11-30","purchased_purges":0,"victory":false,"max_hp_per_floor":[68,68,68,68,68,68,68],"relic_stats":{"counters":[6,19],"Snecko Eye":[30,40,40,32],"obtain_stats":[{"Snecko Eye":0,"PureWater":0},{"Snecko Eye":0,"PureWater":0},{"Snecko Eye":0,"PureWater":0}]},"card_choices":[{"not_picked":["ClearTheMind","Consecrate"],"picked":"Vengeance","floor":1.0},{"not_picked":["Pray","Prostrate"],"picked":"Adaptation","floor":2},{"not_picked":["JustLucky","Prostrate"],"picked":"FollowUp","floor":3},{"not_picked":["FlyingSleeves","Fasting2","Halt"],"picked":"SKIP","floor":4},{"not_picked":["ThirdEye","SashWhip"],"picked":"Tantrum","floor":5}],"player_experience":940492,"relics_obtained":[],"event_choices":[],"is_beta":false,"boss_relics":[],"items_purged_floors":[],"is_endless":false,"potions_floor_spawned":[2,3,5],"killed_by":"Lagavulin","ascension_level":20}}