{"host":"ks12kfi5c4d9hdxy","time":1607887984,"event":{"mods":["BaseMod","Conspire","GifTheSpireLib","HololiveMod","Koishi","LagranYue(拉格朗・月)","Marisa（F雨　魔理沙）","Minty Spire (QoL Compilation)","Reimu（博丽灵梦）","Remilia（蕾米莉亚）","Replay The Spire","RumiaBox-露米娅的神秘盒子","StSLib","SuperFastMode","The Administrix","The Servant 0.9.4","Youmu（魂魄妖梦）","Yuyuko","【功能Mod】混沌之环修复补丁","【功能Mod】聪明的最终Boss","篝火指南"],"gold_per_floor":[112,112,127,127,127,162,162,202,202,237,237,237,256,35,35,131,131,155,75,75,18,33,33,74,74,74,105,105,105,105],"floor_reached":29,"playtime":744,"items_purged":[],"score":525,"play_id":"616f02b7-33a0-4397-b6ad-b7d5a1ef45d1","local_time":"20201214033304","is_ascension_mode":true,"campfire_choices":[{"data":"UpSweep","floor":7,"key":"SMITH"},{"floor":12,"key":"REST"},{"floor":15,"key":"REST"},{"floor":23,"key":"REST"},{"floor":25,"key":"REST"}],"circlet_count":0,"master_deck":["AscendersBane","Strike_MRS","Strike_MRS","Strike_MRS","Strike_MRS","Defend_MRS","Defend_MRS","Defend_MRS","Defend_MRS+1","UpSweep+1","PowerUp","Injury","ShootTheMoon+1","PropBag","PropBag","EnergyFlow","CasketOfStar","Flash of Steel+1","SporeBomb","AsteroidBelt"],"relics":["MiniHakkero","LagranYue:RandomDrawCardRelic","NeowsBlessing","Golden Idol","Du-Vu Doll","conspire:GlowingRock","Ginger","ReplayTheSpireMod:TigerMarble","conspire:Dentures","Membership Card","Blue Doll","LagranYue:ContractPerformanceRelic","ZunR:ReiMu","Replay:Kaleidoscope","Bronze Scales","Replay:Mystery Machine","Gremlin Horn"],"acts_visited":["Exordium","TheCity"],"potions_floor_usage":[16,22,29,29],"damage_taken":[{"damage":0,"enemies":"2 Louse","floor":1,"turns":1},{"damage":0,"enemies":"Cultist","floor":3,"turns":1},{"damage":0,"enemies":"Lagavulin","floor":6,"turns":2},{"damage":22,"enemies":"Gremlin Nob","floor":8,"turns":4},{"damage":18,"enemies":"3 Sentries","floor":10,"turns":8},{"damage":4,"enemies":"Small Slimes","floor":13,"turns":3},{"damage":22,"enemies":"The Guardian","floor":16,"turns":8},{"damage":36,"enemies":"Shell Parasite","floor":18,"turns":5},{"damage":10,"enemies":"Chosen","floor":22,"turns":4},{"damage":31,"enemies":"Gremlin Leader","floor":24,"turns":6},{"damage":27,"enemies":"Slavers","floor":27,"turns":4},{"damage":6,"enemies":"Centurion and Healer","floor":29,"turns":1}],"seed_played":"618941505003907628","potions_obtained":[{"floor":8,"key":"CultistPotion"},{"floor":10,"key":"Energy Potion"},{"floor":13,"key":"Regen Potion"},{"floor":16,"key":"Energy Potion"},{"floor":27,"key":"BottledSpark"}],"is_trial":false,"path_per_floor":["M","?","M","?","?","E","R","E","T","E","T","R","M","$","R","B",null,"M","?","?","$","M","R","E","R","T","E","?","M"],"character_chosen":"MARISA","items_purchased":["Membership Card","Blue Doll","Flash of Steel+1","SporeBomb","AsteroidBelt"],"campfire_rested":4,"item_purchase_floors":[14,14,21,21,21],"current_hp_per_floor":[63,63,63,63,63,63,63,41,41,23,23,44,44,44,65,43,63,27,20,20,20,22,43,12,33,33,6,6,0,0],"gold":105,"neow_bonus":"THREE_ENEMY_KILL","is_daily":false,"chose_seed":false,"campfire_upgraded":1,"win_rate":0.0,"timestamp":1607887984,"path_taken":["M","?","M","?","?","E","R","E","T","E","?","R","?","$","R","BOSS","M","?","?","$","?","R","E","R","T","E","?","M"],"items_purchased_type":["Relic","Relic","Card","Card","Card"],"build_version":"2020-11-30","purchased_purges":0,"victory":false,"max_hp_per_floor":[70,70,70,70,70,70,70,70,70,70,70,70,70,70,70,70,70,70,70,70,70,70,70,70,70,70,70,70,70,70],"card_choices":[{"not_picked":["DC","UnstableBomb"],"picked":"PowerUp","floor":1},{"not_picked":["PulseMagic","IllusionStar","DarkMatter"],"picked":"SKIP","floor":3},{"not_picked":["OpenUniverse","LuminesStrike"],"picked":"PropBag","floor":6},{"not_picked":["JA","Acceleration"],"picked":"PropBag","floor":8},{"not_picked":["AsteroidBelt","LuminesStrike","MysteriousBeam"],"picked":"SKIP","floor":10},{"not_picked":["MagicAbsorber","ManaConvection"],"picked":"EnergyFlow","floor":13},{"not_picked":["MillisecondPulsars","SuperNova"],"picked":"CasketOfStar","floor":16},{"not_picked":["EnergyRecoil","IllusionStar","GalacticHalo"],"picked":"SKIP","floor":18},{"not_picked":["AsteroidBelt+1","WitchOfGreed","DarkSpark"],"picked":"SKIP","floor":22},{"not_picked":["SuperNova","ChargingUp+1","IllusionStar"],"picked":"SKIP","floor":24},{"not_picked":["AsteroidBelt","DoubleSpark","GasGiant"],"picked":"SKIP","floor":27}],"player_experience":451945,"relics_obtained":[{"floor":6,"key":"Du-Vu Doll"},{"floor":8,"key":"conspire:GlowingRock"},{"floor":9,"key":"Ginger"},{"floor":10,"key":"ReplayTheSpireMod:TigerMarble"},{"floor":11,"key":"conspire:Dentures"},{"floor":24,"key":"Replay:Kaleidoscope"},{"floor":26,"key":"Bronze Scales"},{"floor":27,"key":"Replay:Mystery Machine"}],"event_choices":[{"damage_healed":0,"gold_gain":0,"player_choice":"Take Wound","damage_taken":0,"relics_obtained":["Golden Idol"],"max_hp_gain":0,"max_hp_loss":0,"event_name":"Golden Idol","floor":2,"gold_loss":0,"cards_obtained":["Injury"]},{"damage_healed":0,"gold_gain":0,"player_choice":"购买神酒","damage_taken":7,"relics_obtained":["ZunR:ReiMu"],"max_hp_gain":0,"max_hp_loss":0,"event_name":"ZunEvent","floor":19,"gold_loss":0},{"damage_healed":0,"gold_gain":0,"player_choice":"Ignored","damage_taken":0,"max_hp_gain":0,"max_hp_loss":0,"event_name":"Vampires","floor":20,"gold_loss":0},{"damage_healed":0,"gold_gain":0,"player_choice":"0 cards matched","damage_taken":0,"max_hp_gain":0,"max_hp_loss":0,"event_name":"Match and Keep!","floor":28,"gold_loss":0,"cards_obtained":[]}],"is_beta":false,"boss_relics":[{"not_picked":["Fusion Hammer","Snecko Eye"],"picked":"LagranYue:ContractPerformanceRelic"}],"items_purged_floors":[],"is_endless":false,"potions_floor_spawned":[8,10,13,16,18,27],"killed_by":"Centurion and Healer","ascension_level":15}}