{"host":"i3w38rq1z4slkels","time":1607879553,"event":{"mods":["2.2 Compatiblity","Act Like it!","BaseMod","Better Match","Better Vampires","BetterRewards","Conspire","Downfall","Minty Spire (QoL Compilation)","Rare Cards Sparkle","Replay The Spire","StSLib"],"gold_per_floor":[99,115,40,58,74,59,128,128,143,143,143],"floor_reached":10,"playtime":728,"items_purged":[],"score":58,"play_id":"a733d72b-a883-4af8-bb8d-9cbd25c08619","local_time":"20201214001233","is_ascension_mode":false,"campfire_choices":[{"floor":1,"key":"RECALL"},{"data":"champ:Taunt","floor":3,"key":"SMITH"}],"circlet_count":0,"master_deck":["champ:Strike","champ:Strike","champ:Strike","champ:Strike","champ:Defend","champ:Defend","champ:Defend","champ:Defend","champ:Execute","champ:Taunt+1","champ:BladeFlurry","champ:DefensiveShout+1","champ:BerserkersShout","champ:HeavySlash","champ:CalledShot"],"relics":["champ:ChampionCrown","downfall:HeartBlessingRed","Snack Pack"],"acts_visited":["Exordium"],"potions_floor_usage":[10],"damage_taken":[{"damage":16,"enemies":"Cultist","floor":2,"turns":5},{"damage":26,"enemies":"Small Slimes","floor":4,"turns":5},{"damage":20,"enemies":"Jaw Worm","floor":5,"turns":4},{"damage":14,"enemies":"downfall:FleeingMerchant","floor":6,"turns":4},{"damage":17,"enemies":"Lots of Slimes","floor":9,"turns":4},{"damage":76,"enemies":"Gremlin Nob","floor":10,"turns":4}],"seed_played":"-8291960095312791623","potions_obtained":[{"floor":5,"key":"Milkshake"},{"floor":9,"key":"ColorlessPotion"}],"is_trial":false,"path_per_floor":["R","M","R","M","M","$","T","?","M","E"],"character_chosen":"THE_CHAMP","items_purchased":[],"campfire_rested":0,"item_purchase_floors":[],"current_hp_per_floor":[99,88,88,68,56,56,56,56,50,0,0],"gold":143,"neow_bonus":"TEN_PERCENT_HP_BONUS","is_daily":false,"chose_seed":false,"campfire_upgraded":1,"win_rate":0.0,"timestamp":1607879553,"path_taken":["R","M","R","M","M","?","T","?","M","E"],"items_purchased_type":[],"build_version":"2020-11-30","purchased_purges":0,"victory":false,"max_hp_per_floor":[99,99,99,99,99,99,99,99,99,99,99],"card_choices":[{"not_picked":["champ:AdrenalArmor","champ:RisingSlash"],"picked":"champ:BladeFlurry","floor":2},{"not_picked":["champ:Backstep","champ:CrownThrow"],"picked":"champ:DefensiveShout","floor":4},{"not_picked":["champ:Backstep","champ:Encircle"],"picked":"champ:BerserkersShout","floor":5},{"not_picked":["champ:GladiatorsShout","champ:FocusedGladiator"],"picked":"champ:HeavySlash","floor":6},{"not_picked":["champ:EndlessRage","champ:BerserkerStyle"],"picked":"champ:CalledShot","floor":9}],"player_experience":404104,"relics_obtained":[{"floor":7,"key":"Snack Pack"}],"event_choices":[{"damage_healed":0,"gold_gain":0,"player_choice":"Upgraded","damage_taken":0,"max_hp_gain":0,"max_hp_loss":0,"event_name":"Upgrade Shrine","floor":8,"gold_loss":0,"cards_upgraded":["champ:DefensiveShout"]}],"is_beta":false,"boss_relics":[],"items_purged_floors":[],"is_endless":false,"potions_floor_spawned":[5,9],"killed_by":"Gremlin Nob","ascension_level":0}}