{"host":"ow9msrs9p2ctkx99","time":1607891613,"event":{"mods":["AchievementEnabler","BaseMod","Colored Map","Colored Powertips","Minty Spire (QoL Compilation)","Permanent Neow","Quick Restart","SuperFastMode"],"gold_per_floor":[14,14,30,47,47,47,60,60,87,120,133,174,198,278,278,402,402,420,420,420,420,439,479,479,479,479],"floor_reached":25,"playtime":1221,"items_purged":[],"score":474,"play_id":"37db12bb-ae83-4220-bb6b-4ed1e32db666","local_time":"20201213213333","is_ascension_mode":true,"campfire_choices":[{"floor":6,"key":"DIG"},{"floor":8,"key":"DIG"},{"floor":15,"key":"DIG"},{"data":"Fission","floor":24,"key":"SMITH"}],"circlet_count":0,"master_deck":["AscendersBane","Strike_B+1","Strike_B+1","Defend_B+1","Defend_B+1","Defend_B+1","Defend_B+1","Zap","Dualcast","Sunder+1","Glacier","Compile Driver","Rebound","Beam Cell","Steam","Undo","Melter","BootSequence","Machine Learning","Sweeping Beam","Defragment","Multi-Cast","Defragment","Compile Driver","Fission+1"],"relics":["Cracked Core","Shovel","Golden Idol","Pen Nib","Mummified Hand","Happy Flower","Juzu Bracelet","Shuriken","War Paint","HornCleat","Nuclear Battery","TungstenRod"],"acts_visited":["Exordium","TheCity"],"potions_floor_usage":[3,12,16,23,23,25],"damage_taken":[{"damage":0,"enemies":"Small Slimes","floor":1,"turns":3},{"damage":2,"enemies":"Jaw Worm","floor":3,"turns":2},{"damage":6,"enemies":"Cultist","floor":4,"turns":3},{"damage":2,"enemies":"2 Fungi Beasts","floor":7,"turns":3},{"damage":21,"enemies":"3 Sentries","floor":10,"turns":6},{"damage":0,"enemies":"Blue Slaver","floor":11,"turns":3},{"damage":0,"enemies":"Lagavulin","floor":12,"turns":4},{"damage":11,"enemies":"3 Louse","floor":13,"turns":4},{"damage":0,"enemies":"Gremlin Nob","floor":14,"turns":2},{"damage":0,"enemies":"Slime Boss","floor":16,"turns":6},{"damage":0,"enemies":"Spheric Guardian","floor":18,"turns":4},{"damage":4,"enemies":"Shell Parasite","floor":22,"turns":3},{"damage":10,"enemies":"Slavers","floor":23,"turns":6},{"damage":48,"enemies":"Book of Stabbing","floor":25,"turns":8}],"seed_played":"-839271105954278431","potions_obtained":[{"floor":1,"key":"Fire Potion"},{"floor":4,"key":"AttackPotion"},{"floor":10,"key":"LiquidMemories"},{"floor":13,"key":"EssenceOfDarkness"},{"floor":22,"key":"FearPotion"},{"floor":23,"key":"Fire Potion"}],"is_trial":false,"path_per_floor":["M","?","M","M","?","R","M","R","T","E","M","E","M","?","R","B",null,"M","?","?","?","M","E","R","E"],"character_chosen":"DEFECT","items_purchased":[],"campfire_rested":0,"item_purchase_floors":[],"current_hp_per_floor":[68,68,66,60,60,60,58,58,58,37,37,37,26,26,26,26,58,58,58,58,58,54,44,44,0,0],"gold":479,"neow_bonus":"ONE_RARE_RELIC","is_daily":false,"chose_seed":false,"campfire_upgraded":1,"win_rate":0.0,"timestamp":1607891613,"path_taken":["M","?","M","M","?","R","M","R","T","E","M","E","M","?","R","BOSS","M","?","?","?","M","E","R","E"],"items_purchased_type":[],"build_version":"2020-11-30","purchased_purges":0,"victory":false,"max_hp_per_floor":[75,75,75,75,69,69,69,69,69,69,69,69,69,69,69,69,69,69,69,69,69,69,69,69,69,69],"card_choices":[{"not_picked":["Stack","Gash"],"picked":"Sunder","floor":1},{"not_picked":["Redo","Rebound"],"picked":"Glacier","floor":3},{"not_picked":["Coolheaded","Recycle"],"picked":"Compile Driver","floor":4},{"not_picked":["Barrage","Machine Learning"],"picked":"Rebound","floor":7},{"not_picked":["Rip and Tear","Lockon"],"picked":"Beam Cell","floor":10},{"not_picked":["Barrage","Gash"],"picked":"Steam","floor":11},{"not_picked":["Meteor Strike","Ball Lightning"],"picked":"Undo","floor":12},{"not_picked":["Blizzard","Undo"],"picked":"Melter","floor":13},{"not_picked":["Stack","Gash"],"picked":"BootSequence","floor":14},{"not_picked":["Amplify","Hyperbeam"],"picked":"Machine Learning","floor":16},{"not_picked":["Steam","Go for the Eyes"],"picked":"Sweeping Beam","floor":18},{"not_picked":["Hyperbeam","Redo"],"picked":"Compile Driver","floor":22},{"not_picked":["Steam","Gash"],"picked":"Fission","floor":23}],"player_experience":1017689,"relics_obtained":[{"floor":6,"key":"Pen Nib"},{"floor":8,"key":"Mummified Hand"},{"floor":9,"key":"Happy Flower"},{"floor":10,"key":"Juzu Bracelet"},{"floor":12,"key":"Shuriken"},{"floor":14,"key":"War Paint"},{"floor":15,"key":"HornCleat"},{"floor":23,"key":"TungstenRod"}],"event_choices":[{"damage_healed":0,"gold_gain":0,"player_choice":"Grow","damage_taken":0,"max_hp_gain":0,"max_hp_loss":0,"event_name":"Living Wall","floor":2,"gold_loss":0,"cards_upgraded":["Sunder"]},{"damage_healed":0,"gold_gain":0,"player_choice":"Lose Max HP","damage_taken":0,"relics_obtained":["Golden Idol"],"max_hp_gain":0,"max_hp_loss":6,"event_name":"Golden Idol","floor":5,"gold_loss":0},{"damage_healed":0,"gold_gain":0,"player_choice":"Searched \u00272\u0027 times","damage_taken":0,"max_hp_gain":0,"max_hp_loss":0,"event_name":"Dead Adventurer","floor":14,"gold_loss":0},{"damage_healed":0,"gold_gain":0,"cards_transformed":["Strike_B","Strike_B"],"player_choice":"Became Test Subject","damage_taken":0,"max_hp_gain":0,"max_hp_loss":0,"event_name":"Drug Dealer","floor":19,"gold_loss":0,"cards_obtained":["Defragment","Multi-Cast"]},{"damage_healed":0,"gold_gain":0,"player_choice":"Copied","damage_taken":0,"max_hp_gain":0,"max_hp_loss":0,"event_name":"Duplicator","floor":20,"gold_loss":0,"cards_obtained":["Defragment"]},{"damage_healed":0,"gold_gain":0,"player_choice":"Simplicity","damage_taken":0,"max_hp_gain":0,"max_hp_loss":0,"event_name":"Back to Basics","floor":21,"gold_loss":0,"cards_upgraded":["Strike_B","Strike_B","Defend_B","Defend_B"]}],"is_beta":false,"boss_relics":[{"not_picked":["Runic Dome","Ectoplasm"],"picked":"Nuclear Battery"}],"items_purged_floors":[],"is_endless":false,"potions_floor_spawned":[1,4,10,13,14,22,23],"killed_by":"Book of Stabbing","ascension_level":11}}