{"host":"3j7xx3dgykcuif7u","time":1607846917,"event":{"mods":["2.2 Compatiblity","Bard","BaseMod","Better Note","Better Third Choice","BetterRewards","Colored Map","Colored Powertips","Conspire","Custom Start","Downfall","Faster Ascension Climbing","Friendly Minions","GifTheSpireLib","Gremlin Skip","Hermit","Highlight Path","Hubris","Infinite Spire","Mad Scientist","Marisa????????","Mimic Mod","Minty Spire (QoL Compilation)","Permanent Neow","Quick Restart","RNG Fix","Relic Sorter","Relic Stats","Replay The Spire","Shop Mod","Somnambulant","StSLib","Stuff the Spire","SuperFastMode","The Blue Laboratory","The Construct","The Disciple","The Jungle","The Mystic","The Servant 0.9.4","vexMod"],"gold_per_floor":[219,394,394,405,86,115,115,127,150,150,180,196,230,246,246,319,319,319,319],"floor_reached":18,"playtime":1633,"items_purged":["Doubt"],"score":297,"play_id":"adfccfa1-0f40-44ff-bcc4-565233949717","local_time":"20201213020837","is_ascension_mode":true,"campfire_choices":[{"floor":7.0,"key":"REST"},{"floor":15,"key":"REST"}],"circlet_count":0,"master_deck":["AscendersBane","MadScienceMod:Detonate+1","MadScienceMod:Strike_MadScience","MadScienceMod:Strike_MadScience","MadScienceMod:Strike_MadScience","MadScienceMod:Strike_MadScience","MadScienceMod:Defend_MadScience","MadScienceMod:Defend_MadScience","MadScienceMod:Defend_MadScience","MadScienceMod:Defend_MadScience","MadScienceMod:PoweredStrike","MadScienceMod:HideBehindJunk","MadScienceMod:MakeOrBreak","MadScienceMod:RecyclingStation+1","Master of Strategy+1","hubris:Insight+1","Replay:SS_fish_2+1","MadScienceMod:OilDrum+1","MadScienceMod:NowOrNever","MadScienceMod:FragmentationGrenade","MadScienceMod:GatherParts+1","MadScienceMod:BoxOfScraps","MadScienceMod:Probe","MadScienceMod:FragmentationGrenade","MadScienceMod:Liquify+1"],"relics":["MadScienceMod:FuelTank","hubris:Icosahedron","Golden Egg","ReplayTheSpireMod:ShopPack","vexMod:MemoryStick","Juzu Bracelet","hubris:CuriousFeather","conspire:TopHat","Runic Pyramid"],"acts_visited":["Exordium","TheCity"],"potions_floor_usage":[16],"damage_taken":[{"damage":7.0,"enemies":"Jaw Worm","floor":1.0,"turns":4.0},{"damage":0.0,"enemies":"2 Louse","floor":4.0,"turns":3.0},{"damage":53.0,"enemies":"Gremlin Nob","floor":6.0,"turns":6.0},{"damage":7.0,"enemies":"Cultist","floor":8.0,"turns":4.0},{"damage":19.0,"enemies":"Lagavulin","floor":11.0,"turns":8.0},{"damage":18.0,"enemies":"Exordium Thugs","floor":12.0,"turns":4.0},{"damage":36.0,"enemies":"Gremlin Nob","floor":13.0,"turns":5.0},{"damage":3,"enemies":"Large Slime","floor":14,"turns":5},{"damage":24,"enemies":"Hexaghost","floor":16,"turns":8},{"damage":20,"enemies":"3 Byrds","floor":18,"turns":4}],"seed_played":"-6309913757080198537","potions_obtained":[{"floor":1.0,"key":"Elixir"},{"floor":6.0,"key":"Strength Potion"},{"floor":14,"key":"EssenceOfSteel"}],"is_trial":false,"path_per_floor":["M","?","?","M","$","E","R","M","T","?","E","M","E","M","R","B",null,"M"],"character_chosen":"MAD_SCIENTIST","items_purchased":["MadScienceMod:RecyclingStation","ReplayTheSpireMod:ShopPack","MadScienceMod:OilDrum"],"campfire_rested":2,"item_purchase_floors":[5,5,5],"current_hp_per_floor":[61,61,54,54,54,15,37,44,44,44,39,35,13,24,46,36,65,45,45],"gold":319,"neow_bonus":"HUNDRED_GOLD","is_daily":false,"chose_seed":false,"campfire_upgraded":0,"win_rate":0.0,"timestamp":1607846917,"path_taken":["M","?","?","M","$","E","R","M","T","?","E","M","E","M","R","BOSS","M"],"items_purchased_type":["Card","Relic","Card"],"build_version":"2020-11-30","purchased_purges":1,"victory":false,"max_hp_per_floor":[75,75,75,75,75,75,75,75,75,75,75,75,75,75,75,75,75,75,75],"relic_stats":{"counters":[10,50],"Juzu Bracelet":0,"obtain_stats":[{"MadScienceMod:FuelTank":0,"Golden Egg":3,"vexMod:MemoryStick":6,"hubris:Icosahedron":10,"hubris:CuriousFeather":11,"Juzu Bracelet":9,"conspire:TopHat":13,"ReplayTheSpireMod:ShopPack":5,"Runic Pyramid":17},{"MadScienceMod:FuelTank":0,"Golden Egg":1,"vexMod:MemoryStick":3,"hubris:Icosahedron":4,"hubris:CuriousFeather":5,"Juzu Bracelet":4,"conspire:TopHat":7,"ReplayTheSpireMod:ShopPack":2,"Runic Pyramid":9},{"MadScienceMod:FuelTank":0,"Golden Egg":4,"vexMod:MemoryStick":13,"hubris:Icosahedron":17,"hubris:CuriousFeather":25,"Juzu Bracelet":17,"conspire:TopHat":34,"ReplayTheSpireMod:ShopPack":7,"Runic Pyramid":47}]},"card_choices":[{"not_picked":["MadScienceMod:OilDrum","MadScienceMod:AcidSpray"],"picked":"MadScienceMod:MakeOrBreak","floor":1.0},{"not_picked":["MadScienceMod:FumeBlast","MadScienceMod:OilDrum","MadScienceMod:LightOnFire"],"picked":"SKIP","floor":4.0},{"not_picked":["ReplayUltimateDefense","Midas Touch"],"picked":"Master of Strategy","floor":5.0},{"not_picked":["Good Instincts","expansioncontent:DarkVoid"],"picked":"hubris:Insight","floor":5.0},{"not_picked":["Secret Technique","expansioncontent:ManipulateTime"],"picked":"Replay:SS_fish_2","floor":5.0},{"not_picked":["MadScienceMod:LightOnFire","MadScienceMod:FlameThrower"],"picked":"MadScienceMod:NowOrNever","floor":6.0},{"not_picked":["MadScienceMod:LightOnFire","MadScienceMod:FumeBlast"],"picked":"MadScienceMod:FragmentationGrenade","floor":8.0},{"not_picked":["MadScienceMod:FlameCannon","MadScienceMod:PowerArmor"],"picked":"MadScienceMod:GatherParts","floor":11.0},{"not_picked":["MadScienceMod:EnergyBarrier","MadScienceMod:Weaponize"],"picked":"MadScienceMod:BoxOfScraps","floor":12.0},{"not_picked":["MadScienceMod:FlameCannon","MadScienceMod:FlexibleSpear"],"picked":"MadScienceMod:Probe","floor":13.0},{"not_picked":["MadScienceMod:Sprocket","MadScienceMod:AutoStrike"],"picked":"MadScienceMod:FragmentationGrenade","floor":14},{"not_picked":["MadScienceMod:Automate","MadScienceMod:FumeHood"],"picked":"MadScienceMod:Liquify","floor":16}],"player_experience":942668,"relics_obtained":[{"floor":6.0,"key":"vexMod:MemoryStick"},{"floor":9.0,"key":"Juzu Bracelet"},{"floor":11.0,"key":"hubris:CuriousFeather"},{"floor":13.0,"key":"conspire:TopHat"}],"event_choices":[{"damage_healed":0.0,"max_hp_gain":0.0,"max_hp_loss":0.0,"gold_gain":175.0,"event_name":"betterThird:BetterSerpent","player_choice":"AGREE","floor":2.0,"gold_loss":0.0,"damage_taken":219.0},{"damage_healed":0.0,"max_hp_gain":0.0,"max_hp_loss":0.0,"gold_gain":0.0,"event_name":"betterThird:BetterScrap","player_choice":"Relic ","floor":3.0,"gold_loss":0.0,"damage_taken":7.0,"cards_obtained":["Riddle With Holes"]}],"is_beta":false,"boss_relics":[{"not_picked":["Black Star","vexMod:NewClearReactor"],"picked":"Runic Pyramid"}],"items_purged_floors":[5],"is_endless":false,"potions_floor_spawned":[1,6,14],"killed_by":"3 Byrds","ascension_level":13}}