{"host":"xcuflocadasoaqda","time":1607817721,"event":{"mods":["BaseMod","Filter the Spire","Minty Spire (QoL Compilation)","Relic Stats"],"gold_per_floor":[111,111,134,134,50,66,66,89,89,133,148,172,172,203,203,302,302,327,327,198,213,213,251,251,294,294,307,338,350,382,428,440,548,560,587,662,699,450,475,488,528,528,576,607,607,621,661,676,676,676,676,676,676,114,147,147],"floor_reached":57,"playtime":5512,"items_purged":["Deflect+1","Survivor","Sucker Punch"],"score":3339,"play_id":"96e5818f-0a10-44b0-a563-e5dbd097a0cf","local_time":"20201212180201","is_ascension_mode":true,"campfire_choices":[{"data":"Wraith Form v2","floor":7,"key":"SMITH"},{"data":"Predator","floor":15,"key":"SMITH"},{"floor":24,"key":"REST"},{"data":"Glass Knife","floor":29,"key":"SMITH"},{"data":"Well Laid Plans","floor":32,"key":"SMITH"},{"data":"Noxious Fumes","floor":42,"key":"SMITH"},{"floor":49,"key":"RECALL"},{"data":"Bane","floor":53,"key":"SMITH"}],"circlet_count":0,"master_deck":["AscendersBane","Neutralize+1","Quick Slash","After Image","Flying Knee+1","After Image","Slice","Bane+1","Wraith Form v2+1","Blade Dance","Terror","Predator+1","Wraith Form v2+1","Well Laid Plans+1","Calculated Gamble+1","PiercingWail+1","Glass Knife+1","Ghostly+1","Ghostly+1","Ghostly+1","Acrobatics+1","Prepared+1","Bouncing Flask+1","Acrobatics+1","Bullet Time+1","Deadly Poison+1","Bouncing Flask+1","Noxious Fumes+1","Corpse Explosion+1","Acrobatics+1"],"relics":["Pandora\u0027s Box","Golden Idol","Toxic Egg 2","Orichalcum","Oddly Smooth Stone","Empty Cage","Juzu Bracelet","Happy Flower","Letter Opener","MawBank","Lantern","Philosopher\u0027s Stone","Prayer Wheel","Anchor","Regal Pillow","Akabeko","Toy Ornithopter","Whetstone","Bag of Preparation","Strange Spoon","Mango"],"acts_visited":["Exordium","TheCity","TheBeyond","TheEnding"],"potions_floor_usage":[10,23,56],"damage_taken":[{"damage":7,"enemies":"Small Slimes","floor":1,"turns":4},{"damage":0,"enemies":"Jaw Worm","floor":3,"turns":4},{"damage":0,"enemies":"Cultist","floor":6,"turns":3},{"damage":2,"enemies":"Blue Slaver","floor":8,"turns":3},{"damage":1,"enemies":"Gremlin Nob","floor":10,"turns":3},{"damage":0,"enemies":"Exordium Wildlife","floor":11,"turns":5},{"damage":0,"enemies":"2 Fungi Beasts","floor":12,"turns":4},{"damage":12,"enemies":"3 Sentries","floor":14,"turns":9},{"damage":46,"enemies":"Slime Boss","floor":16,"turns":14},{"damage":6,"enemies":"Shell Parasite","floor":18,"turns":5},{"damage":0,"enemies":"Chosen","floor":21,"turns":5},{"damage":17,"enemies":"Slavers","floor":23,"turns":12},{"damage":0,"enemies":"Gremlin Leader","floor":25,"turns":11},{"damage":0,"enemies":"Centurion and Healer","floor":27,"turns":7},{"damage":0,"enemies":"Slavers","floor":28,"turns":7},{"damage":1,"enemies":"3 Cultists","floor":30,"turns":8},{"damage":0,"enemies":"Gremlin Leader","floor":31,"turns":7},{"damage":9,"enemies":"Collector","floor":33,"turns":10},{"damage":0,"enemies":"Orb Walker","floor":35,"turns":3},{"damage":0,"enemies":"2 Orb Walkers","floor":36,"turns":5},{"damage":0,"enemies":"3 Darklings","floor":37,"turns":7},{"damage":0,"enemies":"Writhing Mass","floor":39,"turns":5},{"damage":0,"enemies":"Spire Growth","floor":40,"turns":4},{"damage":0,"enemies":"Nemesis","floor":41,"turns":7},{"damage":0,"enemies":"Giant Head","floor":44,"turns":7},{"damage":2,"enemies":"Sphere and 2 Shapes","floor":46,"turns":6},{"damage":1,"enemies":"Nemesis","floor":47,"turns":7},{"damage":0,"enemies":"Writhing Mass","floor":48,"turns":5},{"damage":0,"enemies":"Time Eater","floor":50,"turns":11},{"damage":0,"enemies":"Awakened One","floor":51,"turns":10},{"damage":0,"enemies":"Shield and Spear","floor":55,"turns":5},{"damage":4,"enemies":"The Heart","floor":56,"turns":9}],"seed_played":"3206003530050628096","potions_obtained":[{"floor":1,"key":"FairyPotion"},{"floor":8,"key":"FearPotion"},{"floor":11,"key":"Swift Potion"},{"floor":12,"key":"GhostInAJar"},{"floor":25,"key":"Ancient Potion"},{"floor":27,"key":"FairyPotion"},{"floor":31,"key":"GamblersBrew"}],"is_trial":false,"path_per_floor":["M","?","M","?","?","M","R","M","T","E","M","M","?","E","R","B",null,"M","?","$","M","?","E","R","E","T","M","E","R","M","E","R","B",null,"M","?","M","$","M","M","E","R","T","E","?","M","E","M","R","B","B",null,"R","$","E","B",null],"character_chosen":"THE_SILENT","items_purchased":["Acrobatics+1","Anchor","GhostInAJar","Bag of Preparation","Strange Spoon"],"campfire_rested":1,"item_purchase_floors":[20,38,54,54,54],"current_hp_per_floor":[52,52,52,52,52,52,52,50,50,49,49,49,49,37,37,18,50,44,30,30,30,30,13,22,22,22,22,22,22,21,21,21,12,26,26,26,26,26,26,26,26,26,26,26,26,24,23,23,23,23,23,28,28,28,42,41],"gold":147,"neow_bonus":"BOSS_RELIC","is_daily":false,"chose_seed":false,"campfire_upgraded":6,"win_rate":0.0,"timestamp":1607817721,"path_taken":["M","?","M","?","?","M","R","M","T","E","M","?","?","E","R","BOSS","M","?","$","M","?","E","R","E","T","M","E","R","M","E","R","BOSS","M","?","M","$","M","M","E","R","T","E","?","M","E","M","R","BOSS","BOSS","R","$","E","BOSS"],"items_purchased_type":["Card","Relic","Potion","Relic","Relic"],"build_version":"2020-11-30","purchased_purges":3,"victory":true,"max_hp_per_floor":[66,60,60,60,60,60,60,60,60,60,60,60,60,60,60,60,60,60,30,30,30,30,30,30,30,30,30,30,30,30,30,30,30,30,30,30,30,30,30,30,30,30,30,30,30,30,30,30,30,30,30,30,30,30,44,44],"relic_stats":{"Regal Pillow":0,"Happy Flower":[43],"counters":[32,212],"Golden Idol":242,"Juzu Bracelet":0,"Bag of Preparation":[4],"Letter Opener":[286],"Whetstone":["Flying Knee","Neutralize"],"Orichalcum":[228],"MawBank":120,"Strange Spoon":[8],"Pandora\u0027s Box":["Bane","Sucker Punch","Concentrate","Quick Slash","After Image","Flying Knee","After Image","Slice","Bane","Wraith Form v2"],"Prayer Wheel":5,"obtain_stats":[{"Lantern":31,"Regal Pillow":41,"Happy Flower":25,"Golden Idol":2,"Oddly Smooth Stone":14,"Mango":55,"Juzu Bracelet":23,"Bag of Preparation":54,"Letter Opener":26,"Whetstone":47,"Orichalcum":10,"Empty Cage":17,"MawBank":28,"Akabeko":43,"Strange Spoon":54,"Anchor":38,"Pandora\u0027s Box":0,"Philosopher\u0027s Stone":34,"Prayer Wheel":36,"Toxic Egg 2":5,"Toy Ornithopter":44,"Ring of the Snake":0},{"Lantern":17,"Regal Pillow":24,"Happy Flower":13,"Golden Idol":1,"Oddly Smooth Stone":8,"Mango":31,"Juzu Bracelet":12,"Bag of Preparation":30,"Letter Opener":13,"Whetstone":27,"Orichalcum":5,"Empty Cage":9,"MawBank":15,"Akabeko":24,"Strange Spoon":30,"Anchor":21,"Pandora\u0027s Box":0,"Philosopher\u0027s Stone":18,"Prayer Wheel":20,"Toxic Egg 2":2,"Toy Ornithopter":25,"Ring of the Snake":0},{"Lantern":111,"Regal Pillow":152,"Happy Flower":82,"Golden Idol":4,"Oddly Smooth Stone":35,"Mango":203,"Juzu Bracelet":71,"Bag of Preparation":198,"Letter Opener":82,"Whetstone":172,"Orichalcum":17,"Empty Cage":49,"MawBank":96,"Akabeko":152,"Strange Spoon":198,"Anchor":136,"Pandora\u0027s Box":0,"Philosopher\u0027s Stone":121,"Prayer Wheel":129,"Toxic Egg 2":8,"Toy Ornithopter":159,"Ring of the Snake":0}],"Toy Ornithopter":3},"card_choices":[{"not_picked":["Setup","Distraction"],"picked":"Blade Dance","floor":1},{"not_picked":["Riddle With Holes","Crippling Poison"],"picked":"Terror","floor":3},{"not_picked":["Slice","Crippling Poison+1"],"picked":"Predator","floor":6},{"not_picked":["Dash","Footwork"],"picked":"Deflect+1","floor":8},{"not_picked":["Dodge and Roll+1","Deflect+1"],"picked":"Wraith Form v2","floor":10},{"not_picked":["Distraction+1","Underhanded Strike"],"picked":"Well Laid Plans","floor":11},{"not_picked":["Reflex+1","Cloak And Dagger+1"],"picked":"Calculated Gamble+1","floor":12},{"not_picked":["Reflex+1","Underhanded Strike"],"picked":"PiercingWail+1","floor":14},{"not_picked":["Unload","Venomology+1"],"picked":"Glass Knife","floor":16},{"not_picked":["Deflect+1","Quick Slash","PiercingWail+1"],"picked":"SKIP","floor":18},{"not_picked":["Leg Sweep+1","Escape Plan+1"],"picked":"Prepared+1","floor":21},{"not_picked":["Dagger Throw","Tactician+1","Heel Hook"],"picked":"SKIP","floor":23},{"not_picked":["Expertise+1","Reflex+1","All Out Attack"],"picked":"SKIP","floor":25},{"not_picked":["Masterful Stab","Setup+1"],"picked":"Bouncing Flask+1","floor":27},{"not_picked":["Poisoned Stab","Prepared+1","Flying Knee"],"picked":"SKIP","floor":28},{"not_picked":["PiercingWail+1","Flying Knee","Poisoned Stab"],"picked":"SKIP","floor":30},{"not_picked":["All Out Attack","Backflip+1"],"picked":"Acrobatics+1","floor":31},{"not_picked":["Malaise+1","Tools of the Trade"],"picked":"Bullet Time+1","floor":33},{"not_picked":["Footwork","Dagger Throw","Masterful Stab"],"picked":"SKIP","floor":35},{"not_picked":["Dodge and Roll+1","Outmaneuver+1","Bane"],"picked":"SKIP","floor":37},{"not_picked":["Poisoned Stab+1","Underhanded Strike","Sucker Punch"],"picked":"SKIP","floor":37},{"not_picked":["Underhanded Strike","Flying Knee+1"],"picked":"Deadly Poison+1","floor":39},{"not_picked":["Prepared+1","Night Terror+1"],"picked":"Bouncing Flask+1","floor":39},{"not_picked":["Poisoned Stab","Expertise+1"],"picked":"Noxious Fumes","floor":40},{"not_picked":["Dagger Spray","Prepared+1","Terror+1"],"picked":"SKIP","floor":40},{"not_picked":["PiercingWail+1","Finisher","Bane+1"],"picked":"SKIP","floor":41},{"not_picked":["Dagger Throw","Finisher"],"picked":"Corpse Explosion+1","floor":44},{"not_picked":["Caltrops","Tactician+1","Blade Dance+1"],"picked":"SKIP","floor":46},{"not_picked":["Concentrate+1","PiercingWail+1","Deadly Poison+1"],"picked":"SKIP","floor":46},{"not_picked":["Crippling Poison+1","Dagger Spray","All Out Attack"],"picked":"SKIP","floor":47},{"not_picked":["Setup+1","Dagger Throw"],"picked":"Acrobatics+1","floor":48},{"not_picked":["Poisoned Stab+1","Predator","Bane"],"picked":"SKIP","floor":48},{"not_picked":["Reflex+1","A Thousand Cuts","Underhanded Strike+1"],"picked":"SKIP","floor":55}],"player_experience":1715856,"relics_obtained":[{"floor":10,"key":"Orichalcum"},{"floor":14,"key":"Oddly Smooth Stone"},{"floor":23,"key":"Juzu Bracelet"},{"floor":25,"key":"Happy Flower"},{"floor":26,"key":"Letter Opener"},{"floor":28,"key":"MawBank"},{"floor":31,"key":"Lantern"},{"floor":36,"key":"Prayer Wheel"},{"floor":41,"key":"Regal Pillow"},{"floor":43,"key":"Akabeko"},{"floor":44,"key":"Toy Ornithopter"},{"floor":47,"key":"Whetstone"},{"floor":55,"key":"Mango"}],"event_choices":[{"damage_healed":0,"gold_gain":0,"player_choice":"Lose Max HP","damage_taken":0,"relics_obtained":["Golden Idol"],"max_hp_gain":0,"max_hp_loss":6,"event_name":"Golden Idol","floor":2,"gold_loss":0},{"damage_healed":0,"gold_gain":0,"player_choice":"Ignored","damage_taken":0,"max_hp_gain":0,"max_hp_loss":0,"event_name":"Liars Game","floor":4,"gold_loss":0},{"damage_healed":0,"gold_gain":0,"player_choice":"Paid Gold","damage_taken":0,"relics_obtained":["Toxic Egg 2"],"max_hp_gain":0,"max_hp_loss":0,"event_name":"WeMeetAgain","floor":5,"gold_loss":84},{"damage_healed":0,"gold_gain":0,"player_choice":"Grow","damage_taken":0,"max_hp_gain":0,"max_hp_loss":0,"event_name":"Living Wall","floor":13,"gold_loss":0,"cards_upgraded":["Wraith Form v2"]},{"damage_healed":0,"gold_gain":0,"player_choice":"Became a Ghost","damage_taken":0,"max_hp_gain":0,"max_hp_loss":30,"event_name":"Ghosts","floor":19,"gold_loss":0,"cards_obtained":["Ghostly","Ghostly","Ghostly"]},{"damage_healed":0,"gold_gain":0,"player_choice":"Ignored","damage_taken":0,"max_hp_gain":0,"max_hp_loss":0,"event_name":"The Mausoleum","floor":22,"gold_loss":0},{"damage_healed":0,"gold_gain":0,"player_choice":"Fight","damage_taken":0,"max_hp_gain":0,"max_hp_loss":0,"event_name":"Mysterious Sphere","floor":36,"gold_loss":0},{"damage_healed":0,"gold_gain":0,"player_choice":"Ignored","damage_taken":0,"max_hp_gain":0,"max_hp_loss":0,"event_name":"Tomb of Lord Red Mask","floor":45,"gold_loss":0}],"is_beta":false,"boss_relics":[{"not_picked":["Ectoplasm","HoveringKite"],"picked":"Empty Cage"},{"not_picked":["Astrolabe","Sozu"],"picked":"Philosopher\u0027s Stone"}],"items_purged_floors":[20,38,54],"is_endless":false,"potions_floor_spawned":[1,8,11,12,14,25,27,31,33,36,39,41,44,48,55],"ascension_level":20}}