{"host":"x1qj4d8ympd5jdqh","time":1607850082,"event":{"mods":["AchievementEnabler","AlwaysNeverKeys","BaseMod","Colored Map","Custom Start","DeckTracker","Highlight Path","Minty Spire (QoL Compilation)","StSLib","SuperFastMode"],"gold_per_floor":[114,114,114,129,147,147,191,156,156,156,26,69,87,111,111,204,204,229,229,229,279,303,303,303,303],"floor_reached":24,"playtime":644,"items_purged":["Strike_G"],"score":408,"play_id":"bc0567f7-58e1-4147-9f5d-1128f67c7e18","local_time":"20201213180122","is_ascension_mode":true,"campfire_choices":[{"data":"Crippling Poison","floor":6.0,"key":"SMITH"},{"floor":15.0,"key":"REST"},{"data":"Catalyst","floor":23.0,"key":"SMITH"}],"circlet_count":0,"master_deck":["AscendersBane","Strike_G+1","Strike_G+1","Defend_G","Defend_G","Defend_G","Defend_G","Survivor","Neutralize","Crippling Poison+1","Footwork","Backflip","Deadly Poison","Poisoned Stab","Corpse Explosion","PiercingWail+1","Night Terror+1","Wraith Form v2+1","Footwork","Catalyst+1","Backflip"],"relics":["Ring of the Snake","NeowsBlessing","Golden Idol","Question Card","Blue Candle","Letter Opener","Astrolabe"],"acts_visited":["Exordium","TheCity"],"potions_floor_usage":[],"damage_taken":[{"damage":0.0,"enemies":"2 Louse","floor":1.0,"turns":1.0},{"damage":0.0,"enemies":"Jaw Worm","floor":4.0,"turns":1.0},{"damage":0.0,"enemies":"Cultist","floor":5.0,"turns":1.0},{"damage":29.0,"enemies":"3 Sentries","floor":7.0,"turns":11.0},{"damage":21.0,"enemies":"Lagavulin","floor":12.0,"turns":8.0},{"damage":0.0,"enemies":"2 Fungi Beasts","floor":13.0,"turns":2.0},{"damage":18.0,"enemies":"Exordium Wildlife","floor":14.0,"turns":5.0},{"damage":19.0,"enemies":"Hexaghost","floor":16.0,"turns":9.0},{"damage":17.0,"enemies":"Chosen","floor":18.0,"turns":7.0},{"damage":0.0,"enemies":"3 Byrds","floor":22.0,"turns":4.0},{"damage":26,"enemies":"Gremlin Leader","floor":24,"turns":6}],"seed_played":"3132524399334721636","potions_obtained":[{"floor":4.0,"key":"LiquidMemories"},{"floor":7.0,"key":"EssenceOfSteel"},{"floor":13.0,"key":"Ancient Potion"},{"floor":14.0,"key":"PowerPotion"},{"floor":22.0,"key":"Strength Potion"}],"is_trial":false,"path_per_floor":["M","?","?","M","M","R","E","?","T","?","$","E","M","M","R","B",null,"M","?","?","?","M","R","E"],"character_chosen":"THE_SILENT","items_purchased":["Deadly Poison"],"campfire_rested":1,"item_purchase_floors":[11],"current_hp_per_floor":[59,59,41,41,41,41,12,27,27,47,47,26,26,8,26,7,47,30,30,30,30,30,30,4,4],"gold":303,"neow_bonus":"THREE_ENEMY_KILL","is_daily":false,"chose_seed":false,"campfire_upgraded":2,"win_rate":0.0,"timestamp":1607850082,"path_taken":["M","?","?","M","M","R","E","?","T","?","?","E","M","M","R","BOSS","M","?","?","?","M","R","E"],"items_purchased_type":["Card"],"build_version":"2020-11-30","purchased_purges":1,"victory":false,"max_hp_per_floor":[66,60,60,60,60,60,60,60,60,60,60,60,60,60,60,60,60,60,60,60,60,60,60,60,60],"card_choices":[{"not_picked":["Poisoned Stab","Quick Slash"],"picked":"Crippling Poison","floor":1.0},{"not_picked":["Footwork","Setup"],"picked":"All Out Attack","floor":4.0},{"not_picked":["Dagger Spray","Outmaneuver"],"picked":"Footwork","floor":5.0},{"not_picked":["Heel Hook","Finisher"],"picked":"Backflip","floor":7.0},{"not_picked":["Quick Slash","Dagger Spray","Prepared"],"picked":"Poisoned Stab","floor":12.0},{"not_picked":["Deadly Poison","Crippling Poison","Underhanded Strike","Poisoned Stab"],"picked":"SKIP","floor":13.0},{"not_picked":["Heel Hook","Infinite Blades","Deadly Poison"],"picked":"Caltrops","floor":14.0},{"not_picked":["Glass Knife","Unload","After Image"],"picked":"Corpse Explosion","floor":16.0},{"not_picked":["Underhanded Strike","All Out Attack","Footwork","Slice"],"picked":"SKIP","floor":18.0},{"not_picked":["Underhanded Strike","All Out Attack","Slice"],"picked":"Footwork","floor":18.0},{"not_picked":["Riddle With Holes","Dagger Spray","Terror","All Out Attack"],"picked":"SKIP","floor":22.0}],"player_experience":1208288,"relics_obtained":[{"floor":7.0,"key":"Question Card"},{"floor":9.0,"key":"Blue Candle"},{"floor":12.0,"key":"Letter Opener"}],"event_choices":[{"damage_healed":0.0,"max_hp_gain":0.0,"max_hp_loss":6.0,"gold_gain":0.0,"event_name":"Golden Idol","player_choice":"Lose Max HP","floor":2.0,"gold_loss":0.0,"damage_taken":0.0,"relics_obtained":["Golden Idol"]},{"damage_healed":0.0,"max_hp_gain":0.0,"max_hp_loss":0.0,"gold_gain":0.0,"event_name":"Shining Light","player_choice":"Entered Light","floor":3.0,"gold_loss":0.0,"damage_taken":18.0,"cards_upgraded":["Strike_G","Strike_G"]},{"damage_healed":15.0,"max_hp_gain":0.0,"max_hp_loss":0.0,"gold_gain":0.0,"event_name":"The Cleric","player_choice":"Healed","floor":8.0,"gold_loss":35.0,"damage_taken":0.0},{"damage_healed":20.0,"max_hp_gain":0.0,"max_hp_loss":0.0,"gold_gain":0.0,"event_name":"Big Fish","player_choice":"Banana","floor":10.0,"gold_loss":0.0,"damage_taken":0.0},{"damage_healed":0.0,"max_hp_gain":0.0,"max_hp_loss":0.0,"gold_gain":0.0,"cards_transformed":["All Out Attack","Caltrops"],"event_name":"Drug Dealer","player_choice":"Became Test Subject","floor":19.0,"gold_loss":0.0,"damage_taken":0.0,"cards_obtained":["Catalyst","Backflip"]},{"damage_healed":0.0,"max_hp_gain":0.0,"max_hp_loss":0.0,"gold_gain":0.0,"event_name":"The Mausoleum","player_choice":"Ignored","floor":20.0,"gold_loss":0.0,"damage_taken":0.0},{"damage_healed":0.0,"max_hp_gain":0.0,"max_hp_loss":0.0,"gold_gain":50.0,"event_name":"Nest","player_choice":"Stole From Cult","floor":21.0,"gold_loss":0.0,"damage_taken":0.0}],"is_beta":false,"boss_relics":[{"not_picked":["Busted Crown","Runic Dome"],"picked":"Astrolabe"}],"items_purged_floors":[11],"is_endless":false,"potions_floor_spawned":[4,7,13,14,22],"killed_by":"Gremlin Leader","ascension_level":20}}