{"host":"hcg1n1zeml53gytb","time":1607825702,"event":{"mods":["BaseMod","Better Third Choice","Colored Powertips","Displayed Cursed Tome","Hermit","Highlight Path","Minty Spire (QoL Compilation)","Quick Restart","Rare Cards Sparkle","Relic Stats","Replay The Spire","StSLib","The Cursed"],"gold_per_floor":[116,116,132,22,22,52,2,2,2,15,25,53,13,44,44,146,146,163,180,198,209,209,235,235,264,289,289,269,269,112,126,126,225,225,238,258,258,258,269,269,299,310,359,387,387,123,123,158,158,158,158,158,32,61,61],"floor_reached":56,"playtime":3351,"items_purged":["Strike_R","Defend_R","Strike_R+1"],"score":1321,"play_id":"625e5a4f-e0e0-48b3-b028-5fe32e12ca8d","local_time":"20201212201502","is_ascension_mode":true,"campfire_choices":[{"data":"Battle Trance","floor":8.0,"key":"SMITH"},{"data":"Strike_R","floor":15.0,"key":"PURGE"},{"data":"Rupture","floor":29.0,"key":"SMITH"},{"data":"Uppercut","floor":32.0,"key":"SMITH"},{"floor":40,"key":"RECALL"},{"floor":47,"key":"REST"},{"data":"Hemogenesis","floor":49,"key":"SMITH"},{"data":"ReplayTheSpireMod:Limb From Limb","floor":52,"key":"SMITH"}],"circlet_count":0,"master_deck":["Defend_R","Defend_R+1","Defend_R+1","Bash+1","Pommel Strike","Battle Trance+1","Feel No Pain","Combust","Clothesline","Hemokinesis","Fiend Fire+1","Seeing Red","Spot Weakness","Reaper","AbeCurse","True Grit+1","Massacre+1","Rupture+1","Heavy Blade+1","Uppercut+1","Uppercut","Reaper+1","Carnage","ReplayTheSpireMod:Limb From Limb+1","True Grit+1","Mayhem","Hemogenesis+1","Ghostly Armor+1"],"relics":["Burning Blood","NeowsBlessing","PreservedInsect","Simple Rune","War Paint","Replay:Ringing Soul","Replay:Grab Bag","Abe\u0027s Treasure","Philosopher\u0027s Stone","Runic Cube","Snecko Eye","ReplayTheSpireMod:Ring of Collecting","Bag of Preparation","Replay:Wax Seal","ReplayTheSpireMod:Ring of Exchange","Replay:Baseball","Guide Book","Anchor","ReplayTheSpireMod:TigerMarble","Replay:Mystery Machine","Self Forming Clay","TungstenRod"],"acts_visited":["TheBeyond","TheEnding"],"potions_floor_usage":[44,44,50,54,55,55],"damage_taken":[{"damage":0.0,"enemies":"Small Slimes","floor":1.0,"turns":1.0},{"damage":0.0,"enemies":"Cultist","floor":3.0,"turns":1.0},{"damage":0.0,"enemies":"3 Sentries","floor":6.0,"turns":1.0},{"damage":6.0,"enemies":"2 Louse","floor":10.0,"turns":2.0},{"damage":12.0,"enemies":"Exordium Wildlife","floor":11.0,"turns":2.0},{"damage":22.0,"enemies":"Lagavulin","floor":12.0,"turns":3.0},{"damage":1.0,"enemies":"Gremlin Nob","floor":14.0,"turns":2.0},{"damage":61.0,"enemies":"The Guardian","floor":16.0,"turns":5.0},{"damage":2.0,"enemies":"Shell Parasite","floor":18.0,"turns":2.0},{"damage":4.0,"enemies":"Spheric Guardian","floor":19.0,"turns":3.0},{"damage":17.0,"enemies":"Shelled Parasite and Fungi","floor":20.0,"turns":4.0},{"damage":5.0,"enemies":"Cultist and Chosen","floor":21.0,"turns":3.0},{"damage":18.0,"enemies":"Replay:Snechameleon","floor":23.0,"turns":2.0},{"damage":15.0,"enemies":"Book of Stabbing","floor":25.0,"turns":3.0},{"damage":13.0,"enemies":"Centurion and Healer","floor":31.0,"turns":3.0},{"damage":41.0,"enemies":"Collector","floor":33.0,"turns":4.0},{"damage":1,"enemies":"Orb Walker","floor":35,"turns":2},{"damage":12,"enemies":"3 Darklings","floor":36,"turns":4},{"damage":60,"enemies":"4 Shapes","floor":39,"turns":5},{"damage":26,"enemies":"R_Hoarder","floor":41,"turns":5},{"damage":5,"enemies":"Sphere and 2 Shapes","floor":42,"turns":4},{"damage":0,"enemies":"Reptomancer","floor":44,"turns":2},{"damage":0,"enemies":"R_Hoarder","floor":48,"turns":3},{"damage":63,"enemies":"Replay:Hell Engine","floor":50,"turns":7},{"damage":29,"enemies":"Shield and Spear","floor":54,"turns":6},{"damage":116,"enemies":"The Heart","floor":55,"turns":7}],"seed_played":"7735739906545372079","potions_obtained":[{"floor":1.0,"key":"Milkshake"},{"floor":6.0,"key":"PowerPotion"},{"floor":12.0,"key":"GamblersBrew"},{"floor":14.0,"key":"Energy Potion"},{"floor":16.0,"key":"Strength Potion"},{"floor":19.0,"key":"Explosive Potion"},{"floor":20.0,"key":"FearPotion"},{"floor":23.0,"key":"Fire Potion"},{"floor":28.0,"key":"ElixirPotion"},{"floor":31.0,"key":"Swift Potion"},{"floor":44,"key":"SteroidPotion"},{"floor":54,"key":"Adrenaline Potion"}],"is_trial":false,"path_per_floor":["M","?","M","$","?","E","$","R","T","M","M","E","$","E","R","B",null,"M","M","M","M","?","E","T","E","T","?","?","R","$","M","R","B",null,"M","M","?","?","M","R","E","M","T","E","?","$","R","E","R","B",null,"R","$","E","B",null],"character_chosen":"IRONCLAD","items_purchased":["Feel No Pain","Fire Potion","Seeing Red","Uppercut","Hemogenesis","Ghostly Armor+1","LifebloodPotion"],"campfire_rested":1,"item_purchase_floors":[4,7,13,30,46,53,53],"current_hp_per_floor":[80,80,80,80,80,80,80,80,80,80,74,58,58,66,66,14,89,92,92,91,98,98,89,89,80,80,80,80,80,83,91,91,59,107,110,113,113,113,69,69,65,66,66,72,75,78,114,122,122,73,122,122,125,112,19],"gold":61,"neow_bonus":"THREE_ENEMY_KILL","is_daily":false,"chose_seed":false,"campfire_upgraded":5,"win_rate":0.0,"timestamp":1607825702,"path_taken":["M","?","?","$","?","E","$","R","T","M","M","E","?","E","R","BOSS","M","M","M","M","?","E","?","E","T","?","?","R","$","M","R","BOSS","M","M","?","?","M","R","E","?","T","E","?","$","R","E","R","BOSS","R","$","E","BOSS"],"items_purchased_type":["Card","Potion","Card","Card","Card","Card","Potion"],"build_version":"2020-11-30","purchased_purges":3,"victory":true,"max_hp_per_floor":[80,80,80,80,80,80,80,80,80,80,80,80,80,83,83,86,89,92,92,95,98,98,101,101,101,101,101,101,101,104,104,104,107,107,110,113,113,113,116,116,116,116,116,116,119,122,122,122,122,122,122,122,125,125,125],"relic_stats":{"counters":[26,86],"Self Forming Clay":[99],"Snecko Eye":[161,154,170,127],"PreservedInsect":403,"Bag of Preparation":[26],"War Paint":["Defend_R","Defend_R"],"obtain_stats":[{"ReplayTheSpireMod:Ring of Exchange":26,"NeowsBlessing":0,"Self Forming Clay":48,"Replay:Grab Bag":17,"Guide Book":34,"PreservedInsect":6,"Bag of Preparation":23,"War Paint":12,"Replay:Mystery Machine":44,"Burning Blood":0,"Replay:Ringing Soul":14,"Replay:Baseball":26,"Anchor":41,"ReplayTheSpireMod:Ring of Collecting":22,"Snecko Eye":17,"Simple Rune":9,"Philosopher\u0027s Stone":17,"ReplayTheSpireMod:TigerMarble":43,"Replay:Wax Seal":25,"Abe\u0027s Treasure":17,"TungstenRod":54,"Runic Cube":17},{"ReplayTheSpireMod:Ring of Exchange":14,"NeowsBlessing":0,"Self Forming Clay":23,"Replay:Grab Bag":8,"Guide Book":16,"PreservedInsect":3,"Bag of Preparation":13,"War Paint":6,"Replay:Mystery Machine":22,"Burning Blood":0,"Replay:Ringing Soul":7,"Replay:Baseball":14,"Anchor":20,"ReplayTheSpireMod:Ring of Collecting":12,"Snecko Eye":8,"Simple Rune":3,"Philosopher\u0027s Stone":8,"ReplayTheSpireMod:TigerMarble":21,"Replay:Wax Seal":14,"Abe\u0027s Treasure":8,"TungstenRod":25,"Runic Cube":8},{"ReplayTheSpireMod:Ring of Exchange":34,"NeowsBlessing":0,"Self Forming Clay":66,"Replay:Grab Bag":17,"Guide Book":41,"PreservedInsect":3,"Bag of Preparation":31,"War Paint":10,"Replay:Mystery Machine":63,"Burning Blood":0,"Replay:Ringing Soul":12,"Replay:Baseball":34,"Anchor":57,"ReplayTheSpireMod:Ring of Collecting":29,"Snecko Eye":17,"Simple Rune":3,"Philosopher\u0027s Stone":17,"ReplayTheSpireMod:TigerMarble":61,"Replay:Wax Seal":34,"Abe\u0027s Treasure":17,"TungstenRod":79,"Runic Cube":17}],"Burning Blood":114,"TungstenRod":35,"Runic Cube":[71]},"card_choices":[{"not_picked":["Evolve","Sword Boomerang"],"picked":"Pommel Strike","floor":1.0},{"not_picked":["Infernal Blade","Entrench"],"picked":"Battle Trance","floor":3.0},{"not_picked":["Replay:Undeath\u0027s Touch","Warcry"],"picked":"Combust","floor":6.0},{"not_picked":["Clothesline","Pommel Strike","Clash"],"picked":"SKIP","floor":10.0},{"not_picked":["Pommel Strike","Clash"],"picked":"Clothesline","floor":10.0},{"not_picked":["Clothesline","Pummel"],"picked":"Hemokinesis","floor":11.0},{"not_picked":["Twin Strike","Battle Trance"],"picked":"Fiend Fire","floor":12.0},{"not_picked":["Shrug It Off","Wild Strike"],"picked":"Spot Weakness","floor":14.0},{"not_picked":["Bludgeon","Hemogenesis"],"picked":"Reaper","floor":16.0},{"not_picked":["Perfected Strike","Spot Weakness+1"],"picked":"True Grit+1","floor":18.0},{"not_picked":["Heavy Blade","Dark Embrace","Entrench"],"picked":"SKIP","floor":19.0},{"not_picked":["Thunderclap","Warcry"],"picked":"Massacre+1","floor":20.0},{"not_picked":["Sever Soul","Feel No Pain"],"picked":"Rupture","floor":21.0},{"not_picked":["Disarm+1","Thunderclap"],"picked":"Heavy Blade+1","floor":23.0},{"not_picked":["Sword Boomerang","Flex+1","Seeing Red"],"picked":"SKIP","floor":25.0},{"not_picked":["Double Tap","Rupture","ReplayTheSpireMod:LeadingStrike"],"picked":"SKIP","floor":31.0},{"not_picked":["Juggernaut","Berserk"],"picked":"Reaper","floor":33.0},{"not_picked":["Shrug It Off","Body Slam"],"picked":"Carnage","floor":35},{"not_picked":["Heavy Blade","ReplayTheSpireMod:LeadingStrike"],"picked":"ReplayTheSpireMod:Limb From Limb","floor":36},{"not_picked":["Wild Strike+1","Rupture+1"],"picked":"True Grit+1","floor":39},{"not_picked":["Clash+1","Uppercut","ReplayTheSpireMod:Strike From Hell+1"],"picked":"SKIP","floor":41},{"not_picked":["Fire Breathing+1","ReplayReversal+1","Heavy Blade+1"],"picked":"SKIP","floor":42},{"not_picked":["Fire Breathing+1","Intimidate","Havoc+1"],"picked":"SKIP","floor":44},{"not_picked":["ReplayTheSpireMod:Private Reserves","Mind Blast"],"picked":"Mayhem","floor":45},{"not_picked":["Rupture","Reckless Charge+1","Perfected Strike"],"picked":"SKIP","floor":48},{"not_picked":["Clothesline","Armaments","Rampage"],"picked":"SKIP","floor":54}],"player_experience":465794,"relics_obtained":[{"floor":6.0,"key":"PreservedInsect"},{"floor":9.0,"key":"Simple Rune"},{"floor":12.0,"key":"War Paint"},{"floor":14.0,"key":"Replay:Ringing Soul"},{"floor":22.0,"key":"ReplayTheSpireMod:Ring of Collecting"},{"floor":23.0,"key":"Bag of Preparation"},{"floor":25.0,"key":"Replay:Wax Seal"},{"floor":26.0,"key":"ReplayTheSpireMod:Ring of Exchange"},{"floor":26.0,"key":"Replay:Baseball"},{"floor":41,"key":"Anchor"},{"floor":43,"key":"ReplayTheSpireMod:TigerMarble"},{"floor":44,"key":"Replay:Mystery Machine"},{"floor":48,"key":"Self Forming Clay"},{"floor":54,"key":"TungstenRod"}],"event_choices":[{"cards_removed":["Strike_R"],"damage_healed":0.0,"max_hp_gain":0.0,"max_hp_loss":0.0,"gold_gain":0.0,"event_name":"Purifier","player_choice":"Purged","floor":2.0,"gold_loss":0.0,"damage_taken":0.0},{"damage_healed":0.0,"max_hp_gain":0.0,"max_hp_loss":0.0,"gold_gain":0.0,"event_name":"Living Wall","player_choice":"Grow","floor":5.0,"gold_loss":0.0,"damage_taken":0.0,"cards_upgraded":["Bash"]},{"damage_healed":0.0,"max_hp_gain":0.0,"max_hp_loss":0.0,"gold_gain":0.0,"event_name":"Vampires","player_choice":"Ignored","floor":27.0,"gold_loss":0.0,"damage_taken":0.0},{"damage_healed":0.0,"max_hp_gain":0.0,"max_hp_loss":0.0,"gold_gain":0.0,"event_name":"The Woman in Blue","player_choice":"Bought 1 Potion","floor":28.0,"gold_loss":0.0,"damage_taken":0.0},{"cards_removed":["Strike_R"],"damage_healed":0,"gold_gain":0,"player_choice":"Removed Attack","damage_taken":0,"max_hp_gain":0,"max_hp_loss":0,"event_name":"Falling","floor":37,"gold_loss":0},{"damage_healed":0,"gold_gain":0,"player_choice":"Ignored","damage_taken":0,"max_hp_gain":0,"max_hp_loss":0,"event_name":"betterThird:BetterPortal","floor":38,"gold_loss":0},{"damage_healed":0,"gold_gain":0,"player_choice":"Memory 1","damage_taken":0,"max_hp_gain":0,"max_hp_loss":0,"event_name":"SensoryStone","floor":45,"gold_loss":0}],"is_beta":false,"boss_relics":[{"not_picked":["Runic Dome","Cursed Key"],"picked":"Replay:Grab Bag"},{"not_picked":["Mark of Pain","ReplayTheSpireMod:DimensionalGlitch"],"picked":"Abe\u0027s Treasure"},{"not_picked":["Painkiller Herb","Ectoplasm"],"picked":"Philosopher\u0027s Stone"},{"not_picked":["Black Star","Pandora\u0027s Box"],"picked":"Runic Cube"},{"not_picked":["Snecko Heart","Runic Pyramid"],"picked":"Snecko Eye"},{"not_picked":["ClockworkSouvenir","OrangePellets"],"picked":"Guide Book"}],"items_purged_floors":[4,30,46],"is_endless":false,"potions_floor_spawned":[1,6,12,14,16,19,20,23,31,35,36,44,54],"ascension_level":3}}