{"host":"mkv3lj8gfkr85ioo","time":1607852135,"event":{"mods":["AchievementEnabler","BaseMod","Colored Map","Minty Spire (QoL Compilation)","SuperFastMode"],"gold_per_floor":[112,37,48,48,48,80,80,106,106,121,271,93,106,22,22,97,97,97,19,19,19,19,19,19,19,19,19,19,19,19,19,19,19,19,19,19,19,19,19,19,19,0,0,0,0,0,0,0,0,0],"floor_reached":51,"playtime":2617,"items_purged":["Strike_R","Doubt"],"score":1344,"play_id":"49e9ac87-4017-4c39-9111-65db456ab251","local_time":"20201213183535","is_ascension_mode":true,"campfire_choices":[{"data":"Flame Barrier","floor":7.0,"key":"SMITH"},{"data":"Barricade","floor":15.0,"key":"SMITH"},{"floor":23.0,"key":"REST"},{"floor":25.0,"key":"REST"},{"floor":32.0,"key":"REST"},{"data":"Second Wind","floor":40.0,"key":"SMITH"},{"data":"Dark Embrace","floor":44.0,"key":"SMITH"},{"floor":46.0,"key":"REST"},{"floor":49.0,"key":"REST"}],"circlet_count":0,"master_deck":["AscendersBane","Strike_R","Strike_R","Strike_R","Strike_R","Defend_R","Defend_R","Defend_R","Defend_R","Bash","Uppercut+1","Flame Barrier+1","Barricade+1","Second Wind","Body Slam","Battle Trance","Offering","Dark Embrace+1","Body Slam+1","Shrug It Off+1","Second Wind+1","Exhume","Shockwave","Power Through"],"relics":["Burning Blood","NeowsBlessing","Boot","Pear","Charon\u0027s Ashes","InkBottle","Ectoplasm","Pantograph","Blue Candle","Cursed Key","Turnip","Red Mask"],"acts_visited":["Exordium","TheCity","TheBeyond"],"potions_floor_usage":[50],"damage_taken":[{"damage":0.0,"enemies":"Cultist","floor":1.0,"turns":1.0},{"damage":0.0,"enemies":"2 Louse","floor":3.0,"turns":1.0},{"damage":0.0,"enemies":"Gremlin Nob","floor":6.0,"turns":1.0},{"damage":50.0,"enemies":"3 Sentries","floor":8.0,"turns":17.0},{"damage":11.0,"enemies":"Jaw Worm","floor":10.0,"turns":5.0},{"damage":12.0,"enemies":"Large Slime","floor":13.0,"turns":7.0},{"damage":18.0,"enemies":"Slime Boss","floor":16.0,"turns":9.0},{"damage":6.0,"enemies":"Spheric Guardian","floor":18.0,"turns":5.0},{"damage":12.0,"enemies":"Shell Parasite","floor":20.0,"turns":6.0},{"damage":58.0,"enemies":"Sentry and Sphere","floor":22.0,"turns":8.0},{"damage":32.0,"enemies":"Slavers","floor":24.0,"turns":8.0},{"damage":24.0,"enemies":"Snake Plant","floor":27.0,"turns":3.0},{"damage":3.0,"enemies":"Cultist and Chosen","floor":28.0,"turns":6.0},{"damage":18.0,"enemies":"Shelled Parasite and Fungi","floor":29.0,"turns":4.0},{"damage":15.0,"enemies":"Centurion and Healer","floor":30.0,"turns":5.0},{"damage":10.0,"enemies":"Colosseum Slavers","floor":31.0,"turns":5.0},{"damage":29.0,"enemies":"Champ","floor":33.0,"turns":12.0},{"damage":37.0,"enemies":"3 Darklings","floor":35.0,"turns":4.0},{"damage":6.0,"enemies":"Orb Walker","floor":36.0,"turns":2.0},{"damage":12.0,"enemies":"Mind Bloom Boss Battle","floor":37.0,"turns":5.0},{"damage":21.0,"enemies":"Sphere and 2 Shapes","floor":38.0,"turns":6.0},{"damage":22.0,"enemies":"Writhing Mass","floor":39.0,"turns":8.0},{"damage":28.0,"enemies":"Transient","floor":45.0,"turns":6.0},{"damage":32.0,"enemies":"Spire Growth","floor":47.0,"turns":5.0},{"damage":21.0,"enemies":"Jaw Worm Horde","floor":48.0,"turns":4.0},{"damage":41,"enemies":"Time Eater","floor":50,"turns":8}],"seed_played":"-8682036676498024968","potions_obtained":[{"floor":1.0,"key":"Energy Potion"},{"floor":13.0,"key":"Weak Potion"},{"floor":16.0,"key":"BloodPotion"},{"floor":21.0,"key":"Dexterity Potion"},{"floor":24.0,"key":"LiquidBronze"},{"floor":27.0,"key":"ColorlessPotion"},{"floor":28.0,"key":"Fire Potion"},{"floor":37.0,"key":"BloodPotion"},{"floor":39.0,"key":"ColorlessPotion"},{"floor":45.0,"key":"Explosive Potion"},{"floor":48.0,"key":"FearPotion"}],"is_trial":false,"path_per_floor":["M","$","M","?","T","E","R","E","T","M","?","$","M","$","R","B",null,"M","$","M","?","M","R","E","R","T","M","M","M","M","?","R","B",null,"M","M","?","M","M","R","$","?","T","R","M","R","M","M","R","B",null],"character_chosen":"IRONCLAD","items_purchased":["Second Wind","Battle Trance","Dark Embrace"],"campfire_rested":5,"item_purchase_floors":[12,14,19],"current_hp_per_floor":[74,74,75,75,75,85,85,41,41,36,36,36,30,30,30,18,68,68,68,62,62,27,52,26,51,51,33,36,24,15,11,36,38,73,42,42,61,46,47,47,47,47,47,47,25,50,24,9,34,24],"gold":0,"neow_bonus":"THREE_ENEMY_KILL","is_daily":false,"chose_seed":false,"campfire_upgraded":4,"win_rate":0.0,"timestamp":1607852135,"path_taken":["M","$","?","?","?","E","R","E","T","M","?","?","M","$","R","BOSS","M","$","M","?","M","R","E","R","T","M","?","M","M","?","R","BOSS","M","M","?","M","M","R","$","?","T","R","M","R","M","M","R","BOSS"],"items_purchased_type":["Card","Card","Card"],"build_version":"2020-11-30","purchased_purges":2,"victory":true,"max_hp_per_floor":[75,75,75,75,75,85,85,85,85,85,85,85,85,85,85,85,85,85,85,85,85,85,85,85,85,85,85,85,85,85,85,85,85,85,85,85,85,85,85,85,85,85,85,85,85,85,85,85,85,85],"card_choices":[{"not_picked":["Clothesline","True Grit"],"picked":"Uppercut","floor":1.0},{"not_picked":["Armaments","Body Slam","Flex"],"picked":"SKIP","floor":3.0},{"not_picked":["Carnage","Armaments"],"picked":"Flame Barrier","floor":6.0},{"not_picked":["Twin Strike","Heavy Blade"],"picked":"Barricade","floor":8.0},{"not_picked":["Cleave","Anger","Flex"],"picked":"SKIP","floor":10.0},{"not_picked":["Sword Boomerang","Wild Strike"],"picked":"Body Slam","floor":13.0},{"not_picked":["Berserk","Exhume"],"picked":"Offering","floor":16.0},{"not_picked":["True Grit","Clash","Thunderclap+1"],"picked":"SKIP","floor":18.0},{"not_picked":["Iron Wave","Cleave"],"picked":"Body Slam+1","floor":20.0},{"not_picked":["Heavy Blade+1","Twin Strike"],"picked":"Shrug It Off+1","floor":22.0},{"not_picked":["Perfected Strike","Havoc","Double Tap"],"picked":"SKIP","floor":24.0},{"not_picked":["Perfected Strike","Havoc","Double Tap"],"picked":"SKIP","floor":24.0},{"not_picked":["Dark Embrace","Headbutt","Shrug It Off"],"picked":"SKIP","floor":27.0},{"not_picked":["Thunderclap","Cleave","Rupture"],"picked":"SKIP","floor":28.0},{"not_picked":["Sword Boomerang","Anger","Perfected Strike"],"picked":"SKIP","floor":29.0},{"not_picked":["Rampage","Heavy Blade"],"picked":"Second Wind","floor":30.0},{"not_picked":["Immolate","Berserk"],"picked":"Exhume","floor":33.0},{"not_picked":["Spot Weakness+1","Clash","Pommel Strike"],"picked":"SKIP","floor":35.0},{"not_picked":["Metallicize+1","Iron Wave+1","Burning Pact"],"picked":"SKIP","floor":36.0},{"not_picked":["Perfected Strike","Body Slam"],"picked":"Shockwave","floor":38.0},{"not_picked":["Wild Strike","Flex+1","Dropkick"],"picked":"SKIP","floor":39.0},{"not_picked":["Anger+1","Armaments"],"picked":"Power Through","floor":45.0},{"not_picked":["Rupture","Demon Form","Twin Strike"],"picked":"SKIP","floor":47.0},{"not_picked":["Havoc","Clash","Wild Strike"],"picked":"SKIP","floor":48.0}],"player_experience":140894,"relics_obtained":[{"floor":5.0,"key":"Boot"},{"floor":6.0,"key":"Pear"},{"floor":8.0,"key":"Charon\u0027s Ashes"},{"floor":9.0,"key":"InkBottle"},{"floor":24.0,"key":"Pantograph"},{"floor":26.0,"key":"Blue Candle"},{"floor":37.0,"key":"Turnip"}],"event_choices":[{"damage_healed":0.0,"max_hp_gain":0.0,"max_hp_loss":0.0,"gold_gain":0.0,"event_name":"Living Wall","player_choice":"Grow","floor":4.0,"gold_loss":0.0,"damage_taken":0.0,"cards_upgraded":["Uppercut"]},{"damage_healed":0.0,"max_hp_gain":0.0,"max_hp_loss":0.0,"gold_gain":150.0,"event_name":"Liars Game","player_choice":"AGREE","floor":11.0,"gold_loss":0.0,"damage_taken":0.0,"cards_obtained":["Doubt"]},{"damage_healed":0.0,"max_hp_gain":0.0,"max_hp_loss":0.0,"gold_gain":0.0,"event_name":"Lab","player_choice":"Got Potions","floor":21.0,"gold_loss":0.0,"damage_taken":0.0},{"damage_healed":0.0,"max_hp_gain":0.0,"max_hp_loss":0.0,"gold_gain":0.0,"event_name":"Colosseum","player_choice":"Fight","floor":31.0,"gold_loss":0.0,"damage_taken":0.0},{"damage_healed":0.0,"max_hp_gain":0.0,"max_hp_loss":0.0,"gold_gain":0.0,"event_name":"Colosseum","player_choice":"Fled From Nobs","floor":31.0,"gold_loss":0.0,"damage_taken":0.0},{"damage_healed":0.0,"max_hp_gain":0.0,"max_hp_loss":0.0,"gold_gain":0.0,"event_name":"MindBloom","player_choice":"Fight","floor":37.0,"gold_loss":0.0,"damage_taken":0.0},{"damage_healed":0.0,"max_hp_gain":0.0,"max_hp_loss":0.0,"gold_gain":0.0,"event_name":"Tomb of Lord Red Mask","player_choice":"Paid","floor":42.0,"gold_loss":19.0,"damage_taken":0.0,"relics_obtained":["Red Mask"]}],"is_beta":false,"boss_relics":[{"not_picked":["Runic Dome","Fusion Hammer"],"picked":"Ectoplasm"},{"not_picked":["Sozu","Velvet Choker"],"picked":"Cursed Key"}],"items_purged_floors":[2,12],"is_endless":false,"potions_floor_spawned":[1,13,16,24,27,28,31,37,39,45,48],"ascension_level":18}}