{"host":"5gc11emcm5chfr5t","time":1607846862,"event":{"mods":["2.2 Compatiblity","AchievementEnabler","BaseMod","Bestiary","Better Note","Colored Map","Colored Powertips","Googly Eyes","Minty Spire (QoL Compilation)","Rare Cards Sparkle","StSLib"],"gold_per_floor":[119,119,119,139,139,170,170,170,170,185,199,227,227,268,268,268,268],"floor_reached":16,"playtime":526,"items_purged":[],"score":133,"play_id":"c3f89f93-6f49-4861-ab79-94908f8cdfa4","local_time":"20201213030742","is_ascension_mode":false,"campfire_choices":[{"data":"ForeignInfluence","floor":7,"key":"SMITH"},{"floor":13,"key":"REST"},{"floor":15,"key":"REST"}],"circlet_count":0,"master_deck":["Strike_P","Strike_P","Strike_P","Strike_P","Defend_P","Defend_P","Defend_P","Defend_P","Eruption","Vigilance","ForeignInfluence+1","Injury","Prostrate","Regret","FollowUp","Prostrate","Swivel","MasterReality","EmptyBody"],"relics":["PureWater","NeowsBlessing","Golden Idol","Lantern","GoldenEye","Akabeko","Odd Mushroom","Pear"],"acts_visited":["Exordium"],"potions_floor_usage":[11,14,16],"damage_taken":[{"damage":0,"enemies":"2 Louse","floor":1,"turns":1},{"damage":0,"enemies":"Small Slimes","floor":4,"turns":1},{"damage":0,"enemies":"Gremlin Nob","floor":6,"turns":1},{"damage":3,"enemies":"Cultist","floor":10,"turns":3},{"damage":14,"enemies":"Large Slime","floor":11,"turns":4},{"damage":2,"enemies":"The Mushroom Lair","floor":12,"turns":4},{"damage":18,"enemies":"3 Sentries","floor":14,"turns":7},{"damage":94,"enemies":"Hexaghost","floor":16,"turns":12}],"seed_played":"3167134518924100861","potions_obtained":[{"floor":1,"key":"Strength Potion"},{"floor":4,"key":"DuplicationPotion"},{"floor":6,"key":"SmokeBomb"},{"floor":14,"key":"SkillPotion"}],"is_trial":false,"path_per_floor":["M","?","?","M","?","E","R","?","T","M","M","?","R","E","R","B"],"character_chosen":"WATCHER","items_purchased":[],"campfire_rested":2,"item_purchase_floors":[],"current_hp_per_floor":[72,72,72,72,72,72,72,72,72,69,55,53,72,64,82,0,0],"gold":268,"neow_bonus":"THREE_ENEMY_KILL","is_daily":false,"chose_seed":false,"campfire_upgraded":1,"win_rate":0.0,"timestamp":1607846862,"path_taken":["M","?","?","M","?","E","R","?","T","?","M","?","R","E","R","BOSS"],"items_purchased_type":[],"build_version":"2020-11-30","purchased_purges":0,"victory":false,"max_hp_per_floor":[72,72,72,72,72,72,72,72,72,72,72,72,72,82,82,82,82],"card_choices":[{"not_picked":["LikeWater","Halt"],"picked":"ForeignInfluence","floor":1},{"not_picked":["Weave","Evaluate"],"picked":"Prostrate","floor":4},{"not_picked":["WheelKick","CrushJoints"],"picked":"FollowUp","floor":6},{"not_picked":["ForeignInfluence","PathToVictory"],"picked":"Prostrate","floor":10},{"not_picked":["FlurryOfBlows","EmptyBody"],"picked":"Swivel","floor":11},{"not_picked":["WindmillStrike","Study"],"picked":"MasterReality","floor":12},{"not_picked":["TalkToTheHand","SignatureMove"],"picked":"EmptyBody","floor":14}],"player_experience":332383,"relics_obtained":[{"floor":6,"key":"GoldenEye"},{"floor":9,"key":"Akabeko"},{"floor":12,"key":"Odd Mushroom"},{"floor":14,"key":"Pear"}],"event_choices":[{"damage_healed":0,"gold_gain":0,"player_choice":"Leave","damage_taken":0,"max_hp_gain":0,"max_hp_loss":0,"event_name":"The Cleric","floor":2,"gold_loss":0},{"damage_healed":0,"gold_gain":0,"player_choice":"Take Wound","damage_taken":0,"relics_obtained":["Golden Idol"],"max_hp_gain":0,"max_hp_loss":0,"event_name":"Golden Idol","floor":3,"gold_loss":0,"cards_obtained":["Injury"]},{"damage_healed":0,"gold_gain":0,"player_choice":"Box","damage_taken":0,"relics_obtained":["Lantern"],"max_hp_gain":0,"max_hp_loss":0,"event_name":"Big Fish","floor":5,"gold_loss":0,"cards_obtained":["Regret"]},{"damage_healed":0,"gold_gain":0,"player_choice":"Bought 0 Potions","damage_taken":0,"max_hp_gain":0,"max_hp_loss":0,"event_name":"The Woman in Blue","floor":8,"gold_loss":0},{"damage_healed":0,"gold_gain":0,"player_choice":"Fought Mushrooms","damage_taken":0,"max_hp_gain":0,"max_hp_loss":0,"event_name":"Mushrooms","floor":12,"gold_loss":0}],"is_beta":false,"boss_relics":[],"items_purged_floors":[],"is_endless":false,"potions_floor_spawned":[1,4,6,14],"killed_by":"Hexaghost","ascension_level":0}}