{"host":"vzygucmp2u9s1xuv","time":1607869726,"event":{"mods":["BaseMod","Colored Map","DeckTracker","Keyboard Shortcuts","Minty Spire (QoL Compilation)","Quick Restart","StSLib","SuperFastMode"],"gold_per_floor":[115,115,115,115,134,134,158,197,220,14,14,27,27,43,43,132,132,153,173,196,212,212,212],"floor_reached":22,"playtime":601,"items_purged":[],"score":338,"play_id":"8f6ed9a7-77af-4779-aba3-52a66ee4a277","local_time":"20201213232846","is_ascension_mode":true,"campfire_choices":[{"data":"Heavy Blade","floor":6.0,"key":"SMITH"},{"data":"Rampage","floor":11.0,"key":"SMITH"},{"floor":13.0,"key":"REST"},{"data":"Limit Break","floor":15.0,"key":"SMITH"}],"circlet_count":0,"master_deck":["AscendersBane","Strike_R","Strike_R","Strike_R","Strike_R","Strike_R","Defend_R","Defend_R","Defend_R","Defend_R","Bash","Cleave","Heavy Blade+1","Ghostly Armor","Fire Breathing","Rampage+1","Limit Break+1","Entrench","Bludgeon","Armaments","Dark Embrace","Shrug It Off+1","Anger"],"relics":["Burning Blood","NeowsBlessing","Golden Idol","Potion Belt","The Courier","Vajra","Oddly Smooth Stone","Velvet Choker"],"acts_visited":["Exordium","TheCity"],"potions_floor_usage":[21],"damage_taken":[{"damage":0.0,"enemies":"Jaw Worm","floor":1.0,"turns":1.0},{"damage":0.0,"enemies":"Small Slimes","floor":5.0,"turns":1.0},{"damage":0.0,"enemies":"Cultist","floor":7.0,"turns":1.0},{"damage":40.0,"enemies":"3 Sentries","floor":8.0,"turns":10.0},{"damage":3.0,"enemies":"2 Fungi Beasts","floor":12.0,"turns":3.0},{"damage":9.0,"enemies":"Red Slaver","floor":14.0,"turns":3.0},{"damage":14.0,"enemies":"Slime Boss","floor":16.0,"turns":9.0},{"damage":19,"enemies":"3 Byrds","floor":18,"turns":6},{"damage":13,"enemies":"Spheric Guardian","floor":19,"turns":4},{"damage":39,"enemies":"Snecko","floor":20,"turns":7},{"damage":13,"enemies":"Centurion and Healer","floor":21,"turns":5},{"damage":8,"enemies":"3 Cultists","floor":22,"turns":3}],"seed_played":"-3724604141688599991","potions_obtained":[{"floor":8.0,"key":"Dexterity Potion"},{"floor":12.0,"key":"SpeedPotion"},{"floor":19,"key":"BlessingOfTheForge"},{"floor":20,"key":"FearPotion"}],"is_trial":false,"path_per_floor":["M","?","?","?","M","R","M","E","T","$","R","M","R","M","R","B",null,"M","M","M","M","M"],"character_chosen":"IRONCLAD","items_purchased":["Oddly Smooth Stone","Rampage"],"campfire_rested":1,"item_purchase_floors":[10,10],"current_hp_per_floor":[74,79,72,67,72,72,72,38,38,38,38,41,62,59,59,51,67,54,47,14,7,0,0],"gold":212,"neow_bonus":"THREE_ENEMY_KILL","is_daily":false,"chose_seed":false,"campfire_upgraded":3,"win_rate":0.0,"timestamp":1607869726,"path_taken":["M","?","?","?","M","R","M","E","T","$","R","M","R","M","R","BOSS","M","M","M","M","M"],"items_purchased_type":["Relic","Card"],"build_version":"2020-11-30","purchased_purges":0,"victory":false,"max_hp_per_floor":[75,80,72,72,72,72,72,72,72,72,72,72,72,72,72,72,72,72,72,72,72,72,72],"card_choices":[{"not_picked":["Headbutt","Shrug It Off"],"picked":"Cleave","floor":1.0},{"not_picked":["Second Wind","Armaments"],"picked":"Heavy Blade","floor":5.0},{"not_picked":["True Grit","Clash"],"picked":"Ghostly Armor","floor":7.0},{"not_picked":["Perfected Strike","True Grit"],"picked":"Fire Breathing","floor":8.0},{"not_picked":["Twin Strike","Carnage"],"picked":"Limit Break","floor":12.0},{"not_picked":["Havoc","Thunderclap"],"picked":"Entrench","floor":14.0},{"not_picked":["Brutality","Fiend Fire"],"picked":"Bludgeon","floor":16.0},{"not_picked":["Cleave+1","Sword Boomerang"],"picked":"Armaments","floor":18},{"not_picked":["Twin Strike","Feel No Pain+1"],"picked":"Dark Embrace","floor":19},{"not_picked":["Flex","Flame Barrier"],"picked":"Shrug It Off+1","floor":20},{"not_picked":["Rampage","Carnage"],"picked":"Anger","floor":21}],"player_experience":646610,"relics_obtained":[{"floor":8.0,"key":"The Courier"},{"floor":9.0,"key":"Vajra"}],"event_choices":[{"damage_healed":0.0,"max_hp_gain":5.0,"max_hp_loss":0.0,"gold_gain":0.0,"event_name":"Big Fish","player_choice":"Donut","floor":2.0,"gold_loss":0.0,"damage_taken":0.0},{"damage_healed":0.0,"max_hp_gain":0.0,"max_hp_loss":8.0,"gold_gain":0.0,"event_name":"Golden Idol","player_choice":"Lose Max HP","floor":3.0,"gold_loss":0.0,"damage_taken":0.0,"relics_obtained":["Golden Idol"]},{"damage_healed":0.0,"max_hp_gain":0.0,"max_hp_loss":0.0,"gold_gain":0.0,"event_name":"Scrap Ooze","player_choice":"Success","floor":4.0,"gold_loss":0.0,"damage_taken":5.0,"relics_obtained":["Potion Belt"]}],"is_beta":false,"boss_relics":[{"not_picked":["Calling Bell","Tiny House"],"picked":"Velvet Choker"}],"items_purged_floors":[],"is_endless":false,"potions_floor_spawned":[8,12,19,20],"killed_by":"3 Cultists","ascension_level":16}}