{"host":"mi0eibewekhugwl1","time":1607871442,"event":{"mods":["AchievementEnabler","BaseMod","Colored Map","Colored Powertips","DeckTracker","Keyboard Shortcuts","Minty Spire (QoL Compilation)","Quick Restart","Rare Cards Sparkle","Relic Stats","StSLib","SuperFastMode","everything is the same but u backflip on backflip"],"gold_per_floor":[116,116,131,131,149,149,183,183,183,183,183,208,227,241,241,241,241],"floor_reached":16,"playtime":275,"items_purged":[],"score":204,"play_id":"1b865204-c67b-4d1e-bcae-c791342444fa","local_time":"20201213235722","is_ascension_mode":true,"campfire_choices":[{"data":"CrushJoints","floor":6.0,"key":"SMITH"},{"floor":10,"key":"REST"},{"data":"Adaptation","floor":15,"key":"SMITH"}],"circlet_count":0,"master_deck":["AscendersBane","Strike_P","Strike_P","Strike_P","Defend_P","Defend_P","Defend_P","Defend_P","Eruption+1","Vigilance","Adaptation+1","CrushJoints+1","Meditate","FollowUp","Study"],"relics":["PureWater","Golden Idol","Ice Cream","Thread and Needle","Happy Flower"],"acts_visited":["Exordium"],"potions_floor_usage":[7,16],"damage_taken":[{"damage":0.0,"enemies":"Cultist","floor":1.0,"turns":3.0},{"damage":2.0,"enemies":"Jaw Worm","floor":3.0,"turns":3.0},{"damage":9.0,"enemies":"2 Louse","floor":5.0,"turns":3.0},{"damage":8,"enemies":"Gremlin Nob","floor":7,"turns":3},{"damage":0,"enemies":"Red Slaver","floor":12,"turns":3},{"damage":1,"enemies":"Gremlin Gang","floor":13,"turns":5},{"damage":0,"enemies":"Large Slime","floor":14,"turns":3},{"damage":34,"enemies":"Hexaghost","floor":16,"turns":7}],"seed_played":"1463504249629135684","potions_obtained":[{"floor":1.0,"key":"BlessingOfTheForge"},{"floor":5.0,"key":"Weak Potion"},{"floor":13,"key":"BlessingOfTheForge"}],"is_trial":false,"path_per_floor":["M","?","M","?","M","R","E","?","T","R","?","M","M","M","R","B"],"character_chosen":"WATCHER","items_purchased":[],"campfire_rested":1,"item_purchase_floors":[],"current_hp_per_floor":[61,38,36,36,27,27,19,12,12,32,32,32,31,31,31,0,0],"gold":241,"neow_bonus":"UPGRADE_CARD","is_daily":false,"chose_seed":false,"campfire_upgraded":2,"win_rate":0.0,"timestamp":1607871442,"path_taken":["M","?","M","?","M","R","E","?","T","R","?","?","M","?","R","BOSS"],"items_purchased_type":[],"build_version":"2020-11-30","purchased_purges":0,"victory":false,"max_hp_per_floor":[68,68,68,68,68,68,68,68,68,68,68,68,68,68,68,68,68],"relic_stats":{"Happy Flower":[6],"counters":[8,30],"Golden Idol":26,"obtain_stats":[{"Ice Cream":7,"Happy Flower":11,"Golden Idol":2,"Thread and Needle":9,"PureWater":0},{"Ice Cream":4,"Happy Flower":4,"Golden Idol":1,"Thread and Needle":4,"PureWater":0},{"Ice Cream":12,"Happy Flower":12,"Golden Idol":3,"Thread and Needle":12,"PureWater":0}]},"card_choices":[{"not_picked":["PathToVictory","FlurryOfBlows"],"picked":"Adaptation","floor":1.0},{"not_picked":["CrushJoints","Prostrate","BowlingBash"],"picked":"SKIP","floor":3.0},{"not_picked":["CrushJoints","Prostrate","BowlingBash"],"picked":"SKIP","floor":3.0},{"not_picked":["Prostrate","BowlingBash"],"picked":"CrushJoints","floor":3.0},{"not_picked":["CutThroughFate","DeceiveReality"],"picked":"Meditate","floor":5.0},{"not_picked":["Protect","Wireheading","DeceiveReality"],"picked":"SKIP","floor":7},{"not_picked":["FlurryOfBlows","Nirvana"],"picked":"FollowUp","floor":12},{"not_picked":["Meditate","Judgement"],"picked":"Study","floor":13},{"not_picked":["Halt","FlurryOfBlows","CrushJoints"],"picked":"SKIP","floor":14}],"player_experience":1662675,"relics_obtained":[{"floor":7,"key":"Ice Cream"},{"floor":9,"key":"Thread and Needle"},{"floor":11,"key":"Happy Flower"}],"event_choices":[{"damage_healed":0.0,"max_hp_gain":0.0,"max_hp_loss":0.0,"gold_gain":0.0,"event_name":"Golden Idol","player_choice":"Take Damage","floor":2.0,"gold_loss":0.0,"damage_taken":23.0,"relics_obtained":["Golden Idol"]},{"damage_healed":0.0,"max_hp_gain":0.0,"max_hp_loss":0.0,"gold_gain":0.0,"event_name":"Liars Game","player_choice":"Ignored","floor":4.0,"gold_loss":0.0,"damage_taken":0.0},{"cards_removed":["Strike_P"],"damage_healed":0,"gold_gain":0,"player_choice":"Card Removal","damage_taken":7,"max_hp_gain":0,"max_hp_loss":0,"event_name":"Golden Wing","floor":8,"gold_loss":0},{"damage_healed":0,"gold_gain":0,"player_choice":"Relic","damage_taken":0,"max_hp_gain":0,"max_hp_loss":0,"event_name":"Wheel of Change","floor":11,"gold_loss":0}],"is_beta":false,"boss_relics":[],"items_purged_floors":[],"is_endless":false,"potions_floor_spawned":[1,5,13,14],"killed_by":"Hexaghost","ascension_level":20}}