{"host":"ykruzxakfolvqoa7","time":1607864599,"event":{"mods":["Act Like it!","BaseMod","Colored Powertips","Downfall","Hubris","Ironclad Rager","Minty Spire (QoL Compilation)","StSLib","Swap Starting Deck Mod","Wandering Minibosses"],"gold_per_floor":[113,124,134,149,169,201,201,212,237,237,237,257,271,285,285,384,384,396,446,465,480,480,480,515,533,586,716,734,734,142,142,241,241,257,309,309,115,142,160,160,160,160,160],"floor_reached":45,"playtime":3310,"items_purged":[],"score":687,"play_id":"c5badfb4-6b9a-42a3-89c2-0edafd6c803b","local_time":"20201213130319","is_ascension_mode":false,"campfire_choices":[{"data":"Weave","floor":7,"key":"SMITH"},{"data":"Judgement","floor":15,"key":"SMITH"},{"data":"Devotion","floor":23,"key":"SMITH"},{"floor":29,"key":"REST"},{"data":"Nirvana","floor":32,"key":"SMITH"},{"floor":44,"key":"REST"}],"circlet_count":0,"master_deck":["CutThroughFate","CutThroughFate","CutThroughFate","CutThroughFate","CutThroughFate","ThirdEye","ThirdEye","ThirdEye","ThirdEye","Nirvana+1","Sanctity","PathToVictory","Weave+1","Wireheading","Judgement+1","ThirdEye","Devotion+1","JustLucky","Crescendo","JustLucky","JustLucky","Brilliance","Weave+1","JustLucky","JustLucky"],"relics":["PureWater","swapstartingdeckmod:DeadBlossom","Question Card","Oddly Smooth Stone","hubris:Icosahedron","Black Star","hubris:Teleporter","hubris:TenFootPole","Damaru","Pear","Nunchaku","Blood Vial","Lee\u0027s Waffle","hubris:FunFungus","SacredBark","TungstenRod","PreservedInsect","Turnip","hubris:Reverence","Gremlin Horn"],"acts_visited":["Exordium","TheCity","TheBeyond"],"potions_floor_usage":[12,16,16,24,24,25,27,33,40],"damage_taken":[{"damage":0,"enemies":"Cultist","floor":1,"turns":3},{"damage":0,"enemies":"Jaw Worm","floor":2,"turns":3},{"damage":0,"enemies":"2 Louse","floor":3,"turns":2},{"damage":6,"enemies":"Gremlin Gang","floor":4,"turns":4},{"damage":0,"enemies":"Exordium Wildlife","floor":5,"turns":2},{"damage":0,"enemies":"3 Sentries","floor":6,"turns":6},{"damage":0,"enemies":"Blue Slaver","floor":8,"turns":2},{"damage":0,"enemies":"Lots of Slimes","floor":12,"turns":1},{"damage":0,"enemies":"Exordium Thugs","floor":13,"turns":3},{"damage":0,"enemies":"Gremlin Gang","floor":14,"turns":3},{"damage":0,"enemies":"The Guardian","floor":16,"turns":2},{"damage":2,"enemies":"3 Byrds","floor":18,"turns":4},{"damage":0,"enemies":"2 Thieves","floor":20,"turns":3},{"damage":8,"enemies":"Snecko","floor":21,"turns":6},{"damage":2,"enemies":"Book of Stabbing","floor":24,"turns":4},{"damage":3,"enemies":"Centurion and Healer","floor":25,"turns":3},{"damage":6,"enemies":"Gremlin Leader","floor":27,"turns":4},{"damage":0,"enemies":"Shelled Parasite and Fungi","floor":28,"turns":4},{"damage":18,"enemies":"hubris:MusketHawk","floor":33,"turns":7},{"damage":26,"enemies":"3 Darklings","floor":35,"turns":4},{"damage":48,"enemies":"2 Orb Walkers","floor":37,"turns":4},{"damage":0,"enemies":"Giant Head","floor":40,"turns":5},{"damage":0,"enemies":"3 Shapes","floor":42,"turns":2},{"damage":35,"enemies":"Sphere and 2 Shapes","floor":45,"turns":3}],"seed_played":"7893572593185185027","potions_obtained":[{"floor":1,"key":"LiquidBronze"},{"floor":5,"key":"champ:CounterPotion"},{"floor":11,"key":"Ambrosia"},{"floor":11,"key":"Ambrosia"},{"floor":12,"key":"sneckomod:MuddlingPotion"},{"floor":13,"key":"FearPotion"},{"floor":20,"key":"Weak Potion"},{"floor":21,"key":"Block Potion"},{"floor":24,"key":"Block Potion"},{"floor":28,"key":"Weak Potion"}],"is_trial":false,"path_per_floor":["M","M","M","M","M","E","R","M","T","?","?","M","M","M","R","B",null,"M","?","M","M","?","R","E","M","T","E","M","R","$","R","B",null,"M","?","?","$","E","M","T","R","M"],"character_chosen":"WATCHER","items_purchased":["Blood Vial","Lee\u0027s Waffle","hubris:FunFungus","PreservedInsect","JustLucky"],"campfire_rested":2,"item_purchase_floors":[31,31,31,39,39],"current_hp_per_floor":[72,72,72,66,66,66,66,66,66,66,66,66,66,66,66,66,72,70,70,70,62,62,62,60,57,57,56,56,68,89,89,73,89,63,16,16,16,19,20,20,33,0,0],"gold":160,"neow_bonus":"","is_daily":false,"chose_seed":false,"campfire_upgraded":4,"win_rate":0.0,"timestamp":1607864599,"path_taken":["M","M","M","M","?","E","R","M","T","?","?","?","M","M","R","BOSS","M","?","?","M","?","R","E","?","T","E","M","R","$","R","BOSS","M","?","?","$","E","?","T","R","?"],"items_purchased_type":["Relic","Relic","Relic","Relic","Card"],"build_version":"2020-11-30","purchased_purges":0,"victory":false,"max_hp_per_floor":[72,72,72,72,72,72,72,72,72,72,72,72,72,72,72,72,72,72,72,72,72,72,72,72,72,72,82,82,82,89,89,89,89,89,89,89,89,89,89,89,89,89,89],"card_choices":[{"not_picked":["FollowUp","Collect"],"picked":"Sanctity","floor":1},{"not_picked":["Protect","Meditate"],"picked":"PathToVictory","floor":2},{"not_picked":["SashWhip","BowlingBash"],"picked":"Weave","floor":3},{"not_picked":["DeceiveReality","CrushJoints"],"picked":"ThirdEye","floor":4},{"not_picked":["TalkToTheHand","SignatureMove","DeceiveReality"],"picked":"SKIP","floor":5},{"not_picked":["Sanctity","JustLucky"],"picked":"Wireheading","floor":6},{"not_picked":["Fasting2","Tantrum","ForeignInfluence","WindmillStrike"],"picked":"SKIP","floor":8},{"not_picked":["Indignation","EmptyBody","CrushJoints","WheelKick"],"picked":"SKIP","floor":12},{"not_picked":["FlurryOfBlows","EmptyFist","Consecrate"],"picked":"Judgement","floor":13},{"not_picked":["CrushJoints","Sanctity","Conclude"],"picked":"ThirdEye","floor":14},{"not_picked":["Judgement","Wish","Alpha"],"picked":"Devotion","floor":16},{"not_picked":["Consecrate","ForeignInfluence+1","SandsOfTime","FlurryOfBlows"],"picked":"SKIP","floor":18},{"not_picked":["Vengeance+1","WaveOfTheHand","Halt","WindmillStrike+1"],"picked":"SKIP","floor":20},{"not_picked":["SignatureMove","FlurryOfBlows","Prostrate"],"picked":"JustLucky","floor":21},{"not_picked":["CrushJoints","Wish","Vault"],"picked":"JustLucky","floor":24},{"not_picked":["CrushJoints","ThirdEye","LikeWater+1","Evaluate"],"picked":"SKIP","floor":25},{"not_picked":["CrushJoints","LikeWater","CarveReality","ForeignInfluence+1"],"picked":"SKIP","floor":27},{"not_picked":["Evaluate","EmptyBody","FlurryOfBlows"],"picked":"JustLucky","floor":28},{"not_picked":["SpiritShield","Wish","Omniscience"],"picked":"Brilliance","floor":33},{"not_picked":["EmptyMind","ThirdEye","Wireheading+1"],"picked":"Weave","floor":35},{"not_picked":["FlyingSleeves+1","Crescendo+1","EmptyFist+1"],"picked":"JustLucky","floor":37},{"not_picked":["CrushJoints+1","SpiritShield","Pray","EmptyBody+1"],"picked":"SKIP","floor":40},{"not_picked":["EmptyFist","Wallop","Consecrate+1","Protect"],"picked":"SKIP","floor":42}],"player_experience":336743,"relics_obtained":[{"floor":6,"key":"Question Card"},{"floor":9,"key":"Oddly Smooth Stone"},{"floor":24,"key":"hubris:Teleporter"},{"floor":24,"key":"hubris:TenFootPole"},{"floor":26,"key":"Damaru"},{"floor":27,"key":"Pear"},{"floor":27,"key":"Nunchaku"},{"floor":37,"key":"TungstenRod"},{"floor":40,"key":"Turnip"},{"floor":40,"key":"hubris:Reverence"},{"floor":43,"key":"Gremlin Horn"}],"event_choices":[{"damage_healed":0,"gold_gain":0,"player_choice":"Got Potions","damage_taken":0,"max_hp_gain":0,"max_hp_loss":0,"event_name":"Lab","floor":11,"gold_loss":0},{"damage_healed":0,"gold_gain":100,"player_choice":"Bet on Murderer","damage_taken":0,"max_hp_gain":0,"max_hp_loss":0,"event_name":"The Joust","floor":19,"gold_loss":50},{"damage_healed":0,"gold_gain":0,"cards_transformed":["ThirdEye"],"player_choice":"Transformed","damage_taken":0,"max_hp_gain":0,"max_hp_loss":0,"event_name":"Transmorgrifier","floor":22,"gold_loss":0,"cards_obtained":["Crescendo"]},{"damage_healed":0,"gold_gain":0,"player_choice":"Fight","damage_taken":0,"max_hp_gain":0,"max_hp_loss":0,"event_name":"Mysterious Sphere","floor":37,"gold_loss":0},{"damage_healed":0,"gold_gain":0,"player_choice":"Upgraded","damage_taken":0,"max_hp_gain":0,"max_hp_loss":0,"event_name":"Upgrade Shrine","floor":38,"gold_loss":0,"cards_upgraded":["Weave"]}],"is_beta":false,"boss_relics":[{"not_picked":["Coffee Dripper","hubris:ScarierMask"],"picked":"Black Star"},{"not_picked":["Runic Dome","Runic Pyramid"],"picked":"SacredBark"}],"items_purged_floors":[],"is_endless":false,"potions_floor_spawned":[1,5,12,13,14,20,21,24,28],"killed_by":"Sphere and 2 Shapes","ascension_level":0}}