{"host":"jtxptf9isiqyc7jm","time":1607894170,"event":{"mods":["Act Like it!","BaseMod","Bestiary","BetterRewards","Colored Powertips","Custom Start","Downfall","Friendly Minions","Hermit","Hubris","Infinite Spire","Jorbs\u0027s Wanderer Trilogy","Kiyohime????","Koishi","Lobotomy","Marisa????????","Minty Spire (QoL Compilation)","Prisma Mod","Remilia??????","Replay The Spire","Shop Mod","StSLib","The Construct","The Cursed","The Disciple","The Hierophant","The Jungle","The Runesmith","The Senshi","The Servant 0.9.4"],"gold_per_floor":[147,147,147,110,167,272,272,305,332,54,54,87,177,21,21,327,327,387,387,438,438,438,438],"floor_reached":22,"playtime":994,"items_purged":["champ:CalledShot"],"score":192,"play_id":"4db15e39-d5da-4b20-bcda-f83e6fa7e437","local_time":"20201213211610","daily_mods":["Vintage","Heirloom","Time Dilation","DeadlyEvents","Elite Swarm","Lethality","Midas"],"is_ascension_mode":false,"campfire_choices":[{"floor":7,"key":"REST"},{"floor":11,"key":"REST"},{"floor":15,"key":"REST"}],"circlet_count":0,"master_deck":["champ:Strike+1","champ:Strike+1","champ:Strike+1","champ:Strike+1","champ:Defend+1","champ:Defend+1","champ:Defend+1","champ:Defend+1","champ:Execute","champ:Taunt","champ:ShieldWall","champ:HoldFirm","champ:DefensiveShout","champ:PerfectForm","champ:StrikeOfGenius","Normality"],"relics":["champ:ChampionCrown","replay:Trail_Library","infinitespire:CursedDice","hubris:ToyBattleship","champ:DeflectingBracers","Replay:Rubber Ducky","hubris:Reverence","Thread and Needle","ScarletDevilRocket","Regal Pillow","Ginger","MealTicket","Membership Card","Painkiller Herb","hubris:Potato","champ:DefensiveTrainingManual","Ring of Misfortune","ReplayTheSpireMod:Ring of Addiction","Potion Belt","hubris:EmptyBottle"],"acts_visited":["Exordium","TheCity"],"potions_floor_usage":[16,22],"damage_taken":[{"damage":11,"enemies":"Small Slimes","floor":1,"turns":2},{"damage":4,"enemies":"Jaw Worm","floor":5,"turns":5},{"damage":15,"enemies":"Replay:BlueRogue","floor":6,"turns":7},{"damage":10,"enemies":"2 Louse","floor":8,"turns":3},{"damage":3,"enemies":"Blue Slaver","floor":12,"turns":4},{"damage":13,"enemies":"Lagavulin","floor":13,"turns":7},{"damage":46,"enemies":"Slime Boss","floor":16,"turns":13},{"damage":16,"enemies":"Spheric Guardian","floor":18,"turns":5},{"damage":23,"enemies":"2 Thieves","floor":20,"turns":5},{"damage":22,"enemies":"Slavers","floor":22,"turns":2}],"seed_played":"-6439567297403462133","potions_obtained":[{"floor":6,"key":"SpeedPotion"},{"floor":8,"key":"SmokeBomb"},{"floor":16,"key":"Regen Potion"},{"floor":18,"key":"Swift Potion"},{"floor":21,"key":"AttackPotion"},{"floor":21,"key":"SkillPotion"},{"floor":21,"key":"PowerPotion"}],"is_trial":true,"path_per_floor":["M","?","?","$","M","E","R","M","T","$","R","M","E","$","R","B",null,"?","?","?","?","E"],"character_chosen":"THE_CHAMP","items_purchased":["champ:ShieldWall","champ:DefensiveShout","Regal Pillow","Membership Card"],"campfire_rested":3,"item_purchase_floors":[4,10,10,14],"current_hp_per_floor":[84,84,89,89,85,80,95,90,90,90,95,95,93,95,95,65,95,85,85,75,75,53,53],"gold":438,"neow_bonus":"","is_daily":false,"chose_seed":false,"campfire_upgraded":0,"win_rate":0.0,"timestamp":1607894170,"path_taken":["M","?","?","$","M","E","R","M","T","$","R","?","E","?","R","BOSS","?","?","?","?","?"],"items_purchased_type":["Card","Card","Relic","Relic"],"build_version":"2020-11-30","purchased_purges":1,"victory":false,"max_hp_per_floor":[90,90,95,95,95,95,95,95,95,95,95,95,95,95,95,95,95,95,95,95,95,95,95],"card_choices":[{"not_picked":["champ:CrownThrow","champ:ShieldThrow"],"picked":"champ:HoldFirm","floor":6},{"not_picked":["champ:Devastate","champ:ShieldSlam"],"picked":"champ:PerfectForm","floor":13},{"not_picked":["champ:MurderStrike","champ:DancingMaster"],"picked":"champ:StrikeOfGenius","floor":16}],"player_experience":85588,"relics_obtained":[{"floor":1,"key":"hubris:ToyBattleship"},{"floor":2,"key":"champ:DeflectingBracers"},{"floor":5,"key":"Replay:Rubber Ducky"},{"floor":6,"key":"hubris:Reverence"},{"floor":8,"key":"Thread and Needle"},{"floor":9,"key":"ScarletDevilRocket"},{"floor":12,"key":"Ginger"},{"floor":13,"key":"MealTicket"},{"floor":18,"key":"hubris:Potato"},{"floor":20,"key":"champ:DefensiveTrainingManual"},{"floor":21,"key":"Ring of Misfortune"},{"floor":21,"key":"ReplayTheSpireMod:Ring of Addiction"},{"floor":21,"key":"Potion Belt"},{"floor":21,"key":"hubris:EmptyBottle"}],"event_choices":[{"damage_healed":0,"gold_gain":0,"player_choice":"Donut","damage_taken":0,"max_hp_gain":5,"max_hp_loss":0,"event_name":"Big Fish","floor":3,"gold_loss":0},{"damage_healed":0,"gold_gain":0,"player_choice":"Simplicity","damage_taken":0,"max_hp_gain":0,"max_hp_loss":0,"event_name":"Back to Basics","floor":19,"gold_loss":0,"cards_upgraded":["champ:Strike","champ:Strike","champ:Strike","champ:Strike","champ:Defend","champ:Defend","champ:Defend","champ:Defend"]}],"is_beta":false,"boss_relics":[{"not_picked":["hubris:RunicObelisk","SacredBark"],"picked":"Painkiller Herb"}],"items_purged_floors":[10],"is_endless":false,"potions_floor_spawned":[6,8,16,18],"killed_by":"Slavers","ascension_level":0}}