{"host":"t7aesptat2ignyr0","time":1607834107,"event":{"mods":["BaseMod","Colored Map","Custom Start","DeckTracker","Minty Spire (QoL Compilation)","StSLib","SuperFastMode"],"gold_per_floor":[117,130,55,55,15,43,43,61,84,84,84,101,101,115,115,194,194,204,219,219,219],"floor_reached":20,"playtime":343,"items_purged":[],"score":398,"play_id":"2a452ef1-2ef1-4bb5-bdfe-c888498e437c","local_time":"20201213133507","is_ascension_mode":true,"campfire_choices":[{"data":"Eruption","floor":7,"key":"SMITH"},{"data":"Meditate","floor":10,"key":"SMITH"},{"floor":15,"key":"REST"}],"circlet_count":0,"master_deck":["AscendersBane","Strike_P","Strike_P","Strike_P","Strike_P","Defend_P","Defend_P","Defend_P+1","Eruption+1","Vigilance+1","Evaluate","Meditate+1","FlurryOfBlows","WheelKick"],"relics":["PureWater","NeowsBlessing","Happy Flower","Bag of Marbles","Toy Ornithopter","Busted Crown"],"acts_visited":["Exordium","TheCity"],"potions_floor_usage":[12,16],"damage_taken":[{"damage":0,"enemies":"Cultist","floor":1,"turns":1},{"damage":0,"enemies":"Small Slimes","floor":2,"turns":1},{"damage":0,"enemies":"Gremlin Nob","floor":6,"turns":1},{"damage":0,"enemies":"Jaw Worm","floor":8,"turns":1},{"damage":0,"enemies":"Looter","floor":12,"turns":2},{"damage":1,"enemies":"Blue Slaver","floor":14,"turns":2},{"damage":28,"enemies":"The Guardian","floor":16,"turns":13},{"damage":20,"enemies":"Shell Parasite","floor":18,"turns":3},{"damage":8,"enemies":"Spheric Guardian","floor":19,"turns":3},{"damage":59,"enemies":"3 Cultists","floor":20,"turns":5}],"seed_played":"-6886709480128287224","potions_obtained":[{"floor":1,"key":"Strength Potion"},{"floor":6,"key":"GamblersBrew"},{"floor":8,"key":"Explosive Potion"},{"floor":12,"key":"Energy Potion"},{"floor":19,"key":"Weak Potion"}],"is_trial":false,"path_per_floor":["M","M","?","?","$","E","R","M","T","R","?","M","?","M","R","B",null,"M","M","M"],"character_chosen":"WATCHER","items_purchased":["Meditate"],"campfire_rested":1,"item_purchase_floors":[5],"current_hp_per_floor":[61,61,61,26,26,26,26,26,26,26,6,11,11,10,30,7,53,33,25,0,0],"gold":219,"neow_bonus":"THREE_ENEMY_KILL","is_daily":false,"chose_seed":false,"campfire_upgraded":2,"win_rate":0.0,"timestamp":1607834107,"path_taken":["M","M","?","?","?","E","R","M","T","R","?","?","?","M","R","BOSS","M","M","M"],"items_purchased_type":["Card"],"build_version":"2020-11-30","purchased_purges":0,"victory":false,"max_hp_per_floor":[68,68,68,68,68,68,68,68,68,68,68,68,68,68,68,68,68,68,68,68,68],"card_choices":[{"not_picked":["Fasting2","ThirdEye"],"picked":"Evaluate","floor":1},{"not_picked":["DeceiveReality","CarveReality","Consecrate"],"picked":"SKIP","floor":2},{"not_picked":["Crescendo","WaveOfTheHand","Devotion"],"picked":"SKIP","floor":6},{"not_picked":["ReachHeaven","Study"],"picked":"FlurryOfBlows","floor":8},{"not_picked":["SignatureMove","Conclude"],"picked":"WheelKick","floor":12},{"not_picked":["CrushJoints","Prostrate","Halt"],"picked":"SKIP","floor":14},{"not_picked":["EmptyFist"],"picked":"SKIP","floor":18},{"not_picked":["EmptyMind"],"picked":"SKIP","floor":19}],"player_experience":1329431,"relics_obtained":[{"floor":6,"key":"Bag of Marbles"},{"floor":9,"key":"Toy Ornithopter"}],"event_choices":[{"cards_removed":["Defend_P"],"damage_healed":0,"gold_gain":0,"player_choice":"Card Removal","damage_taken":0,"max_hp_gain":0,"max_hp_loss":0,"event_name":"The Cleric","floor":3,"gold_loss":75},{"damage_healed":0,"gold_gain":0,"player_choice":"Success","damage_taken":35,"relics_obtained":["Happy Flower"],"max_hp_gain":0,"max_hp_loss":0,"event_name":"Scrap Ooze","floor":4,"gold_loss":0},{"damage_healed":0,"gold_gain":0,"player_choice":"Entered Light","damage_taken":20,"max_hp_gain":0,"max_hp_loss":0,"event_name":"Shining Light","floor":11,"gold_loss":0,"cards_upgraded":["Vigilance","Defend_P"]},{"damage_healed":0,"gold_gain":0,"player_choice":"0 cards matched","damage_taken":0,"max_hp_gain":0,"max_hp_loss":0,"event_name":"Match and Keep!","floor":13,"gold_loss":0,"cards_obtained":[]}],"is_beta":false,"boss_relics":[{"not_picked":["SacredBark","Velvet Choker"],"picked":"Busted Crown"}],"items_purged_floors":[],"is_endless":false,"potions_floor_spawned":[1,6,8,12,19],"killed_by":"3 Cultists","ascension_level":20}}