{"host":"cvi30shpqg1ukvbr","time":1607851617,"event":{"mods":["Act Like it!","BaseMod","Better Altar","Better Match","Better Note","Better Sensory Stone","Better Skull","Better Third Choice","Conspire","GifTheSpireLib","Hubris","Infinite Spire","Minty Spire (QoL Compilation)","Relic Stats","Replay The Spire","Shop Mod","Spicy Shops","StSLib","Stuff the Spire"],"gold_per_floor":[117,136,151,169,43,77,77,27,53,79,79,89,116,126,126,226,226,240,254,179,179,192,192,218,218,245,245,245,276,319,319,319,433,433,467,467,503,540,567,621,621,670,670,670,707,742,742,766,766,786],"floor_reached":51,"playtime":1652,"items_purged":["ReplayReversal"],"score":881,"play_id":"e3d3a335-611c-4869-8b3f-17bd62842a61","local_time":"20201213182657","is_ascension_mode":true,"campfire_choices":[{"data":"StuffTheSpire:TitanForm","floor":7,"key":"SMITH"},{"data":"Armaments","floor":15,"key":"SMITH"},{"data":"Bash","floor":23,"key":"SMITH"},{"data":"Demon Form","floor":25,"key":"SMITH"},{"data":"Inflame","floor":28,"key":"SMITH"},{"data":"Limit Break","floor":32,"key":"SMITH"},{"data":"Searing Blow","floor":41,"key":"SMITH"},{"data":"Searing Blow+1","floor":41,"key":"SMITH"},{"data":"Searing Blow+2","floor":44,"key":"SMITH"},{"data":"Searing Blow+3","floor":44,"key":"SMITH"},{"data":"Searing Blow+4","floor":47,"key":"SMITH"},{"data":"Searing Blow+5","floor":47,"key":"SMITH"},{"floor":49,"key":"REST"}],"circlet_count":0,"master_deck":["Strike_R","Strike_R","Strike_R","Defend_R","Defend_R","Defend_R","Bash+1","Twin Strike","Cleave","Twin Strike","Inflame+1","Demon Form+1","Armaments+1","Twin Strike","Headbutt","Immolate","Replay:Many Hands","StuffTheSpire:Incineration+1","Flex+1","StuffTheSpire:Slingshot","StuffTheSpire:Pyroclast","Limit Break+1","ReplayTheSpireMod:Muscle Training","Feed","Flex+1","infinitespire:Gouge","Ghostly Armor+1","Twin Strike","Shrug It Off","Searing Blow+6","StuffTheSpire:Incineration+1","Wild Strike","StuffTheSpire:Incineration+1","Perfected Strike+1"],"relics":["Burning Blood","StuffTheSpire:RubySignet","StrikeDummy","Red Skull","Letter Opener","Akabeko","Black Star","Anchor","infinitespire:PuzzleCube","Replay:Bandana","Mummified Hand","Smiling Mask","Mark of Pain","hubris:MedicalManual","infinitespire:EmpoweringShard","Replay:Arrowhead","hubris:MedicalManual","Iron Hammer","infinitespire:Satchel"],"acts_visited":["Exordium","TheCity","TheBeyond"],"potions_floor_usage":[4,10,14,19,19,24,24,24,33,42,50,50],"damage_taken":[{"damage":7,"enemies":"Jaw Worm","floor":1,"turns":6},{"damage":4,"enemies":"2 Louse","floor":2,"turns":3},{"damage":19,"enemies":"infinitespire:Voidling","floor":3,"turns":4},{"damage":5,"enemies":"Looter","floor":4,"turns":2},{"damage":36,"enemies":"Gremlin Nob","floor":6,"turns":5},{"damage":9,"enemies":"3 Sentries","floor":10,"turns":3},{"damage":0,"enemies":"2 Fungi Beasts","floor":12,"turns":2},{"damage":18,"enemies":"Replay:BlueRogue","floor":13,"turns":4},{"damage":5,"enemies":"Exordium Thugs","floor":14,"turns":3},{"damage":38,"enemies":"Hexaghost","floor":16,"turns":6},{"damage":15,"enemies":"Chosen","floor":18,"turns":4},{"damage":13,"enemies":"3 Byrds","floor":19,"turns":3},{"damage":20,"enemies":"Snecko","floor":22,"turns":4},{"damage":6,"enemies":"Gremlin Leader","floor":24,"turns":4},{"damage":8,"enemies":"Centurion and Healer","floor":29,"turns":5},{"damage":33,"enemies":"Book of Stabbing","floor":30,"turns":4},{"damage":34,"enemies":"conspire:MysteriousRune","floor":33,"turns":5},{"damage":17,"enemies":"3 Darklings","floor":35,"turns":4},{"damage":8,"enemies":"Orb Walker","floor":37,"turns":3},{"damage":23,"enemies":"Jaw Worm Horde","floor":38,"turns":4},{"damage":11,"enemies":"4 Shapes","floor":39,"turns":4},{"damage":10,"enemies":"R_Hoarder","floor":40,"turns":6},{"damage":12,"enemies":"Giant Head","floor":42,"turns":5},{"damage":38,"enemies":"Writhing Mass","floor":45,"turns":4},{"damage":0,"enemies":"Transient","floor":46,"turns":5},{"damage":0,"enemies":"4 Shapes","floor":48,"turns":1},{"damage":52,"enemies":"infinitespire:MassOfShapes","floor":50,"turns":6}],"seed_played":"-7450659714234640735","potions_obtained":[{"floor":1,"key":"SteroidPotion"},{"floor":2,"key":"BlessingOfTheForge"},{"floor":3,"key":"Fire Potion"},{"floor":10,"key":"AttackPotion"},{"floor":13,"key":"Languid Potion"},{"floor":14,"key":"Fruit Juice"},{"floor":18,"key":"SpeedPotion"},{"floor":19,"key":"FearPotion"},{"floor":21,"key":"LifebloodPotion"},{"floor":21,"key":"Strength Potion"},{"floor":29,"key":"SteroidPotion"},{"floor":35,"key":"FearPotion"},{"floor":38,"key":"HeartOfIron"},{"floor":39,"key":"ColorlessPotion"}],"is_trial":false,"path_per_floor":["M","M","M","M","$","E","R","?","T","E","?","M","E","M","R","B",null,"M","M","$","?","M","R","E","R","T","$","R","M","E","?","R","B",null,"M","AVR","M","M","M","E","R","E","T","R","M","M","R","M","R","B",null],"character_chosen":"IRONCLAD","items_purchased":["StuffTheSpire:RubySignet"],"campfire_rested":1,"item_purchase_floors":[5],"current_hp_per_floor":[79,80,67,68,68,42,42,42,42,39,39,47,35,41,41,9,85,78,71,71,71,57,57,57,57,57,57,57,55,28,95,95,67,95,84,84,85,71,69,67,67,61,61,61,31,37,37,43,74,28],"gold":786,"neow_bonus":"TRANSFORM_TWO_CARDS","is_daily":false,"chose_seed":false,"campfire_upgraded":12,"win_rate":0.0,"timestamp":1607851617,"path_taken":["M","M","M","M","$","E","R","?","T","E","?","?","E","M","R","BOSS","M","M","$","?","M","R","E","R","T","?","R","M","E","?","R","BOSS","M","AVR","M","M","M","E","R","E","T","R","M","?","R","M","R","BOSS"],"items_purchased_type":["Relic"],"build_version":"2020-11-30","purchased_purges":1,"victory":true,"max_hp_per_floor":[80,80,80,80,80,80,80,80,80,80,80,80,80,85,85,85,85,85,85,85,85,85,85,85,85,85,85,85,85,85,95,95,95,95,95,95,98,101,104,104,104,104,104,104,104,104,104,104,104,104],"relic_stats":{"counters":[27,108],"Mummified Hand":[14],"Black Star":4,"Letter Opener":[55],"Smiling Mask":0,"obtain_stats":[{"hubris:MedicalManual":36,"Letter Opener":10,"Smiling Mask":30,"Burning Blood":0,"Akabeko":13,"Replay:Arrowhead":40,"Anchor":24,"Replay:Bandana":26,"Mummified Hand":30,"infinitespire:Satchel":43,"Mark of Pain":34,"Iron Hammer":42,"StuffTheSpire:RubySignet":5,"Black Star":17,"infinitespire:EmpoweringShard":40,"StrikeDummy":6,"Red Skull":9,"infinitespire:PuzzleCube":24},{"hubris:MedicalManual":18,"Letter Opener":6,"Smiling Mask":16,"Burning Blood":0,"Akabeko":8,"Replay:Arrowhead":22,"Anchor":14,"Replay:Bandana":14,"Mummified Hand":16,"infinitespire:Satchel":23,"Mark of Pain":17,"Iron Hammer":23,"StuffTheSpire:RubySignet":4,"Black Star":10,"infinitespire:EmpoweringShard":22,"StrikeDummy":5,"Red Skull":5,"infinitespire:PuzzleCube":14},{"hubris:MedicalManual":70,"Letter Opener":23,"Smiling Mask":61,"Burning Blood":0,"Akabeko":29,"Replay:Arrowhead":87,"Anchor":52,"Replay:Bandana":52,"Mummified Hand":61,"infinitespire:Satchel":92,"Mark of Pain":66,"Iron Hammer":92,"StuffTheSpire:RubySignet":15,"Black Star":37,"infinitespire:EmpoweringShard":87,"StrikeDummy":20,"Red Skull":20,"infinitespire:PuzzleCube":52}],"Burning Blood":161},"card_choices":[{"not_picked":["Power Through","Flex"],"picked":"Twin Strike","floor":1},{"not_picked":["Pommel Strike","Heavy Blade"],"picked":"Cleave","floor":2},{"not_picked":["True Grit","Offering"],"picked":"Twin Strike","floor":3},{"not_picked":["Searing Blow","hubris:ReadiedAction"],"picked":"Inflame","floor":4},{"not_picked":["Sever Soul","Brutality"],"picked":"Demon Form","floor":6},{"not_picked":["Havoc","hubris:SharpeningStone"],"picked":"Armaments","floor":10},{"not_picked":["Run Through","ReplayTheSpireMod:Strike From Hell"],"picked":"Twin Strike","floor":12},{"not_picked":["Body Slam","Whirlwind"],"picked":"Headbutt","floor":13},{"not_picked":["Run Through","infinitespire:OneForAll"],"picked":"Immolate","floor":14},{"not_picked":["hubris:StunningStrike","StuffTheSpire:TitanForm"],"picked":"Replay:Many Hands","floor":16},{"not_picked":["ReplayTheSpireMod:Corrosion Curse","Second Wind+1"],"picked":"StuffTheSpire:Incineration+1","floor":18},{"not_picked":["conspire:ExplosiveBarrier","Body Slam+1"],"picked":"Flex+1","floor":19},{"not_picked":["Cleave","Infernal Blade"],"picked":"StuffTheSpire:Slingshot","floor":22},{"not_picked":["conspire:Charge","StuffTheSpire:Resist"],"picked":"StuffTheSpire:Pyroclast","floor":24},{"not_picked":["Shrug It Off","ReplayTheSpireMod:Corrosion Curse"],"picked":"Limit Break","floor":29},{"not_picked":["Sever Soul+1","Body Slam"],"picked":"ReplayTheSpireMod:Muscle Training","floor":30},{"not_picked":["Fiend Fire","Demonic Infusion"],"picked":"Feed","floor":33},{"not_picked":["Pummel+1","Evolve"],"picked":"Flex+1","floor":35},{"not_picked":["Second Wind","Anger+1"],"picked":"Ghostly Armor+1","floor":37},{"not_picked":["Cleave","Wild Strike+1"],"picked":"Twin Strike","floor":38},{"not_picked":["Flex","True Grit"],"picked":"Shrug It Off","floor":39},{"not_picked":["Replay:Undeath\u0027s Touch+1","Wild Strike"],"picked":"Searing Blow","floor":40},{"not_picked":["Life Link","Ghostly Armor"],"picked":"StuffTheSpire:Incineration+1","floor":42},{"not_picked":["Dark Embrace","Run Through"],"picked":"Wild Strike","floor":45},{"not_picked":["hubris:ReadiedAction","Havoc"],"picked":"StuffTheSpire:Incineration+1","floor":46},{"not_picked":["Entrench","Clash+1"],"picked":"Perfected Strike+1","floor":48}],"player_experience":1738495,"relics_obtained":[{"floor":6,"key":"StrikeDummy"},{"floor":9,"key":"Red Skull"},{"floor":10,"key":"Letter Opener"},{"floor":13,"key":"Akabeko"},{"floor":24,"key":"Anchor"},{"floor":24,"key":"infinitespire:PuzzleCube"},{"floor":26,"key":"Replay:Bandana"},{"floor":30,"key":"Mummified Hand"},{"floor":30,"key":"Smiling Mask"},{"floor":40,"key":"infinitespire:EmpoweringShard"},{"floor":40,"key":"Replay:Arrowhead"},{"floor":42,"key":"hubris:MedicalManual"},{"floor":42,"key":"Iron Hammer"},{"floor":43,"key":"infinitespire:Satchel"}],"event_choices":[{"cards_removed":["Strike_R"],"damage_healed":0,"gold_gain":0,"player_choice":"Card Removal","damage_taken":0,"max_hp_gain":0,"max_hp_loss":0,"event_name":"The Cleric","floor":8,"gold_loss":50},{"cards_removed":["CommonCold"],"damage_healed":0,"gold_gain":0,"player_choice":"Purged","damage_taken":0,"max_hp_gain":0,"max_hp_loss":0,"event_name":"Purifier","floor":11,"gold_loss":0},{"damage_healed":0,"gold_gain":0,"player_choice":"Got Potions","damage_taken":0,"max_hp_gain":0,"max_hp_loss":0,"event_name":"Lab","floor":21,"gold_loss":0},{"cards_removed":["StuffTheSpire:TitanForm"],"damage_healed":57,"gold_gain":0,"player_choice":"Offered Rare","damage_taken":0,"max_hp_gain":10,"max_hp_loss":0,"event_name":"Bonfire Elementals","floor":31,"gold_loss":0}],"is_beta":false,"boss_relics":[{"not_picked":["Astrolabe","infinitespire:Cupcake"],"picked":"Black Star"},{"not_picked":["Replay:Ancient Bell","Fusion Hammer"],"picked":"Mark of Pain"}],"items_purged_floors":[20],"is_endless":false,"potions_floor_spawned":[1,2,3,10,13,14,18,19,29,35,38,39,40],"ascension_level":1}}