{"host":"qgru5siit3fz0wh9","time":1607862660,"event":{"mods":["AchievementEnabler","BaseMod","Highlight Path","Minty Spire (QoL Compilation)"],"gold_per_floor":[116,133,133,152,152,183,183,202,202,202,213,226,81,100,100,196,196,214,224,174,8,8,8,40,40,86,86,86,106,140,140,140],"floor_reached":31,"playtime":1408,"items_purged":["Pain"],"score":289,"play_id":"24c6ad4b-ddc1-42c0-99e0-739504c3507e","local_time":"20201213133100","is_ascension_mode":true,"campfire_choices":[{"data":"Cleave","floor":7,"key":"SMITH"},{"floor":10,"key":"REST"},{"floor":15,"key":"REST"},{"data":"Iron Wave","floor":23,"key":"SMITH"},{"floor":25,"key":"REST"},{"floor":27,"key":"REST"}],"circlet_count":0,"master_deck":["Bash","Cleave+1","Infernal Blade","Pain","Seeing Red","Infernal Blade","Disarm","Dark Embrace","Thunderclap","Barricade","Immolate","Corruption","Pommel Strike","Battle Trance","Reckless Charge","Dual Wield","Dual Wield","Immolate","Iron Wave+1","Power Through","Metallicize","Impervious"],"relics":["Cursed Key","WarpedTongs","Darkstone Periapt","Pandora\u0027s Box","Membership Card","Unceasing Top","Centennial Puzzle","HornCleat"],"acts_visited":["Exordium","TheCity"],"potions_floor_usage":[24,29,30,30],"damage_taken":[{"damage":6,"enemies":"Jaw Worm","floor":1,"turns":3},{"damage":15,"enemies":"Small Slimes","floor":2,"turns":3},{"damage":0,"enemies":"Cultist","floor":4,"turns":3},{"damage":15,"enemies":"Gremlin Nob","floor":6,"turns":3},{"damage":4,"enemies":"Looter","floor":8,"turns":2},{"damage":8,"enemies":"Exordium Thugs","floor":11,"turns":4},{"damage":4,"enemies":"Large Slime","floor":12,"turns":1},{"damage":7,"enemies":"Looter","floor":14,"turns":3},{"damage":26,"enemies":"Slime Boss","floor":16,"turns":7},{"damage":13,"enemies":"Spheric Guardian","floor":18,"turns":3},{"damage":10,"enemies":"Chosen","floor":19,"turns":3},{"damage":50,"enemies":"Slavers","floor":24,"turns":3},{"damage":34,"enemies":"Snake Plant","floor":29,"turns":4},{"damage":30,"enemies":"Book of Stabbing","floor":30,"turns":5},{"damage":12,"enemies":"Centurion and Healer","floor":31,"turns":1}],"seed_played":"-3662912655707149283","potions_obtained":[{"floor":4,"key":"FearPotion"},{"floor":6,"key":"SteroidPotion"},{"floor":8,"key":"Swift Potion"},{"floor":18,"key":"PowerPotion"},{"floor":24,"key":"Fire Potion"}],"is_trial":false,"path_per_floor":["M","M","?","M","?","E","R","M","T","R","M","M","$","M","R","B",null,"M","M","?","$","$","R","E","R","T","R","?","M","E","M"],"character_chosen":"IRONCLAD","items_purchased":["Dark Embrace","Membership Card","Iron Wave"],"campfire_rested":4,"item_purchase_floors":[13,21,21],"current_hp_per_floor":[74,59,52,52,52,37,37,33,39,64,56,52,52,45,70,44,86,73,63,63,63,63,63,13,38,44,71,71,37,7,0,0],"gold":140,"neow_bonus":"BOSS_RELIC","is_daily":false,"chose_seed":false,"campfire_upgraded":2,"win_rate":0.0,"timestamp":1607862660,"path_taken":["M","M","?","M","?","E","R","M","T","R","?","M","$","M","R","BOSS","M","M","?","?","$","R","E","R","T","R","?","M","E","M"],"items_purchased_type":["Card","Relic","Card"],"build_version":"2020-11-30","purchased_purges":1,"victory":false,"max_hp_per_floor":[80,80,80,80,80,80,80,80,86,86,86,86,86,86,86,86,86,86,86,86,86,86,86,86,86,92,92,92,92,92,92,92],"card_choices":[{"not_picked":["Havoc","Whirlwind","Sever Soul"],"picked":"SKIP","floor":1},{"not_picked":["Pommel Strike","Clash"],"picked":"Cleave","floor":2},{"not_picked":["Wild Strike","Clothesline"],"picked":"Infernal Blade","floor":4},{"not_picked":["Headbutt","Heavy Blade"],"picked":"Seeing Red","floor":6},{"not_picked":["Battle Trance","Twin Strike","Pummel"],"picked":"SKIP","floor":8},{"not_picked":["Armaments","Pommel Strike"],"picked":"Infernal Blade","floor":11},{"not_picked":["Juggernaut","Flex"],"picked":"Disarm","floor":12},{"not_picked":["Wild Strike","Pommel Strike"],"picked":"Thunderclap","floor":14},{"not_picked":["Corruption","Fiend Fire"],"picked":"Barricade","floor":16},{"not_picked":["Flex+1","Sword Boomerang+1","Reckless Charge"],"picked":"SKIP","floor":18},{"not_picked":["Wild Strike","Clash","Headbutt"],"picked":"SKIP","floor":19},{"not_picked":["Dark Embrace","Intimidate"],"picked":"Power Through","floor":24},{"not_picked":["Reckless Charge","Twin Strike"],"picked":"Metallicize","floor":29},{"not_picked":["Fire Breathing","Infernal Blade"],"picked":"Impervious","floor":30}],"player_experience":342383,"relics_obtained":[{"floor":6,"key":"Darkstone Periapt"},{"floor":24,"key":"Unceasing Top"},{"floor":26,"key":"Centennial Puzzle"},{"floor":30,"key":"HornCleat"}],"event_choices":[{"cards_removed":["Strike_R"],"damage_healed":0,"gold_gain":0,"player_choice":"Card Removal","damage_taken":7,"max_hp_gain":0,"max_hp_loss":0,"event_name":"Golden Wing","floor":3,"gold_loss":0},{"damage_healed":0,"gold_gain":0,"player_choice":"Rummage","damage_taken":0,"relics_obtained":["WarpedTongs"],"max_hp_gain":0,"max_hp_loss":0,"event_name":"Accursed Blacksmith","floor":5,"gold_loss":0,"cards_obtained":["Pain"]},{"damage_healed":0,"gold_gain":0,"player_choice":"Bet on Murderer","damage_taken":0,"max_hp_gain":0,"max_hp_loss":0,"event_name":"The Joust","floor":20,"gold_loss":50},{"cards_removed":["Regret"],"damage_healed":0,"gold_gain":0,"player_choice":"Elegance","damage_taken":0,"max_hp_gain":0,"max_hp_loss":0,"event_name":"Back to Basics","floor":28,"gold_loss":0}],"is_beta":false,"boss_relics":[{"not_picked":["Tiny House","SlaversCollar"],"picked":"Pandora\u0027s Box"}],"items_purged_floors":[13],"is_endless":false,"potions_floor_spawned":[4,6,8,11,18,24],"killed_by":"Centurion and Healer","ascension_level":1}}