{"host":"dntw6kil9p09eemm","time":1607897604,"event":{"mods":["AchievementEnabler","BaseMod","Become a monster €›?Œ÷","Colored Powertips","Minty Spire (QoL Compilation)","StSLib"],"gold_per_floor":[99,99,109,284,303,303,317,317,344,344,344,375,219,219,238,273,273,378,378,397,409,426,426,426,426,439,439,439,247,263,263,163,343,343,438,438,451,326,337,337,82,82,95,95,95,106,118,118,150,164,164,164],"floor_reached":53,"playtime":2411,"items_purged":["Strike_R","Defend_R","Strike_R"],"score":755,"play_id":"0c1ba137-8d45-4138-96a7-aa1770ba7b63","local_time":"20201214071324","is_ascension_mode":false,"campfire_choices":[{"data":"Anger","floor":8,"key":"SMITH"},{"floor":14,"key":"REST"},{"data":"Rage","floor":17,"key":"SMITH"},{"data":"Ghostly","floor":25,"key":"SMITH"},{"data":"Berserk","floor":27,"key":"SMITH"},{"data":"The Bomb","floor":31,"key":"SMITH"},{"floor":34,"key":"REST"},{"data":"Immolate","floor":42,"key":"SMITH"},{"data":"Thunderclap","floor":48,"key":"SMITH"},{"data":"Blood for Blood","floor":51,"key":"SMITH"}],"circlet_count":0,"master_deck":["Strike_R","Strike_R","Strike_R","Defend_R","Defend_R","Defend_R","Bash","Hemokinesis","Anger+1","Rage+1","Sword Boomerang","Headbutt","Rampage","Reckless Charge","Bloodletting","Blood for Blood+1","Berserk+1","Cleave","Uppercut+1","Wild Strike","Thunderclap+1","Ghostly+1","Ghostly","Ghostly","Ghostly","Ghostly","Sword Boomerang","The Bomb+1","Shrug It Off","Sword Boomerang","Immolate+1","Bloodletting+1","Cleave+1","Flame Barrier+1"],"relics":["Burning Blood","Letter Opener","Anchor","Dream Catcher","MealTicket","Incense Burner","Mark of Pain","Pear","Runic Cube","Paper Frog","Centennial Puzzle","Ornamental Fan"],"acts_visited":["Exordium","TheCity","TheBeyond"],"potions_floor_usage":[18,21,22,26,35,35,35,49,49],"damage_taken":[{"damage":0,"enemies":"3 Shapes","floor":3,"turns":1},{"damage":8,"enemies":"Jaw Worm","floor":5,"turns":2},{"damage":2,"enemies":"2 Louse","floor":7,"turns":2},{"damage":29,"enemies":"Lagavulin","floor":9,"turns":5},{"damage":15,"enemies":"3 Sentries","floor":12,"turns":7},{"damage":5,"enemies":"Gremlin Gang","floor":15,"turns":4},{"damage":19,"enemies":"Lagavulin","floor":16,"turns":5},{"damage":45,"enemies":"The Guardian","floor":18,"turns":8},{"damage":4,"enemies":"Chosen","floor":20,"turns":5},{"damage":26,"enemies":"3 Byrds","floor":21,"turns":6},{"damage":25,"enemies":"Shelled Parasite and Fungi","floor":22,"turns":4},{"damage":2,"enemies":"Snake Plant","floor":26,"turns":4},{"damage":6,"enemies":"Chosen and Byrds","floor":30,"turns":6},{"damage":47,"enemies":"Champ","floor":35,"turns":12},{"damage":21,"enemies":"3 Shapes","floor":37,"turns":3},{"damage":19,"enemies":"Orb Walker","floor":39,"turns":5},{"damage":17,"enemies":"Sphere and 2 Shapes","floor":43,"turns":5},{"damage":6,"enemies":"3 Darklings","floor":46,"turns":6},{"damage":2,"enemies":"Jaw Worm Horde","floor":47,"turns":3},{"damage":17,"enemies":"Nemesis","floor":49,"turns":5},{"damage":0,"enemies":"Transient","floor":50,"turns":5},{"damage":26,"enemies":"Donu and Deca","floor":52,"turns":11}],"seed_played":"1904929443612495331","potions_obtained":[{"floor":7,"key":"Ancient Potion"},{"floor":15,"key":"BlessingOfTheForge"},{"floor":16,"key":"Energy Potion"},{"floor":18,"key":"Weak Potion"},{"floor":21,"key":"LiquidBronze"},{"floor":22,"key":"Block Potion"},{"floor":30,"key":"Strength Potion"},{"floor":46,"key":"Regen Potion"},{"floor":47,"key":"AttackPotion"},{"floor":49,"key":"SpeedPotion"}],"is_trial":false,"path_per_floor":["M","M","M","?","M","?","M","R","E","?","T","E","$","R","M","E","R","B",null,"M","M","M","?","?","R","M","R","T","$","M","R","$","?","R","B",null,"M","$","M","?","$","R","M","?","T","M","M","R","E","M","R","B",null],"character_chosen":"IRONCLAD","items_purchased":["Rampage","The Bomb","Paper Frog"],"campfire_rested":2,"item_purchase_floors":[13,29,41],"current_hp_per_floor":[88,88,88,88,86,79,83,83,60,48,48,39,54,80,81,68,68,29,88,88,68,49,49,44,44,44,44,54,54,54,54,54,35,51,10,54,39,54,41,41,51,51,40,40,40,40,44,44,42,48,48,28],"gold":164,"neow_bonus":"TEN_PERCENT_HP_BONUS","is_daily":false,"chose_seed":false,"campfire_upgraded":8,"win_rate":0.0,"timestamp":1607897604,"path_taken":["M","?","M","?","M","R","E","?","T","E","$","R","M","E","R","BOSS","M","M","M","?","?","R","M","R","T","?","?","R","$","?","R","BOSS","M","$","?","?","$","R","M","?","T","?","M","R","E","M","R","BOSS"],"items_purchased_type":["Card","Card","Relic"],"build_version":"2020-11-30","purchased_purges":3,"victory":true,"max_hp_per_floor":[88,88,88,88,88,88,88,88,88,88,88,88,88,88,88,88,88,88,88,88,88,88,88,44,44,44,44,54,54,54,54,54,54,54,54,54,54,54,54,51,51,51,51,51,51,51,51,51,51,51,51,51],"card_choices":[{"not_picked":["True Grit","Evolve"],"picked":"Hemokinesis","floor":3},{"not_picked":["Combust","Shockwave"],"picked":"Anger","floor":5},{"not_picked":["Evolve","Iron Wave"],"picked":"Rage","floor":7},{"not_picked":["Wild Strike","Pommel Strike"],"picked":"Sword Boomerang","floor":9},{"not_picked":["Rage","Clash"],"picked":"Headbutt","floor":12},{"not_picked":["Iron Wave","Feel No Pain"],"picked":"Reckless Charge","floor":14},{"not_picked":["Sword Boomerang","Warcry"],"picked":"Bloodletting","floor":15},{"not_picked":["Warcry","Body Slam"],"picked":"Blood for Blood","floor":16},{"not_picked":["Impervious","Juggernaut"],"picked":"Berserk","floor":18},{"not_picked":["Clothesline","Warcry"],"picked":"Cleave","floor":20},{"not_picked":["Clash","Searing Blow"],"picked":"Uppercut","floor":21},{"not_picked":["Perfected Strike","Second Wind+1"],"picked":"Wild Strike","floor":22},{"not_picked":["Flex","Hemokinesis"],"picked":"Sword Boomerang","floor":26},{"not_picked":["Sword Boomerang","Twin Strike"],"picked":"Shrug It Off","floor":30},{"not_picked":["Dropkick","Intimidate"],"picked":"Sword Boomerang","floor":34},{"not_picked":["Reaper","Demon Form"],"picked":"Immolate","floor":35},{"not_picked":["Twin Strike","True Grit","Clothesline+1"],"picked":"SKIP","floor":37},{"not_picked":["Heavy Blade","Sever Soul+1"],"picked":"Bloodletting+1","floor":39},{"not_picked":["Intimidate","Flex+1"],"picked":"Cleave+1","floor":43},{"not_picked":["Dropkick+1","Headbutt+1","Infernal Blade"],"picked":"SKIP","floor":46},{"not_picked":["Pommel Strike+1","Pummel+1","Wild Strike+1"],"picked":"SKIP","floor":47},{"not_picked":["Reaper","Sword Boomerang+1"],"picked":"Flame Barrier+1","floor":49},{"not_picked":["Twin Strike","Warcry","Pommel Strike+1"],"picked":"SKIP","floor":50}],"player_experience":117730,"relics_obtained":[{"floor":9,"key":"Letter Opener"},{"floor":11,"key":"Dream Catcher"},{"floor":12,"key":"MealTicket"},{"floor":16,"key":"Incense Burner"},{"floor":28,"key":"Pear"},{"floor":45,"key":"Centennial Puzzle"},{"floor":49,"key":"Ornamental Fan"}],"event_choices":[{"damage_healed":0,"gold_gain":175,"player_choice":"AGREE","damage_taken":0,"max_hp_gain":0,"max_hp_loss":0,"event_name":"Liars Game","floor":4,"gold_loss":0,"cards_obtained":["Doubt"]},{"cards_removed":["Doubt"],"damage_healed":0,"gold_gain":0,"player_choice":"Card Removal","damage_taken":7,"max_hp_gain":0,"max_hp_loss":0,"event_name":"Golden Wing","floor":6,"gold_loss":0},{"damage_healed":0,"gold_gain":0,"player_choice":"Success","damage_taken":12,"relics_obtained":["Anchor"],"max_hp_gain":0,"max_hp_loss":0,"event_name":"Scrap Ooze","floor":10,"gold_loss":0},{"damage_healed":0,"gold_gain":0,"player_choice":"Read","damage_taken":0,"max_hp_gain":0,"max_hp_loss":0,"event_name":"The Library","floor":23,"gold_loss":0,"cards_obtained":["Thunderclap"]},{"damage_healed":0,"gold_gain":0,"player_choice":"Became a Ghost","damage_taken":0,"max_hp_gain":0,"max_hp_loss":44,"event_name":"Ghosts","floor":24,"gold_loss":0,"cards_obtained":["Ghostly","Ghostly","Ghostly","Ghostly","Ghostly"]},{"damage_healed":0,"gold_gain":180,"player_choice":"GOLD GOLD ","damage_taken":19,"max_hp_gain":0,"max_hp_loss":0,"event_name":"Knowing Skull","floor":33,"potions_obtained":[],"gold_loss":0,"cards_obtained":[]},{"damage_healed":0,"gold_gain":180,"player_choice":"GOLD GOLD ","damage_taken":19,"max_hp_gain":0,"max_hp_loss":0,"event_name":"Knowing Skull","floor":33,"potions_obtained":[],"gold_loss":0,"cards_obtained":[]},{"damage_healed":0,"gold_gain":0,"player_choice":"Max HP","damage_taken":0,"max_hp_gain":0,"max_hp_loss":3,"event_name":"Winding Halls","floor":40,"gold_loss":0},{"damage_healed":0,"gold_gain":0,"player_choice":"Forge","damage_taken":0,"max_hp_gain":0,"max_hp_loss":0,"event_name":"Accursed Blacksmith","floor":44,"gold_loss":0,"cards_upgraded":["Uppercut"]}],"is_beta":false,"boss_relics":[{"not_picked":["Black Blood","Astrolabe"],"picked":"Mark of Pain"},{"not_picked":["Fusion Hammer","SacredBark"],"picked":"Runic Cube"}],"items_purged_floors":[13,32,38],"is_endless":false,"potions_floor_spawned":[7,15,16,18,21,22,30,46,47,49],"ascension_level":0}}