{"host":"9544bpadt41uu5ar","time":1607839699,"event":{"mods":["Act Like it!","Aspiration","BaseMod","Conspire","Gensokyo","Hallownest","Highlight Path","KinomotoSakuraMod(木之本樱)","KomeijiMod","Luminous","Marisa（F雨　魔理沙）","Minty Spire (QoL Compilation)","Reimu（博丽灵梦）","Remilia_Scarlet Moed（蕾米莉亚・斯卡雷特）3.3.5","Remilia（蕾米莉亚）","Replay The Spire","StSLib","The Bug Knight","The Gatherer","The Hierophant","The Servant 0.9.4","WarShipGirlsR/战舰少女R mod","Youmu（魂魄妖梦）","Yuyuko","【东方二次创作】八云紫mod","【遗物卡牌】REMEMod"],"gold_per_floor":[116,116,135,150,150,180,200,200,200,200,216,216,248,273,273,375,375,391,621,637,336,336,356,356,522,567,567,567,580,309,324,324,324,324],"floor_reached":33,"playtime":1850,"items_purged":["Strike_S","Strike_S"],"score":309,"play_id":"718ca396-3f1d-4ee8-8a86-9669a08af02a","local_time":"20201213140819","is_ascension_mode":false,"campfire_choices":[{"data":"BestPractice","floor":8,"key":"SMITH"},{"data":"Rearm","floor":15,"key":"SMITH"},{"floor":24,"key":"REST"},{"floor":27,"key":"REST"},{"floor":32,"key":"REST"}],"circlet_count":0,"master_deck":["Strike_S","Strike_S","Defend_S","Defend_S","Defend_S","Defend_S+1","KidneyShot","ShatteredReality","Foresight","BestPractice+1","Ricochet","Contraction","TimeWarp","Injury","Rearm+1","FlawlessForm","Dramatic Entrance+1","MoonPhase","Advance+1","conspire:Banana","RealityMarble","Replace+1","Starlight","ReplayTheSpireMod:Private Reserves+1","Crow Ritual"],"relics":["Uniform","REME_ComplimentaryCards","NeowsBlessing","Gensokyo:Justice","Gensokyo:OccultBall","aspiration:HiddenCompartment","Gensokyo:NagashiBinaDoll","Garlic","Pear","ReplayTheSpireMod:Lightbulb","REME_LowDesire","Replay:Rubber Ducky","Akabeko","REME_HandOfSuture","MealTicket","Gensokyo:ChorusOfJoy"],"acts_visited":["Gensokyo:Gensokyo","Gensokyo:Gensokyoer"],"potions_floor_usage":[16],"damage_taken":[{"damage":0,"enemies":"Gensokyo:Gryphon","floor":1,"turns":1},{"damage":0,"enemies":"Gensokyo:2_Kodama","floor":3,"turns":1},{"damage":0,"enemies":"Gensokyo:3_Fairies","floor":4,"turns":1},{"damage":0,"enemies":"Gensokyo:Cirno","floor":6,"turns":4},{"damage":0,"enemies":"Gensokyo:2_Rabbits","floor":7,"turns":1},{"damage":0,"enemies":"Gensokyo:LivingMonolith","floor":11,"turns":2},{"damage":17,"enemies":"Gensokyo:Aya","floor":13,"turns":4},{"damage":22,"enemies":"Gensokyo:Reimu","floor":16,"turns":11},{"damage":9,"enemies":"Gensokyo:3_Dogs","floor":18,"turns":6},{"damage":28,"enemies":"Gensokyo:Chomper","floor":19,"turns":4},{"damage":20,"enemies":"Gensokyo:Slime_Group","floor":20,"turns":4},{"damage":11,"enemies":"Gensokyo:Swordslinger","floor":23,"turns":5},{"damage":17,"enemies":"Gensokyo:Wraith","floor":25,"turns":6},{"damage":5,"enemies":"Gensokyo:Chomper_and_Gloop","floor":29,"turns":5},{"damage":29,"enemies":"Gensokyo:Slime_Group","floor":31,"turns":5},{"damage":15,"enemies":"Gensokyo:Eiki","floor":33,"turns":6}],"seed_played":"7883968304483773231","potions_obtained":[{"floor":1,"key":"LiquidBronze"},{"floor":11,"key":"Weak Potion"},{"floor":13,"key":"Strength Potion"},{"floor":16,"key":"Block Potion"}],"is_trial":false,"path_per_floor":["M","?","M","M","?","E","M","R","T","?","M","?","E","T","R","B",null,"M","M","M","$","?","M","R","M","T","R","?","M","$","M","R","B"],"character_chosen":"THE_SERVANT","items_purchased":["conspire:Banana","REME_HandOfSuture","Crow Ritual"],"campfire_rested":3,"item_purchase_floors":[21,21,30],"current_hp_per_floor":[65,65,65,65,65,65,65,65,65,65,65,65,58,58,58,36,75,66,38,18,18,18,8,30,14,14,37,37,33,48,20,43,29,29],"gold":324,"neow_bonus":"THREE_ENEMY_KILL","is_daily":false,"chose_seed":false,"campfire_upgraded":2,"win_rate":0.0,"timestamp":1607839699,"path_taken":["M","?","M","M","?","E","M","R","T","?","M","?","E","?","R","BOSS","M","M","M","?","?","M","R","M","T","R","?","?","$","M","R","BOSS"],"items_purchased_type":["Card","Relic","Card"],"build_version":"2020-11-30","purchased_purges":2,"victory":false,"max_hp_per_floor":[65,65,65,65,65,65,65,65,65,65,65,65,75,75,75,75,75,75,75,75,75,75,76,76,77,77,77,77,78,78,79,79,80,80],"card_choices":[{"not_picked":["Rewind","FastForward"],"picked":"ShatteredReality","floor":1},{"not_picked":["SpecialFormula","Moonlight"],"picked":"Foresight","floor":3},{"not_picked":["Gouge","Unruled"],"picked":"BestPractice","floor":4},{"not_picked":["Replace","Snipe"],"picked":"Ricochet","floor":6},{"not_picked":["Alleviate","Revamp"],"picked":"Contraction","floor":7},{"not_picked":["Revamp","Alleviate"],"picked":"TimeWarp","floor":11},{"not_picked":["BestPractice","Hightail"],"picked":"Rearm","floor":13},{"not_picked":["SoulSculpture","PendulumOfEternity"],"picked":"FlawlessForm","floor":16},{"not_picked":["Revamp","Defy","Deadline"],"picked":"Dramatic Entrance+1","floor":18},{"not_picked":["Rearm+1","Replace","Bandage Up"],"picked":"MoonPhase","floor":19},{"not_picked":["FastForward","ShatteredReality","The Bomb"],"picked":"Advance+1","floor":20},{"not_picked":["Collapse","Starlight","Survey Options"],"picked":"Replace+1","floor":23},{"not_picked":["Defy","BestPractice","Impatience+1"],"picked":"Starlight","floor":25},{"not_picked":["BottledTime","Revamp+1","Ricochet"],"picked":"ReplayTheSpireMod:Private Reserves+1","floor":29},{"not_picked":["Potential","ShatteredReality","RealityMarble","PreThought"],"picked":"SKIP","floor":31}],"player_experience":68858,"relics_obtained":[{"floor":6,"key":"aspiration:HiddenCompartment"},{"floor":7,"key":"Gensokyo:OccultBall"},{"floor":13,"key":"Pear"},{"floor":14,"key":"ReplayTheSpireMod:Lightbulb"},{"floor":16,"key":"Gensokyo:OccultBall"},{"floor":17,"key":"Replay:Rubber Ducky"},{"floor":17,"key":"Akabeko"},{"floor":26,"key":"MealTicket"}],"event_choices":[],"is_beta":false,"boss_relics":[{"not_picked":["Pandora\u0027s Box","aspiration:DefectSkillbook"],"picked":"REME_LowDesire"}],"items_purged_floors":[21,30],"is_endless":false,"potions_floor_spawned":[11,13,16,18,20,29],"killed_by":"Gensokyo:Eiki","ascension_level":0}}