{"host":"hn9kwncajibu2nw8","time":1607829539,"event":{"mods":["AchievementEnabler","BaseMod","Block Reminder","Colored Powertips","DeckTracker","Highlight Path","KOR Keyword Fix","Minty Spire (QoL Compilation)","Quick Restart","Rare Cards Sparkle"],"gold_per_floor":[163,1,14,30,48,48,63,63,63,74,74,102,122,139,139,139,139],"floor_reached":16,"playtime":514,"items_purged":[],"score":191,"play_id":"513206e8-7987-4db6-aeb8-e2068e1d4d2d","local_time":"20201213121859","is_ascension_mode":true,"campfire_choices":[{"data":"Eruption","floor":6,"key":"SMITH"},{"data":"MentalFortress","floor":8,"key":"SMITH"},{"data":"FlyingSleeves","floor":15,"key":"SMITH"}],"circlet_count":0,"master_deck":["AscendersBane","Strike_P","Strike_P","Strike_P","Strike_P","Defend_P","Defend_P","Defend_P+1","Defend_P","Eruption+1","Vigilance","EmptyFist","FlyingSleeves+1","MentalFortress+1","EmptyMind","TalkToTheHand","Crescendo+1","ClearTheMind","BowlingBash","Indignation","EmptyFist"],"relics":["Tiny House","Ice Cream","Ginger"],"acts_visited":["Exordium"],"potions_floor_usage":[0,12,14],"damage_taken":[{"damage":0,"enemies":"Small Slimes","floor":1,"turns":2},{"damage":0,"enemies":"Cultist","floor":3,"turns":3},{"damage":0,"enemies":"Jaw Worm","floor":4,"turns":3},{"damage":14,"enemies":"Red Slaver","floor":5,"turns":5},{"damage":13,"enemies":"Looter","floor":7,"turns":4},{"damage":10,"enemies":"Lots of Slimes","floor":10,"turns":5},{"damage":10,"enemies":"3 Sentries","floor":12,"turns":6},{"damage":0,"enemies":"Exordium Wildlife","floor":13,"turns":3},{"damage":12,"enemies":"Gremlin Gang","floor":14,"turns":2},{"damage":0,"enemies":"The Guardian","floor":16,"turns":1}],"seed_played":"8299815626398689856","potions_obtained":[{"floor":0,"key":"Fruit Juice"},{"floor":4,"key":"CultistPotion"},{"floor":10,"key":"AttackPotion"},{"floor":12,"key":"AttackPotion"}],"is_trial":false,"path_per_floor":["M","$","M","M","M","R","M","R","T","M","?","E","M","M","R","B"],"character_chosen":"WATCHER","items_purchased":["MentalFortress","EmptyMind"],"campfire_rested":0,"item_purchase_floors":[2,2],"current_hp_per_floor":[71,71,71,71,57,57,44,44,44,34,34,24,24,12,12,12,12],"gold":139,"neow_bonus":"BOSS_RELIC","is_daily":false,"chose_seed":false,"campfire_upgraded":3,"win_rate":0.0,"timestamp":1607829539,"path_taken":["M","$","M","M","M","R","M","R","T","M","?","E","M","?","R","BOSS"],"items_purchased_type":["Card","Card"],"build_version":"2020-11-30","purchased_purges":0,"victory":false,"max_hp_per_floor":[78,78,78,78,78,78,78,78,78,78,78,78,78,78,78,78,78],"card_choices":[{"not_picked":["Crescendo","Prostrate"],"picked":"EmptyFist","floor":0},{"not_picked":["BattleHymn","Indignation"],"picked":"FlyingSleeves","floor":1},{"not_picked":["Worship","Prostrate"],"picked":"TalkToTheHand","floor":3},{"not_picked":["PathToVictory","CrushJoints"],"picked":"Crescendo","floor":4},{"not_picked":["FlyingSleeves","Fasting2"],"picked":"ClearTheMind","floor":5},{"not_picked":["Protect","Vengeance"],"picked":"BowlingBash","floor":7},{"not_picked":["CutThroughFate","Protect","Prostrate"],"picked":"SKIP","floor":10},{"not_picked":["SandsOfTime","EmptyFist","Evaluate"],"picked":"SKIP","floor":12},{"not_picked":["Alpha","Swivel"],"picked":"Indignation","floor":13},{"not_picked":["FlyingSleeves","FollowUp"],"picked":"EmptyFist","floor":14}],"player_experience":456609,"relics_obtained":[{"floor":9,"key":"Ice Cream"},{"floor":12,"key":"Ginger"}],"event_choices":[{"damage_healed":0,"gold_gain":0,"player_choice":"Upgraded","damage_taken":0,"max_hp_gain":0,"max_hp_loss":0,"event_name":"Upgrade Shrine","floor":11,"gold_loss":0,"cards_upgraded":["Crescendo"]}],"is_beta":false,"boss_relics":[],"items_purged_floors":[],"is_endless":false,"potions_floor_spawned":[4,10,12,13],"killed_by":"The Guardian","ascension_level":16}}