{"host":"ow9msrs9p2ctkx99","time":1607848894,"event":{"mods":["AchievementEnabler","BaseMod","Colored Map","Colored Powertips","Minty Spire (QoL Compilation)","Permanent Neow","Quick Restart","SuperFastMode"],"gold_per_floor":[213,213,229,6,20,20,20,47,98,98,109,127,158,15,15,116,116,136,136,61,79,96,96,96,96],"floor_reached":24,"playtime":523,"items_purged":["Strike_B"],"score":309,"play_id":"aa91ef13-969d-49a2-b85e-537fe71cff75","local_time":"20201213094134","is_ascension_mode":true,"campfire_choices":[{"data":"Dualcast","floor":6.0,"key":"SMITH"},{"floor":10.0,"key":"REST"},{"floor":15.0,"key":"REST"},{"floor":23.0,"key":"REST"}],"circlet_count":0,"master_deck":["AscendersBane","Strike_B","Strike_B","Defend_B","Defend_B","Defend_B","Defend_B","Zap","Dualcast+1","Ball Lightning","Steam Power","Reboot","FTL","PiercingWail","Impervious","Wraith Form v2","FTL","Cloak And Dagger+1","Redo+1"],"relics":["Cracked Core","PrismaticShard","Bag of Preparation","Centennial Puzzle","Tiny Chest","OrangePellets","Inserter"],"acts_visited":["Exordium","TheCity"],"potions_floor_usage":[],"damage_taken":[{"damage":2.0,"enemies":"Jaw Worm","floor":1.0,"turns":3.0},{"damage":1.0,"enemies":"Cultist","floor":3.0,"turns":3.0},{"damage":7.0,"enemies":"2 Louse","floor":5.0,"turns":3.0},{"damage":31.0,"enemies":"Lagavulin","floor":8.0,"turns":6.0},{"damage":0.0,"enemies":"Exordium Thugs","floor":11.0,"turns":2.0},{"damage":15.0,"enemies":"Gremlin Gang","floor":12.0,"turns":3.0},{"damage":28.0,"enemies":"3 Sentries","floor":13.0,"turns":7.0},{"damage":11.0,"enemies":"Hexaghost","floor":16.0,"turns":7.0},{"damage":11.0,"enemies":"Spheric Guardian","floor":18.0,"turns":3.0},{"damage":1.0,"enemies":"Chosen","floor":21.0,"turns":4.0},{"damage":39.0,"enemies":"Snecko","floor":22.0,"turns":7.0},{"damage":38,"enemies":"Gremlin Leader","floor":24,"turns":5}],"seed_played":"-4670520831236649140","potions_obtained":[{"floor":3.0,"key":"SteroidPotion"},{"floor":8.0,"key":"PowerPotion"},{"floor":18.0,"key":"Strength Potion"}],"is_trial":false,"path_per_floor":["M","?","M","$","M","R","$","E","T","R","M","M","E","$","R","B",null,"M","?","$","M","M","R","E"],"character_chosen":"DEFECT","items_purchased":["PrismaticShard","FTL","OrangePellets"],"campfire_rested":3,"item_purchase_floors":[4,4,14],"current_hp_per_floor":[66,66,65,65,58,58,58,27,27,49,49,34,6,6,28,17,61,50,50,50,49,10,32,0,0],"gold":96,"neow_bonus":"HUNDRED_GOLD","is_daily":false,"chose_seed":false,"campfire_upgraded":1,"win_rate":0.0,"timestamp":1607848894,"path_taken":["M","?","?","$","M","R","$","E","T","R","?","?","E","$","R","BOSS","M","?","$","M","M","R","E"],"items_purchased_type":["Relic","Card","Relic"],"build_version":"2020-11-30","purchased_purges":1,"victory":false,"max_hp_per_floor":[75,75,75,75,75,75,75,75,75,75,75,75,75,75,75,75,75,75,75,75,75,75,75,75,75],"card_choices":[{"not_picked":["Steam Power","Compile Driver"],"picked":"Ball Lightning","floor":1.0},{"not_picked":["Stack","Sweeping Beam"],"picked":"Reboot","floor":3.0},{"not_picked":["Barrage","Beam Cell"],"picked":"PiercingWail","floor":5.0},{"not_picked":["Blade Dance","Conserve Battery"],"picked":"Impervious","floor":8.0},{"not_picked":["Sentinel","Flying Knee","Ball Lightning"],"picked":"SKIP","floor":11.0},{"not_picked":["Evaluate","CrushJoints","Magnetism"],"picked":"SKIP","floor":12.0},{"not_picked":["Dodge and Roll","Prepared","Collect"],"picked":"SKIP","floor":13.0},{"not_picked":["Corruption","Scrawl"],"picked":"Wraith Form v2","floor":16.0},{"not_picked":["Evolve","Dash","JustLucky"],"picked":"SKIP","floor":18.0},{"not_picked":["Terror","ClearTheMind"],"picked":"Cloak And Dagger+1","floor":21.0},{"not_picked":["Concentrate","JustLucky+1"],"picked":"Redo+1","floor":22.0}],"player_experience":997736,"relics_obtained":[{"floor":8.0,"key":"Bag of Preparation"},{"floor":9.0,"key":"Centennial Puzzle"},{"floor":13.0,"key":"Tiny Chest"}],"event_choices":[{"damage_healed":0.0,"max_hp_gain":0.0,"max_hp_loss":0.0,"gold_gain":0.0,"cards_transformed":["Strike_B"],"event_name":"Transmorgrifier","player_choice":"Transformed","floor":2.0,"gold_loss":0.0,"damage_taken":0.0,"cards_obtained":["Steam Power"]},{"damage_healed":0.0,"max_hp_gain":0.0,"max_hp_loss":0.0,"gold_gain":0.0,"event_name":"The Library","player_choice":"Read","floor":19.0,"gold_loss":0.0,"damage_taken":0.0,"cards_obtained":["FTL"]}],"is_beta":false,"boss_relics":[{"not_picked":["Snecko Eye","Ectoplasm"],"picked":"Inserter"}],"items_purged_floors":[20],"is_endless":false,"potions_floor_spawned":[3,8,18],"killed_by":"Gremlin Leader","ascension_level":10}}