{"host":"ncjvx38sfs73mj1s","time":1607837141,"event":{"mods":["BaseMod","KinomotoSakuraMod(木之本樱)","Marisa（F雨　魔理沙）","Minty Spire (QoL Compilation)","Remilia（蕾米莉亚）","The Servant 0.9.4","Yuyuko"],"gold_per_floor":[113,113,133,31,42,42,72,72,144,49,49,60,60,79,79,175,175,188,188,113,212,212,212,224,224,224,257,271,286,286,312,312,408,408,427,444,461,461,165,165,185,60,84,100,128,145,145,169,169,169],"floor_reached":51,"playtime":3812,"items_purged":["Writhe","Unruled","Potential+1"],"score":715,"play_id":"5fd41418-82db-47b6-a3d2-3cb332149cf5","local_time":"20201213132541","is_ascension_mode":false,"campfire_choices":[{"data":"Spin","floor":6.0,"key":"SMITH"},{"data":"Rearm","floor":8.0,"key":"SMITH"},{"floor":13.0,"key":"REST"},{"floor":15.0,"key":"REST"},{"data":"FanOfKnives","floor":23.0,"key":"SMITH"},{"data":"InstantArmor","floor":25.0,"key":"SMITH"},{"floor":32.0,"key":"REST"},{"floor":40,"key":"REST"},{"floor":47,"key":"REST"},{"floor":49,"key":"REST"}],"circlet_count":0,"master_deck":["Strike_S+1","Strike_S+1","Strike_S+1","Defend_S+1","Defend_S+1","Defend_S+1","Defend_S+1","KidneyShot","Exchange+1","Ricochet","Rearm+1","Defy","SurpressingFire","Spin+1","FanOfKnives+1","Defy","InstantArmor+1","Reset+1","TheWorld","RealityMarble+1","BestPractice+1","Starlight+1","Necronomicurse","Hightail","MurderousAura+1","CurseOfTheBell","Potential+1","ShiftingGears","FastForward","Rearm+1","Luminosity+1","Luminosity+1","SpecialFormula+1","Luminosity+1","SilverBlades+1"],"relics":["Uniform","NeowsBlessing","Oddly Smooth Stone","Pear","PreservedInsect","Philosopher\u0027s Stone","Mercury Hourglass","Shuriken","Letter Opener","Necronomicon","Frozen Egg 2","Calling Bell","Dream Catcher","HornCleat","Lizard Tail","HandDrill","War Paint","MealTicket","Bag of Marbles"],"acts_visited":["Exordium","TheCity","TheBeyond"],"potions_floor_usage":[50,50],"damage_taken":[{"damage":0.0,"enemies":"Small Slimes","floor":1.0,"turns":1.0},{"damage":0.0,"enemies":"Cultist","floor":3.0,"turns":1.0},{"damage":0.0,"enemies":"2 Louse","floor":5.0,"turns":2.0},{"damage":15.0,"enemies":"3 Sentries","floor":7.0,"turns":6.0},{"damage":11.0,"enemies":"Exordium Wildlife","floor":12.0,"turns":4.0},{"damage":10.0,"enemies":"Looter","floor":14.0,"turns":3.0},{"damage":52.0,"enemies":"Hexaghost","floor":16.0,"turns":17.0},{"damage":6.0,"enemies":"2 Thieves","floor":18.0,"turns":2.0},{"damage":6.0,"enemies":"Chosen","floor":24.0,"turns":5.0},{"damage":0.0,"enemies":"Book of Stabbing","floor":27.0,"turns":6.0},{"damage":3.0,"enemies":"Snake Plant","floor":28.0,"turns":4.0},{"damage":0.0,"enemies":"Snecko","floor":29.0,"turns":5.0},{"damage":3.0,"enemies":"Slavers","floor":31.0,"turns":2.0},{"damage":46.0,"enemies":"Collector","floor":33.0,"turns":10.0},{"damage":16.0,"enemies":"3 Shapes","floor":35.0,"turns":3.0},{"damage":6.0,"enemies":"Orb Walker","floor":36.0,"turns":4.0},{"damage":0.0,"enemies":"3 Darklings","floor":37.0,"turns":4.0},{"damage":0,"enemies":"Transient","floor":41,"turns":5},{"damage":21,"enemies":"4 Shapes","floor":44,"turns":3},{"damage":3,"enemies":"Nemesis","floor":45,"turns":5},{"damage":17,"enemies":"Spire Growth","floor":46,"turns":7},{"damage":61,"enemies":"Time Eater","floor":50,"turns":8}],"seed_played":"-1832137356751336394","potions_obtained":[{"floor":1.0,"key":"SkillPotion"},{"floor":5.0,"key":"AttackPotion"},{"floor":7.0,"key":"SteroidPotion"},{"floor":16.0,"key":"EntropicBrew"},{"floor":31.0,"key":"SteroidPotion"},{"floor":33.0,"key":"LiquidBronze"},{"floor":36.0,"key":"SmokeBomb"},{"floor":37.0,"key":"DistilledChaos"}],"is_trial":false,"path_per_floor":["M","?","M","$","M","R","E","R","T","$","?","M","R","M","R","B",null,"M","?","$","?","?","R","M","R","T","E","M","M","?","E","R","B",null,"M","M","M","?","$","R","M","$","T","M","E","M","R","T","R","B",null],"character_chosen":"THE_SERVANT","items_purchased":["Defy","SurpressingFire","FanOfKnives","Defy","HandDrill","FastForward"],"campfire_rested":6,"item_purchase_floors":[4,4,10,10,39,39],"current_hp_per_floor":[65,65,65,65,65,65,50,50,60,60,53,42,64,54,75,23,75,69,69,69,69,69,69,63,63,63,63,60,60,44,41,63,17,75,59,53,53,53,53,75,75,75,75,54,51,34,56,56,75,22],"gold":169,"neow_bonus":"THREE_ENEMY_KILL","is_daily":false,"chose_seed":false,"campfire_upgraded":4,"win_rate":0.0,"timestamp":1607837141,"path_taken":["M","?","M","$","?","R","E","R","T","$","?","M","R","M","R","BOSS","M","?","$","?","?","R","?","R","T","E","M","M","?","E","R","BOSS","M","M","M","?","$","R","M","$","T","M","E","M","R","?","R","BOSS"],"items_purchased_type":["Card","Card","Card","Card","Relic","Card"],"build_version":"2020-11-30","purchased_purges":3,"victory":true,"max_hp_per_floor":[65,65,65,65,65,65,65,65,75,75,75,75,75,75,75,75,75,75,75,75,75,75,75,75,75,75,75,75,75,75,75,75,75,75,75,75,75,75,75,75,75,75,75,75,75,75,75,75,75,75],"card_choices":[{"not_picked":["Advance","Revamp"],"picked":"Ricochet","floor":1.0},{"not_picked":["Alleviate","DoubleEdge"],"picked":"Rearm","floor":3.0},{"not_picked":["TimeWarp","Ricochet"],"picked":"Spin","floor":5.0},{"not_picked":["ReturningBlade","Deny","Desolation"],"picked":"SKIP","floor":7.0},{"not_picked":["ShiftingGears","Alleviate"],"picked":"InstantArmor","floor":12.0},{"not_picked":["Spin","Misdirection"],"picked":"Reset","floor":14.0},{"not_picked":["Deny","PendulumOfEternity"],"picked":"TheWorld","floor":16.0},{"not_picked":["DoubleEdge","SurpressingFire"],"picked":"Unruled","floor":18.0},{"not_picked":["Revamp","SurpressingFire","Collapse"],"picked":"SKIP","floor":24.0},{"not_picked":["Misdirection+1","FastForward"],"picked":"RealityMarble+1","floor":27.0},{"not_picked":["Comet","Revamp"],"picked":"BestPractice+1","floor":28.0},{"not_picked":["Potential","Deny"],"picked":"Starlight+1","floor":29.0},{"not_picked":["Rewind","BottledTime"],"picked":"Hightail","floor":31.0},{"not_picked":["PendulumOfEternity","KillingDoll"],"picked":"MurderousAura+1","floor":33.0},{"not_picked":["BestPractice+1","ReturningBlade+1"],"picked":"Potential+1","floor":35.0},{"not_picked":["RealityMarble+1","Defy"],"picked":"Potential+1","floor":36.0},{"not_picked":["Hightail+1","ShatteredReality"],"picked":"ShiftingGears","floor":37.0},{"not_picked":["Moonlight","Revamp+1"],"picked":"Rearm+1","floor":40},{"not_picked":["Spin","BottledTime+1"],"picked":"Luminosity+1","floor":41},{"not_picked":["Replace+1","BottledTime+1"],"picked":"Luminosity+1","floor":44},{"not_picked":["Rewind","Revamp","FastForward"],"picked":"SKIP","floor":45},{"not_picked":["TimeWarp","DoubleEdge"],"picked":"SpecialFormula+1","floor":46},{"not_picked":["ShiftingGears+1","Collapse+1"],"picked":"Luminosity+1","floor":47},{"not_picked":["Luminosity+1","PendulumOfEternity"],"picked":"SilverBlades+1","floor":49}],"player_experience":77250,"relics_obtained":[{"floor":7.0,"key":"Oddly Smooth Stone"},{"floor":9.0,"key":"Pear"},{"floor":26.0,"key":"Shuriken"},{"floor":27.0,"key":"Letter Opener"},{"floor":30.0,"key":"Necronomicon"},{"floor":31.0,"key":"Frozen Egg 2"},{"floor":34.0,"key":"Dream Catcher"},{"floor":34.0,"key":"HornCleat"},{"floor":34.0,"key":"Lizard Tail"},{"floor":43,"key":"War Paint"},{"floor":45,"key":"MealTicket"},{"floor":48,"key":"Bag of Marbles"}],"event_choices":[{"cards_removed":["Strike_S"],"damage_healed":0.0,"max_hp_gain":0.0,"max_hp_loss":0.0,"gold_gain":0.0,"event_name":"Bonfire Elementals","player_choice":"Offered Basic","floor":2.0,"gold_loss":0.0,"damage_taken":0.0},{"damage_healed":0.0,"max_hp_gain":0.0,"max_hp_loss":0.0,"gold_gain":0.0,"event_name":"Scrap Ooze","player_choice":"Success","floor":11.0,"gold_loss":0.0,"damage_taken":7.0,"relics_obtained":["PreservedInsect"]},{"damage_healed":0.0,"max_hp_gain":0.0,"max_hp_loss":0.0,"gold_gain":0.0,"event_name":"The Mausoleum","player_choice":"Opened","floor":19.0,"gold_loss":0.0,"damage_taken":0.0,"relics_obtained":["Mercury Hourglass"],"cards_obtained":["Writhe"]},{"damage_healed":0.0,"max_hp_gain":0.0,"max_hp_loss":0.0,"gold_gain":99.0,"event_name":"Nest","player_choice":"Stole From Cult","floor":21.0,"gold_loss":0.0,"damage_taken":0.0},{"damage_healed":0.0,"max_hp_gain":0.0,"max_hp_loss":0.0,"gold_gain":0.0,"event_name":"Back to Basics","player_choice":"Simplicity","floor":22.0,"gold_loss":0.0,"damage_taken":0.0,"cards_upgraded":["Strike_S","Strike_S","Strike_S","Defend_S","Defend_S","Defend_S","Defend_S"]},{"damage_healed":0.0,"max_hp_gain":0.0,"max_hp_loss":0.0,"gold_gain":0.0,"event_name":"Cursed Tome","player_choice":"Obtained Book","floor":30.0,"gold_loss":0.0,"damage_taken":16.0},{"damage_healed":0,"gold_gain":0,"player_choice":"Ignored","damage_taken":0,"max_hp_gain":0,"max_hp_loss":0,"event_name":"Mysterious Sphere","floor":38,"gold_loss":0}],"is_beta":false,"boss_relics":[{"not_picked":["Fusion Hammer","Empty Cage"],"picked":"Philosopher\u0027s Stone"},{"not_picked":["SlaversCollar","Runic Dome"],"picked":"Calling Bell"}],"items_purged_floors":[20,39,42],"is_endless":false,"potions_floor_spawned":[1,5,7,16,18,24,31,33,36,37,44],"ascension_level":0}}