{"host":"g75gtovmj0ine2rf","time":1607818853,"event":{"mods":["2.2 Compatiblity","AchievementEnabler","Act Like it!","Aspiration","Astrologer","Bard","BaseMod","Better Match","BetterRewards","CapriCore","Challenge The Spire","ChefMod","Colored Map","Conspire","Elementarium","Energized Spire","Friendly Minions","Gensokyo","Halation","Hallownest","Hermit","HexUI Lib","Highlight Path","Hubris","Infinite Spire","Jedi Mod","Lobotomy","Minty Spire (QoL Compilation)","Puzzle Mod","Quick Restart","Rare Cards Sparkle","Relic Stats","Replay The Spire","Shade Mod","Shop Mod","Spicy Shops","StSLib","SuperFastMode","The Construct","The Cursed","The Factory","The Jungle","The Runesmith","TheBandit","TheFirefly","TheSwordswoman","TheVacant","Transform Curses","Wandering Minibosses","thorton","vexMod"],"gold_per_floor":[12,12,12,12,23,57,57,92,92,103,128,128,147,172,172,250,250,269,0,13,13,13,45,45,70,70,80,113,113,113,38,38,113,113,133,133,143,143,155,155,181,181,181,181,181,181,181],"floor_reached":45,"playtime":2900,"items_purged":["conspire:Blindness","Pain"],"score":1185,"play_id":"804d25fc-92e8-4854-a5c0-fd9a7eadaf01","local_time":"20201213112053","is_ascension_mode":true,"campfire_choices":[{"data":"wariomod:Step","floor":7.0,"key":"SMITH"},{"data":"wariomod:Bombshield","floor":12.0,"key":"SMITH"},{"floor":15.0,"key":"RECALL"},{"data":"wariomod:SpacialMastery","floor":24,"key":"SMITH"},{"floor":30,"key":"REST"},{"data":"wariomod:SilenceBombs","floor":30,"key":"SMITH"},{"floor":32,"key":"REST"},{"data":"wariomod:Bombshield","floor":32,"key":"SMITH"},{"floor":40,"key":"REST"},{"data":"wariomod:DeadlyDash","floor":40,"key":"SMITH"},{"data":"wariomod:Defend","floor":42,"key":"SMITH"},{"data":"wariomod:BodyBlock","floor":42,"key":"SMITH"}],"circlet_count":0,"master_deck":["AscendersBane","wariomod:Strike","wariomod:Strike","wariomod:Strike","wariomod:Strike","wariomod:Defend","wariomod:Defend","wariomod:Defend","wariomod:Defend+1","wariomod:Step+1","wariomod:Leap","wariomod:KeyFinisher+1","wariomod:ImFeelingLucky","wariomod:Bombshield+1","wariomod:HappyHit","wariomod:SpacialMastery+1","wariomod:BodyBlock","Shame","wariomod:SilenceBombs+1","wariomod:Bombshield+1","wariomod:DeadlyDash+1","wariomod:BodyBlock","wariomod:BodyBlock+1"],"relics":["wariomod:TheHat","aspiration:FrozenJewel","Kunai","jedi:Pinwheel","Bag of Marbles","Cursed Key","Strange Spoon","WarpedTongs","PreservedInsect","Bottled Lightning","infinitespire:Magic Flask","jedi:angrymask","aspiration:PoetsPen_weak","halation:PenCase","hubris:BundleOfHerbs"],"acts_visited":["Exordium","Hallownest:Greenpath","Hallownest:CityofTears"],"potions_floor_usage":[25],"damage_taken":[{"damage":4.0,"enemies":"Hallownest:monsterHuskGuard","floor":1.0,"turns":7.0},{"damage":0.0,"enemies":"Hallownest:monsterHuskWarrior","floor":5.0,"turns":4.0},{"damage":0.0,"enemies":"Hallownest:eliteMossKnight","floor":6.0,"turns":5.0},{"damage":3.0,"enemies":"Hallownest:eliteVengeflyKing","floor":8.0,"turns":5.0},{"damage":1.0,"enemies":"2_ Uuma","floor":10.0,"turns":4.0},{"damage":0.0,"enemies":"Hallownest:eliteCrystalGuardian","floor":11.0,"turns":6.0},{"damage":0.0,"enemies":"Hallownest:monsterFoolEater","floor":13.0,"turns":6.0},{"damage":0.0,"enemies":"Hallownest:eliteMossKnight","floor":14.0,"turns":5.0},{"damage":0.0,"enemies":"Hallownest:BossFalseKnight","floor":16.0,"turns":8.0},{"damage":0.0,"enemies":"Hallownest:3_Youths","floor":18.0,"turns":3.0},{"damage":0.0,"enemies":"Hallownest:Flukemon_and_Top","floor":20.0,"turns":4.0},{"damage":12,"enemies":"Hallownest:eliteSoulWarrior","floor":23,"turns":7},{"damage":20,"enemies":"Hallownest:eliteWatcherKnight","floor":25,"turns":10},{"damage":10,"enemies":"Hallownest:monsterMisterMushroom","floor":27,"turns":6},{"damage":0,"enemies":"Hallownest:Nosk","floor":28,"turns":6},{"damage":6,"enemies":"Hallownest:BossSoulMaster","floor":33,"turns":10},{"damage":21,"enemies":"Hallownest:Shield_Heavy","floor":35,"turns":3},{"damage":1,"enemies":"Hallownest:2_Littles","floor":37,"turns":4},{"damage":0,"enemies":"Hallownest:2_Soldiers_and_1_Guardian","floor":39,"turns":5},{"damage":0,"enemies":"Hallownest:StalkingDevout","floor":41,"turns":6},{"damage":69,"enemies":"Nightmare","floor":45,"turns":5}],"seed_played":"486893551043199114","potions_obtained":[{"floor":8.0,"key":"GamblersBrew"},{"floor":11.0,"key":"ColorlessPotion"},{"floor":25,"key":"Venom Potion"},{"floor":37,"key":"jedi:StrikingPotion"}],"is_trial":false,"path_per_floor":["M","?","$","?","M","E","R","E","T","M","E","R","M","E","R","B",null,"M","?","M","?","?","E","R","E","T","M","E","?","R","$","R","B",null,"M","?","M","?","M","R","E","R","T","AVR","NM"],"character_chosen":"THE_BANDIT","items_purchased":[],"campfire_rested":3,"item_purchase_floors":[],"current_hp_per_floor":[61,61,61,65,65,65,65,62,62,61,61,61,61,61,61,61,69,69,69,69,69,69,57,57,37,37,27,27,27,48,48,69,63,70,49,49,48,48,48,65,65,65,65,65,0,0,0],"gold":181,"neow_bonus":"THREE_RARE_CARDS","is_daily":false,"chose_seed":false,"campfire_upgraded":8,"win_rate":0.0,"timestamp":1607818853,"path_taken":["M","?","?","?","M","E","R","E","T","M","E","R","M","E","R","BOSS","M","?","?","?","?","E","R","E","T","?","E","?","R","$","R","BOSS","M","?","M","?","?","R","E","R","T","AVR","NM"],"items_purchased_type":[],"build_version":"2020-11-30","purchased_purges":2,"victory":false,"max_hp_per_floor":[72,72,72,72,72,72,72,72,72,72,72,72,72,72,72,72,72,72,72,72,72,72,72,72,72,72,72,72,72,72,72,72,72,72,72,65,65,65,65,65,65,65,65,65,65,65,65],"relic_stats":{"Strange Spoon":[58],"counters":[21,119],"PreservedInsect":195,"Kunai":[65],"Cursed Key":2,"obtain_stats":[{"jedi:angrymask":28,"wariomod:TheHat":0,"PreservedInsect":23,"aspiration:PoetsPen_weak":34,"infinitespire:Magic Flask":26,"jedi:Pinwheel":11,"Cursed Key":17,"aspiration:FrozenJewel":6,"WarpedTongs":21,"Strange Spoon":19,"halation:PenCase":41,"hubris:BundleOfHerbs":43,"Bag of Marbles":14,"Kunai":8,"Bottled Lightning":25,"jedi:command_shop":19},{"jedi:angrymask":15,"wariomod:TheHat":0,"PreservedInsect":12,"aspiration:PoetsPen_weak":16,"infinitespire:Magic Flask":13,"jedi:Pinwheel":6,"Cursed Key":9,"aspiration:FrozenJewel":3,"WarpedTongs":11,"Strange Spoon":10,"halation:PenCase":20,"hubris:BundleOfHerbs":20,"Bag of Marbles":8,"Kunai":4,"Bottled Lightning":13,"jedi:command_shop":10},{"jedi:angrymask":86,"wariomod:TheHat":0,"PreservedInsect":64,"aspiration:PoetsPen_weak":96,"infinitespire:Magic Flask":74,"jedi:Pinwheel":31,"Cursed Key":50,"aspiration:FrozenJewel":16,"WarpedTongs":57,"Strange Spoon":53,"halation:PenCase":114,"hubris:BundleOfHerbs":114,"Bag of Marbles":42,"Kunai":21,"Bottled Lightning":74,"jedi:command_shop":53}],"WarpedTongs":[62]},"card_choices":[{"not_picked":["wariomod:BoomForm","wariomod:PoisonBombs"],"picked":"wariomod:KeyFinisher","floor":0.0},{"not_picked":["wariomod:f","wariomod:Boomsmack"],"picked":"wariomod:ImFeelingLucky","floor":1.0},{"not_picked":["wariomod:ThatsNotAll","wariomod:Smackflip","wariomod:SpikeSlash"],"picked":"SKIP","floor":5.0},{"not_picked":["wariomod:BlastDash","wariomod:Hopshield","wariomod:f"],"picked":"SKIP","floor":6.0},{"not_picked":["wariomod:EmptyMind","wariomod:Leapslam"],"picked":"wariomod:Bombshield","floor":8.0},{"not_picked":["wariomod:ImFeelingLucky","wariomod:SmallSprint","wariomod:DropBash"],"picked":"SKIP","floor":10.0},{"not_picked":["wariomod:PayItForwards","wariomod:GodlyGift","wariomod:TheGrandJourney"],"picked":"SKIP","floor":11.0},{"not_picked":["wariomod:Bombshield","wariomod:Smackflip","wariomod:Game"],"picked":"SKIP","floor":13.0},{"not_picked":["wariomod:DiceyMove","wariomod:GreaterGuard"],"picked":"wariomod:HappyHit","floor":14.0},{"not_picked":["wariomod:WipeClean","wariomod:GodlyGift"],"picked":"wariomod:SpacialMastery","floor":16.0},{"not_picked":["wariomod:TempestBlasts","wariomod:CursedSpaces","wariomod:BoomBoom"],"picked":"SKIP","floor":18.0},{"not_picked":["wariomod:BoomBoom","wariomod:Goblast"],"picked":"wariomod:BodyBlock","floor":20.0},{"not_picked":["wariomod:Leapslam","wariomod:f","wariomod:Hopshield"],"picked":"SKIP","floor":23},{"not_picked":["wariomod:DisarmingMoves+1","wariomod:Hopshield","wariomod:DoubleDash"],"picked":"SKIP","floor":25},{"not_picked":["wariomod:Game","wariomod:DoubleDash"],"picked":"wariomod:SilenceBombs","floor":27},{"not_picked":["wariomod:DoubleDash","wariomod:Smackflip+1"],"picked":"wariomod:Bombshield","floor":28},{"not_picked":["wariomod:ShipSmash","wariomod:GodlyGift"],"picked":"wariomod:DeadlyDash","floor":33},{"not_picked":["wariomod:SpikeSlash","wariomod:Smackflip"],"picked":"wariomod:BodyBlock","floor":35},{"not_picked":["wariomod:DoubleDash","wariomod:Purify"],"picked":"wariomod:BodyBlock","floor":37},{"not_picked":["wariomod:DanceDash","wariomod:SelfImprison","wariomod:Smackflip"],"picked":"SKIP","floor":39},{"not_picked":["wariomod:DanceDash","wariomod:SelfImprison","wariomod:DisarmingMoves"],"picked":"SKIP","floor":41}],"player_experience":1315378,"relics_obtained":[{"floor":6.0,"key":"aspiration:FrozenJewel"},{"floor":8.0,"key":"Kunai"},{"floor":11.0,"key":"jedi:Pinwheel"},{"floor":14.0,"key":"Bag of Marbles"},{"floor":23,"key":"PreservedInsect"},{"floor":25,"key":"Bottled Lightning"},{"floor":26,"key":"infinitespire:Magic Flask"},{"floor":28,"key":"jedi:angrymask"},{"floor":41,"key":"halation:PenCase"},{"floor":43,"key":"hubris:BundleOfHerbs"}],"event_choices":[],"is_beta":false,"boss_relics":[{"not_picked":["conspire:RunicOctahedron","Runesmith:UraniumAnvil"],"picked":"Cursed Key"},{"not_picked":["energizedSpire:HugeHouse","vexMod:BigBerry"],"picked":"aspiration:PoetsPen_weak"}],"items_purged_floors":[31,44],"is_endless":false,"potions_floor_spawned":[8,11,13,14,23,25,35,37],"killed_by":"Nightmare","ascension_level":17}}