{"host":"ye7dkdlypz0ka1od","time":1607833056,"event":{"mods":["Act Like it!","Aspiration","BaseMod","Gensokyo","Hallownest","Hermit","Infinite Spire","Minty Spire (QoL Compilation)","Replay The Spire","StSLib","The Bug Knight","The Forsaken"],"gold_per_floor":[113,113,133,147,163,163,190,190,190,190,115,128,157,107,107,208,208,218,238,248,248,258,293,293,17,40,69,21,38,38,38,38],"floor_reached":31,"playtime":1441,"items_purged":["Strike_R","Strike_R","Strike_R"],"score":410,"play_id":"a3471cbf-7bbf-43e9-9f06-b07228bf8108","local_time":"20201212231736","is_ascension_mode":false,"campfire_choices":[{"data":"Body Slam","floor":6.0,"key":"SMITH"},{"data":"Limit Break","floor":8.0,"key":"SMITH"},{"floor":15.0,"key":"REST"},{"data":"1","floor":24,"key":"LIFT"}],"circlet_count":0,"master_deck":["Defend_R+1","Defend_R","Defend_R","Defend_R","Bash","Bludgeon+1","Shrug It Off","Body Slam+1","Twin Strike+1","Limit Break+1","Iron Wave","Inflame","Impervious","Spot Weakness+1","Heavy Blade+1","Impervious+1","Secret Technique","Headbutt+1","Shrug It Off","infinitespire:Collect"],"relics":["Burning Blood","Lantern","Girya","aspiration:SeaSaltIceCream","aspiration:Nostalgia","Replay:M_StaffOfTheSnake","Ooze Armor","Molten Egg 2","HollowMod:LifeEnderRelic","War Paint","Whetstone","HollowMod:PaleOreRelic"],"acts_visited":["Exordium","TheCity"],"potions_floor_usage":[27,31],"damage_taken":[{"damage":1.0,"enemies":"Jaw Worm","floor":1.0,"turns":4.0},{"damage":3.0,"enemies":"2 Louse","floor":3.0,"turns":4.0},{"damage":0.0,"enemies":"Small Slimes","floor":4.0,"turns":3.0},{"damage":4.0,"enemies":"Blue Slaver","floor":5.0,"turns":4.0},{"damage":36.0,"enemies":"Lagavulin","floor":7.0,"turns":5.0},{"damage":2.0,"enemies":"Exordium Thugs","floor":12.0,"turns":3.0},{"damage":30.0,"enemies":"HollowMod:MossKnight","floor":13.0,"turns":10.0},{"damage":13,"enemies":"Fading Forest","floor":16,"turns":11},{"damage":6,"enemies":"Shell Parasite","floor":18,"turns":5},{"damage":0,"enemies":"Chosen","floor":19,"turns":3},{"damage":15,"enemies":"Centurion and Healer","floor":20,"turns":5},{"damage":0,"enemies":"Snecko","floor":22,"turns":3},{"damage":8,"enemies":"Gremlin Leader","floor":23,"turns":5},{"damage":34,"enemies":"Slavers","floor":27,"turns":3},{"damage":8,"enemies":"Chosen and Byrds","floor":29,"turns":2},{"damage":61,"enemies":"Nightmare","floor":31,"turns":5}],"seed_played":"8209928982031338174","potions_obtained":[{"floor":1.0,"key":"Dexterity Potion"},{"floor":5.0,"key":"SteroidPotion"},{"floor":7.0,"key":"SteroidPotion"},{"floor":16,"key":"Strength Potion"},{"floor":19,"key":"AttackPotion"},{"floor":20,"key":"HeartOfIron"},{"floor":27,"key":"Cursed Concoction"},{"floor":29,"key":"Energy Potion"}],"is_trial":false,"path_per_floor":["M","?","M","M","M","R","E","R","T","?","$","M","E","?","R","B",null,"M","M","M","?","M","E","R","$","T","E","$","M","AVR","NM"],"character_chosen":"IRONCLAD","items_purchased":["Secret Technique","Shrug It Off"],"campfire_rested":1,"item_purchase_floors":[25,28],"current_hp_per_floor":[80,80,80,80,80,80,50,50,50,58,58,62,38,38,62,79,80,80,80,71,71,77,75,75,75,75,47,47,45,45,0,0],"gold":38,"neow_bonus":"ONE_RANDOM_RARE_CARD","is_daily":false,"chose_seed":false,"campfire_upgraded":2,"win_rate":0.0,"timestamp":1607833056,"path_taken":["M","?","M","M","M","R","E","R","T","?","$","M","E","?","R","BOSS","M","M","M","?","M","E","R","?","T","E","$","M","AVR","NM"],"items_purchased_type":["Card","Card"],"build_version":"2020-11-30","purchased_purges":3,"victory":false,"max_hp_per_floor":[80,80,80,80,80,80,80,80,80,80,80,80,80,80,80,80,80,80,80,80,80,80,80,80,80,80,80,80,80,80,80,80],"card_choices":[{"not_picked":["Anger","Rampage"],"picked":"Shrug It Off","floor":1.0},{"not_picked":["Run Through","Dark Embrace","Searing Blow"],"picked":"SKIP","floor":3.0},{"not_picked":["Heavy Blade","Fire Breathing"],"picked":"Body Slam","floor":4.0},{"not_picked":["Sever Soul","Abandon"],"picked":"Twin Strike","floor":5.0},{"not_picked":["Fire Breathing","Clash"],"picked":"Limit Break","floor":7.0},{"not_picked":["ReplayTheSpireMod:Strike From Hell","Twin Strike"],"picked":"Iron Wave","floor":12.0},{"not_picked":["Clothesline","Run Through"],"picked":"Inflame","floor":13.0},{"not_picked":["Replay:Many Hands","Eclipse"],"picked":"Impervious","floor":16},{"not_picked":["ReplayTheSpireMod:Stacked","Havoc"],"picked":"Spot Weakness+1","floor":18},{"not_picked":["Pommel Strike+1","Carnage"],"picked":"Heavy Blade+1","floor":19},{"not_picked":["Havoc+1","Fire Breathing","Clothesline"],"picked":"SKIP","floor":20},{"not_picked":["Flame Barrier","Fiend Fire+1","Havoc"],"picked":"SKIP","floor":22},{"not_picked":["Eclipse","Wild Strike+1"],"picked":"Impervious","floor":23},{"not_picked":["Dark Embrace","Clash+1"],"picked":"Headbutt+1","floor":27},{"not_picked":["Abandon+1","Wild Strike+1","True Grit+1"],"picked":"SKIP","floor":29}],"player_experience":1224011,"relics_obtained":[{"floor":7.0,"key":"Lantern"},{"floor":9.0,"key":"Girya"},{"floor":13.0,"key":"aspiration:SeaSaltIceCream"},{"floor":23,"key":"HollowMod:LifeEnderRelic"},{"floor":26,"key":"War Paint"},{"floor":27,"key":"Whetstone"}],"event_choices":[{"cards_removed":["Strike_R"],"damage_healed":0.0,"max_hp_gain":0.0,"max_hp_loss":0.0,"gold_gain":0.0,"event_name":"Living Wall","player_choice":"Forget","floor":2.0,"gold_loss":0.0,"damage_taken":0.0},{"cards_removed":["Strike_R"],"damage_healed":0.0,"max_hp_gain":0.0,"max_hp_loss":0.0,"gold_gain":0.0,"event_name":"The Cleric","player_choice":"Card Removal","floor":14.0,"gold_loss":50.0,"damage_taken":0.0},{"damage_healed":0,"gold_gain":0,"player_choice":"Gave Potion","damage_taken":0,"relics_obtained":["Molten Egg 2"],"max_hp_gain":0,"max_hp_loss":0,"event_name":"WeMeetAgain","floor":21,"gold_loss":0}],"is_beta":false,"boss_relics":[{"not_picked":["Runic Cube","Electric Blood"],"picked":"Ooze Armor"}],"items_purged_floors":[11,25,30],"is_endless":false,"potions_floor_spawned":[1,5,7,16,19,20,27,29],"killed_by":"Nightmare","ascension_level":0}}