{"host":"63sioh49uueqzogg","time":1607829548,"event":{"mods":["BaseMod","Card Forge","Colored Map","Colored Powertips","Minty Spire (QoL Compilation)","StSLib","The Animator"],"gold_per_floor":[112,62,84,115,115,115,130,161,161,161,184,184,215,233,245,349,349,362,362,452,377,115,115,145,158,229,265,175,18,32,32,32,32,32],"floor_reached":33,"playtime":3368,"items_purged":[],"score":358,"play_id":"cf40c8cb-ed33-4b90-89ac-c114f9f89ff1","local_time":"20201212191908","is_ascension_mode":true,"campfire_choices":[{"data":"animator:AcuraAkari","floor":6.0,"key":"SMITH"},{"data":"animator:Aqua","floor":10.0,"key":"SMITH"},{"data":"animator:AcuraShin","floor":12.0,"key":"SMITH"},{"floor":15.0,"key":"REST"},{"data":"animator:AcuraShin","floor":23.0,"key":"SMITH"},{"data":"animator:Fredrika","floor":32,"key":"SMITH"}],"circlet_count":0,"master_deck":["animator:Defend_HitsugiNoChaika","animator:Defend","animator:Defend","animator:Defend","animator:AcuraAkari+1","animator:Gillette","animator:KyokoSakura","animator:Layla","animator:AcuraShin+1","animator:Aqua+1","animator:Fredrika+1","animator:Viivi","animator:ElricEdward","animator:HigakiRinne+1","animator:AcuraShin+1","animator:Viivi","animator:AcuraTooru","animator:Guy","animator:Elsword"],"relics":["animator:LivingPicture","animator:TheMissingPiece","Hammer of Thor","Seething Fire","Anvil of the Gods","NeowsBlessing","Bag of Marbles","animator:HallowedScabbard","Dream Catcher","animator:RacePiece","Juzu Bracelet","White Beast Statue","Akabeko","Membership Card"],"acts_visited":["Exordium","TheCity"],"potions_floor_usage":[27,33],"damage_taken":[{"damage":0.0,"enemies":"2 Louse","floor":1.0,"turns":1.0},{"damage":0.0,"enemies":"Small Slimes","floor":3.0,"turns":1.0},{"damage":0.0,"enemies":"Cultist","floor":4.0,"turns":1.0},{"damage":0.0,"enemies":"Large Slime","floor":7.0,"turns":4.0},{"damage":24.0,"enemies":"3 Sentries","floor":8.0,"turns":7.0},{"damage":0.0,"enemies":"3 Louse","floor":11.0,"turns":2.0},{"damage":11.0,"enemies":"Lagavulin","floor":13.0,"turns":5.0},{"damage":7.0,"enemies":"Exordium Thugs","floor":14.0,"turns":4.0},{"damage":30.0,"enemies":"Hexaghost","floor":16.0,"turns":5.0},{"damage":0.0,"enemies":"3 Byrds","floor":18.0,"turns":4.0},{"damage":34.0,"enemies":"Gremlin Leader","floor":24.0,"turns":3.0},{"damage":8.0,"enemies":"Chosen","floor":25.0,"turns":3.0},{"damage":8,"enemies":"Centurion and Healer","floor":27,"turns":5},{"damage":5,"enemies":"3 Cultists","floor":30,"turns":4},{"damage":0,"enemies":"Collector","floor":33,"turns":2}],"seed_played":"4545228625238635383","potions_obtained":[{"floor":7.0,"key":"Dexterity Potion"},{"floor":11.0,"key":"animator:FalseLifePotion"},{"floor":13.0,"key":"Fire Potion"},{"floor":27,"key":"SpeedPotion"},{"floor":30,"key":"Regen Potion"}],"is_trial":false,"path_per_floor":["M","?","M","M","?","R","M","E","T","R","M","R","E","M","R","B",null,"M","?","?","?","$","R","E","M","T","M","?","$","M","$","R","B"],"character_chosen":"THE_ANIMATOR","items_purchased":["White Beast Statue","Membership Card"],"campfire_rested":1,"item_purchase_floors":[22,29],"current_hp_per_floor":[59,59,59,59,59,59,60,36,36,36,39,39,31,28,48,30,59,62,62,50,50,50,50,23,18,18,13,13,13,12,12,12,20,20],"gold":32,"neow_bonus":"THREE_ENEMY_KILL","is_daily":false,"chose_seed":false,"campfire_upgraded":5,"win_rate":0.0,"timestamp":1607829548,"path_taken":["M","?","M","M","?","R","M","E","T","R","M","R","E","?","R","BOSS","M","?","?","?","$","R","E","M","T","M","?","?","M","$","R","BOSS"],"items_purchased_type":["Relic","Relic"],"build_version":"2020-11-30","purchased_purges":0,"victory":false,"max_hp_per_floor":[66,66,66,66,66,66,67,67,67,67,67,67,67,68,68,68,68,68,68,68,68,68,68,68,68,68,68,68,68,69,69,69,69,69],"card_choices":[{"not_picked":["animator:OrikoMikuni","animator:Hitei"],"picked":"animator:KyokoSakura","floor":1.0},{"not_picked":["animator:KrulTepes","animator:Raven"],"picked":"animator:Layla","floor":3.0},{"not_picked":["animator:Shinoa","animator:CrowleyEusford"],"picked":"animator:Ain","floor":4.0},{"not_picked":["animator:Layla","animator:ChaikaBohdan"],"picked":"animator:AcuraShin","floor":7.0},{"not_picked":["animator:YuiTsuruno","animator:Sloth"],"picked":"animator:Aqua","floor":8.0},{"not_picked":["animator:Emonzaemon","animator:OrikoMikuni"],"picked":"animator:Fredrika","floor":11.0},{"not_picked":["animator:Hitei","animator:IrohaTamaki"],"picked":"animator:OrikoMikuni","floor":13.0},{"not_picked":["animator:Layla","animator:ChaikaBohdan"],"picked":"animator:Viivi","floor":14.0},{"not_picked":["animator:Konayuki","animator:YuiTsuruno"],"picked":"animator:ElricEdward","floor":15.0},{"not_picked":["animator:Kyubey","animator:Father"],"picked":"animator:HigakiRinne","floor":16.0},{"not_picked":["animator:Layla","animator:IrohaTamaki","animator:Mikaela+1"],"picked":"SKIP","floor":18.0},{"not_picked":["animator:Shichika","animator:Add","animator:YunYun"],"picked":"SKIP","floor":24.0},{"not_picked":["animator:Togame","animator:Ara","animator:Laby"],"picked":"SKIP","floor":25.0},{"not_picked":["animator:Fredrika","animator:AcuraAkari"],"picked":"animator:Guy","floor":27},{"not_picked":["animator:Vanir","animator:Mitsurugi"],"picked":"animator:Elsword","floor":30}],"player_experience":549042,"relics_obtained":[{"floor":8.0,"key":"Bag of Marbles"},{"floor":9.0,"key":"animator:HallowedScabbard"},{"floor":13.0,"key":"Dream Catcher"},{"floor":24.0,"key":"Akabeko"}],"event_choices":[{"cards_removed":["animator:Strike"],"damage_healed":0.0,"max_hp_gain":0.0,"max_hp_loss":0.0,"gold_gain":0.0,"event_name":"The Cleric","player_choice":"Card Removal","floor":2.0,"gold_loss":50.0,"damage_taken":0.0},{"cards_removed":["animator:Strike"],"damage_healed":0.0,"max_hp_gain":0.0,"max_hp_loss":0.0,"gold_gain":0.0,"event_name":"Purifier","player_choice":"Purged","floor":5.0,"gold_loss":0.0,"damage_taken":0.0},{"damage_healed":0.0,"max_hp_gain":0.0,"max_hp_loss":0.0,"gold_gain":0.0,"event_name":"The Mausoleum","player_choice":"Opened","floor":19.0,"gold_loss":0.0,"damage_taken":0.0,"relics_obtained":["Juzu Bracelet"],"cards_obtained":["Writhe"]},{"damage_healed":0.0,"max_hp_gain":0.0,"max_hp_loss":0.0,"gold_gain":90.0,"event_name":"Knowing Skull","player_choice":"GOLD ","floor":20.0,"potions_obtained":[],"gold_loss":0.0,"damage_taken":12.0,"cards_obtained":[]},{"cards_removed":["Writhe"],"damage_healed":0.0,"max_hp_gain":0.0,"max_hp_loss":0.0,"gold_gain":0.0,"event_name":"Beggar","player_choice":"Gave Gold","floor":21.0,"gold_loss":75.0,"damage_taken":0.0},{"cards_removed":["animator:OrikoMikuni"],"damage_healed":0,"gold_gain":0,"player_choice":"Upgrade and Remove","damage_taken":0,"max_hp_gain":0,"max_hp_loss":0,"event_name":"Designer","floor":28,"gold_loss":90,"cards_upgraded":["animator:HigakiRinne"]}],"is_beta":false,"boss_relics":[{"not_picked":["Astrolabe","Sozu"],"picked":"animator:RacePiece"}],"items_purged_floors":[],"is_endless":false,"potions_floor_spawned":[7,11,13,24,25,27,30],"killed_by":"Collector","ascension_level":6}}