{"host":"bf1tnxyvjw6wp3cl","time":1607828920,"event":{"mods":["AchievementEnabler","BaseMod","Block Reminder","Colored Powertips","Minty Spire (QoL Compilation)","Quick Restart","Relic Stats","StSLib","SuperFastMode"],"gold_per_floor":[114,289,299,299,299,324,344,344,344,372,391,410,421,351,351,351,351],"floor_reached":16,"playtime":518,"items_purged":[],"score":137,"play_id":"cc9b12f8-e3c1-4892-b9a0-4177d966255c","local_time":"20201212220840","is_ascension_mode":false,"campfire_choices":[{"floor":15,"key":"RECALL"}],"circlet_count":0,"master_deck":["Strike_P","Strike_P","Strike_P","Strike_P","Defend_P","Defend_P","Defend_P","Defend_P","Eruption+1","Vigilance","FlyingSleeves","Protect","Establishment","Parasite","CrushJoints","Prostrate","CrushJoints","Worship"],"relics":["PureWater","NeowsBlessing","Calipers","Potion Belt"],"acts_visited":["Exordium"],"potions_floor_usage":[13,16,16,16,16,16,16],"damage_taken":[{"damage":11,"enemies":"Small Slimes","floor":1,"turns":2},{"damage":0,"enemies":"Jaw Worm","floor":3,"turns":1},{"damage":0,"enemies":"Lagavulin","floor":6,"turns":1},{"damage":0,"enemies":"Cultist","floor":7,"turns":3},{"damage":33,"enemies":"Gremlin Nob","floor":10,"turns":4},{"damage":28,"enemies":"Exordium Wildlife","floor":11,"turns":6},{"damage":5,"enemies":"Blue Slaver","floor":12,"turns":4},{"damage":0,"enemies":"Large Slime","floor":13,"turns":4},{"damage":7,"enemies":"The Guardian","floor":16,"turns":10}],"seed_played":"2489463504318842510","potions_obtained":[{"floor":10,"key":"EntropicBrew"},{"floor":11,"key":"Block Potion"},{"floor":12,"key":"SpeedPotion"},{"floor":13,"key":"SneckoOil"}],"is_trial":false,"path_per_floor":["M","?","M","?","?","E","M","?","T","E","M","M","M","$","R","B"],"character_chosen":"WATCHER","items_purchased":["Worship"],"campfire_rested":0,"item_purchase_floors":[14],"current_hp_per_floor":[61,61,61,54,54,54,54,72,72,39,11,6,6,6,6,0,0],"gold":351,"neow_bonus":"THREE_ENEMY_KILL","is_daily":false,"chose_seed":false,"campfire_upgraded":0,"win_rate":0.0,"timestamp":1607828920,"path_taken":["M","?","M","?","?","E","?","?","T","E","M","M","M","$","R","BOSS"],"items_purchased_type":["Card"],"build_version":"2020-11-30","purchased_purges":0,"victory":false,"max_hp_per_floor":[72,72,72,72,72,72,72,72,72,72,72,72,72,72,72,72,72],"relic_stats":{"counters":[9,35],"obtain_stats":[{"Potion Belt":10,"Calipers":6,"NeowsBlessing":0,"PureWater":0},{"Potion Belt":5,"Calipers":3,"NeowsBlessing":0,"PureWater":0},{"Potion Belt":11,"Calipers":4,"NeowsBlessing":0,"PureWater":0}]},"card_choices":[{"not_picked":["Evaluate","EmptyBody"],"picked":"FlyingSleeves","floor":1},{"not_picked":["PathToVictory","BattleHymn"],"picked":"Protect","floor":3},{"not_picked":["ClearTheMind","CutThroughFate"],"picked":"Establishment","floor":6},{"not_picked":["SashWhip","FlurryOfBlows","Fasting2"],"picked":"SKIP","floor":7},{"not_picked":["CarveReality","Consecrate"],"picked":"CrushJoints","floor":10},{"not_picked":["CrushJoints","EmptyBody"],"picked":"Prostrate","floor":11},{"not_picked":["Alpha","ClearTheMind"],"picked":"CrushJoints","floor":12},{"not_picked":["BattleHymn","FearNoEvil","WheelKick"],"picked":"SKIP","floor":13}],"player_experience":147379,"relics_obtained":[{"floor":6,"key":"Calipers"},{"floor":10,"key":"Potion Belt"}],"event_choices":[{"damage_healed":0,"gold_gain":175,"player_choice":"AGREE","damage_taken":0,"max_hp_gain":0,"max_hp_loss":0,"event_name":"Liars Game","floor":2,"gold_loss":0,"cards_obtained":["Doubt"]},{"cards_removed":["Doubt"],"damage_healed":0,"gold_gain":0,"player_choice":"Card Removal","damage_taken":7,"max_hp_gain":0,"max_hp_loss":0,"event_name":"Golden Wing","floor":4,"gold_loss":0},{"damage_healed":0,"gold_gain":0,"player_choice":"Upgraded","damage_taken":0,"max_hp_gain":0,"max_hp_loss":0,"event_name":"Upgrade Shrine","floor":5,"gold_loss":0,"cards_upgraded":["Eruption"]},{"damage_healed":18,"gold_gain":0,"player_choice":"Healed and dodged fight","damage_taken":0,"max_hp_gain":0,"max_hp_loss":0,"event_name":"Mushrooms","floor":8,"gold_loss":0,"cards_obtained":["Parasite"]}],"is_beta":false,"boss_relics":[],"items_purged_floors":[],"is_endless":false,"potions_floor_spawned":[10,11,12,13],"killed_by":"The Guardian","ascension_level":0}}