{"host":"unahupgi85cj6bxp","time":1607844800,"event":{"mods":["Act Like it!","BaseMod","Card Forge","Conspire","Energized Spire","Googly Eyes","Hubris","Infinite Spire","Minty Spire (QoL Compilation)","Replay The Spire","StSLib","The Jungle","Unceasing Turn Reminder"],"gold_per_floor":[116,129,144,154,174,203,203,234,261,295,310,324,352,413,413,518,518,536,172,172,172,202,227,227,359,430,456,456,559,559,574,574,677,677,692,424,443,443,462,496,505,533,533,558,570,632,644,656,668,788,800,828,840,852,890,916,916],"floor_reached":56,"playtime":5736,"items_purged":[],"score":1162,"play_id":"094ad32c-42d6-44eb-929d-0fe6d3ede6c5","local_time":"20201212233320","is_ascension_mode":true,"campfire_choices":[{"floor":15.0,"key":"REST"},{"floor":24.0,"key":"RECALL"},{"floor":30.0,"key":"REST"},{"floor":32.0,"key":"REST"},{"floor":45.0,"key":"REST"},{"floor":47.0,"key":"REST"},{"data":"Strike_R+9","floor":49.0,"key":"SMITH"}],"circlet_count":0,"master_deck":["Strike_R+10","Strike_R+10","Strike_R+10","Strike_R+10","Strike_R+9","Defend_R+9","Defend_R+11","Defend_R+11","Defend_R+9","Bash+1","Wild Strike+1","Anger+1","Shrug It Off+1","Anger+1","ReplayTheSpireMod:Muscle Training+1","Thunderclap+1","Cleave+1","Anger+1","Cleave+1","Twin Strike+1","Limit Break+1","Clothesline+1","Anger+1","Inflame+1","conspire:NecroticWound","Rupture+1","Flex+1","Pommel Strike+1","Pommel Strike+1","Combust+1","Shrug It Off+1","Abandon+1","ReplayTheSpireMod:Splinters","Anger+1","Wild Strike+1","Spot Weakness+1","Limit Break+1","Shame","Writhe","conspire:Charge+1","Sword Boomerang+1","Impatience+1","Heavy Blade+1","Cleave+1","infinitespire:Punishment+1","infinitespire:Collect+1","Offering+1","Fiend Fire","Heavy Blade"],"relics":["infinitespire:DarkRift","Hammer of Thor","Seething Fire","Anvil of the Gods","hubris:64BitClover","Gremlin Food","Mirror","Orichalcum","Blue Doll","Black Star","Membership Card","Replay:Towering Pillar of Hats","hubris:Icosahedron","ReplayTheSpireMod:CursedCoin","Akabeko","infinitespire:Lucky Rock","ReplayFunnel","hubris:ChampionShield","Simple Rune","hubris:Reverence","Red Skull","Ancient Tea Set","Replay:Mystery Machine","Replay:Ancient Bell","Pen Nib","InkBottle","hubris:Teleporter","hubris:MysteriousPyramids","Anchor","hubris:ToyBattleship","Medical Kit","Bottled Lightning","CeramicFish","hubris:GlazedTorus","conspire:BottledYoYo","Replay:Bottled Steam","MawBank","Happy Flower","PreservedInsect","Potion Belt","Electric Blood","infinitespire:Cubic Diamond"],"acts_visited":[],"potions_floor_usage":[],"damage_taken":[{"damage":6.0,"enemies":"Cultist","floor":1.0,"turns":3.0},{"damage":0.0,"enemies":"Small Slimes","floor":2.0,"turns":2.0},{"damage":4.0,"enemies":"Jaw Worm","floor":3.0,"turns":3.0},{"damage":11.0,"enemies":"Looter","floor":4.0,"turns":2.0},{"damage":0.0,"enemies":"2 Fungi Beasts","floor":5.0,"turns":3.0},{"damage":2.0,"enemies":"3 Sentries","floor":6.0,"turns":4.0},{"damage":10.0,"enemies":"Lagavulin","floor":8.0,"turns":4.0},{"damage":12.0,"enemies":"Replay:BlueRogue","floor":10.0,"turns":3.0},{"damage":1.0,"enemies":"Large Slime","floor":11.0,"turns":3.0},{"damage":1.0,"enemies":"3 Louse","floor":12.0,"turns":2.0},{"damage":16.0,"enemies":"Lagavulin","floor":13.0,"turns":5.0},{"damage":37.0,"enemies":"The Guardian","floor":16.0,"turns":6.0},{"damage":0.0,"enemies":"3 Byrds","floor":18.0,"turns":4.0},{"damage":12.0,"enemies":"Gremlin Leader","floor":23.0,"turns":5.0},{"damage":32.0,"enemies":"Slavers","floor":25.0,"turns":5.0},{"damage":14.0,"enemies":"conspire:SneckoGhost","floor":27.0,"turns":4.0},{"damage":4.0,"enemies":"Shell Parasite","floor":31.0,"turns":2.0},{"damage":26.0,"enemies":"Automaton","floor":33.0,"turns":6.0},{"damage":0.0,"enemies":"3 Shapes","floor":35.0,"turns":2.0},{"damage":0.0,"enemies":"Orb Walker","floor":37.0,"turns":2.0},{"damage":1.0,"enemies":"3 Darklings","floor":39.0,"turns":2.0},{"damage":35.0,"enemies":"Nemesis","floor":40.0,"turns":5.0},{"damage":0.0,"enemies":"R_Hoarder","floor":42.0,"turns":2.0},{"damage":3.0,"enemies":"Giant Head","floor":44.0,"turns":2.0},{"damage":1.0,"enemies":"Nightmare","floor":46.0,"turns":3.0},{"damage":19.0,"enemies":"Awakened One","floor":50.0,"turns":3.0},{"damage":1.0,"enemies":"Jaw Worm","floor":52.0,"turns":1.0},{"damage":0.0,"enemies":"Cultist","floor":55.0,"turns":1.0},{"damage":3.0,"enemies":"Small Slimes","floor":56.0,"turns":1.0}],"seed_played":"-8457595117909067335","potions_obtained":[{"floor":1.0,"key":"SkillPotion"},{"floor":4.0,"key":"Dexterity Potion"},{"floor":6.0,"key":"BlessingOfTheForge"},{"floor":13.0,"key":"Swift Potion"},{"floor":16.0,"key":"GamblersBrew"},{"floor":23.0,"key":"LifebloodPotion"},{"floor":25.0,"key":"ColorlessPotion"},{"floor":37.0,"key":"SkillPotion"},{"floor":40.0,"key":"DistilledChaos"}],"is_trial":false,"path_per_floor":["M","M","M","M","M","E","?","E","T","E","M","M","E","?","R","B",null,"M","$","?","?","$","E","R","E","T","E","?","?","R","M","R","B",null,"M","$","M","?","M","E","?","E","T","E","R","NM","R","?","R","B",null,"M","?","?","M","M"],"character_chosen":"IRONCLAD","items_purchased":["Membership Card","Replay:Towering Pillar of Hats","Anger+1","Inflame","ReplayTheSpireMod:CursedCoin","Akabeko","Rupture+1","Flex","Pommel Strike","Anchor","hubris:ToyBattleship","Medical Kit","conspire:Charge"],"campfire_rested":5,"item_purchase_floors":[19,19,19,19,22,22,22,22,22,36,36,36,36],"current_hp_per_floor":[80,80,80,75,80,80,80,76,76,70,75,80,70,70,80,49,80,80,80,80,80,80,74,74,48,48,40,40,40,64,66,80,60,80,80,80,80,80,80,51,32,38,38,41,65,70,80,80,80,67,80,80,80,80,80,77,77],"gold":916,"neow_bonus":"RANDOM_EVENT","is_daily":false,"chose_seed":false,"campfire_upgraded":1,"win_rate":0.0,"timestamp":1607844800,"path_taken":["M","?","M","?","M","E","?","E","T","E","M","M","E","?","R","BOSS","M","$","?","?","$","E","R","E","T","E","?","?","R","?","R","BOSS","M","$","?","?","M","E","?","E","T","E","R","NM","R","?","R","BOSS","M","?","?","M","M"],"items_purchased_type":["Relic","Relic","Card","Card","Relic","Relic","Card","Card","Card","Relic","Relic","Relic","Card"],"build_version":"2020-11-30","purchased_purges":0,"victory":false,"max_hp_per_floor":[80,80,80,80,80,80,80,80,80,80,80,80,80,80,80,80,80,80,80,80,80,80,80,80,80,80,80,80,80,80,80,80,80,80,80,80,80,80,80,80,80,80,80,80,80,80,80,80,80,80,80,80,80,80,80,80,80],"card_choices":[{"not_picked":["Warcry","Burning Pact"],"picked":"Wild Strike","floor":1.0},{"not_picked":["Abandon","hubris:ReadiedAction"],"picked":"Cleave","floor":2.0},{"not_picked":["Massacre","Evolve"],"picked":"Anger","floor":3.0},{"not_picked":["Dark Embrace","Feel No Pain"],"picked":"Shrug It Off","floor":4.0},{"not_picked":["Wild Strike","Armaments"],"picked":"Anger","floor":5.0},{"not_picked":["Wild Strike","Power Through"],"picked":"ReplayTheSpireMod:Muscle Training","floor":6.0},{"not_picked":["hubris:SharpeningStone","Iron Wave"],"picked":"Thunderclap","floor":8.0},{"not_picked":["Hemogenesis","Power Through"],"picked":"Cleave","floor":10.0},{"not_picked":["Pummel","hubris:ReadiedAction"],"picked":"Anger","floor":11.0},{"not_picked":["Iron Wave","Flex"],"picked":"Cleave","floor":12.0},{"not_picked":["hubris:ReadiedAction","Iron Wave"],"picked":"Twin Strike","floor":13.0},{"not_picked":["Berserk","Reaper"],"picked":"Limit Break","floor":16.0},{"not_picked":["Heavy Blade","Sever Soul"],"picked":"Clothesline+1","floor":18.0},{"not_picked":["Armaments","Clothesline+1"],"picked":"Combust+1","floor":23.0},{"not_picked":["Blood for Blood+1","Armaments"],"picked":"Shrug It Off","floor":25.0},{"not_picked":["Hemogenesis","hubris:StunningStrike","Run Through"],"picked":"SKIP","floor":27.0},{"not_picked":["Defy Death","Ghostly Armor"],"picked":"Anger","floor":29.0},{"not_picked":["Second Wind+1","Havoc"],"picked":"Wild Strike","floor":29.0},{"not_picked":["Armaments","Sword Boomerang"],"picked":"Spot Weakness","floor":31.0},{"not_picked":["conspire:HitWhereItHurts","Berserk"],"picked":"Limit Break","floor":33.0},{"not_picked":["ReplayTheSpireMod:Doomed","Normality"],"picked":"ReplayTheSpireMod:Faulty Equipment","floor":34.0},{"not_picked":["Spreading Infection","Amnesia"],"picked":"Shame","floor":34.0},{"not_picked":["Parasite","hubris:Disease"],"picked":"Writhe","floor":34.0},{"not_picked":["Ghostly Armor+1","Havoc+1","Rage"],"picked":"SKIP","floor":35.0},{"not_picked":["Body Slam","Entrench+1"],"picked":"Sword Boomerang+1","floor":37.0},{"not_picked":["Replay:BasicMightCard","Chrysalis"],"picked":"Impatience","floor":38.0},{"not_picked":["ReplayTheSpireMod:Strike From Hell","Metallicize"],"picked":"Heavy Blade+1","floor":39.0},{"not_picked":["Metallicize+1","Whirlwind"],"picked":"Cleave","floor":40.0},{"not_picked":["ReplayTheSpireMod:Echoes of Time","ReplayTheSpireMod:??????????????????????"],"picked":"infinitespire:Punishment","floor":41.0},{"not_picked":["conspire:Charge+1","Blood for Blood","Wild Strike"],"picked":"SKIP","floor":42.0},{"not_picked":["Whirlwind","Intimidate+1","Shockwave+1"],"picked":"SKIP","floor":44.0},{"not_picked":["infinitespire:SevenWalls","infinitespire:FutureSight"],"picked":"infinitespire:Collect","floor":46.0},{"not_picked":["Headbutt+1","Seeing Red"],"picked":"Offering","floor":46.0},{"not_picked":["Brutality","Berserk"],"picked":"Fiend Fire","floor":50.0},{"not_picked":["Dark Embrace","Headbutt","conspire:ExplosiveBarrier"],"picked":"SKIP","floor":52.0},{"not_picked":["Flex","Headbutt"],"picked":"Heavy Blade","floor":55.0}],"player_experience":777105,"relics_obtained":[{"floor":6.0,"key":"hubris:64BitClover"},{"floor":7.0,"key":"Gremlin Food"},{"floor":8.0,"key":"Mirror"},{"floor":10.0,"key":"Orichalcum"},{"floor":13.0,"key":"Blue Doll"},{"floor":23.0,"key":"infinitespire:Lucky Rock"},{"floor":23.0,"key":"ReplayFunnel"},{"floor":25.0,"key":"hubris:ChampionShield"},{"floor":25.0,"key":"Simple Rune"},{"floor":26.0,"key":"hubris:Reverence"},{"floor":27.0,"key":"Red Skull"},{"floor":27.0,"key":"Ancient Tea Set"},{"floor":29.0,"key":"Replay:Mystery Machine"},{"floor":35.0,"key":"hubris:MysteriousPyramids"},{"floor":40.0,"key":"Bottled Lightning"},{"floor":40.0,"key":"CeramicFish"},{"floor":42.0,"key":"hubris:GlazedTorus"},{"floor":42.0,"key":"conspire:BottledYoYo"},{"floor":43.0,"key":"Replay:Bottled Steam"},{"floor":44.0,"key":"MawBank"},{"floor":44.0,"key":"Happy Flower"},{"floor":46.0,"key":"PreservedInsect"},{"floor":46.0,"key":"Potion Belt"}],"event_choices":[{"damage_healed":0.0,"max_hp_gain":0.0,"max_hp_loss":0.0,"gold_gain":61.0,"event_name":"Golden Wing","player_choice":"Gained Gold","floor":14.0,"gold_loss":0.0,"damage_taken":0.0},{"damage_healed":0.0,"max_hp_gain":0.0,"max_hp_loss":0.0,"gold_gain":0.0,"event_name":"Ghosts","player_choice":"Ignored","floor":20.0,"gold_loss":0.0,"damage_taken":0.0},{"damage_healed":0.0,"max_hp_gain":0.0,"max_hp_loss":0.0,"gold_gain":0.0,"event_name":"The Library","player_choice":"Read","floor":28.0,"gold_loss":0.0,"damage_taken":0.0,"cards_obtained":["Abandon"]},{"damage_healed":0.0,"max_hp_gain":0.0,"max_hp_loss":0.0,"gold_gain":0.0,"event_name":"SensoryStone","player_choice":"Memory 1","floor":38.0,"gold_loss":0.0,"damage_taken":0.0},{"cards_removed":["Cleave"],"damage_healed":0.0,"max_hp_gain":0.0,"max_hp_loss":0.0,"gold_gain":0.0,"event_name":"Falling","player_choice":"Removed Attack","floor":48.0,"gold_loss":0.0,"damage_taken":0.0}],"is_beta":false,"boss_relics":[{"not_picked":["Cursed Key","energizedSpire:HugeHouse"],"picked":"Black Star"},{"not_picked":["ReplayTheSpireMod:SealedPack","energizedSpire:DecayingSkull"],"picked":"Replay:Ancient Bell"},{"not_picked":["Vajra","Blood Vial"],"picked":"Pen Nib"},{"not_picked":["infinitespire:Eraser","Mummified Hand"],"picked":"InkBottle"},{"not_picked":["hubris:BundleOfHerbs","Replay:Arrowhead"],"picked":"hubris:Teleporter"},{"not_picked":["Runic Dome","Kintsugi"],"picked":"Electric Blood"}],"items_purged_floors":[],"is_endless":true,"potions_floor_spawned":[1,4,6,13,16,23,25,37,40],"killed_by":"Small Slimes","ascension_level":3}}