{"host":"d2jar2fx86jc1ekr","time":1607873544,"event":{"mods":["AchievementEnabler","BaseMod","Colored Map","DeckTracker","Minty Spire (QoL Compilation)","StSLib","SuperFastMode","everything is the same but u backflip on backflip"],"gold_per_floor":[359,359,93,128,182,182,260,260,260,336,378,378,433,468,468,572,572,639,378,419,484,537,537,537],"floor_reached":23,"playtime":555,"items_purged":["Defend_P","Strike_P"],"score":474,"play_id":"f61c4cad-9431-4d31-a56f-320b46303ad3","local_time":"20201214003224","is_ascension_mode":true,"campfire_choices":[{"data":"Eruption","floor":6.0,"key":"SMITH"},{"data":"HandOfGreed","floor":8.0,"key":"SMITH"},{"floor":15.0,"key":"REST"}],"circlet_count":0,"master_deck":["AscendersBane","Strike_P","Strike_P","Defend_P","Defend_P","Defend_P","Eruption+1","Vigilance","SashWhip","HandOfGreed+1","Tantrum","Prostrate","Adaptation","LessonLearned","Vault+1","Deep Breath","Pray+1","Adaptation+1"],"relics":["PureWater","Gremlin Horn","Odd Mushroom","CultistMask","Kunai","VioletLotus","Membership Card","Juzu Bracelet"],"acts_visited":["Exordium","TheCity"],"potions_floor_usage":[23],"damage_taken":[{"damage":9.0,"enemies":"2 Louse","floor":1.0,"turns":3.0},{"damage":3.0,"enemies":"Cultist","floor":4.0,"turns":4.0},{"damage":0.0,"enemies":"Small Slimes","floor":5.0,"turns":3.0},{"damage":9.0,"enemies":"3 Louse","floor":7.0,"turns":6.0},{"damage":0.0,"enemies":"The Mushroom Lair","floor":10.0,"turns":3.0},{"damage":0.0,"enemies":"Red Slaver","floor":11.0,"turns":1.0},{"damage":16.0,"enemies":"Gremlin Nob","floor":13.0,"turns":3.0},{"damage":4.0,"enemies":"Exordium Wildlife","floor":14.0,"turns":3.0},{"damage":0.0,"enemies":"Slime Boss","floor":16.0,"turns":5.0},{"damage":6.0,"enemies":"3 Byrds","floor":18.0,"turns":6.0},{"damage":13.0,"enemies":"Shell Parasite","floor":20.0,"turns":4.0},{"damage":4.0,"enemies":"Cultist and Chosen","floor":21.0,"turns":4.0},{"damage":24,"enemies":"Book of Stabbing","floor":23,"turns":3}],"seed_played":"-8274958910127860789","potions_obtained":[{"floor":5.0,"key":"SpeedPotion"},{"floor":7.0,"key":"SkillPotion"},{"floor":14.0,"key":"BottledMiracle"},{"floor":18.0,"key":"LiquidBronze"}],"is_trial":false,"path_per_floor":["M","?","$","M","M","R","M","R","T","?","M","?","E","M","R","B",null,"M","$","M","M","T","E"],"character_chosen":"WATCHER","items_purchased":["HandOfGreed","Membership Card","Deep Breath"],"campfire_rested":1,"item_purchase_floors":[3,19,19],"current_hp_per_floor":[34,34,34,31,31,31,22,22,22,22,22,22,6,2,22,22,57,51,51,38,34,34,10,10],"gold":537,"neow_bonus":"TWO_FIFTY_GOLD","is_daily":false,"chose_seed":false,"campfire_upgraded":2,"win_rate":0.0,"timestamp":1607873544,"path_taken":["M","?","$","?","M","R","?","R","T","?","M","?","E","M","R","BOSS","M","$","M","M","?","E"],"items_purchased_type":["Card","Relic","Card"],"build_version":"2020-11-30","purchased_purges":2,"victory":false,"max_hp_per_floor":[68,68,68,68,68,68,68,68,68,68,68,68,68,68,68,68,68,68,68,68,68,68,68,68],"card_choices":[{"not_picked":["Evaluate","Weave"],"picked":"SashWhip","floor":1.0},{"not_picked":["WreathOfFlame","Evaluate","WaveOfTheHand"],"picked":"SKIP","floor":4.0},{"not_picked":["ClearTheMind","Crescendo"],"picked":"Tantrum","floor":5.0},{"not_picked":["ClearTheMind","Vengeance"],"picked":"Prostrate","floor":7.0},{"not_picked":["Collect","Swivel"],"picked":"Adaptation","floor":11.0},{"not_picked":["ThirdEye","JustLucky"],"picked":"LessonLearned","floor":13.0},{"not_picked":["WaveOfTheHand","BattleHymn","Consecrate"],"picked":"SKIP","floor":14.0},{"not_picked":["Brilliance","Wish"],"picked":"Vault","floor":16.0},{"not_picked":["Conclude","PathToVictory","ThirdEye"],"picked":"SKIP","floor":18.0},{"not_picked":["LikeWater","DeceiveReality"],"picked":"Pray+1","floor":20.0},{"not_picked":["Collect+1","Worship"],"picked":"Adaptation+1","floor":21.0}],"player_experience":366157,"relics_obtained":[{"floor":9.0,"key":"Gremlin Horn"},{"floor":10.0,"key":"Odd Mushroom"},{"floor":13.0,"key":"Kunai"},{"floor":22.0,"key":"Juzu Bracelet"}],"event_choices":[{"cards_removed":["Strike_P"],"damage_healed":0.0,"max_hp_gain":0.0,"max_hp_loss":0.0,"gold_gain":0.0,"event_name":"Purifier","player_choice":"Purged","floor":2.0,"gold_loss":0.0,"damage_taken":0.0},{"damage_healed":0.0,"max_hp_gain":0.0,"max_hp_loss":0.0,"gold_gain":0.0,"event_name":"Mushrooms","player_choice":"Fought Mushrooms","floor":10.0,"gold_loss":0.0,"damage_taken":0.0},{"damage_healed":0.0,"max_hp_gain":0.0,"max_hp_loss":0.0,"gold_gain":0.0,"event_name":"FaceTrader","player_choice":"Trade","floor":12.0,"gold_loss":0.0,"damage_taken":0.0,"relics_obtained":["CultistMask"]}],"is_beta":false,"boss_relics":[{"not_picked":["Philosopher\u0027s Stone","Calling Bell"],"picked":"VioletLotus"}],"items_purged_floors":[3,19],"is_endless":false,"potions_floor_spawned":[5,7,14,16,18],"killed_by":"Book of Stabbing","ascension_level":19}}