{"host":"hfvpa4llnnjpeawn","time":1607899840,"event":{"mods":["2.2 Compatiblity","Act Like it!","BaseMod","Better Skull","Better Third Choice","BetterRewards","CapriCore","Conspire","Downfall","Elementarium","Hermit","Hubris","Koishi","Lobotomy","Mad Scientist","Minty Spire (QoL Compilation)","Replay The Spire","Shade Mod","Somnambulant","StSLib","The Bladedancer","The Factory","The Jungle","Waifu the Spire"],"gold_per_floor":[117,37,51,51,51,79,49,49,73,73,95,95,129,164,164,289,289,313,170,205,57,84,131,131,131,182,182,395,175,211,255,255,385,385,413,81,0,0,30,30,396,427,482,482,209,209,270,270,270,298],"floor_reached":51,"playtime":5835,"items_purged":["ReplayTheSpireMod:From All Sides"],"score":910,"play_id":"dd789d20-fc62-4aa6-8a1e-ec140595e132","local_time":"20201213175040","is_ascension_mode":true,"campfire_choices":[{"data":"Heel Hook","floor":8.0,"key":"SMITH"},{"data":"Underhanded Strike","floor":12.0,"key":"SMITH"},{"floor":15.0,"key":"REST"},{"floor":24,"key":"REST"},{"data":"Elementarium:EarthblessedBlade","floor":27,"key":"SMITH"},{"data":"Elementarium:FireblessedBlade","floor":32,"key":"SMITH"},{"data":"conspire:PoisonWeapons","floor":40,"key":"SMITH"},{"data":"Choke","floor":46,"key":"SMITH"},{"data":"Night Terror","floor":49,"key":"SMITH"}],"circlet_count":0,"master_deck":["Survivor","Neutralize","Underhanded Strike+1","Heel Hook+1","Replay:Bag of Tricks","ReplayTheSpireMod:Scrap Shanks","Bullet Time","CurseOfTheBell","Toxin Wave","Toxin Wave+1","Blur+1","Elementarium:FireblessedBlade+1","Elementarium:WindblessedBlade","Elementarium:EarthblessedBlade+1","Elementarium:IceblessedBlade","Elementarium:VoidblessedBlade","Adrenaline","Tools of the Trade","Blade Dance","Fluid Movement","hubris:SlightOfHand","Backstab","Sucker Punch","Bullet Time","Blur","Bane","Sneak Up","Noxious Fumes","conspire:PoisonWeapons+1","Noxious Fumes+1","CommonCold","Choke+1","Night Terror+1"],"relics":["Ring of the Snake","NeowsBlessing","Onion Ring","betterThird:SlimedRelic","Replay:Bandana","ReplayTheSpireMod:Shallot","Calling Bell","MealTicket","conspire:DeflatedDodgeball","Durian","Sling","Bag of Preparation","Happy Flower","Replay:Rubber Ducky","conspire:TreasureMap","Anchor","Elementarium:ElementariumTrophy","Pandora\u0027s Box","Lee\u0027s Waffle","Elementarium:GoldenMirage","Old Coin","Bottled Tornado","ReplayTheSpireMod:Ring of Exchange","ReplayTheSpireMod:Ring of Sloth","Oddly Smooth Stone","hubris:Metronome"],"acts_visited":["Exordium","Exordium","TheBeyond"],"potions_floor_usage":[20,30,33,39,41,50],"damage_taken":[{"damage":0.0,"enemies":"Small Slimes","floor":1.0,"turns":1.0},{"damage":0.0,"enemies":"Jaw Worm","floor":3.0,"turns":1.0},{"damage":0.0,"enemies":"3 Sentries","floor":6.0,"turns":1.0},{"damage":4.0,"enemies":"conspire:RoseBush","floor":11.0,"turns":2.0},{"damage":41.0,"enemies":"Lagavulin","floor":13.0,"turns":7.0},{"damage":0.0,"enemies":"Exordium Wildlife","floor":14.0,"turns":4.0},{"damage":4.0,"enemies":"Hexaghost","floor":16.0,"turns":9.0},{"damage":1.0,"enemies":"Elementarium:MUD_AND_TAR_GOLEMS","floor":18.0,"turns":6.0},{"damage":8,"enemies":"Elementarium:VoidCorruption","floor":20,"turns":5},{"damage":22,"enemies":"Elementarium:VoidBeast","floor":22,"turns":7},{"damage":31,"enemies":"Elementarium:FIRE_NOBILITY","floor":23,"turns":10},{"damage":0,"enemies":"Elementarium:3_ELEMENTALS","floor":30,"turns":3},{"damage":0,"enemies":"Elementarium:WarGolem","floor":31,"turns":2},{"damage":8,"enemies":"Elementarium:PHOENIXES","floor":33,"turns":13},{"damage":3,"enemies":"3 Shapes","floor":35,"turns":3},{"damage":0,"enemies":"Orb Walker","floor":39,"turns":3},{"damage":0,"enemies":"Giant Head","floor":41,"turns":6},{"damage":0,"enemies":"Maw","floor":42,"turns":6},{"damage":0,"enemies":"Reptomancer","floor":47,"turns":6},{"damage":43,"enemies":"Awakened One","floor":50,"turns":13}],"seed_played":"8084062148034247953","potions_obtained":[{"floor":1.0,"key":"Venom Potion"},{"floor":6.0,"key":"LiquidBronze"},{"floor":13.0,"key":"SkillPotion"},{"floor":14.0,"key":"CunningPotion"},{"floor":18,"key":"BlessingOfTheForge"},{"floor":23,"key":"SteroidPotion"},{"floor":31,"key":"Ancient Potion"},{"floor":35,"key":"Swift Potion"},{"floor":39,"key":"PowerPotion"}],"is_trial":false,"path_per_floor":["M","$","M","$","?","E","?","R","T","$","M","R","E","M","R","B",null,"M","$","M","$","M","E","R","?","T","R","?","$","M","E","R","B",null,"M","$","?","?","M","R","E","M","T","?","$","R","E","?","R","B",null],"character_chosen":"THE_SILENT","items_purchased":["Heel Hook","Sling","Bag of Preparation","conspire:TreasureMap","Adrenaline","Lee\u0027s Waffle","Noxious Fumes","conspire:PoisonWeapons","Choke","Oddly Smooth Stone","BlessingOfTheForge"],"campfire_rested":2,"item_purchase_floors":[2,19,21,29,29,36,36,36,45,45,45],"current_hp_per_floor":[70,70,70,70,70,70,59,59,59,59,55,55,14,14,35,31,75,74,75,67,75,53,22,44,44,44,44,28,43,43,43,43,35,45,42,52,52,47,47,47,47,47,47,47,52,52,52,52,52,9],"gold":298,"neow_bonus":"THREE_ENEMY_KILL","is_daily":false,"chose_seed":false,"campfire_upgraded":7,"win_rate":0.0,"timestamp":1607899840,"path_taken":["M","$","M","$","?","E","?","R","T","?","?","R","E","M","R","BOSS","M","$","M","$","M","E","R","?","T","R","?","$","M","E","R","BOSS","M","$","?","?","?","R","E","M","T","?","$","R","E","?","R","BOSS"],"items_purchased_type":["Card","Relic","Relic","Relic","Card","Relic","Card","Card","Card","Relic","Potion"],"build_version":"2020-11-30","purchased_purges":1,"victory":true,"max_hp_per_floor":[70,70,70,70,70,70,70,70,70,70,70,70,70,70,70,70,75,75,75,75,75,75,75,75,45,45,45,45,45,45,45,45,45,45,45,52,52,52,52,52,52,52,52,52,52,52,52,52,52,52],"card_choices":[{"not_picked":["Masterful Stab","Hidden Blade"],"picked":"Underhanded Strike","floor":1.0},{"not_picked":["Bane","hubris:TrickCloak","Quick Slash"],"picked":"SKIP","floor":3.0},{"not_picked":["Dodge and Roll","ReplayTheSpireMod:Shiv Toss","Deflect"],"picked":"SKIP","floor":6.0},{"not_picked":["hubris:SlightOfHand","Hidden Blade","hubris:Sniper"],"picked":"SKIP","floor":11.0},{"not_picked":["Dagger Throw","Blur"],"picked":"Replay:Bag of Tricks","floor":13.0},{"not_picked":["Slice","Sneak Up"],"picked":"ReplayTheSpireMod:Scrap Shanks","floor":14.0},{"not_picked":["Storm of Steel","ReplayTheSpireMod:Necrosis"],"picked":"Bullet Time","floor":16.0},{"not_picked":["Quick Slash","Acrobatics"],"picked":"Toxin Wave","floor":18},{"not_picked":["Slice","PiercingWail+1","Sneak Up+1"],"picked":"SKIP","floor":20},{"not_picked":["Hidden Blade+1","Prepared"],"picked":"Toxin Wave+1","floor":22},{"not_picked":["Escape Plan","Prepared"],"picked":"Blur+1","floor":23},{"not_picked":["All Out Attack","Sucker Punch+1","Expertise"],"picked":"SKIP","floor":30},{"not_picked":["Hidden Blade","Prepared","Blade Dance"],"picked":"SKIP","floor":31},{"not_picked":["Burst","Unload"],"picked":"Tools of the Trade","floor":33},{"not_picked":["Deflect+1","Expertise","Blade Dance+1"],"picked":"SKIP","floor":35},{"not_picked":["Quick Slash+1","Endless Agony","Skewer+1"],"picked":"SKIP","floor":39},{"not_picked":["Acrobatics","hubris:TrickCloak+1","PiercingWail+1"],"picked":"SKIP","floor":41},{"not_picked":["Finisher","Slice+1"],"picked":"Noxious Fumes+1","floor":42},{"not_picked":["Deflect","Flying Knee+1"],"picked":"Night Terror","floor":47}],"player_experience":190348,"relics_obtained":[{"floor":6.0,"key":"Onion Ring"},{"floor":9.0,"key":"Replay:Bandana"},{"floor":13.0,"key":"ReplayTheSpireMod:Shallot"},{"floor":17.0,"key":"MealTicket"},{"floor":17.0,"key":"conspire:DeflatedDodgeball"},{"floor":17.0,"key":"Durian"},{"floor":23,"key":"Happy Flower"},{"floor":26,"key":"Replay:Rubber Ducky"},{"floor":31,"key":"Anchor"},{"floor":41,"key":"Old Coin"},{"floor":43,"key":"Bottled Tornado"},{"floor":44,"key":"ReplayTheSpireMod:Ring of Exchange"},{"floor":44,"key":"ReplayTheSpireMod:Ring of Sloth"},{"floor":47,"key":"hubris:Metronome"}],"event_choices":[{"damage_healed":0.0,"max_hp_gain":0.0,"max_hp_loss":0.0,"gold_gain":0.0,"event_name":"betterThird:BetterGoop","player_choice":"Slimed","floor":7.0,"gold_loss":30.0,"damage_taken":11.0},{"damage_healed":0,"gold_gain":0,"player_choice":"Touch","damage_taken":0,"max_hp_gain":0,"max_hp_loss":30,"event_name":"Elementarium:ElementalBlades","floor":25,"gold_loss":0,"cards_obtained":["Elementarium:FireblessedBlade","Elementarium:WindblessedBlade","Elementarium:EarthblessedBlade","Elementarium:IceblessedBlade","Elementarium:VoidblessedBlade"]},{"damage_healed":0,"gold_gain":213,"player_choice":"GO GO ","damage_taken":18,"relics_obtained":[],"max_hp_gain":0,"max_hp_loss":0,"event_name":"betterSkull:BetterSkull","floor":28,"gold_loss":0,"cards_upgraded":[]},{"damage_healed":0,"gold_gain":0,"player_choice":"Offer","damage_taken":0,"relics_obtained":["Elementarium:GoldenMirage"],"max_hp_gain":0,"max_hp_loss":0,"event_name":"Elementarium:ChestOfTheGoldenMirage","floor":37,"gold_loss":81},{"damage_healed":0,"gold_gain":0,"player_choice":"Damaged","damage_taken":5,"max_hp_gain":0,"max_hp_loss":0,"event_name":"Wheel of Change","floor":38,"gold_loss":0}],"is_beta":false,"boss_relics":[{"not_picked":["Busted Crown","Honey Jar"],"picked":"Calling Bell"},{"not_picked":["hubris:BlackHole","Ring of the Serpent"],"picked":"Pandora\u0027s Box"}],"items_purged_floors":[36],"is_endless":false,"potions_floor_spawned":[1,6,13,14,18,23,31,35,39],"ascension_level":1}}