{"host":"wonp23fsqqcu31ie","time":1607817615,"event":{"mods":["2.2 Compatiblity","AchievementEnabler","Aspiration","BaseMod","Better Altar","Better Match","Better Sensory Stone","Better Skull","Better Third Choice","BetterRewards","Block Reminder","Colored Map","Colored Powertips","Conspire","Curses Come First","DeckTracker","Displayed Cursed Tome","Downfall","Hermit","Highlight Path","Hubris","Minty Spire (QoL Compilation)","Permanent Neow","Quick Restart","Rare Cards Sparkle","Relic Stats","Replay The Spire","Shade Mod","Shop Mod","StSLib","SuperFastMode","The Animator","The Cursed","The Gatherer","The Necromancer","The Runesmith","The Servant 0.9.4"],"gold_per_floor":[119,138,91,41,84,135,152,4,27,38,63,77,95,95],"floor_reached":13,"playtime":422,"items_purged":[],"score":93,"play_id":"153379ed-cb9a-4470-8fcd-660152c82007","local_time":"20201213110015","is_ascension_mode":true,"campfire_choices":[],"circlet_count":0,"master_deck":["Strike_S","Strike_S","Strike_S","Strike_S","Defend_S","Defend_S","Defend_S","Defend_S","KidneyShot","Exchange","Luminosity","ShatteredReality","Defy","conspire:SpireCoStock","Ricochet","Spin","TheWorld","DoubleEdge","DualDimension","ForgedInTime"],"relics":["Uniform","aspiration:Nostalgia","Cracked Core","Gremlin Food","MerchantsRug"],"acts_visited":["Exordium"],"potions_floor_usage":[12],"damage_taken":[{"damage":0,"enemies":"Cultist","floor":1,"turns":3},{"damage":2,"enemies":"Jaw Worm","floor":2,"turns":3},{"damage":0,"enemies":"conspire:RoseBush","floor":5,"turns":3},{"damage":30,"enemies":"Replay:BlueRogue","floor":6,"turns":7},{"damage":4,"enemies":"Gremlin Gang","floor":7,"turns":3},{"damage":2,"enemies":"Looter","floor":10,"turns":2},{"damage":4,"enemies":"Red Slaver","floor":11,"turns":3},{"damage":13,"enemies":"Gremlin Gang","floor":12,"turns":3},{"damage":15,"enemies":"3 Sentries","floor":13,"turns":4}],"seed_played":"3835928854768303272","potions_obtained":[{"floor":2,"key":"ColorlessPotion"},{"floor":6,"key":"FearPotion"},{"floor":11,"key":"Strength Potion"},{"floor":12,"key":"SmokeBomb"}],"is_trial":false,"path_per_floor":["M","M","$","?","M","E","M","$","T","M","M","M","E"],"character_chosen":"THE_SERVANT","items_purchased":["Defy","MerchantsRug"],"campfire_rested":0,"item_purchase_floors":[3,8],"current_hp_per_floor":[65,63,63,63,63,33,29,29,29,27,23,10,0,0],"gold":95,"neow_bonus":"NOSTALGIA","is_daily":false,"chose_seed":false,"campfire_upgraded":0,"win_rate":0.0,"timestamp":1607817615,"path_taken":["M","?","$","?","M","E","M","?","T","M","?","?","E"],"items_purchased_type":["Card","Relic"],"build_version":"2020-11-30","purchased_purges":0,"victory":false,"max_hp_per_floor":[65,65,65,65,65,65,65,65,65,65,65,65,65,65],"relic_stats":{"counters":[84,429],"obtain_stats":[{"Gremlin Horn":10,"Uniform":0,"sneckomod:SneckoSoul":24,"Old Coin":40,"Replay:Ringing Soul":41,"Centennial Puzzle":30,"Strawberry":43,"Replay:Bottled Flurry":25,"PocketWatch":44,"HollowMod:PaleOreRelic":9,"Replay:Wax Seal":10,"Replay:Bottled Steam":14,"MerchantsRug":0,"Happy Flower":0,"aspiration:Nostalgia":24,"Blue Candle":26,"ReplayTheSpireMod:Ring of Addiction":7,"Eternal Feather":24,"aspiration:SeaSaltIceCream":43,"War Paint":27,"WarpedTongs":4,"Replay:Baseball":26,"conspire:GiftBox":48,"Shuriken":19,"Bronze Scales":27,"MutagenicStrength":29,"Pandora\u0027s Box":17,"StrikeDummy":0,"Pocketwatch":27,"Lantern":29,"aspiration:Lifesprig":6,"Singing Bowl":10,"SacredBark":34,"animator:TheMissingPiece":43,"Incense Burner":46,"Juzu Bracelet":23,"Replay:Mystery Machine":24,"conspire:TopHat":22,"ClockworkSouvenir":0,"Nunchaku":39,"Matryoshka":9,"Ring of Fangs":7,"Chameleon Ring":7,"hubris:Backtick":34,"aspiration:DefectSkillbook":17,"Mummified Hand":44,"aspiration:AnachronicSnailShell":0,"Red Mask":28,"Cracked Core":0,"aspiration:ChemicalBlood":37,"Potion Belt":7,"Gremlin Food":6,"BargainBundle":37,"conspire:RunicOctahedron":17,"PreservedInsect":29,"MawBank":19,"Medical Kit":27,"Mercury Hourglass":36,"Peace Pipe":6,"Anchor":0,"m_SpellCore":34,"hubris:GrandSneckoEye":34,"Bag of Marbles":46,"Toy Ornithopter":23,"hubris:BottledRain":37},{"Gremlin Horn":4,"Uniform":0,"sneckomod:SneckoSoul":61,"Old Coin":20,"Replay:Ringing Soul":47,"Centennial Puzzle":42,"Strawberry":21,"Replay:Bottled Flurry":40,"PocketWatch":48,"HollowMod:PaleOreRelic":29,"Replay:Wax Seal":29,"Replay:Bottled Steam":32,"MerchantsRug":27,"Happy Flower":27,"aspiration:Nostalgia":61,"Blue Candle":12,"ReplayTheSpireMod:Ring of Addiction":29,"Eternal Feather":11,"aspiration:SeaSaltIceCream":70,"War Paint":40,"WarpedTongs":53,"Replay:Baseball":40,"conspire:GiftBox":74,"Shuriken":9,"Bronze Scales":40,"MutagenicStrength":41,"Pandora\u0027s Box":8,"StrikeDummy":27,"Pocketwatch":62,"Lantern":13,"aspiration:Lifesprig":29,"Singing Bowl":4,"SacredBark":16,"animator:TheMissingPiece":70,"Incense Burner":24,"Juzu Bracelet":61,"Replay:Mystery Machine":61,"conspire:TopHat":60,"ClockworkSouvenir":51,"Nunchaku":19,"Matryoshka":4,"Ring of Fangs":29,"Chameleon Ring":29,"hubris:Backtick":44,"aspiration:DefectSkillbook":33,"Mummified Hand":71,"aspiration:AnachronicSnailShell":51,"Red Mask":13,"Cracked Core":75,"aspiration:ChemicalBlood":67,"Potion Belt":29,"Gremlin Food":79,"BargainBundle":67,"conspire:RunicOctahedron":58,"PreservedInsect":13,"MawBank":9,"Medical Kit":40,"Mercury Hourglass":17,"Peace Pipe":4,"Anchor":27,"m_SpellCore":44,"hubris:GrandSneckoEye":65,"Bag of Marbles":73,"Toy Ornithopter":38,"hubris:BottledRain":67},{"Gremlin Horn":16,"Uniform":0,"sneckomod:SneckoSoul":294,"Old Coin":92,"Replay:Ringing Soul":206,"Centennial Puzzle":187,"Strawberry":97,"Replay:Bottled Flurry":178,"PocketWatch":210,"HollowMod:PaleOreRelic":132,"Replay:Wax Seal":132,"Replay:Bottled Steam":146,"MerchantsRug":127,"Happy Flower":127,"aspiration:Nostalgia":294,"Blue Candle":55,"ReplayTheSpireMod:Ring of Addiction":132,"Eternal Feather":52,"aspiration:SeaSaltIceCream":361,"War Paint":178,"WarpedTongs":233,"Replay:Baseball":178,"conspire:GiftBox":392,"Shuriken":44,"Bronze Scales":178,"MutagenicStrength":183,"Pandora\u0027s Box":40,"StrikeDummy":127,"Pocketwatch":304,"Lantern":57,"aspiration:Lifesprig":132,"Singing Bowl":16,"SacredBark":76,"animator:TheMissingPiece":361,"Incense Burner":111,"Juzu Bracelet":294,"Replay:Mystery Machine":294,"conspire:TopHat":285,"ClockworkSouvenir":226,"Nunchaku":88,"Matryoshka":16,"Ring of Fangs":132,"Chameleon Ring":132,"hubris:Backtick":195,"aspiration:DefectSkillbook":151,"Mummified Hand":375,"aspiration:AnachronicSnailShell":226,"Red Mask":57,"Cracked Core":398,"aspiration:ChemicalBlood":339,"Potion Belt":132,"Gremlin Food":414,"BargainBundle":339,"conspire:RunicOctahedron":274,"PreservedInsect":57,"MawBank":44,"Medical Kit":178,"Mercury Hourglass":79,"Peace Pipe":16,"Anchor":127,"m_SpellCore":195,"hubris:GrandSneckoEye":335,"Bag of Marbles":387,"Toy Ornithopter":171,"hubris:BottledRain":339}]},"card_choices":[{"not_picked":["Alleviate","TimeWarp"],"picked":"Luminosity","floor":1},{"not_picked":["Unruled","Starlight"],"picked":"ShatteredReality","floor":2},{"not_picked":["Rewind","Shuttle"],"picked":"Ricochet","floor":5},{"not_picked":["Collapse","Ricochet"],"picked":"Spin","floor":6},{"not_picked":["Contraction","FanOfKnives"],"picked":"TheWorld","floor":7},{"not_picked":["TimeWarp","Revamp"],"picked":"DoubleEdge","floor":10},{"not_picked":["DoubleEdge","Defy"],"picked":"DualDimension","floor":11},{"not_picked":["WasteNot","Collapse"],"picked":"ForgedInTime","floor":12}],"player_experience":598062,"relics_obtained":[{"floor":6,"key":"Gremlin Food"}],"event_choices":[{"damage_healed":0,"gold_gain":0,"player_choice":"Invest 1","damage_taken":0,"max_hp_gain":0,"max_hp_loss":0,"event_name":"conspire:Investor","floor":4,"gold_loss":0}],"is_beta":false,"boss_relics":[],"items_purged_floors":[],"is_endless":false,"potions_floor_spawned":[2,6,11,12],"killed_by":"3 Sentries","ascension_level":1}}