{"host":"f0gpob8hq9vgebej","time":1607874996,"event":{"mods":["AchievementEnabler","BaseMod","Googly Eyes","Minty Spire (QoL Compilation)","Quick Restart","SuperFastMode"],"gold_per_floor":[113,127,145,145,157,157,169,169,169,195,195,209,25,42,42,146,146,166,182,196,196,30,30,41,41,92,109,126,126,225,253,253,355,355,373,263,278,500,517,517,517,517,517,528,543,562,23,34,34,34],"floor_reached":51,"playtime":1094,"items_purged":["Strike_G","Defend_G"],"score":771,"play_id":"043d257e-db6e-4aa6-838d-e825fc907b86","local_time":"20201214005636","is_ascension_mode":true,"campfire_choices":[{"data":"Adrenaline","floor":6.0,"key":"SMITH"},{"data":"Poisoned Stab","floor":8.0,"key":"SMITH"},{"data":"Blade Dance","floor":11.0,"key":"SMITH"},{"floor":15.0,"key":"REST"},{"data":"Panache","floor":23.0,"key":"SMITH"},{"data":"Blade Dance","floor":25.0,"key":"SMITH"},{"data":"Calculated Gamble","floor":29.0,"key":"SMITH"},{"floor":32.0,"key":"REST"},{"data":"TalkToTheHand","floor":40,"key":"SMITH"},{"data":"Acrobatics","floor":42,"key":"SMITH"},{"data":"Wraith Form v2","floor":49,"key":"SMITH"}],"circlet_count":0,"master_deck":["Strike_G","Strike_G","Strike_G+1","Defend_G","Defend_G","Defend_G+1","Survivor","Neutralize","Adrenaline+1","Blade Dance+1","Poisoned Stab+1","Backflip","Backstab","Wraith Form v2+1","Blade Dance+1","Well Laid Plans","Dodge and Roll+1","Trip+1","Panache+1","Coolheaded+1","Calculated Gamble+1","TalkToTheHand+1","Reaper","Finisher","Acrobatics+1","Madness","Madness","Accuracy","Concentrate","Footwork+1"],"relics":["Ring of the Snake","Shuriken","Question Card","PrismaticShard","Empty Cage","Orichalcum","Red Mask","HoveringKite","HornCleat","Lantern","Lee\u0027s Waffle"],"acts_visited":["Exordium","TheCity","TheBeyond"],"potions_floor_usage":[33,33,33,44,50,50,50],"damage_taken":[{"damage":0.0,"enemies":"2 Louse","floor":1.0,"turns":3.0},{"damage":0.0,"enemies":"Small Slimes","floor":2.0,"turns":3.0},{"damage":0.0,"enemies":"Jaw Worm","floor":3.0,"turns":3.0},{"damage":8.0,"enemies":"Blue Slaver","floor":5.0,"turns":3.0},{"damage":1.0,"enemies":"Looter","floor":7.0,"turns":3.0},{"damage":4.0,"enemies":"Gremlin Nob","floor":10.0,"turns":3.0},{"damage":0.0,"enemies":"3 Louse","floor":12.0,"turns":1.0},{"damage":8.0,"enemies":"Large Slime","floor":14.0,"turns":4.0},{"damage":0.0,"enemies":"Slime Boss","floor":16.0,"turns":6.0},{"damage":4.0,"enemies":"Chosen","floor":18.0,"turns":3.0},{"damage":3.0,"enemies":"Spheric Guardian","floor":19.0,"turns":3.0},{"damage":4.0,"enemies":"3 Cultists","floor":20.0,"turns":6.0},{"damage":14.0,"enemies":"Chosen and Byrds","floor":24.0,"turns":5.0},{"damage":0.0,"enemies":"Shelled Parasite and Fungi","floor":27.0,"turns":3.0},{"damage":17.0,"enemies":"Snake Plant","floor":28.0,"turns":3.0},{"damage":8.0,"enemies":"Masked Bandits","floor":31.0,"turns":4.0},{"damage":4,"enemies":"Automaton","floor":33,"turns":6},{"damage":0,"enemies":"3 Darklings","floor":35,"turns":2},{"damage":4,"enemies":"Orb Walker","floor":37,"turns":4},{"damage":8,"enemies":"Maw","floor":39,"turns":5},{"damage":19,"enemies":"Jaw Worm Horde","floor":44,"turns":4},{"damage":24,"enemies":"4 Shapes","floor":45,"turns":6},{"damage":3,"enemies":"Transient","floor":46,"turns":5},{"damage":3,"enemies":"Writhing Mass","floor":48,"turns":4},{"damage":33,"enemies":"Donu and Deca","floor":50,"turns":7}],"seed_played":"-2615151764316009267","potions_obtained":[{"floor":1.0,"key":"GhostInAJar"},{"floor":5.0,"key":"BlessingOfTheForge"},{"floor":10.0,"key":"Weak Potion"},{"floor":19.0,"key":"Energy Potion"},{"floor":20.0,"key":"Dexterity Potion"},{"floor":31.0,"key":"AttackPotion"},{"floor":35,"key":"DuplicationPotion"},{"floor":44,"key":"PowerPotion"},{"floor":45,"key":"DuplicationPotion"},{"floor":46,"key":"SkillPotion"}],"is_trial":false,"path_per_floor":["M","M","M","?","M","R","M","R","T","E","R","M","$","M","R","B",null,"M","M","M","?","$","R","M","R","T","M","M","R","?","?","R","B",null,"M","$","M","?","M","R","?","R","T","M","M","M","$","M","R","B",null],"character_chosen":"THE_SILENT","items_purchased":["PrismaticShard","Well Laid Plans","Panache","Finisher","Accuracy","Lantern","Concentrate","Lee\u0027s Waffle"],"campfire_rested":2,"item_purchase_floors":[13,13,22,36,47,47,47,47],"current_hp_per_floor":[63,63,63,50,42,42,41,41,41,37,37,37,37,29,47,47,63,59,56,52,52,52,52,38,38,38,38,21,21,21,13,31,27,63,63,63,59,59,51,51,43,43,43,44,30,33,70,67,67,46],"gold":34,"neow_bonus":"THREE_RARE_CARDS","is_daily":false,"chose_seed":false,"campfire_upgraded":9,"win_rate":0.0,"timestamp":1607874996,"path_taken":["M","M","M","?","M","R","M","R","T","E","R","M","$","M","R","BOSS","M","M","M","?","$","R","M","R","T","M","M","R","?","?","R","BOSS","M","$","M","?","M","R","?","R","T","M","M","M","$","M","R","BOSS"],"items_purchased_type":["Relic","Card","Card","Card","Card","Relic","Card","Relic"],"build_version":"2020-11-30","purchased_purges":2,"victory":true,"max_hp_per_floor":[63,63,63,63,63,63,63,63,63,63,63,63,63,63,63,63,63,63,63,63,63,63,63,63,63,63,63,63,63,63,63,63,63,63,63,63,63,63,63,63,63,63,63,63,63,63,70,70,70,70],"card_choices":[{"not_picked":["Die Die Die","Unload"],"picked":"Adrenaline","floor":0.0},{"not_picked":["Well Laid Plans","Flying Knee"],"picked":"Blade Dance","floor":1.0},{"not_picked":["Eviscerate","Expertise"],"picked":"Poisoned Stab","floor":2.0},{"not_picked":["Outmaneuver","Dodge and Roll"],"picked":"Backflip","floor":3.0},{"not_picked":["Prepared","Dagger Spray","Quick Slash"],"picked":"SKIP","floor":5.0},{"not_picked":["Quick Slash","Dodge and Roll"],"picked":"Backstab","floor":7.0},{"not_picked":["Acrobatics","Masterful Stab"],"picked":"Wraith Form v2","floor":10.0},{"not_picked":["Predator","Skewer","Dagger Throw"],"picked":"Blade Dance","floor":12.0},{"not_picked":["Quick Slash","FlyingSleeves","Catalyst","Cold Snap"],"picked":"SKIP","floor":14.0},{"not_picked":["Thunderclap","Stack","LikeWater","Cleave"],"picked":"SKIP","floor":18.0},{"not_picked":["Catalyst","Eviscerate","Searing Blow"],"picked":"Dodge and Roll+1","floor":19.0},{"not_picked":["Underhanded Strike","Acrobatics","Clash"],"picked":"Trip+1","floor":20.0},{"not_picked":["Leg Sweep","ThirdEye","Gash+1","Dagger Throw"],"picked":"SKIP","floor":24.0},{"not_picked":["Blade Dance","JustLucky","Havoc"],"picked":"Coolheaded+1","floor":27.0},{"not_picked":["EmptyBody+1","SandsOfTime+1","Beam Cell+1"],"picked":"Calculated Gamble","floor":28.0},{"not_picked":["Turbo","Juggernaut","Bandage Up"],"picked":"TalkToTheHand","floor":31.0},{"not_picked":["Exhume","Rainbow","Corpse Explosion"],"picked":"Reaper","floor":33},{"not_picked":["Anger+1","CutThroughFate","Leg Sweep","Disarm+1"],"picked":"SKIP","floor":35},{"not_picked":["Iron Wave+1","Blade Dance","Heavy Blade+1","Rebound+1"],"picked":"SKIP","floor":37},{"not_picked":["SpiritShield","Redo+1","Dodge and Roll"],"picked":"Acrobatics","floor":39},{"not_picked":["FlurryOfBlows","Skewer","Skim+1","Iron Wave+1"],"picked":"SKIP","floor":44},{"not_picked":["Glacier","CutThroughFate","Halt+1","ClearTheMind+1"],"picked":"SKIP","floor":45},{"not_picked":["SashWhip","Ghostly Armor+1","Unload","SignatureMove"],"picked":"SKIP","floor":46},{"not_picked":["Wild Strike","Intimidate+1","Flechettes"],"picked":"Footwork+1","floor":48}],"player_experience":125222,"relics_obtained":[{"floor":9.0,"key":"Shuriken"},{"floor":10.0,"key":"Question Card"},{"floor":26.0,"key":"Orichalcum"},{"floor":31.0,"key":"Red Mask"},{"floor":43,"key":"HornCleat"}],"event_choices":[{"damage_healed":0.0,"max_hp_gain":0.0,"max_hp_loss":0.0,"gold_gain":0.0,"event_name":"Shining Light","player_choice":"Entered Light","floor":4.0,"gold_loss":0.0,"damage_taken":13.0,"cards_upgraded":["Defend_G","Strike_G"]},{"damage_healed":0.0,"max_hp_gain":0.0,"max_hp_loss":0.0,"gold_gain":0.0,"event_name":"Cursed Tome","player_choice":"Ignored","floor":21.0,"gold_loss":0.0,"damage_taken":0.0},{"damage_healed":0.0,"max_hp_gain":0.0,"max_hp_loss":0.0,"gold_gain":99.0,"event_name":"Nest","player_choice":"Stole From Cult","floor":30.0,"gold_loss":0.0,"damage_taken":0.0},{"damage_healed":0.0,"max_hp_gain":0.0,"max_hp_loss":0.0,"gold_gain":0.0,"event_name":"Masked Bandits","player_choice":"Fought Bandits","floor":31.0,"gold_loss":0.0,"damage_taken":0.0},{"damage_healed":0,"gold_gain":222,"player_choice":"Wore Mask","damage_taken":0,"max_hp_gain":0,"max_hp_loss":0,"event_name":"Tomb of Lord Red Mask","floor":38,"gold_loss":0},{"damage_healed":0,"gold_gain":0,"player_choice":"Embrace Madness","damage_taken":8,"max_hp_gain":0,"max_hp_loss":0,"event_name":"Winding Halls","floor":41,"gold_loss":0,"cards_obtained":["Madness","Madness"]}],"is_beta":false,"boss_relics":[{"not_picked":["Ring of the Serpent","Snecko Eye"],"picked":"Empty Cage"},{"not_picked":["Philosopher\u0027s Stone","Coffee Dripper"],"picked":"HoveringKite"}],"items_purged_floors":[36,47],"is_endless":false,"potions_floor_spawned":[1,5,10,19,20,24,31,35,44,45,46,48],"ascension_level":2}}