{"host":"6z6y4ky8uzsz1dpj","time":1607863140,"event":{"mods":["2.2 Compatiblity","BaseMod","BetterRewards","Challenge The Spire","Colored Map","Hubris","Minty Spire (QoL Compilation)","Quick Restart","Replay The Spire","StSLib","The Construct","The Cursed","The Hierophant","The Necromancer","The Poker Player","The Servant 0.9.4"],"gold_per_floor":[118,132,48,65,140,167,167,198,198,233,233,259,276,294,294,399,399,414,431,310,340,354,354,372,403,481,481,509,509,555,588,588,728,728,759,759,806,806,806,806,806,875,929,929,929,994,994,1047,1047,1099,1099,1099,802,832,884],"floor_reached":56,"playtime":3458,"items_purged":["Strike_R","Strike_R"],"score":1429,"play_id":"31ac5ac4-95c5-45f3-ae0c-77a878bec206","local_time":"20201213073900","is_ascension_mode":true,"campfire_choices":[{"data":"True Grit","floor":7,"key":"SMITH"},{"floor":11,"key":"REST"},{"data":"Dark Embrace","floor":23,"key":"SMITH"},{"data":"Corruption","floor":32,"key":"SMITH"},{"data":"Burning Pact","floor":40,"key":"SMITH"},{"data":"Master of Strategy","floor":44,"key":"SMITH"},{"floor":49,"key":"RECALL"},{"data":"Offering","floor":52,"key":"SMITH"}],"circlet_count":0,"master_deck":["Strike_R","Strike_R","Defend_R","Defend_R","Defend_R","Defend_R","Bash","Master of Strategy+1","Warcry","True Grit+1","Shrug It Off","Purity","Impervious+1","Disarm","ReplayTheSpireMod:Muscle Training","Havoc","Corruption+1","AbeCurse","True Grit","ReplayTheSpireMod:Strike From Hell","ReplayTheSpireMod:Strike From Hell+1","Dark Embrace+1","Inflame","Hemogenesis","Disarm+1","hierophant:Bribe","Offering+1","Burning Pact+1","Corruption+1","ReplayTheSpireMod:Stacked+1","Violence","Feel No Pain"],"relics":["Burning Blood","Dead Branch","hubris:Metronome","Quantum Egg","Regal Pillow","Red Skull","Mummified Hand","Abe\u0027s Treasure","Red Mask","Juzu Bracelet","Replay:Bandana","Replay:Bronze Core","hubris:Towel","ReplayTheSpireMod:Ring of Challenge","Lantern","ReplayTheSpireMod:TigerMarble","Ginger","Bronze Scales","Thread and Needle"],"acts_visited":["Exordium","TheCity","TheBeyond","TheEnding"],"potions_floor_usage":[8,12,12,16,22,22,46,50],"damage_taken":[{"damage":7,"enemies":"Jaw Worm","floor":1,"turns":3},{"damage":0,"enemies":"2 Louse","floor":2,"turns":3},{"damage":6,"enemies":"Cultist","floor":4,"turns":3},{"damage":31,"enemies":"3 Sentries","floor":6,"turns":10},{"damage":26,"enemies":"Gremlin Nob","floor":8,"turns":4},{"damage":5,"enemies":"Lagavulin","floor":10,"turns":7},{"damage":20,"enemies":"3 Sentries","floor":12,"turns":8},{"damage":4,"enemies":"2 Fungi Beasts","floor":13,"turns":4},{"damage":1,"enemies":"Gremlin Gang","floor":14,"turns":4},{"damage":1,"enemies":"Slime Boss","floor":16,"turns":4},{"damage":1,"enemies":"Chosen","floor":18,"turns":4},{"damage":15,"enemies":"Shell Parasite","floor":19,"turns":4},{"damage":1,"enemies":"Masked Bandits","floor":21,"turns":4},{"damage":18,"enemies":"Snake Plant","floor":22,"turns":5},{"damage":1,"enemies":"Cultist and Chosen","floor":24,"turns":2},{"damage":9,"enemies":"Slavers","floor":25,"turns":4},{"damage":7,"enemies":"Book of Stabbing","floor":28,"turns":2},{"damage":3,"enemies":"Centurion and Healer","floor":30,"turns":3},{"damage":1,"enemies":"Sentry and Sphere","floor":31,"turns":2},{"damage":2,"enemies":"hubris:MusketHawk","floor":33,"turns":2},{"damage":2,"enemies":"Orb Walker","floor":35,"turns":2},{"damage":15,"enemies":"3 Shapes","floor":37,"turns":2},{"damage":0,"enemies":"Giant Head","floor":42,"turns":1},{"damage":13,"enemies":"Reptomancer","floor":46,"turns":2},{"damage":7,"enemies":"Nemesis","floor":48,"turns":1},{"damage":19,"enemies":"Replay:Hell Engine","floor":50,"turns":4},{"damage":1,"enemies":"Shield and Spear","floor":54,"turns":2},{"damage":5,"enemies":"The Heart","floor":55,"turns":4}],"seed_played":"-8025276036841763321","potions_obtained":[{"floor":6,"key":"Explosive Potion"},{"floor":8,"key":"Adrenaline Potion"},{"floor":10,"key":"BloodPotion"},{"floor":12,"key":"Swift Potion"},{"floor":14,"key":"Energy Potion"},{"floor":19,"key":"GamblersBrew"},{"floor":21,"key":"SpeedPotion"},{"floor":25,"key":"Strength Potion"},{"floor":30,"key":"DuplicationPotion"},{"floor":33,"key":"DistilledChaos"},{"floor":54,"key":"Elixir"}],"is_trial":false,"path_per_floor":["M","M","$","M","?","E","R","E","T","E","R","E","M","M","R_BF","B",null,"M","M","$","?","M","R","M","E","T","?","E","?","M","M","R","B",null,"M","?","M","?","?","R","?","E","T","R","?","E","?","E","R_BF","B",null,"R","$","E","B",null],"character_chosen":"IRONCLAD","items_purchased":["Master of Strategy","Warcry","Purity","ReplayTheSpireMod:Strike From Hell","Violence"],"campfire_rested":1,"item_purchase_floors":[0,0,3,20,53],"current_hp_per_floor":[71,77,77,77,66,41,41,21,21,22,61,63,65,70,80,80,80,80,71,71,76,64,64,80,77,77,77,80,80,80,80,80,80,80,80,80,78,78,78,78,78,80,80,80,80,73,73,72,72,77,80,80,80,80,80],"gold":884,"neow_bonus":"","is_daily":false,"chose_seed":false,"campfire_upgraded":6,"win_rate":0.0,"timestamp":1607863140,"path_taken":["M","M","$","M","?","E","R","E","T","E","R","E","M","M","R_BF","BOSS","M","M","$","?","M","R","M","E","T","?","E","?","M","M","R","BOSS","M","?","M","?","?","R","?","E","T","R","?","E","?","E","R_BF","BOSS","R","$","E","BOSS"],"items_purchased_type":["Card","Card","Card","Card","Card"],"build_version":"2020-11-30","purchased_purges":2,"victory":true,"max_hp_per_floor":[80,80,80,80,80,80,80,80,80,80,80,80,80,80,80,80,80,80,80,80,80,80,80,80,80,80,80,80,80,80,80,80,80,80,80,80,80,80,80,80,80,80,80,80,80,80,80,80,80,80,80,80,80,80,80],"card_choices":[{"not_picked":["Pommel Strike","Run Through"],"picked":"True Grit","floor":1},{"not_picked":["Thunderclap","Sword Boomerang"],"picked":"Shrug It Off","floor":2},{"not_picked":["Dual Wield","Perfected Strike","Pommel Strike"],"picked":"SKIP","floor":4},{"not_picked":["Spot Weakness","hubris:SharpeningStone"],"picked":"Impervious","floor":6},{"not_picked":["Pummel","Rage"],"picked":"Disarm","floor":8},{"not_picked":["Double Tap","Heavy Blade","Spot Weakness"],"picked":"SKIP","floor":10},{"not_picked":["Anger","Sword Boomerang"],"picked":"ReplayTheSpireMod:Muscle Training","floor":12},{"not_picked":["ReplayTheSpireMod:Muscle Training","Replay:Undeath\u0027s Touch"],"picked":"Havoc","floor":13},{"not_picked":["Anger","hubris:ReadiedAction"],"picked":"Corruption","floor":14},{"not_picked":["Pommel Strike","Flex+1"],"picked":"True Grit","floor":18},{"not_picked":["Entrench+1","hubris:ReadiedAction","Sword Boomerang+1"],"picked":"SKIP","floor":19},{"not_picked":["True Grit","Headbutt"],"picked":"ReplayTheSpireMod:Strike From Hell+1","floor":21},{"not_picked":["Sever Soul+1","Second Wind"],"picked":"Dark Embrace","floor":22},{"not_picked":["Hemokinesis","Shockwave","Thunderclap"],"picked":"SKIP","floor":24},{"not_picked":["Pommel Strike","Thunderclap","Brutality"],"picked":"SKIP","floor":25},{"not_picked":["Hemogenesis","Fire Breathing"],"picked":"Disarm+1","floor":28},{"not_picked":["Run Through","Massacre","Clash"],"picked":"SKIP","floor":30},{"not_picked":["Perfected Strike+1","hubris:ReadiedAction+1","Armaments+1"],"picked":"SKIP","floor":31},{"not_picked":["Bludgeon","Hemogenesis"],"picked":"Offering","floor":33},{"not_picked":["Dual Wield","Sword Boomerang+1","Shrug It Off"],"picked":"SKIP","floor":35},{"not_picked":["Warcry","Dropkick","Carnage+1"],"picked":"SKIP","floor":37},{"not_picked":["Limit Break","Shrug It Off+1"],"picked":"ReplayTheSpireMod:Stacked+1","floor":42},{"not_picked":["Clothesline+1","Flex","Cleave+1"],"picked":"SKIP","floor":46},{"not_picked":["Warcry","Uppercut","Armaments"],"picked":"SKIP","floor":48},{"not_picked":["Run Through+1","Dual Wield+1"],"picked":"Feel No Pain","floor":54}],"player_experience":183434,"relics_obtained":[{"floor":6,"key":"hubris:Metronome"},{"floor":8,"key":"Quantum Egg"},{"floor":9,"key":"Regal Pillow"},{"floor":10,"key":"Red Skull"},{"floor":12,"key":"Mummified Hand"},{"floor":21,"key":"Red Mask"},{"floor":25,"key":"Juzu Bracelet"},{"floor":28,"key":"Replay:Bandana"},{"floor":39,"key":"ReplayTheSpireMod:Ring of Challenge"},{"floor":42,"key":"Lantern"},{"floor":43,"key":"ReplayTheSpireMod:TigerMarble"},{"floor":46,"key":"Ginger"},{"floor":48,"key":"Bronze Scales"},{"floor":54,"key":"Thread and Needle"}],"event_choices":[{"damage_healed":0,"gold_gain":75,"player_choice":"Gather Gold","damage_taken":11,"max_hp_gain":0,"max_hp_loss":0,"event_name":"World of Goop","floor":5,"gold_loss":0},{"damage_healed":0,"gold_gain":0,"player_choice":"Fought Bandits","damage_taken":0,"max_hp_gain":0,"max_hp_loss":0,"event_name":"Masked Bandits","floor":21,"gold_loss":0},{"damage_healed":0,"gold_gain":0,"player_choice":"2 cards matched","damage_taken":0,"max_hp_gain":0,"max_hp_loss":0,"event_name":"Match and Keep!","floor":27,"gold_loss":0,"cards_obtained":["Inflame","Hemogenesis"]},{"damage_healed":0,"gold_gain":0,"player_choice":"Read","damage_taken":0,"max_hp_gain":0,"max_hp_loss":0,"event_name":"The Library","floor":29,"gold_loss":0,"cards_obtained":["hierophant:Bribe"]},{"damage_healed":0,"gold_gain":0,"player_choice":"Copied","damage_taken":0,"max_hp_gain":0,"max_hp_loss":0,"event_name":"Duplicator","floor":41,"gold_loss":0,"cards_obtained":["Corruption"]},{"damage_healed":0,"gold_gain":0,"player_choice":"Memory 1","damage_taken":0,"max_hp_gain":0,"max_hp_loss":0,"event_name":"SensoryStone","floor":45,"gold_loss":0},{"cards_removed":["Strike_R"],"damage_healed":0,"gold_gain":0,"player_choice":"Removed Attack","damage_taken":0,"max_hp_gain":0,"max_hp_loss":0,"event_name":"Falling","floor":47,"gold_loss":0}],"is_beta":false,"boss_relics":[{"not_picked":["construct:ClawGrip","Ring of Chaos"],"picked":"Abe\u0027s Treasure"},{"not_picked":["Replay:Grab Bag","ChewingGum"],"picked":"Replay:Bronze Core"}],"items_purged_floors":[20,53],"is_endless":false,"potions_floor_spawned":[6,8,10,12,14,19,21,25,30,33,35,48,54],"ascension_level":2}}