{"host":"78hrz0ylpj9lzvi8","time":1607889681,"event":{"mods":["BaseMod","Bestiary","Block Reminder","Minty Spire (QoL Compilation)","Quick Restart","Random Character Button","Relic Stats","StSLib"],"gold_per_floor":[113,13,32,43,43,43,71,71,96,196,222,222,241,16,16,87,87,98,98,117,131,131,131,158,158,204,239,15,26,26,44,44,119,119,129,129,146,159,159,191,191,235,287,305,345,368,368,7,7,7,7,7,7,7,41,41],"floor_reached":57,"playtime":4483,"items_purged":["Strike_G","Blade Dance+1"],"score":3051,"play_id":"017fda21-fb6c-4155-bcb2-c813a19e4e32","local_time":"20201213170121","is_ascension_mode":true,"campfire_choices":[{"data":"Poisoned Stab","floor":6.0,"key":"SMITH"},{"data":"Predator","floor":8.0,"key":"SMITH"},{"data":"Neutralize","floor":12.0,"key":"SMITH"},{"data":"Dodge and Roll","floor":15.0,"key":"SMITH"},{"data":"Ghostly","floor":23.0,"key":"SMITH"},{"data":"Ghostly","floor":25.0,"key":"SMITH"},{"data":"Ghostly","floor":30.0,"key":"SMITH"},{"data":"Footwork","floor":32.0,"key":"SMITH"},{"data":"Adrenaline","floor":41.0,"key":"SMITH"},{"data":"Night Terror","floor":47.0,"key":"SMITH"},{"floor":49.0,"key":"RECALL"},{"data":"Footwork","floor":53.0,"key":"SMITH"}],"circlet_count":0,"master_deck":["AscendersBane","Strike_G","Strike_G","Strike_G","Defend_G","Defend_G+1","Defend_G","Defend_G","Survivor","Neutralize+1","Blur","Bullet Time","Poisoned Stab+1","All Out Attack","Blur","PiercingWail","Dodge and Roll+1","Corpse Explosion","PiercingWail","Ghostly+1","Ghostly+1","Ghostly+1","Escape Plan","Catalyst+1","Footwork+1","Backflip","Adrenaline+1","Night Terror+1","Predator","Well Laid Plans","Venomology","Well Laid Plans+1","Footwork+1","Acrobatics","Finesse"],"relics":["Ring of the Snake","Potion Belt","Sundial","Happy Flower","Snake Skull","TwistedFunnel","Coffee Dripper","Pear","War Paint","PreservedInsect","Strange Spoon","Black Star","Oddly Smooth Stone","Paper Crane","CeramicFish","Pantograph","Bag of Preparation","Bag of Marbles","Gremlin Horn","Toy Ornithopter"],"acts_visited":["Exordium","TheCity","TheBeyond","TheEnding"],"potions_floor_usage":[55,56,56,56,56],"damage_taken":[{"damage":0.0,"enemies":"Jaw Worm","floor":1.0,"turns":4.0},{"damage":0.0,"enemies":"Small Slimes","floor":3.0,"turns":3.0},{"damage":0.0,"enemies":"Cultist","floor":4.0,"turns":2.0},{"damage":18.0,"enemies":"Lagavulin","floor":7.0,"turns":7.0},{"damage":15.0,"enemies":"Gremlin Nob","floor":11.0,"turns":4.0},{"damage":0.0,"enemies":"3 Louse","floor":13.0,"turns":3.0},{"damage":7.0,"enemies":"The Guardian","floor":16.0,"turns":10.0},{"damage":18.0,"enemies":"Shell Parasite","floor":18.0,"turns":4.0},{"damage":2.0,"enemies":"2 Thieves","floor":20.0,"turns":2.0},{"damage":9.0,"enemies":"Centurion and Healer","floor":21.0,"turns":5.0},{"damage":0.0,"enemies":"Gremlin Leader","floor":24.0,"turns":4.0},{"damage":0.0,"enemies":"Book of Stabbing","floor":27.0,"turns":5.0},{"damage":0.0,"enemies":"Snake Plant","floor":29.0,"turns":4.0},{"damage":1.0,"enemies":"Snecko","floor":31.0,"turns":6.0},{"damage":55.0,"enemies":"Automaton","floor":33.0,"turns":15.0},{"damage":1.0,"enemies":"Orb Walker","floor":35.0,"turns":4.0},{"damage":0.0,"enemies":"3 Shapes","floor":37.0,"turns":6.0},{"damage":26.0,"enemies":"Spire Growth","floor":38.0,"turns":7.0},{"damage":1.0,"enemies":"Giant Head","floor":40.0,"turns":11.0},{"damage":0.0,"enemies":"Reptomancer","floor":42.0,"turns":8.0},{"damage":0.0,"enemies":"Transient","floor":44.0,"turns":6.0},{"damage":0.0,"enemies":"Nemesis","floor":45.0,"turns":7.0},{"damage":0.0,"enemies":"Jaw Worm Horde","floor":46.0,"turns":3.0},{"damage":0.0,"enemies":"Awakened One","floor":50.0,"turns":22.0},{"damage":3.0,"enemies":"Time Eater","floor":51.0,"turns":25.0},{"damage":17,"enemies":"Shield and Spear","floor":55,"turns":6},{"damage":22,"enemies":"The Heart","floor":56,"turns":26}],"seed_played":"-8682057937772995302","potions_obtained":[{"floor":1.0,"key":"PowerPotion"},{"floor":4.0,"key":"Regen Potion"},{"floor":11.0,"key":"Fire Potion"},{"floor":16.0,"key":"Dexterity Potion"},{"floor":21.0,"key":"Swift Potion"},{"floor":24.0,"key":"Dexterity Potion"},{"floor":27.0,"key":"SpeedPotion"},{"floor":29.0,"key":"FairyPotion"},{"floor":37.0,"key":"DistilledChaos"},{"floor":38.0,"key":"Swift Potion"},{"floor":44.0,"key":"EntropicBrew"}],"is_trial":false,"path_per_floor":["M","$","M","M","?","R","E","R","T","?","E","R","M","$","R","B",null,"M","?","M","M","?","R","E","R","T","E","$","M","R","M","R","B",null,"M","?","M","M","?","E","R","E","T","M","E","M","R","$","R","B","B",null,"R","$","E","B",null],"character_chosen":"THE_SILENT","items_purchased":["Blade Dance","TwistedFunnel","Dodge and Roll","Strange Spoon","Block Potion","Footwork","Acrobatics","Finesse","LiquidMemories"],"campfire_rested":0,"item_purchase_floors":[2,14,14,28,28,48,48,48,48],"current_hp_per_floor":[59,59,59,59,54,54,36,36,36,36,21,21,21,21,21,29,52,34,30,28,19,13,13,23,23,23,23,23,23,23,22,22,12,33,32,32,32,6,6,5,5,5,5,5,5,5,5,5,5,30,37,39,39,39,22,26],"gold":41,"neow_bonus":"TRANSFORM_TWO_CARDS","is_daily":false,"chose_seed":false,"campfire_upgraded":11,"win_rate":0.0,"timestamp":1607889681,"path_taken":["M","$","M","M","?","R","E","R","T","?","E","R","?","$","R","BOSS","M","?","M","M","?","R","E","R","T","E","$","M","R","?","R","BOSS","M","?","M","M","?","E","R","E","T","M","E","M","R","$","R","BOSS","BOSS","R","$","E","BOSS"],"items_purchased_type":["Card","Relic","Card","Relic","Potion","Card","Card","Card","Potion"],"build_version":"2020-11-30","purchased_purges":2,"victory":true,"max_hp_per_floor":[60,60,60,60,60,60,60,60,60,60,60,60,60,60,60,60,60,60,30,30,30,30,30,40,40,40,40,40,40,40,40,40,40,40,40,40,40,40,40,40,40,40,40,40,40,40,40,40,40,40,40,40,40,40,40,40],"relic_stats":{"Happy Flower":[64],"Gremlin Horn":[0,0],"counters":[27,209],"CeramicFish":54,"Snake Skull":[127],"PreservedInsect":319,"Bag of Preparation":[10],"War Paint":["Blade Dance","Defend_G"],"Strange Spoon":[92],"Sundial":[24],"Pantograph":53,"Black Star":4,"obtain_stats":[{"Potion Belt":5,"TwistedFunnel":14,"Pear":24,"Happy Flower":9,"Gremlin Horn":55,"CeramicFish":42,"Oddly Smooth Stone":40,"Snake Skull":11,"PreservedInsect":27,"Bag of Preparation":45,"War Paint":26,"Paper Crane":40,"Strange Spoon":28,"Sundial":7,"Pantograph":42,"Coffee Dripper":17,"Black Star":34,"Bag of Marbles":45,"Toy Ornithopter":55,"Ring of the Snake":0},{"Potion Belt":3,"TwistedFunnel":6,"Pear":11,"Happy Flower":4,"Gremlin Horn":26,"CeramicFish":20,"Oddly Smooth Stone":19,"Snake Skull":5,"PreservedInsect":12,"Bag of Preparation":22,"War Paint":11,"Paper Crane":19,"Strange Spoon":12,"Sundial":4,"Pantograph":20,"Coffee Dripper":7,"Black Star":15,"Bag of Marbles":22,"Toy Ornithopter":26,"Ring of the Snake":0},{"Potion Belt":9,"TwistedFunnel":23,"Pear":48,"Happy Flower":16,"Gremlin Horn":183,"CeramicFish":114,"Oddly Smooth Stone":106,"Snake Skull":20,"PreservedInsect":53,"Bag of Preparation":127,"War Paint":48,"Paper Crane":106,"Strange Spoon":53,"Sundial":16,"Pantograph":114,"Coffee Dripper":33,"Black Star":78,"Bag of Marbles":127,"Toy Ornithopter":183,"Ring of the Snake":0}],"Toy Ornithopter":8,"Ring of the Snake":[54]},"card_choices":[{"not_picked":["Backflip","Crippling Poison"],"picked":"Poisoned Stab","floor":1.0},{"not_picked":["Dagger Throw","Cloak And Dagger"],"picked":"Predator","floor":3.0},{"not_picked":["Dodge and Roll","Dagger Spray"],"picked":"All Out Attack","floor":4.0},{"not_picked":["Infinite Blades","Dagger Throw"],"picked":"Blur","floor":7.0},{"not_picked":["Infinite Blades","Deflect"],"picked":"PiercingWail","floor":11.0},{"not_picked":["Backstab","All Out Attack","Eviscerate"],"picked":"SKIP","floor":13.0},{"not_picked":["Venomology","Burst"],"picked":"Corpse Explosion","floor":16.0},{"not_picked":["Bane+1","Concentrate"],"picked":"PiercingWail","floor":18.0},{"not_picked":["Blade Dance","Deadly Poison","Dagger Spray+1"],"picked":"SKIP","floor":20.0},{"not_picked":["All Out Attack","Backflip"],"picked":"Escape Plan","floor":21.0},{"not_picked":["Blur","Choke"],"picked":"Catalyst+1","floor":24.0},{"not_picked":["Prepared","Dodge and Roll"],"picked":"Footwork","floor":27.0},{"not_picked":["PiercingWail","Poisoned Stab"],"picked":"Backflip","floor":29.0},{"not_picked":["Masterful Stab","Sucker Punch","Endless Agony"],"picked":"SKIP","floor":31.0},{"not_picked":["Glass Knife","Envenom"],"picked":"Adrenaline","floor":33.0},{"not_picked":["Dagger Throw+1","Prepared","Sucker Punch"],"picked":"SKIP","floor":35.0},{"not_picked":["PiercingWail","Tactician","Bane"],"picked":"SKIP","floor":37.0},{"not_picked":["Backstab","Well Laid Plans+1"],"picked":"Night Terror","floor":38.0},{"not_picked":["Terror+1","Dagger Spray"],"picked":"Predator","floor":40.0},{"not_picked":["Dagger Spray+1","Prepared"],"picked":"Well Laid Plans","floor":42.0},{"not_picked":["Infinite Blades","Cloak And Dagger","Accuracy"],"picked":"SKIP","floor":44.0},{"not_picked":["Underhanded Strike","Footwork"],"picked":"Venomology","floor":45.0},{"not_picked":["Blade Dance","Deadly Poison"],"picked":"Well Laid Plans+1","floor":46.0},{"not_picked":["Choke","Poisoned Stab","Dagger Spray"],"picked":"SKIP","floor":55}],"player_experience":938788,"relics_obtained":[{"floor":7.0,"key":"Sundial"},{"floor":9.0,"key":"Happy Flower"},{"floor":11.0,"key":"Snake Skull"},{"floor":24.0,"key":"Pear"},{"floor":26.0,"key":"War Paint"},{"floor":27.0,"key":"PreservedInsect"},{"floor":40.0,"key":"Oddly Smooth Stone"},{"floor":40.0,"key":"Paper Crane"},{"floor":42.0,"key":"CeramicFish"},{"floor":42.0,"key":"Pantograph"},{"floor":45.0,"key":"Bag of Preparation"},{"floor":45.0,"key":"Bag of Marbles"},{"floor":55,"key":"Gremlin Horn"},{"floor":55,"key":"Toy Ornithopter"}],"event_choices":[{"damage_healed":0.0,"max_hp_gain":0.0,"max_hp_loss":0.0,"gold_gain":0.0,"event_name":"Scrap Ooze","player_choice":"Success","floor":5.0,"gold_loss":0.0,"damage_taken":5.0,"relics_obtained":["Potion Belt"]},{"damage_healed":0.0,"max_hp_gain":0.0,"max_hp_loss":0.0,"gold_gain":100.0,"event_name":"Wheel of Change","player_choice":"Gold","floor":10.0,"gold_loss":0.0,"damage_taken":0.0},{"damage_healed":0.0,"max_hp_gain":0.0,"max_hp_loss":30.0,"gold_gain":0.0,"event_name":"Ghosts","player_choice":"Became a Ghost","floor":19.0,"gold_loss":0.0,"damage_taken":0.0,"cards_obtained":["Ghostly","Ghostly","Ghostly"]},{"damage_healed":0.0,"max_hp_gain":0.0,"max_hp_loss":0.0,"gold_gain":0.0,"event_name":"Knowing Skull","player_choice":"","floor":22.0,"potions_obtained":[],"gold_loss":0.0,"damage_taken":6.0,"cards_obtained":[]},{"cards_removed":["Predator"],"damage_healed":0.0,"max_hp_gain":0.0,"max_hp_loss":0.0,"gold_gain":0.0,"event_name":"Falling","player_choice":"Removed Attack","floor":36.0,"gold_loss":0.0,"damage_taken":0.0},{"damage_healed":0.0,"max_hp_gain":0.0,"max_hp_loss":0.0,"gold_gain":0.0,"event_name":"Tomb of Lord Red Mask","player_choice":"Ignored","floor":39.0,"gold_loss":0.0,"damage_taken":0.0}],"is_beta":false,"boss_relics":[{"not_picked":["Ectoplasm","Calling Bell"],"picked":"Coffee Dripper"},{"not_picked":["Ring of the Serpent","Astrolabe"],"picked":"Black Star"}],"items_purged_floors":[2,48],"is_endless":false,"potions_floor_spawned":[1,4,11,16,21,24,27,29,37,38,44],"ascension_level":20}}