{"host":"zuf44wbx6j0c4h1p","time":1607896386,"event":{"mods":["2.2 Compatiblity","AchievementEnabler","Act Like it!","Aspiration","Bartender","BaseMod","Beaked The Cultist","Better Altar","Better Match","Better Note","Better Sensory Stone","Better Skull","Better Vampires","BetterRewards","Card Filter","CatGirl Mod","ChefMod","Conspire","Displayed Cursed Tome","Downfall","Friendly Minions","GungeonMod","Halation","Hermit","Hubris","Infinite Spire","Ironclad Rager","Jedi Mod","Jorbs\u0027s Wanderer Trilogy","Marisa????????","Marked Mod","Minty Spire (QoL Compilation)","Pale of the Ancients","Permanent Neow","Potionbrewer","QueenMod","Quick Restart","Replay The Spire","Robot Space Explorer","SCP261 Mod","Shedinja","Shop Mod","Spicy Shops","StSLib","Steal the Spire","The Alterego","The Animator","The Bug Knight","The Dragon Tamer","The Fake Hero","The Hierophant","The Kombatant","The Poker Player","The Sage","The Senshi","The Servant 0.9.4","The Spell Scribe","The Vixen","The Wild Card","TheBandit","TheSwordswoman","TheVacant","Uncapped","thorton","vexMod"],"gold_per_floor":[99,134,59,159,175,187,234,266,116,141,153,153,167,179,192,294,294,294,314,326,360,360,360,360,390,400,400,400,400],"floor_reached":27,"playtime":2169,"items_purged":[],"score":253,"play_id":"d2755437-b880-49c0-ab39-2d43d88d3fcd","local_time":"20201213155306","is_ascension_mode":false,"metric_token":4178,"campfire_choices":[{"floor":1,"key":"RECALL"},{"floor":3,"key":"REST"},{"floor":9,"key":"REST"},{"data":"PokerPlayerMod:TheDieIsCast","floor":18,"key":"SMITH"},{"data":"PokerPlayerMod:Manipulation","floor":22,"key":"SMITH"}],"circlet_count":0,"master_deck":["PokerPlayerMod:Diamond1","PokerPlayerMod:Diamond2","PokerPlayerMod:Diamond3","PokerPlayerMod:Diamond4","PokerPlayerMod:Diamond5","PokerPlayerMod:Spade1","PokerPlayerMod:Spade2","PokerPlayerMod:Spade3","PokerPlayerMod:Spade4","PokerPlayerMod:Club1","PokerPlayerMod:Club2","PokerPlayerMod:Heart2","PokerPlayerMod:TrumpStrike","PokerPlayerMod:BadJoker","PokerPlayerMod:Mulligan","PokerPlayerMod:Raise","PokerPlayerMod:Manipulation+1","PokerPlayerMod:Spade7","PokerPlayerMod:FlyingCard","PokerPlayerMod:ClubDance","PokerPlayerMod:ClubDance","PokerPlayerMod:VarietyAttack","PokerPlayerMod:Heart4","PokerPlayerMod:TheDieIsCast+1","PokerPlayerMod:DartThrow","PokerPlayerMod:SpadeStrike+1","alterego_mod:ChallengeComplete","PokerPlayerMod:CardPrinter+1","PokerPlayerMod:StackedDeck"],"relics":["PokerPlayerMod:DeckCase","HollowMod:PaleOreRelic","conspire:DecoderRing","downfall:HeartBlessingRed","hubris:Reverence","downfall:HeartBlessingGreen","downfall:HeartBlessingBlue","halation:Toothbrush","Philosopher\u0027s Stone","HollowMod:LifeEnderRelic","Bottled Tornado","Ornamental Fan","DemoMod:GlassGuonStoneRelic"],"acts_visited":["Exordium","TheCity"],"potions_floor_usage":[8,25],"damage_taken":[{"damage":30,"enemies":"Lagavulin","floor":2,"turns":7},{"damage":5,"enemies":"Jaw Worm","floor":5,"turns":2},{"damage":0,"enemies":"Cultist","floor":6,"turns":2},{"damage":13,"enemies":"Gremlin Nob","floor":8,"turns":5},{"damage":5,"enemies":"HollowMod:MossKnight","floor":10,"turns":8},{"damage":8,"enemies":"2 Louse","floor":11,"turns":3},{"damage":14,"enemies":"Red Slaver","floor":13,"turns":4},{"damage":1,"enemies":"Exordium Thugs","floor":14,"turns":4},{"damage":3,"enemies":"Large Slime","floor":15,"turns":3},{"damage":10,"enemies":"Hexaghost","floor":16,"turns":8},{"damage":9,"enemies":"Shell Parasite","floor":19,"turns":3},{"damage":0,"enemies":"Chosen and Byrds","floor":20,"turns":4},{"damage":37,"enemies":"Book of Stabbing","floor":21,"turns":5},{"damage":28,"enemies":"conspire:MimicChest","floor":25,"turns":7},{"damage":5,"enemies":"conspire:HollyBat","floor":26,"turns":7},{"damage":29,"enemies":"Gremlin Leader","floor":27,"turns":2}],"seed_played":"4593305450162265157","potions_obtained":[{"floor":2,"key":"LifebloodPotion"},{"floor":5,"key":"Explosive Potion"},{"floor":8,"key":"Adrenaline Potion"},{"floor":13,"key":"SCP261:BlastolaColaPotion"},{"floor":16,"key":"EssenceOfSteel"},{"floor":19,"key":"SkillPotion"}],"is_trial":false,"path_per_floor":["R","E","R","?","M","M","T","E","R","E","M","?","M","M","M","B",null,"R","M","M","E","R","?","T","?","M","E"],"character_chosen":"THE_POKER_PLAYER","items_purchased":[],"campfire_rested":2,"item_purchase_floors":[],"current_hp_per_floor":[52,24,39,39,37,37,37,27,55,56,53,56,44,45,45,44,62,62,59,62,43,43,43,43,21,25,0,0,0],"gold":400,"neow_bonus":"RANDOM_COMMON_RELIC","is_daily":false,"chose_seed":false,"campfire_upgraded":2,"win_rate":0.0,"timestamp":1607896386,"path_taken":["R","E","R","?","M","M","T","E","R","E","?","?","M","M","M","BOSS","R","M","M","E","R","?","T","?","M","E"],"items_purchased_type":[],"build_version":"2020-11-30","purchased_purges":0,"victory":false,"max_hp_per_floor":[52,52,52,52,52,52,52,52,62,62,62,62,62,62,62,62,62,62,62,62,62,62,62,62,62,62,62,62,62],"card_choices":[{"not_picked":["PokerPlayerMod:Sharpen","PokerPlayerMod:CloakAndDiamond"],"picked":"PokerPlayerMod:Raise","floor":2},{"not_picked":["PokerPlayerMod:SpadeStrike","PokerPlayerMod:Diamond4"],"picked":"PokerPlayerMod:Manipulation","floor":5},{"not_picked":["PokerPlayerMod:ClubsClub","PokerPlayerMod:Club1"],"picked":"PokerPlayerMod:Spade7","floor":6},{"not_picked":["PokerPlayerMod:Spade3","PokerPlayerMod:Club4"],"picked":"PokerPlayerMod:FlyingCard","floor":8},{"not_picked":["PokerPlayerMod:Trickery","PokerPlayerMod:Diamond4"],"picked":"PokerPlayerMod:ClubDance","floor":10},{"not_picked":["PokerPlayerMod:Fold","PokerPlayerMod:Spade1","PokerPlayerMod:Extraction"],"picked":"SKIP","floor":11},{"not_picked":["PokerPlayerMod:Diamond4","PokerPlayerMod:Fold"],"picked":"PokerPlayerMod:ClubDance","floor":13},{"not_picked":["PokerPlayerMod:Diamond4","PokerPlayerMod:Trickery"],"picked":"PokerPlayerMod:VarietyAttack","floor":14},{"not_picked":["PokerPlayerMod:Diamond5","PokerPlayerMod:Diamond6"],"picked":"PokerPlayerMod:Heart4","floor":15},{"not_picked":["PokerPlayerMod:Spade7","PokerPlayerMod:Heart9"],"picked":"PokerPlayerMod:TheDieIsCast","floor":16},{"not_picked":["PokerPlayerMod:HotShotCut+1","PokerPlayerMod:Diamond3","PokerPlayerMod:CardBurn+1"],"picked":"SKIP","floor":19},{"not_picked":["PokerPlayerMod:SpadeStrike","PokerPlayerMod:Spade2"],"picked":"PokerPlayerMod:DartThrow","floor":20},{"not_picked":["PokerPlayerMod:Spade5","PokerPlayerMod:Spade3"],"picked":"PokerPlayerMod:SpadeStrike+1","floor":21},{"not_picked":["PokerPlayerMod:Configure+1","PokerPlayerMod:HotShotCut"],"picked":"PokerPlayerMod:CardPrinter+1","floor":25},{"not_picked":["PokerPlayerMod:DartThrow","PokerPlayerMod:Spade1"],"picked":"PokerPlayerMod:StackedDeck","floor":26}],"player_experience":403578,"relics_obtained":[{"floor":2,"key":"conspire:DecoderRing"},{"floor":8,"key":"hubris:Reverence"},{"floor":10,"key":"halation:Toothbrush"},{"floor":21,"key":"HollowMod:LifeEnderRelic"},{"floor":24,"key":"Bottled Tornado"},{"floor":25,"key":"Ornamental Fan"}],"event_choices":[{"damage_healed":0,"gold_gain":100,"player_choice":"Pray","damage_taken":0,"max_hp_gain":0,"max_hp_loss":0,"event_name":"Golden Shrine","floor":4,"gold_loss":0},{"damage_healed":3,"gold_gain":0,"player_choice":"LEAVE ","damage_taken":0,"relics_obtained":[],"max_hp_gain":0,"max_hp_loss":0,"event_name":"betterSkull:BetterSkull","floor":12,"gold_loss":0,"cards_upgraded":[]},{"cards_removed":["PokerPlayerMod:DartThrow"],"damage_healed":0,"gold_gain":0,"player_choice":"Take \u0026 Give","damage_taken":0,"max_hp_gain":0,"max_hp_loss":0,"event_name":"betterNote:BetterNote","floor":23,"gold_loss":0,"cards_obtained":["alterego_mod:ChallengeComplete"]}],"is_beta":false,"boss_relics":[{"not_picked":["aspiration:MarisaSkillbook","Ring of Chaos"],"picked":"Philosopher\u0027s Stone"}],"items_purged_floors":[],"is_endless":false,"potions_floor_spawned":[2,5,8,13,16,19,21],"killed_by":"Gremlin Leader","ascension_level":0}}