{"host":"sabve5zmqufxyc5o","time":1607843253,"event":{"mods":["2.2 Compatiblity","AchievementEnabler","Act Like it!","BaseMod","Block Reminder","Colored Map","Colored Powertips","DeckTracker","KOR Keyword Fix","Keyboard Shortcuts","Minty Spire (QoL Compilation)","Quick Restart","Rare Cards Sparkle","Relic Stats","StSLib","SuperFastMode"],"gold_per_floor":[111,111,127,137,154,154,183,183,263,40,40,73,83,95,95,171,171,181,72,50,100,111,111,121,121,121,148,27,56,56,74,74,148,148,167,147,163,163,163],"floor_reached":38,"playtime":1015,"items_purged":[],"score":881,"play_id":"ba3941de-766a-4fc0-8b3b-1ecfa3aed225","local_time":"20201213160733","is_ascension_mode":true,"campfire_choices":[{"data":"Fusion","floor":6.0,"key":"SMITH"},{"floor":8.0,"key":"REST"},{"floor":11.0,"key":"REST"},{"data":"Coolheaded","floor":15.0,"key":"SMITH"},{"floor":23,"key":"REST"},{"floor":25,"key":"REST"},{"floor":32,"key":"REST"}],"circlet_count":0,"master_deck":["AscendersBane","Strike_B","Strike_B","Strike_B","Defend_B","Defend_B","Defend_B","Defend_B","Zap","Dualcast","BootSequence","Self Repair","Beam Cell","Fusion+1","Cold Snap","Gash","Ball Lightning","Turbo","Conserve Battery","Coolheaded+1","Beam Cell","Chill","Buffer","Gash","Gash","Sweeping Beam","Compile Driver","Gash","Defragment","Rebound","Scrape","Loop","Cold Snap","Turbo","Buffer","Defragment","Hologram+1"],"relics":["Cracked Core","NeowsBlessing","Pocketwatch","Blue Candle","Centennial Puzzle","Runic Pyramid","Gremlin Horn","Art of War","Mercury Hourglass","Black Star"],"acts_visited":["Exordium","TheCity","TheBeyond"],"potions_floor_usage":[29,29,31,38,38,38],"damage_taken":[{"damage":0.0,"enemies":"2 Louse","floor":1.0,"turns":1.0},{"damage":0.0,"enemies":"Small Slimes","floor":3.0,"turns":1.0},{"damage":0.0,"enemies":"Cultist","floor":4.0,"turns":1.0},{"damage":34.0,"enemies":"Gremlin Gang","floor":5.0,"turns":7.0},{"damage":43.0,"enemies":"Lagavulin","floor":7.0,"turns":9.0},{"damage":29.0,"enemies":"3 Sentries","floor":12.0,"turns":9.0},{"damage":7.0,"enemies":"Large Slime","floor":13.0,"turns":6.0},{"damage":3.0,"enemies":"3 Louse","floor":14.0,"turns":4.0},{"damage":29.0,"enemies":"The Guardian","floor":16.0,"turns":15.0},{"damage":6,"enemies":"3 Byrds","floor":18,"turns":6},{"damage":0,"enemies":"2 Thieves","floor":20,"turns":4},{"damage":40,"enemies":"Snake Plant","floor":22,"turns":6},{"damage":30,"enemies":"Shelled Parasite and Fungi","floor":24,"turns":5},{"damage":33,"enemies":"Slavers","floor":27,"turns":7},{"damage":11,"enemies":"Gremlin Leader","floor":29,"turns":7},{"damage":1,"enemies":"3 Cultists","floor":31,"turns":5},{"damage":50,"enemies":"Automaton","floor":33,"turns":11},{"damage":8,"enemies":"Orb Walker","floor":35,"turns":4},{"damage":0,"enemies":"3 Shapes","floor":37,"turns":6},{"damage":83,"enemies":"Transient","floor":38,"turns":6}],"seed_played":"-2547144846024498906","potions_obtained":[{"floor":1.0,"key":"FocusPotion"},{"floor":4.0,"key":"Fruit Juice"},{"floor":12.0,"key":"Fire Potion"},{"floor":14.0,"key":"SteroidPotion"},{"floor":18,"key":"FocusPotion"},{"floor":27,"key":"Energy Potion"},{"floor":29,"key":"BlessingOfTheForge"},{"floor":33,"key":"Explosive Potion"},{"floor":36,"key":"EntropicBrew"}],"is_trial":false,"path_per_floor":["M","?","M","M","M","R","E","R","T","$","R","E","M","M","R","B",null,"M","$","M","?","M","R","M","R","T","E","$","E","?","M","R","B",null,"M","?","M","M"],"character_chosen":"DEFECT","items_purchased":["Gash","Ball Lightning","Turbo","Conserve Battery","Gash","Sweeping Beam","Scrape","Loop"],"campfire_rested":5,"item_purchase_floors":[10,10,10,10,19,19,28,28],"current_hp_per_floor":[64,69,69,74,47,47,11,35,35,35,59,37,37,41,41,19,66,67,67,74,74,41,65,42,66,66,40,40,36,36,35,59,16,65,64,64,64,0,0],"gold":163,"neow_bonus":"THREE_ENEMY_KILL","is_daily":false,"chose_seed":false,"campfire_upgraded":2,"win_rate":0.0,"timestamp":1607843253,"path_taken":["M","?","M","M","M","R","E","R","T","$","R","E","M","M","R","BOSS","M","$","M","?","M","R","M","R","T","E","$","E","?","M","R","BOSS","M","?","M","M"],"items_purchased_type":["Card","Card","Card","Card","Card","Card","Card","Card"],"build_version":"2020-11-30","purchased_purges":0,"victory":false,"max_hp_per_floor":[71,76,76,81,81,81,81,81,81,81,81,81,81,81,81,81,81,81,81,81,81,81,81,81,81,81,81,81,81,81,81,81,81,81,81,81,81,81,81],"relic_stats":{"Centennial Puzzle":[36],"Gremlin Horn":[13,13],"counters":[20,119],"Blue Candle":[0],"Art of War":[2],"Black Star":0,"obtain_stats":[{"Centennial Puzzle":12,"NeowsBlessing":0,"Gremlin Horn":26,"Blue Candle":9,"Art of War":27,"Black Star":34,"Cracked Core":0,"Pocketwatch":7,"Runic Pyramid":17,"Mercury Hourglass":29},{"Centennial Puzzle":6,"NeowsBlessing":0,"Gremlin Horn":13,"Blue Candle":5,"Art of War":14,"Black Star":17,"Cracked Core":0,"Pocketwatch":5,"Runic Pyramid":9,"Mercury Hourglass":15},{"Centennial Puzzle":28,"NeowsBlessing":0,"Gremlin Horn":74,"Blue Candle":19,"Art of War":81,"Black Star":103,"Cracked Core":0,"Pocketwatch":19,"Runic Pyramid":53,"Mercury Hourglass":88}],"Pocketwatch":[52],"Mercury Hourglass":[137]},"card_choices":[{"not_picked":["Blizzard","Loop"],"picked":"BootSequence","floor":1.0},{"not_picked":["Compile Driver","Leap"],"picked":"Self Repair","floor":3.0},{"not_picked":["Leap","Cold Snap"],"picked":"Beam Cell","floor":4.0},{"not_picked":["Hologram","Barrage"],"picked":"Fusion","floor":5.0},{"not_picked":["Coolheaded","Fission"],"picked":"Cold Snap","floor":7.0},{"not_picked":["Cold Snap","Hyperbeam"],"picked":"Coolheaded","floor":12.0},{"not_picked":["Stack","Recycle"],"picked":"Beam Cell","floor":13.0},{"not_picked":["Steam","Stack"],"picked":"Chill","floor":14.0},{"not_picked":["Multi-Cast","Rainbow"],"picked":"Buffer","floor":16.0},{"not_picked":["Static Discharge","Turbo"],"picked":"Gash","floor":18},{"not_picked":["Rebound+1","Hologram"],"picked":"Compile Driver","floor":20},{"not_picked":["Genetic Algorithm","Rebound+1"],"picked":"Gash","floor":22},{"not_picked":["Streamline","Turbo"],"picked":"Defragment","floor":24},{"not_picked":["Turbo","Hyperbeam"],"picked":"Rebound","floor":27},{"not_picked":["Tempest","Beam Cell"],"picked":"Cold Snap","floor":29},{"not_picked":["Barrage","Conserve Battery"],"picked":"Turbo","floor":31},{"not_picked":["Amplify","Thunder Strike"],"picked":"Buffer","floor":33},{"not_picked":["Chill+1","Leap"],"picked":"Defragment","floor":35},{"not_picked":["Ball Lightning","Steam+1"],"picked":"Hologram+1","floor":37}],"player_experience":774809,"relics_obtained":[{"floor":7.0,"key":"Pocketwatch"},{"floor":9.0,"key":"Blue Candle"},{"floor":12.0,"key":"Centennial Puzzle"},{"floor":26,"key":"Gremlin Horn"},{"floor":27,"key":"Art of War"},{"floor":29,"key":"Mercury Hourglass"}],"event_choices":[{"damage_healed":0.0,"max_hp_gain":5.0,"max_hp_loss":0.0,"gold_gain":0.0,"event_name":"Big Fish","player_choice":"Donut","floor":2.0,"gold_loss":0.0,"damage_taken":0.0},{"damage_healed":0,"gold_gain":50,"player_choice":"Stole From Cult","damage_taken":0,"max_hp_gain":0,"max_hp_loss":0,"event_name":"Nest","floor":21,"gold_loss":0},{"cards_removed":["Strike_B"],"damage_healed":0,"gold_gain":0,"player_choice":"Purged","damage_taken":0,"max_hp_gain":0,"max_hp_loss":0,"event_name":"Purifier","floor":30,"gold_loss":0},{"damage_healed":0,"gold_gain":0,"player_choice":"Bought 1 Potion","damage_taken":0,"max_hp_gain":0,"max_hp_loss":0,"event_name":"The Woman in Blue","floor":36,"gold_loss":0}],"is_beta":false,"boss_relics":[{"not_picked":["Fusion Hammer","Pandora\u0027s Box"],"picked":"Runic Pyramid"},{"not_picked":["Empty Cage","Coffee Dripper"],"picked":"Black Star"}],"items_purged_floors":[],"is_endless":false,"potions_floor_spawned":[1,4,12,14,18,27,29,33,37],"killed_by":"Transient","ascension_level":19}}