{"host":"8a3g9edf69u3epoz","time":1607841826,"event":{"mods":["BaseMod","Minty Spire (QoL Compilation)","MostiFishMod","Relic Stats","Remilia（蕾米莉亚）","StSLib","TestMod","UnlockEverythingMod","WarShipGirlsR/战舰少女R mod"],"gold_per_floor":[111,511,394,414,449,478,478,506,577,577,0,19,19,19,19,137,137,149,179,179,51,51,83,83,116,143,194,209,228,228,246,246,365,365,376,376,388,39,92,117,147,173,198,224,224,273,273,289,289,289,289,289,154,187,187],"floor_reached":56,"playtime":2119,"items_purged":["Greed_TH"],"score":1949,"play_id":"e21b8db7-55af-496b-aa70-9011837574d7","local_time":"20201213144346","is_ascension_mode":true,"campfire_choices":[{"data":"FavorOfDestiny","floor":7.0,"key":"SMITH"},{"data":"BloodySeventeenLaser","floor":10.0,"key":"SMITH"},{"data":"NightLord","floor":15.0,"key":"SMITH"},{"data":"DiffusionOfMisfortune","floor":24.0,"key":"SMITH"},{"data":"EquivalentExchange","floor":30.0,"key":"SMITH"},{"data":"BloodyCatastrophe","floor":32.0,"key":"SMITH"},{"data":"TricksterDevil","floor":47.0,"key":"SMITH"},{"floor":49,"key":"RECALL"},{"data":"testmod-PocketStoneCalender","floor":52,"key":"SMITH"}],"circlet_count":0,"master_deck":["Strike_RM","Strike_RM","Strike_RM","Strike_RM","Defend_RM","Defend_RM","Defend_RM+1","RedMoon","ScarletShoot","Writhe","Clumsy","Septette","FavorOfDestiny+1","DiffusionOfMisfortune+1","BloodySeventeenLaser+1","NightLord+1","TransientEternity","ScarletCoffin+1","EternalNight+1","EquivalentExchange+1","BloodyCatastrophe+1","DiffusionOfMisfortune+1","ScarletCoffin+1","MostiFishMod:FrostNova","MostiFishMod:WinterMarkForm","testmod-PocketStoneCalender+1","FitfulNightmare+1","TricksterDevil+1","MostiFishMod:MusicBox"],"relics":["DaveBox","Black Star","testmod-Laevatain","BionicSphere","Question Card","testmod-Déjàvu","Dream Catcher","testmod-TurbochargingSystem","AntiCross","Question Card","Pear","Blue Candle","testmod-OneHitWonder","CultistMask","ImportantClient","HereWithMe","Nilry\u0027s Codex","Toy Ornithopter","Orichalcum","testmod-ObsoleteBoomerang","Smiling Mask","Bag of Preparation","FrostBlade","RedBat","Bag of Marbles","ClockworkSouvenir","ArrowTower","testmod-Justice","testmod-AssaultLearning","testmod-BlackFramedGlasses","Boot","testmod-CasingShield","SynthV:C4","Ancient Tea Set","Potion Belt","Shuriken","Regal Pillow","testmod-Antiphasic","Juzu Bracelet","Bottled Tornado","Mummified Hand","Bottled Lightning"],"acts_visited":["Exordium","TheCity","TheBeyond","TheEnding"],"potions_floor_usage":[54],"damage_taken":[{"damage":0.0,"enemies":"Small Slimes","floor":1.0,"turns":2.0},{"damage":0.0,"enemies":"Jaw Worm","floor":4.0,"turns":2.0},{"damage":0.0,"enemies":"Cultist","floor":5.0,"turns":4.0},{"damage":2.0,"enemies":"Lagavulin","floor":6.0,"turns":4.0},{"damage":0.0,"enemies":"3 Sentries","floor":8.0,"turns":3.0},{"damage":5.0,"enemies":"3 Louse","floor":12.0,"turns":2.0},{"damage":17.0,"enemies":"Hexaghost","floor":16.0,"turns":4.0},{"damage":4.0,"enemies":"2 Thieves","floor":18.0,"turns":2.0},{"damage":0.0,"enemies":"Chosen","floor":19.0,"turns":1.0},{"damage":0.0,"enemies":"Gremlin Leader","floor":23.0,"turns":2.0},{"damage":6.0,"enemies":"Book of Stabbing","floor":25.0,"turns":2.0},{"damage":0.0,"enemies":"Slavers","floor":27.0,"turns":3.0},{"damage":1.0,"enemies":"Snake Plant","floor":28.0,"turns":3.0},{"damage":0.0,"enemies":"Sentry and Sphere","floor":29.0,"turns":1.0},{"damage":0.0,"enemies":"3 Cultists","floor":31.0,"turns":2.0},{"damage":4.0,"enemies":"Automaton","floor":33.0,"turns":3.0},{"damage":0.0,"enemies":"3 Shapes","floor":35.0,"turns":1.0},{"damage":4.0,"enemies":"Orb Walker","floor":37.0,"turns":1.0},{"damage":0.0,"enemies":"2 Orb Walkers","floor":39.0,"turns":1.0},{"damage":4.0,"enemies":"Nemesis","floor":40.0,"turns":3.0},{"damage":0.0,"enemies":"4 Shapes","floor":41.0,"turns":2.0},{"damage":0.0,"enemies":"Reptomancer","floor":42.0,"turns":2.0},{"damage":0.0,"enemies":"Nemesis","floor":44.0,"turns":1.0},{"damage":4.0,"enemies":"Giant Head","floor":46.0,"turns":3.0},{"damage":0.0,"enemies":"Sphere and 2 Shapes","floor":48.0,"turns":4.0},{"damage":4,"enemies":"Time Eater","floor":50,"turns":3},{"damage":0,"enemies":"Shield and Spear","floor":54,"turns":3},{"damage":4,"enemies":"The Heart","floor":55,"turns":3}],"seed_played":"-8641166198317057407","potions_obtained":[{"floor":1.0,"key":"DuplicationPotion"},{"floor":5.0,"key":"DestinyDice"},{"floor":6.0,"key":"Explosive Potion"},{"floor":37.0,"key":"Swift Potion"},{"floor":39.0,"key":"testmod-EscapePotion"},{"floor":46.0,"key":"Block Potion"}],"is_trial":false,"path_per_floor":["M","?","?","M","M","E","R","E","T","R","$","M","?","$","R","B",null,"M","M","?","$","?","E","R","E","T","E","M","M","R","M","R","B",null,"M","?","M","$","?","E","M","E","T","E","?","E","R","M","R","B",null,"R","$","E","B",null],"character_chosen":"REMILIA","items_purchased":["Blue Candle","NightLord","testmod-OneHitWonder","ScarletCoffin","ClockworkSouvenir","ArrowTower","MostiFishMod:MusicBox"],"campfire_rested":0,"item_purchase_floors":[11,11,11,21,38,38,53],"current_hp_per_floor":[75,75,70,72,72,71,71,71,81,81,61,56,56,56,56,45,85,83,83,67,67,67,69,69,72,72,72,74,74,74,74,74,70,85,85,80,83,83,85,85,85,85,85,85,85,85,85,85,85,85,85,85,85,85,85],"gold":187,"neow_bonus":"BOSS_RELIC","is_daily":false,"chose_seed":false,"campfire_upgraded":8,"win_rate":0.0,"timestamp":1607841826,"path_taken":["M","?","?","M","?","E","R","E","T","R","$","M","?","$","R","BOSS","M","?","?","$","?","E","R","E","T","E","M","M","R","?","R","BOSS","M","?","M","$","?","E","M","E","T","E","?","E","R","M","R","BOSS","R","$","E","BOSS"],"items_purchased_type":["Relic","Card","Relic","Card","Relic","Relic","Card"],"build_version":"2020-11-30","purchased_purges":1,"victory":true,"max_hp_per_floor":[75,75,75,75,75,75,75,75,85,85,85,85,85,85,85,85,85,85,85,85,85,85,85,85,85,85,85,85,85,85,85,85,85,85,85,85,85,85,85,85,85,85,85,85,85,85,85,85,85,85,85,85,85,85,85],"relic_stats":{"Regal Pillow":0,"counters":[28,66],"Blue Candle":[0],"Bag of Preparation":[32],"Juzu Bracelet":0,"Orichalcum":[0],"Question Card":50,"Smiling Mask":0,"Boot":[0],"Dream Catcher":0,"Shuriken":[4],"Mummified Hand":[3],"Black Star":10,"obtain_stats":[{"Regal Pillow":46,"DaveBox":0,"Nilry\u0027s Codex":20,"Bag of Preparation":27,"Juzu Bracelet":48,"Bottled Tornado":54,"Smiling Mask":25,"Boot":40,"Ancient Tea Set":43,"ScarletHat":0,"testmod-BlackFramedGlasses":40,"testmod-CasingShield":42,"SynthV:C4":42,"RedBat":35,"ClockworkSouvenir":38,"Dream Catcher":6,"testmod-Laevatain":0,"Mummified Hand":54,"AntiCross":8,"HereWithMe":17,"testmod-ObsoleteBoomerang":25,"testmod-Déjàvu":3,"ImportantClient":16,"Potion Belt":44,"testmod-TestBox":0,"Pear":9,"Blue Candle":11,"testmod-TurbochargingSystem":6,"Orichalcum":23,"testmod-Justice":39,"Question Card":1,"FrostBlade":34,"testmod-Antiphasic":46,"Shuriken":44,"BionicSphere":0,"testmod-AssaultLearning":40,"CultistMask":13,"Black Star":0,"Bag of Marbles":37,"Bottled Lightning":54,"ArrowTower":38,"testmod-OneHitWonder":11,"Toy Ornithopter":23},{"Regal Pillow":24,"DaveBox":0,"Nilry\u0027s Codex":9,"Bag of Preparation":12,"Juzu Bracelet":25,"Bottled Tornado":27,"Smiling Mask":11,"Boot":20,"Ancient Tea Set":22,"ScarletHat":0,"testmod-BlackFramedGlasses":20,"testmod-CasingShield":22,"SynthV:C4":22,"RedBat":17,"ClockworkSouvenir":18,"Dream Catcher":4,"testmod-Laevatain":0,"Mummified Hand":27,"AntiCross":5,"HereWithMe":7,"testmod-ObsoleteBoomerang":11,"testmod-Déjàvu":1,"ImportantClient":7,"Potion Belt":23,"testmod-TestBox":0,"Pear":5,"Blue Candle":5,"testmod-TurbochargingSystem":4,"Orichalcum":10,"testmod-Justice":19,"Question Card":1,"FrostBlade":16,"testmod-Antiphasic":24,"Shuriken":23,"BionicSphere":0,"testmod-AssaultLearning":20,"CultistMask":6,"Black Star":0,"Bag of Marbles":18,"Bottled Lightning":27,"ArrowTower":18,"testmod-OneHitWonder":5,"Toy Ornithopter":10},{"Regal Pillow":54,"DaveBox":0,"Nilry\u0027s Codex":24,"Bag of Preparation":31,"Juzu Bracelet":57,"Bottled Tornado":63,"Smiling Mask":28,"Boot":46,"Ancient Tea Set":50,"ScarletHat":0,"testmod-BlackFramedGlasses":46,"testmod-CasingShield":50,"SynthV:C4":50,"RedBat":41,"ClockworkSouvenir":42,"Dream Catcher":12,"testmod-Laevatain":0,"Mummified Hand":63,"AntiCross":15,"HereWithMe":21,"testmod-ObsoleteBoomerang":28,"testmod-Déjàvu":2,"ImportantClient":21,"Potion Belt":51,"testmod-TestBox":0,"Pear":15,"Blue Candle":15,"testmod-TurbochargingSystem":12,"Orichalcum":26,"testmod-Justice":43,"Question Card":2,"FrostBlade":40,"testmod-Antiphasic":54,"Shuriken":51,"BionicSphere":0,"testmod-AssaultLearning":46,"CultistMask":17,"Black Star":0,"Bag of Marbles":42,"Bottled Lightning":63,"ArrowTower":42,"testmod-OneHitWonder":15,"Toy Ornithopter":26}],"Toy Ornithopter":11},"card_choices":[{"not_picked":["CharismaGuard","ScarletDevil"],"picked":"Septette","floor":1.0},{"not_picked":["CharismaGuard","UnstableMagic","ScarletDevil"],"picked":"FavorOfDestiny","floor":4.0},{"not_picked":["BloodyMagicSquare","HunterOfTheNight","ScarletImprint"],"picked":"DiffusionOfMisfortune","floor":5.0},{"not_picked":["ChainGang","BombardNight","MastersStateliness"],"picked":"BloodySeventeenLaser","floor":6.0},{"not_picked":["VampireKiss","RedRainbow","RedNightlessCastle","FavorOfDestiny"],"picked":"SKIP","floor":8.0},{"not_picked":["ScarletDevil","RedMagic","FavorOfDestiny","UnderTheZenith","LeisurelyOfLord"],"picked":"SKIP","floor":12.0},{"not_picked":["BloodRain","BatForm","BloodySeventeenLaser","CurseOfVladTepes"],"picked":"TransientEternity","floor":16.0},{"not_picked":["VampireKiss+1","BloodAndWine","StarOfDavid","VampirishNight","UnstableMagic"],"picked":"SKIP","floor":18.0},{"not_picked":["BloodyMagicSquare","Stigmanizer","FavorOfDestiny","MastersStateliness","RedRainbow"],"picked":"SKIP","floor":19.0},{"not_picked":["TransientEternity","DiffusionOfMisfortune","VampireKiss","EmergencyRegeneration"],"picked":"EternalNight+1","floor":23.0},{"not_picked":["ForbiddenFruit","ScarletDevil","ScarletSymphony","AfternoonTea"],"picked":"EquivalentExchange","floor":25.0},{"not_picked":["StarOfDavid","UltimateOffering","EndlessAdversity","VampireKiss","HunterOfTheNight"],"picked":"SKIP","floor":27.0},{"not_picked":["VampireFantasy+1","Stigmanizer","ChainGang","ScarletDream"],"picked":"BloodyCatastrophe","floor":28.0},{"not_picked":["LeisurelyOfLord","ScarletDevil","EndlessAdversity","BlasphemousPunishment"],"picked":"DiffusionOfMisfortune+1","floor":29.0},{"not_picked":["ScarletDevil","MastersStateliness","EndlessAdversity+1","CharismaGuard","Stigmanizer"],"picked":"SKIP","floor":31.0},{"not_picked":["ChaoticDestiny","HellCatastrophe","CeilingFear","EquivalentExchange"],"picked":"ScarletCoffin","floor":33.0},{"not_picked":["Stigmanizer+1","BombardNight+1","ScarletDevil+1","MastersStateliness","ScarletImprint"],"picked":"SKIP","floor":35.0},{"not_picked":["Forethought","testmod-WeaknessCounterattack","Blind","testmod-TreasureHunter"],"picked":"testmod-PocketStoneCalender","floor":36.0},{"not_picked":["ScarletDream+1","LeisurelyOfLord","EternalNight","ScarletImprint+1","UnderTheZenith"],"picked":"SKIP","floor":37.0},{"not_picked":["ScarletDevil","DiffusionOfMisfortune","UnderTheZenith+1","EndlessAdversity+1","ScarletNetherworld+1"],"picked":"SKIP","floor":40.0},{"not_picked":["VampireKiss+1","UnderTheZenith+1","CharismaGuard+1","LeisurelyOfLord+1"],"picked":"FitfulNightmare+1","floor":41.0},{"not_picked":["BombardNight","VampireKiss+1","ScarletDevil","BloodHunter"],"picked":"TricksterDevil","floor":42.0},{"not_picked":["GlobalNightmare+1","UnstableMagic","UltimateOffering","DiffusionOfMisfortune","BlasphemousPunishment"],"picked":"SKIP","floor":44.0},{"not_picked":["BloodyMagicSquare+1","HellCatastrophe","ScarletNetherworld+1","MastersStateliness","UnderTheZenith"],"picked":"SKIP","floor":46.0},{"not_picked":["ScarletGensokyo","FavorOfDestiny+1","ScarletDevilSign+1","CharismaGuard+1","RedNightlessCastle+1"],"picked":"SKIP","floor":48.0},{"not_picked":["TricksterDevil","RedRainbow+1","FavorOfDestiny","RedMagic+1","ScarletDevil"],"picked":"SKIP","floor":54}],"player_experience":34577,"relics_obtained":[{"floor":1.0,"key":"Question Card"},{"floor":6.0,"key":"Dream Catcher"},{"floor":6.0,"key":"testmod-TurbochargingSystem"},{"floor":8.0,"key":"AntiCross"},{"floor":8.0,"key":"Question Card"},{"floor":9.0,"key":"Pear"},{"floor":16.0,"key":"ImportantClient"},{"floor":20.0,"key":"Nilry\u0027s Codex"},{"floor":23.0,"key":"Toy Ornithopter"},{"floor":23.0,"key":"Orichalcum"},{"floor":25.0,"key":"testmod-ObsoleteBoomerang"},{"floor":25.0,"key":"Smiling Mask"},{"floor":27.0,"key":"Bag of Preparation"},{"floor":35.0,"key":"RedBat"},{"floor":37.0,"key":"Bag of Marbles"},{"floor":39.0,"key":"testmod-Justice"},{"floor":40.0,"key":"testmod-AssaultLearning"},{"floor":40.0,"key":"testmod-BlackFramedGlasses"},{"floor":40.0,"key":"Boot"},{"floor":42.0,"key":"testmod-CasingShield"},{"floor":42.0,"key":"SynthV:C4"},{"floor":43.0,"key":"Ancient Tea Set"},{"floor":44.0,"key":"Potion Belt"},{"floor":44.0,"key":"Shuriken"},{"floor":46.0,"key":"Regal Pillow"},{"floor":46.0,"key":"testmod-Antiphasic"},{"floor":48.0,"key":"Juzu Bracelet"},{"floor":54,"key":"Bottled Tornado"},{"floor":54,"key":"Mummified Hand"},{"floor":54,"key":"Bottled Lightning"}],"event_choices":[{"damage_healed":0.0,"max_hp_gain":0.0,"max_hp_loss":0.0,"gold_gain":400.0,"event_name":"恩洛斯的盘子","player_choice":"Sell","floor":2.0,"relics_lost":["testmod-TestBox"],"gold_loss":0.0,"damage_taken":0.0},{"damage_healed":0.0,"max_hp_gain":0.0,"max_hp_loss":0.0,"gold_gain":0.0,"event_name":"WeMeetAgain","player_choice":"Paid Gold","floor":3.0,"gold_loss":117.0,"damage_taken":0.0,"relics_obtained":["testmod-Déjàvu"]},{"damage_healed":0.0,"max_hp_gain":0.0,"max_hp_loss":0.0,"gold_gain":0.0,"event_name":"FaceTrader","player_choice":"Trade","floor":13.0,"gold_loss":0.0,"damage_taken":0.0,"relics_obtained":["CultistMask"]},{"damage_healed":0.0,"max_hp_gain":0.0,"max_hp_loss":0.0,"gold_gain":0.0,"event_name":"Cursed Tome","player_choice":"Obtained Book","floor":20.0,"gold_loss":0.0,"damage_taken":16.0},{"damage_healed":0.0,"max_hp_gain":0.0,"max_hp_loss":0.0,"gold_gain":0.0,"event_name":"Upgrade Shrine","player_choice":"Upgraded","floor":22.0,"gold_loss":0.0,"damage_taken":0.0,"cards_upgraded":["ScarletCoffin"]},{"damage_healed":0.0,"max_hp_gain":0.0,"max_hp_loss":0.0,"gold_gain":0.0,"event_name":"SensoryStone","player_choice":"Memory 2","floor":36.0,"gold_loss":0.0,"damage_taken":5.0},{"damage_healed":0.0,"max_hp_gain":0.0,"max_hp_loss":0.0,"gold_gain":0.0,"event_name":"Mysterious Sphere","player_choice":"Fight","floor":39.0,"gold_loss":0.0,"damage_taken":0.0},{"cards_removed":["Defend_RM"],"damage_healed":0.0,"max_hp_gain":0.0,"max_hp_loss":0.0,"gold_gain":0.0,"event_name":"Falling","player_choice":"Removed Skill","floor":45.0,"gold_loss":0.0,"damage_taken":0.0}],"is_beta":false,"boss_relics":[{"not_picked":["testmod-StringDisintegrator","Busted Crown"],"picked":"HereWithMe"},{"not_picked":["TakeMeEscape","testmod-TimeTraveler"],"picked":"FrostBlade"}],"items_purged_floors":[11],"is_endless":false,"potions_floor_spawned":[1,5,12,19,25,29,33,35,37,39,48],"ascension_level":2}}