{"host":"p6y17sixyu8q9v1f","time":1607869777,"event":{"mods":["BaseMod","Colored Map","Minty Spire (QoL Compilation)"],"gold_per_floor":[116,116,41,41,55,99,122,122,122,135,135,310,310,173,173,301,301,326,326,351,192,217,217,217,217,217,230,230,30,30,30,30],"floor_reached":31,"playtime":1355,"items_purged":["Injury","Doubt","Strike_B","Strike_B"],"score":277,"play_id":"45708d30-527d-447a-af96-f3e7ea7857a8","local_time":"20201213082937","is_ascension_mode":true,"campfire_choices":[{"data":"Dualcast","floor":8,"key":"SMITH"},{"data":"Lockon","floor":11,"key":"SMITH"},{"data":"Melter","floor":13,"key":"SMITH"},{"data":"Capacitor","floor":15,"key":"SMITH"},{"data":"Consume","floor":23,"key":"SMITH"},{"floor":25,"key":"REST"}],"circlet_count":0,"master_deck":["Defend_B","Defend_B","Defend_B","Defend_B","Zap+1","Dualcast+1","Lockon+1","Melter+1","Capacitor+1","Reboot","White Noise","BootSequence","Static Discharge","Consume+1","Loop","Conserve Battery","Storm"],"relics":["Cracked Core","Golden Idol","Bag of Marbles","Matryoshka","Sozu","Enchiridion","Symbiotic Virus","Calipers"],"acts_visited":["Exordium","TheCity"],"potions_floor_usage":[6,6,16,20],"damage_taken":[{"damage":6,"enemies":"Small Slimes","floor":1,"turns":3},{"damage":4,"enemies":"Jaw Worm","floor":5,"turns":3},{"damage":13,"enemies":"Lagavulin","floor":6,"turns":7},{"damage":0,"enemies":"Cultist","floor":7,"turns":2},{"damage":4,"enemies":"2 Fungi Beasts","floor":10,"turns":3},{"damage":42,"enemies":"Hexaghost","floor":16,"turns":9},{"damage":12,"enemies":"Chosen","floor":18,"turns":3},{"damage":15,"enemies":"3 Byrds","floor":20,"turns":4},{"damage":23,"enemies":"Sentry and Sphere","floor":22,"turns":4},{"damage":21,"enemies":"Snake Plant","floor":27,"turns":3},{"damage":18,"enemies":"Gremlin Leader","floor":31,"turns":4}],"seed_played":"-7528849316448430886","potions_obtained":[{"floor":1,"key":"EntropicBrew"},{"floor":6,"key":"ColorlessPotion"},{"floor":10,"key":"Fire Potion"}],"is_trial":false,"path_per_floor":["M","?","$","?","M","E","M","R","T","M","R","?","R","$","R","B",null,"M","?","M","$","M","R","?","R","T","M","?","$","?","E"],"character_chosen":"DEFECT","items_purchased":["Capacitor","Static Discharge","Conserve Battery"],"campfire_rested":1,"item_purchase_floors":[14,21,29],"current_hp_per_floor":[69,69,69,74,70,57,57,57,57,53,53,53,53,53,53,11,80,68,68,53,53,30,30,14,38,38,17,17,17,17,0,0],"gold":30,"neow_bonus":"UPGRADE_CARD","is_daily":false,"chose_seed":false,"campfire_upgraded":5,"win_rate":0.0,"timestamp":1607869777,"path_taken":["M","?","$","?","M","E","M","R","T","?","R","?","R","$","R","BOSS","M","?","?","$","M","R","?","R","T","M","?","$","?","E"],"items_purchased_type":["Card","Card","Card"],"build_version":"2020-11-30","purchased_purges":4,"victory":false,"max_hp_per_floor":[75,75,75,80,80,80,80,80,80,80,80,80,80,80,80,80,80,80,80,80,80,80,80,80,80,80,80,80,80,80,80,80],"card_choices":[{"not_picked":["Turbo","Hologram"],"picked":"Lockon","floor":1},{"not_picked":["Chill","Go for the Eyes"],"picked":"Melter","floor":5},{"not_picked":["Streamline","Scrape","Coolheaded"],"picked":"SKIP","floor":6},{"not_picked":["Steam","Chill","Streamline"],"picked":"SKIP","floor":7},{"not_picked":["Redo","Barrage","Compile Driver"],"picked":"SKIP","floor":10},{"not_picked":["All For One","Rainbow"],"picked":"Reboot","floor":16},{"not_picked":["Compile Driver","Skim"],"picked":"White Noise","floor":18},{"not_picked":["Gash","Beam Cell"],"picked":"BootSequence","floor":20},{"not_picked":["Conserve Battery","Turbo"],"picked":"Consume","floor":22},{"not_picked":["Rebound+1","Sweeping Beam"],"picked":"Loop","floor":27}],"player_experience":745280,"relics_obtained":[{"floor":6,"key":"Bag of Marbles"},{"floor":9,"key":"Matryoshka"},{"floor":24,"key":"Enchiridion"},{"floor":26,"key":"Symbiotic Virus"},{"floor":26,"key":"Calipers"}],"event_choices":[{"damage_healed":0,"gold_gain":0,"player_choice":"Take Wound","damage_taken":0,"relics_obtained":["Golden Idol"],"max_hp_gain":0,"max_hp_loss":0,"event_name":"Golden Idol","floor":2,"gold_loss":0,"cards_obtained":["Injury"]},{"damage_healed":0,"gold_gain":0,"player_choice":"Donut","damage_taken":0,"max_hp_gain":5,"max_hp_loss":0,"event_name":"Big Fish","floor":4,"gold_loss":0},{"damage_healed":0,"gold_gain":175,"player_choice":"AGREE","damage_taken":0,"max_hp_gain":0,"max_hp_loss":0,"event_name":"Liars Game","floor":12,"gold_loss":0,"cards_obtained":["Doubt"]},{"damage_healed":0,"gold_gain":0,"player_choice":"Bought 0 Potions","damage_taken":0,"max_hp_gain":0,"max_hp_loss":0,"event_name":"The Woman in Blue","floor":19,"gold_loss":0},{"damage_healed":0,"gold_gain":0,"player_choice":"Obtained Book","damage_taken":16,"max_hp_gain":0,"max_hp_loss":0,"event_name":"Cursed Tome","floor":24,"gold_loss":0},{"cards_removed":["Strike_B"],"damage_healed":0,"gold_gain":0,"player_choice":"Elegance","damage_taken":0,"max_hp_gain":0,"max_hp_loss":0,"event_name":"Back to Basics","floor":28,"gold_loss":0},{"damage_healed":0,"gold_gain":0,"cards_transformed":["Strike_B"],"player_choice":"Transformed","damage_taken":0,"max_hp_gain":0,"max_hp_loss":0,"event_name":"Transmorgrifier","floor":30,"gold_loss":0,"cards_obtained":["Storm"]}],"is_beta":false,"boss_relics":[{"not_picked":["Fusion Hammer","Snecko Eye"],"picked":"Sozu"}],"items_purged_floors":[3,14,21,29],"is_endless":false,"potions_floor_spawned":[1,6,10,22],"killed_by":"Gremlin Leader","ascension_level":4}}