{"host":"ow9msrs9p2ctkx99","time":1607850426,"event":{"mods":["AchievementEnabler","BaseMod","Colored Map","Colored Powertips","Minty Spire (QoL Compilation)","Permanent Neow","Quick Restart","SuperFastMode"],"gold_per_floor":[219,104,104,104,54,129,129,146,146,146,178,178,214,57,57,57,57],"floor_reached":16,"playtime":217,"items_purged":["Strike_B"],"score":156,"play_id":"aed98c41-3939-447c-8250-2d31e209d2bf","local_time":"20201213100706","is_ascension_mode":true,"campfire_choices":[{"data":"Genetic Algorithm","floor":7.0,"key":"SMITH"},{"data":"Streamline","floor":10.0,"key":"SMITH"},{"floor":12.0,"key":"REST"},{"floor":15.0,"key":"REST"}],"circlet_count":0,"master_deck":["AscendersBane","Strike_B","Strike_B","Defend_B","Defend_B","Defend_B","Defend_B","Zap","Dualcast","Streamline+1","Genetic Algorithm+1","Chill","Electrodynamics","Cold Snap"],"relics":["Cracked Core","HornCleat","Mercury Hourglass","CeramicFish","OrangePellets"],"acts_visited":["Exordium"],"potions_floor_usage":[16],"damage_taken":[{"damage":3.0,"enemies":"2 Louse","floor":1.0,"turns":3.0},{"damage":0.0,"enemies":"Small Slimes","floor":8.0,"turns":3.0},{"damage":37.0,"enemies":"Gremlin Nob","floor":11.0,"turns":4.0},{"damage":11.0,"enemies":"Lagavulin","floor":13.0,"turns":5.0},{"damage":55,"enemies":"Hexaghost","floor":16,"turns":11}],"seed_played":"-580469262227773723","potions_obtained":[{"floor":8.0,"key":"Energy Potion"},{"floor":13.0,"key":"Energy Potion"}],"is_trial":false,"path_per_floor":["M","$","?","?","?","?","R","M","T","R","E","R","E","$","R","B"],"character_chosen":"DEFECT","items_purchased":["Genetic Algorithm","OrangePellets"],"campfire_rested":2,"item_purchase_floors":[2,14],"current_hp_per_floor":[65,65,65,65,65,54,54,54,54,54,17,39,28,28,50,0,0],"gold":57,"neow_bonus":"HUNDRED_GOLD","is_daily":false,"chose_seed":false,"campfire_upgraded":2,"win_rate":0.0,"timestamp":1607850426,"path_taken":["M","$","?","?","?","?","R","M","T","R","E","R","E","?","R","BOSS"],"items_purchased_type":["Card","Relic"],"build_version":"2020-11-30","purchased_purges":1,"victory":false,"max_hp_per_floor":[75,75,75,75,75,75,75,75,75,75,75,75,75,75,75,75,75],"card_choices":[{"not_picked":["Gash","Coolheaded"],"picked":"Streamline","floor":1.0},{"not_picked":["Recycle","Streamline"],"picked":"Chill","floor":8.0},{"not_picked":["Auto Shields","Fission"],"picked":"Electrodynamics","floor":11.0},{"not_picked":["All For One","Streamline"],"picked":"Cold Snap","floor":13.0}],"player_experience":997736,"relics_obtained":[{"floor":11.0,"key":"Mercury Hourglass"},{"floor":13.0,"key":"CeramicFish"}],"event_choices":[{"damage_healed":0.0,"max_hp_gain":0.0,"max_hp_loss":0.0,"gold_gain":0.0,"event_name":"Big Fish","player_choice":"Box","floor":3.0,"gold_loss":0.0,"damage_taken":0.0,"relics_obtained":["HornCleat"],"cards_obtained":["Regret"]},{"cards_removed":["Regret"],"damage_healed":0.0,"max_hp_gain":0.0,"max_hp_loss":0.0,"gold_gain":0.0,"event_name":"Living Wall","player_choice":"Forget","floor":4.0,"gold_loss":0.0,"damage_taken":0.0},{"cards_removed":["Strike_B"],"damage_healed":0.0,"max_hp_gain":0.0,"max_hp_loss":0.0,"gold_gain":0.0,"event_name":"The Cleric","player_choice":"Card Removal","floor":5.0,"gold_loss":50.0,"damage_taken":0.0},{"damage_healed":0.0,"max_hp_gain":0.0,"max_hp_loss":0.0,"gold_gain":75.0,"event_name":"World of Goop","player_choice":"Gather Gold","floor":6.0,"gold_loss":0.0,"damage_taken":11.0}],"is_beta":false,"boss_relics":[],"items_purged_floors":[2],"is_endless":false,"potions_floor_spawned":[8,13],"killed_by":"Hexaghost","ascension_level":10}}