{"host":"f0gpob8hq9vgebej","time":1607876371,"event":{"mods":["AchievementEnabler","BaseMod","Googly Eyes","Minty Spire (QoL Compilation)","Quick Restart","SuperFastMode"],"gold_per_floor":[18,30,42,52,62,62,124,142,166,178,190,202,228,256,268,385,397,423,452,50,66,78,78,58,76,76,76,105,105,55,72,72,175,175,192,210,229,26,75,75,91,102,102,112,112,123,157,171,171,171],"floor_reached":51,"playtime":1232,"items_purged":["Strike_G","Strike_G"],"score":883,"play_id":"aa96cdfc-b8b6-405a-bf9a-8c9cb4e1dfad","local_time":"20201214011931","is_ascension_mode":true,"campfire_choices":[{"data":"Neutralize","floor":6,"key":"SMITH"},{"data":"Reflex","floor":12,"key":"SMITH"},{"data":"Prepared","floor":15,"key":"SMITH"},{"data":"Apotheosis","floor":27,"key":"SMITH"},{"floor":29,"key":"REST"},{"data":"Adrenaline","floor":32,"key":"SMITH"},{"data":"Phantasmal Killer","floor":40,"key":"SMITH"},{"floor":45,"key":"REST"},{"floor":49,"key":"REST"}],"circlet_count":0,"master_deck":["Strike_G","Strike_G","Defend_G+1","Defend_G","Defend_G","Defend_G","Survivor","Neutralize+1","Dagger Throw","Heel Hook","Calculated Gamble","Dagger Spray","Reflex+1","Prepared+1","Backstab","Adrenaline+1","Apotheosis+1","Escape Plan","Blade Dance+1","Reflex","Acrobatics","Accuracy","Phantasmal Killer+1","Adrenaline"],"relics":["Ring of the Snake","Bag of Marbles","MawBank","SlaversCollar","Letter Opener","Smiling Mask","War Paint","WristBlade","Ginger","Vajra","Lantern"],"acts_visited":["Exordium","TheCity","TheBeyond"],"potions_floor_usage":[16,16,18,33,33,50,50,50],"damage_taken":[{"damage":2,"enemies":"2 Louse","floor":1,"turns":3},{"damage":2,"enemies":"Jaw Worm","floor":2,"turns":5},{"damage":1,"enemies":"Cultist","floor":3,"turns":3},{"damage":9,"enemies":"Exordium Thugs","floor":4,"turns":5},{"damage":3,"enemies":"Looter","floor":5,"turns":3},{"damage":14,"enemies":"3 Sentries","floor":7,"turns":9},{"damage":7,"enemies":"Exordium Wildlife","floor":8,"turns":2},{"damage":0,"enemies":"3 Louse","floor":13,"turns":3},{"damage":1,"enemies":"Blue Slaver","floor":14,"turns":2},{"damage":31,"enemies":"Slime Boss","floor":16,"turns":11},{"damage":11,"enemies":"Spheric Guardian","floor":18,"turns":3},{"damage":14,"enemies":"Shell Parasite","floor":19,"turns":7},{"damage":6,"enemies":"Shelled Parasite and Fungi","floor":21,"turns":4},{"damage":1,"enemies":"Cultist and Chosen","floor":22,"turns":4},{"damage":12,"enemies":"3 Cultists","floor":25,"turns":4},{"damage":0,"enemies":"Book of Stabbing","floor":28,"turns":3},{"damage":0,"enemies":"Snecko","floor":31,"turns":4},{"damage":16,"enemies":"Automaton","floor":33,"turns":8},{"damage":0,"enemies":"Orb Walker","floor":35,"turns":1},{"damage":12,"enemies":"3 Shapes","floor":36,"turns":2},{"damage":7,"enemies":"Sphere and 2 Shapes","floor":37,"turns":2},{"damage":3,"enemies":"2 Orb Walkers","floor":39,"turns":3},{"damage":3,"enemies":"Jaw Worm Horde","floor":41,"turns":3},{"damage":0,"enemies":"Spire Growth","floor":42,"turns":2},{"damage":15,"enemies":"4 Shapes","floor":44,"turns":3},{"damage":0,"enemies":"Transient","floor":46,"turns":5},{"damage":0,"enemies":"Giant Head","floor":47,"turns":3},{"damage":0,"enemies":"Sphere and 2 Shapes","floor":48,"turns":2},{"damage":17,"enemies":"Donu and Deca","floor":50,"turns":2}],"seed_played":"-7057958414716603770","potions_obtained":[{"floor":4,"key":"LiquidMemories"},{"floor":5,"key":"SkillPotion"},{"floor":7,"key":"SpeedPotion"},{"floor":16,"key":"AttackPotion"},{"floor":24,"key":"CultistPotion"},{"floor":25,"key":"LiquidMemories"},{"floor":28,"key":"Strength Potion"},{"floor":33,"key":"CultistPotion"},{"floor":36,"key":"Fire Potion"}],"is_trial":false,"path_per_floor":["M","M","M","M","M","R","?","M","T","?","?","R","M","M","R","B",null,"M","M","$","M","M","?","?","M","T","R","E","R","$","M","R","B",null,"M","M","M","$","?","R","M","M","T","M","R","M","E","M","R","B",null],"character_chosen":"THE_SILENT","items_purchased":["Apotheosis","Letter Opener","Phantasmal Killer"],"campfire_rested":3,"item_purchase_floors":[20,20,38],"current_hp_per_floor":[68,66,65,56,53,53,39,32,32,32,37,37,37,36,36,5,75,64,50,50,44,43,43,43,31,31,31,31,53,53,53,53,37,75,75,63,56,56,53,53,50,50,50,35,57,57,57,57,75,58],"gold":171,"neow_bonus":"REMOVE_TWO","is_daily":false,"chose_seed":false,"campfire_upgraded":6,"win_rate":0.0,"timestamp":1607876371,"path_taken":["M","M","M","M","M","R","?","M","T","?","?","R","M","M","R","BOSS","M","M","$","M","M","?","?","?","T","R","E","R","$","M","R","BOSS","M","M","M","$","?","R","M","M","T","M","R","M","E","M","R","BOSS"],"items_purchased_type":["Card","Relic","Card"],"build_version":"2020-11-30","purchased_purges":2,"victory":true,"max_hp_per_floor":[70,70,70,70,70,70,70,70,70,70,75,75,75,75,75,75,75,75,75,75,75,75,75,75,75,75,75,75,75,75,75,75,75,75,75,75,75,75,75,75,75,75,75,75,75,75,75,75,75,75],"card_choices":[{"not_picked":["Underhanded Strike","Quick Slash"],"picked":"Dagger Throw","floor":1},{"not_picked":["Flying Knee","Dagger Throw"],"picked":"Heel Hook","floor":2},{"not_picked":["Underhanded Strike","Distraction","Slice"],"picked":"SKIP","floor":3},{"not_picked":["Sucker Punch","Well Laid Plans"],"picked":"Calculated Gamble","floor":4},{"not_picked":["Calculated Gamble","Flying Knee"],"picked":"Dagger Spray","floor":5},{"not_picked":["Cloak And Dagger","Dagger Throw"],"picked":"Reflex","floor":8},{"not_picked":["Sucker Punch","Acrobatics"],"picked":"Prepared","floor":13},{"not_picked":["Masterful Stab","Cloak And Dagger"],"picked":"Backstab","floor":14},{"not_picked":["A Thousand Cuts","Tools of the Trade"],"picked":"Adrenaline","floor":16},{"not_picked":["Prepared","Quick Slash+1","Bouncing Flask"],"picked":"SKIP","floor":18},{"not_picked":["Dagger Spray","Backstab+1","Prepared"],"picked":"SKIP","floor":19},{"not_picked":["Sucker Punch+1","Acrobatics"],"picked":"Escape Plan","floor":21},{"not_picked":["Dagger Spray","Underhanded Strike+1"],"picked":"Blade Dance","floor":22},{"not_picked":["Backflip","Outmaneuver+1","PiercingWail"],"picked":"SKIP","floor":25},{"not_picked":["Doppelganger","Quick Slash","Calculated Gamble"],"picked":"SKIP","floor":28},{"not_picked":["Underhanded Strike","Choke","Calculated Gamble"],"picked":"SKIP","floor":31},{"not_picked":["Blade Dance+1","Dagger Spray+1"],"picked":"Acrobatics","floor":35},{"not_picked":["Concentrate+1","Flying Knee+1"],"picked":"Accuracy","floor":36},{"not_picked":["Dagger Throw+1","Deadly Poison","Quick Slash+1"],"picked":"SKIP","floor":37},{"not_picked":["Cloak And Dagger+1","Dagger Spray+1"],"picked":"Adrenaline","floor":41},{"not_picked":["Deflect+1","Bouncing Flask","Masterful Stab+1"],"picked":"SKIP","floor":42},{"not_picked":["Terror","Leg Sweep","Sucker Punch+1"],"picked":"SKIP","floor":44},{"not_picked":["Cloak And Dagger","Outmaneuver","Riddle With Holes+1"],"picked":"SKIP","floor":46},{"not_picked":["Catalyst+1","Flying Knee+1","Skewer"],"picked":"SKIP","floor":47},{"not_picked":["Acrobatics","Slice","Backflip"],"picked":"SKIP","floor":48}],"player_experience":129308,"relics_obtained":[{"floor":9,"key":"MawBank"},{"floor":26,"key":"Smiling Mask"},{"floor":28,"key":"War Paint"},{"floor":39,"key":"Ginger"},{"floor":43,"key":"Vajra"},{"floor":47,"key":"Lantern"}],"event_choices":[{"damage_healed":0,"gold_gain":0,"player_choice":"Searched \u00272\u0027 times","damage_taken":0,"relics_obtained":["Bag of Marbles"],"max_hp_gain":0,"max_hp_loss":0,"event_name":"Dead Adventurer","floor":7,"gold_loss":0},{"damage_healed":0,"gold_gain":0,"player_choice":"Ignored","damage_taken":0,"max_hp_gain":0,"max_hp_loss":0,"event_name":"Liars Game","floor":10,"gold_loss":0},{"damage_healed":0,"gold_gain":0,"player_choice":"Donut","damage_taken":0,"max_hp_gain":5,"max_hp_loss":0,"event_name":"Big Fish","floor":11,"gold_loss":0},{"damage_healed":0,"gold_gain":0,"player_choice":"Read","damage_taken":0,"max_hp_gain":0,"max_hp_loss":0,"event_name":"The Library","floor":23,"gold_loss":0,"cards_obtained":["Reflex"]},{"damage_healed":0,"gold_gain":0,"player_choice":"Bought 1 Potion","damage_taken":0,"max_hp_gain":0,"max_hp_loss":0,"event_name":"The Woman in Blue","floor":24,"gold_loss":0},{"damage_healed":0,"gold_gain":0,"player_choice":"Fight","damage_taken":0,"max_hp_gain":0,"max_hp_loss":0,"event_name":"Mysterious Sphere","floor":39,"gold_loss":0}],"is_beta":false,"boss_relics":[{"not_picked":["Cursed Key","Astrolabe"],"picked":"SlaversCollar"},{"not_picked":["Coffee Dripper","Sozu"],"picked":"WristBlade"}],"items_purged_floors":[30,38],"is_endless":false,"potions_floor_spawned":[4,5,7,13,16,25,28,33,36,37,39,41,44],"ascension_level":3}}