{"host":"h792lphzw6wlba86","time":1607903124,"event":{"mods":["AchievementEnabler","Aspiration","Bard","BaseMod","Beaked The Cultist","Better Altar","Better Match","Better Note","Better Sensory Stone","Better Skull","Better Third Choice","BetterRewards","CCEM","Clawfect","Colored Map","Conspire","Downfall","GifTheSpireLib","Googly Eyes","Halation","Hermit","Highlight Path","Hubris","Hunter ??","Jedi Mod","Jorbs\u0027s Wanderer Trilogy","Mad Scientist","Marisa????????","Mimic Mod","Minty Spire (QoL Compilation)","Permanent Neow","Replay The Spire","Shade Mod","Shop Mod","Spicy Shops","StSLib","Stuff the Spire","The Administrix","The Blackbeard","The Bug Knight","The Construct","The Cursed","The Disciple","The Gatherer","The Hierophant","The IronCluck","The Jungle","The Mystic","The Necromancer","The Problem Sleuth","The Runesmith","The Servant 0.9.4","The Spell Scribe","The Witch","Unceasing Turn Reminder","everything is the same but u backflip on backflip","slay the spire mod where everything is the same but ironclad has a cowboy hat"],"gold_per_floor":[111,130,145,159,169,169,189,189,223,235,4,36,36,36,36,135,135,145,45,56,67,67,67,94,94,94,94,94,129,129,159,159,257,257,257,257,257],"floor_reached":35,"playtime":8046,"items_purged":["Gatherer:Strike_Gatherer","Gatherer:Strike_Gatherer"],"score":465,"play_id":"d66bf8d2-9acd-4d18-9811-2afa0459e4a5","local_time":"20201213174524","is_ascension_mode":false,"metric_token":3665,"campfire_choices":[{"data":"Gatherer:TacticalStrike","floor":6,"key":"SMITH"},{"data":"Gatherer:BlackTea","floor":8,"key":"SMITH"},{"data":"Pot Of Greed","floor":13,"key":"SMITH"},{"data":"Pot Of Greed","floor":15,"key":"SMITH"},{"data":"Gatherer:BomberForm","floor":23,"key":"SMITH"},{"data":"Pot Of Greed","floor":28,"key":"SMITH"},{"data":"Limit Break","floor":30,"key":"SMITH"},{"data":"Gatherer:Liquidism","floor":32,"key":"SMITH"}],"circlet_count":0,"master_deck":["Gatherer:Strike_Gatherer","Gatherer:Defend_Gatherer","Gatherer:Defend_Gatherer","Gatherer:Defend_Gatherer","Gatherer:Defend_Gatherer","Gatherer:Defend_Gatherer","Gatherer:Centralize","Gatherer:FinishingStrike","Gatherer:QuickSynthesis","Gatherer:FlowerFalling","Gatherer:Herbalism","Gatherer:TacticalStrike+1","Gatherer:ScherryThrow","Gatherer:BlackTea+1","Gatherer:FlowerWhip","Gatherer:Liquidism+1","Pot Of Greed+1","Pot Of Greed+1","Gatherer:QuickSynthesis","Gatherer:LuckyClover","Flame Barrier","Gatherer:BomberForm+1","Sentinel","Pot Of Greed+1","Limit Break+1","Gatherer:BlackTea"],"relics":["Gatherer:AlchemyBag","StuffTheSpire:Mouthbags","Grinning Jar","hubris:PeanutButter","hubris:Towel","aspiration:IroncladSkillbook","Pocketwatch","beaked:ShinyBauble","Bronze Scales","Replay:Wax Seal","Sozu"],"acts_visited":["Exordium","TheCity","TheBeyond"],"potions_floor_usage":[12],"damage_taken":[{"damage":0,"enemies":"Cultist","floor":1,"turns":2},{"damage":0,"enemies":"Jaw Worm","floor":2,"turns":1},{"damage":0,"enemies":"2 Louse","floor":3,"turns":2},{"damage":7,"enemies":"Blue Slaver","floor":4,"turns":2},{"damage":12,"enemies":"Exordium Thugs","floor":5,"turns":4},{"damage":0,"enemies":"2 Fungi Beasts","floor":7,"turns":2},{"damage":1,"enemies":"Lots of Slimes","floor":9,"turns":5},{"damage":6,"enemies":"Lots of Slimes","floor":10,"turns":3},{"damage":0,"enemies":"HollowMod:MossKnight","floor":12,"turns":4},{"damage":39,"enemies":"The Guardian","floor":16,"turns":10},{"damage":0,"enemies":"Spheric Guardian","floor":18,"turns":3},{"damage":0,"enemies":"Chosen","floor":20,"turns":3},{"damage":8,"enemies":"Centurion and Healer","floor":21,"turns":5},{"damage":32,"enemies":"conspire:SneckoGhost","floor":24,"turns":7},{"damage":0,"enemies":"conspire:Head Lice","floor":29,"turns":6},{"damage":12,"enemies":"Book of Stabbing","floor":31,"turns":4},{"damage":18,"enemies":"conspire:MysteriousRune","floor":33,"turns":6},{"damage":0,"enemies":"3 Darklings","floor":35,"turns":1}],"seed_played":"7156798491372285664","potions_obtained":[{"floor":4,"key":"jedi:wingpotion"},{"floor":5,"key":"Languid Potion"},{"floor":10,"key":"jedi:tentaclejuice"},{"floor":16,"key":"Languid Potion"},{"floor":29,"key":"Fire Potion"}],"is_trial":false,"path_per_floor":["M","M","M","M","M","R","M","R","MIM","M","$","E","R","?","R","B",null,"M","$","M","M","$","R","E","?","T","?","R","E","R","E","R","B",null,"M"],"character_chosen":"THE_GATHERER","items_purchased":["Grinning Jar"],"campfire_rested":0,"item_purchase_floors":[11],"current_hp_per_floor":[72,72,72,65,53,53,53,53,52,46,46,46,46,46,46,7,72,72,72,72,68,68,68,40,40,40,40,40,44,44,36,36,22,72,72,72,72],"gold":257,"neow_bonus":"TRANSFORM_CARD","is_daily":false,"chose_seed":false,"campfire_upgraded":8,"win_rate":0.0,"timestamp":1607903124,"path_taken":["M","M","?","?","M","R","?","R","MIM","M","$","E","R","?","R","BOSS","M","$","M","M","$","R","E","?","T","?","R","E","R","E","R","BOSS","M"],"items_purchased_type":["Relic"],"build_version":"2020-11-30","purchased_purges":2,"victory":false,"max_hp_per_floor":[72,72,72,72,72,72,72,72,72,72,72,72,72,72,72,72,72,72,72,72,72,72,72,72,72,72,72,72,72,72,72,72,72,72,72,72,72],"card_choices":[{"not_picked":["Gatherer:FragileHammer","Gatherer:GatherMaterial"],"picked":"Gatherer:QuickSynthesis","floor":1},{"not_picked":["Gatherer:FlowerShield","Gatherer:Convert"],"picked":"Gatherer:FlowerFalling","floor":2},{"not_picked":["Gatherer:Nutrients","Gatherer:SaveValuables"],"picked":"Gatherer:Herbalism","floor":3},{"not_picked":["Gatherer:FlowerShield","Gatherer:AromaProtection"],"picked":"Gatherer:TacticalStrike","floor":4},{"not_picked":["Gatherer:CarefulStrike","Gatherer:SaveValuables"],"picked":"Gatherer:ScherryThrow","floor":5},{"not_picked":["Gatherer:QuickSynthesis","Gatherer:BalancedGrowth"],"picked":"Gatherer:BlackTea","floor":7},{"not_picked":["Gatherer:Nutrients","Gatherer:Snatch"],"picked":"Gatherer:Liquidism","floor":10},{"not_picked":["Gatherer:UpgradeBag","Gatherer:Nutrients"],"picked":"Gatherer:QuickSynthesis","floor":12},{"not_picked":["Gatherer:StoneFence","Gatherer:ScrollOfPurity"],"picked":"Gatherer:LuckyClover","floor":16},{"not_picked":["StuffTheSpire:Resist+1","ReplayTheSpireMod:Strike From Hell","Run Through"],"picked":"Flame Barrier","floor":18},{"not_picked":["Gatherer:SaveValuables","Second Wind","Anger","Gatherer:WoolGloves"],"picked":"SKIP","floor":20},{"not_picked":["Iron Wave","Gatherer:RecipeChange","Gatherer:EchoOfNature"],"picked":"Gatherer:BomberForm","floor":21},{"not_picked":["Gatherer:FlowerPower","Twin Strike","Combust","Shockwave+1"],"picked":"SKIP","floor":24},{"not_picked":["Gatherer:DrugPower","Gatherer:Polymorphism","Heavy Blade+1"],"picked":"Limit Break","floor":29},{"not_picked":["Gatherer:TreeGrowth","Gatherer:Polymorphism","Carnage","Disarm+1"],"picked":"SKIP","floor":31},{"not_picked":["conspire:HitWhereItHurts","Gatherer:FlamingBottle","Gatherer:StoneFence"],"picked":"Gatherer:BlackTea","floor":33}],"player_experience":598121,"relics_obtained":[{"floor":9,"key":"StuffTheSpire:Mouthbags"},{"floor":12,"key":"hubris:PeanutButter"},{"floor":24,"key":"Pocketwatch"},{"floor":26,"key":"beaked:ShinyBauble"},{"floor":29,"key":"Bronze Scales"},{"floor":31,"key":"Replay:Wax Seal"}],"event_choices":[{"damage_healed":0,"gold_gain":0,"player_choice":"Ignored","damage_taken":0,"max_hp_gain":0,"max_hp_loss":0,"event_name":"betterNote:BetterNote","floor":25,"gold_loss":0,"cards_obtained":["Bludgeon"]},{"damage_healed":0,"gold_gain":0,"cards_transformed":["Gatherer:Strike_Gatherer"],"player_choice":"Transformed","damage_taken":0,"max_hp_gain":0,"max_hp_loss":0,"event_name":"Transmorgrifier","floor":27,"gold_loss":0,"cards_obtained":["Sentinel"]}],"is_beta":false,"boss_relics":[{"not_picked":["Gatherer:MiracleBag","Fusion Hammer"],"picked":"aspiration:IroncladSkillbook"},{"not_picked":["halation:Prosthetics","Snecko Eye"],"picked":"Sozu"}],"items_purged_floors":[11,19],"is_endless":false,"potions_floor_spawned":[4,5,10,16,29],"killed_by":"3 Darklings","ascension_level":0}}