{"host":"heekn7p3oagdldso","time":1607889725,"event":{"mods":["2.2 Compatiblity","AchievementEnabler","Act Like it!","Ascension Reborn","Aspiration","BaseMod","Bestiary","Better Altar","Better Match","Better Note","Better Sensory Stone","Better Skull","Better Third Choice","Better Vampires","BetterRewards","Colored Map","Colored Powertips","Curses Come First","Custom Start","Displayed Cursed Tome","Downfall","Filter the Spire","Friendly Minions","Hubris","Minty Spire (QoL Compilation)","MostiFishMod","Potion Indicator Mod","Quick Restart","Rare Cards Sparkle","Relic Stats","SCP261 Mod","Shop Mod","Spicy Shops","StSLib","SuperFastMode","Thieving Mod","vexMod"],"gold_per_floor":[99,99,60,70,84,112,112,138,63,90,109,68,68,15,28,28,28],"floor_reached":16,"playtime":1991,"items_purged":[],"score":143,"play_id":"2cded6fe-591c-4a8f-8bc1-86bef9cecc75","local_time":"20201213220205","is_ascension_mode":false,"campfire_choices":[{"floor":1,"key":"RECALL"},{"floor":9,"key":"REST"}],"circlet_count":0,"master_deck":["sneckomod:Strike","sneckomod:Strike","sneckomod:Strike","sneckomod:Defend","sneckomod:Defend","sneckomod:Defend","sneckomod:TailWhip","sneckomod:SnekBite","sneckomod:Unknown+1","sneckomod:Unknown","sneckomod:QuickMove","sneckomod:WideSting","sneckomod:SlitherStrike","sneckomod:UnknownClassSLIMEBOUND","sneckomod:IronFang","sneckomod:SnakeSap","sneckomod:DiceCrush","sneckomod:WideSting","sneckomod:ImprovisedAttack","sneckomod:RainOfDice","sneckomod:SoulDraw","sneckomod:SnekBeam","sneckomod:Mudshield"],"relics":["sneckomod:SneckoSoul","DaveBox","HaiYi:Twilight","Bird Faced Urn","Centennial Puzzle","downfall:HeartBlessingRed","PreservedInsect"],"acts_visited":["Exordium"],"potions_floor_usage":[10,15,16,16],"damage_taken":[{"damage":5,"enemies":"downfall:FleeingMerchant","floor":3,"turns":4},{"damage":6,"enemies":"Small Slimes","floor":4,"turns":3},{"damage":0,"enemies":"Cultist","floor":5,"turns":3},{"damage":21,"enemies":"3 Sentries","floor":6,"turns":5},{"damage":16,"enemies":"Lagavulin","floor":8,"turns":7},{"damage":9,"enemies":"3 Sentries","floor":10,"turns":7},{"damage":6,"enemies":"2 Louse","floor":11,"turns":3},{"damage":10,"enemies":"downfall:FleeingMerchant","floor":12,"turns":4},{"damage":23,"enemies":"downfall:FleeingMerchant","floor":14,"turns":4},{"damage":9,"enemies":"2 Fungi Beasts","floor":15,"turns":2},{"damage":45,"enemies":"downfall:Silent","floor":16,"turns":8}],"seed_played":"-1011994416241829791","potions_obtained":[{"floor":4,"key":"Dexterity Potion"},{"floor":5,"key":"Fruit Juice"},{"floor":8,"key":"Dexterity Potion"},{"floor":15,"key":"Swift Potion"}],"is_trial":false,"path_per_floor":["R","?","$","M","M","E","T","E","R","E","M","$","?","$","M","B"],"character_chosen":"THE_SNECKO","items_purchased":["sneckomod:WideSting","sneckomod:RainOfDice","sneckomod:SnekBeam"],"campfire_rested":1,"item_purchase_floors":[3,12,14],"current_hp_per_floor":[99,99,94,88,89,68,68,54,84,77,73,63,63,42,38,0,0],"gold":28,"neow_bonus":"TEN_PERCENT_HP_BONUS","is_daily":false,"chose_seed":false,"campfire_upgraded":0,"win_rate":0.0,"timestamp":1607889725,"path_taken":["R","?","$","M","M","E","T","E","R","E","M","?","?","$","M","BOSS"],"items_purchased_type":["Card","Card","Card"],"build_version":"2020-11-30","purchased_purges":0,"victory":false,"max_hp_per_floor":[99,99,99,99,100,100,100,100,100,100,100,100,100,100,105,105,105],"relic_stats":{"Centennial Puzzle":[18],"counters":[11,50],"Bird Faced Urn":[10],"PreservedInsect":0,"obtain_stats":[{"Centennial Puzzle":8,"DaveBox":0,"HaiYi:Twilight":0,"downfall:HeartBlessingRed":9,"Bird Faced Urn":6,"PreservedInsect":10,"sneckomod:SneckoSoul":0},{"Centennial Puzzle":5,"DaveBox":0,"HaiYi:Twilight":0,"downfall:HeartBlessingRed":5,"Bird Faced Urn":4,"PreservedInsect":6,"sneckomod:SneckoSoul":0},{"Centennial Puzzle":22,"DaveBox":0,"HaiYi:Twilight":0,"downfall:HeartBlessingRed":22,"Bird Faced Urn":15,"PreservedInsect":29,"sneckomod:SneckoSoul":0}]},"card_choices":[{"not_picked":["sneckomod:UnknownCommonAttack","sneckomod:DiceBlock"],"picked":"sneckomod:QuickMove","floor":3},{"not_picked":["sneckomod:QuickMove","sneckomod:UnknownCommonSkill"],"picked":"sneckomod:SlitherStrike","floor":4},{"not_picked":["sneckomod:SoulCleanse","sneckomod:SoulRoll"],"picked":"sneckomod:UnknownClassSLIMEBOUND","floor":5},{"not_picked":["sneckomod:PureSnecko","sneckomod:UnknownVulnerable"],"picked":"sneckomod:IronFang","floor":6},{"not_picked":["sneckomod:UnknownVulnerable","sneckomod:UnknownBlock"],"picked":"sneckomod:SnakeSap","floor":8},{"not_picked":["sneckomod:SoulDraw","sneckomod:DiceBlock"],"picked":"sneckomod:DiceCrush","floor":10},{"not_picked":["sneckomod:QuickMove","sneckomod:Unknown2Cost"],"picked":"sneckomod:WideSting","floor":11},{"not_picked":["sneckomod:DiceBlock","sneckomod:QuickMove"],"picked":"sneckomod:ImprovisedAttack","floor":12},{"not_picked":["sneckomod:SnakeSap","sneckomod:DiceCrush"],"picked":"sneckomod:SoulDraw","floor":14},{"not_picked":["sneckomod:Nope","sneckomod:PureSnecko"],"picked":"sneckomod:Mudshield","floor":15}],"player_experience":1018746,"relics_obtained":[{"floor":6,"key":"Bird Faced Urn"},{"floor":8,"key":"Centennial Puzzle"},{"floor":10,"key":"PreservedInsect"}],"event_choices":[{"damage_healed":0,"gold_gain":0,"player_choice":"Upgraded","damage_taken":0,"max_hp_gain":0,"max_hp_loss":0,"event_name":"Upgrade Shrine","floor":2,"gold_loss":0,"cards_upgraded":["sneckomod:Unknown"]}],"is_beta":false,"boss_relics":[],"items_purged_floors":[],"is_endless":false,"potions_floor_spawned":[4,5,8,15],"killed_by":"downfall:Silent","ascension_level":0}}