{"host":"hjw1ay65n7jm40lc","time":1607871635,"event":{"mods":["AchievementEnabler","BaseMod","Colored Map","Colored Powertips","Googly Eyes","Highlight Path","Minty Spire (QoL Compilation)","Quick Restart","Relic Stats"],"gold_per_floor":[116,116,129,94,112,112,151,151,151,175,194,194,228,248,248,342,342,358,26,49,65,89,89,128,128,128,128,128,169,194,233,233,329,329,344,231,245,26,47,47,91,114,163,163,194,219,235,266,266,266,266,266,69,112,112],"floor_reached":56,"playtime":4178,"items_purged":["Writhe"],"score":2014,"play_id":"6139c19d-6f04-480f-80e2-0910c005216f","local_time":"20201213100035","is_ascension_mode":true,"campfire_choices":[{"data":"Bash","floor":6.0,"key":"SMITH"},{"data":"Cleave","floor":8.0,"key":"SMITH"},{"floor":12.0,"key":"REST"},{"floor":15.0,"key":"REST"},{"floor":23.0,"key":"REST"},{"data":"1","floor":25.0,"key":"LIFT"},{"data":"2","floor":28.0,"key":"LIFT"},{"data":"3","floor":32.0,"key":"LIFT"},{"data":"Uppercut","floor":40.0,"key":"SMITH"},{"data":"Demon Form","floor":44.0,"key":"SMITH"},{"floor":49.0,"key":"RECALL"},{"data":"Dual Wield","floor":52.0,"key":"SMITH"}],"circlet_count":0,"master_deck":["AscendersBane","Strike_R","Strike_R","Strike_R","Strike_R","Strike_R","Defend_R","Defend_R+1","Defend_R","Defend_R+1","Bash+1","Anger","Headbutt","Cleave+1","Sword Boomerang","Immolate","Shockwave","Reaper","Rupture+1","Shrug It Off","True Grit+1","Metallicize","Uppercut+1","Demon Form+1","Impervious","Dual Wield+1","Entrench+1"],"relics":["SlaversCollar","Golden Idol","Ornamental Fan","Girya","Self Forming Clay","Busted Crown","Magic Flower","PreservedInsect","Sundial","Incense Burner","White Beast Statue","Bird Faced Urn","Snecko Eye","Potion Belt","HornCleat","Shuriken","CaptainsWheel","Bag of Preparation","War Paint"],"acts_visited":["Exordium","TheCity","TheBeyond","TheEnding"],"potions_floor_usage":[54,55,55,55],"damage_taken":[{"damage":9.0,"enemies":"Jaw Worm","floor":1.0,"turns":5.0},{"damage":0.0,"enemies":"Small Slimes","floor":3.0,"turns":2.0},{"damage":0.0,"enemies":"2 Louse","floor":5.0,"turns":3.0},{"damage":28.0,"enemies":"Gremlin Nob","floor":7.0,"turns":4.0},{"damage":9.0,"enemies":"Exordium Thugs","floor":10.0,"turns":3.0},{"damage":2.0,"enemies":"Gremlin Gang","floor":11.0,"turns":2.0},{"damage":26.0,"enemies":"Lagavulin","floor":13.0,"turns":6.0},{"damage":2.0,"enemies":"3 Louse","floor":14.0,"turns":2.0},{"damage":29.0,"enemies":"The Guardian","floor":16.0,"turns":10.0},{"damage":8.0,"enemies":"3 Byrds","floor":18.0,"turns":4.0},{"damage":13.0,"enemies":"2 Thieves","floor":20.0,"turns":4.0},{"damage":28.0,"enemies":"Shelled Parasite and Fungi","floor":21.0,"turns":6.0},{"damage":38.0,"enemies":"Chosen and Byrds","floor":22.0,"turns":5.0},{"damage":24.0,"enemies":"Slavers","floor":24.0,"turns":2.0},{"damage":11.0,"enemies":"Book of Stabbing","floor":29.0,"turns":4.0},{"damage":8.0,"enemies":"Snecko","floor":30.0,"turns":4.0},{"damage":0.0,"enemies":"Gremlin Leader","floor":31.0,"turns":5.0},{"damage":71.0,"enemies":"Collector","floor":33.0,"turns":12.0},{"damage":0.0,"enemies":"3 Darklings","floor":35.0,"turns":3.0},{"damage":14.0,"enemies":"3 Shapes","floor":37.0,"turns":5.0},{"damage":22.0,"enemies":"Writhing Mass","floor":39.0,"turns":8.0},{"damage":65.0,"enemies":"Nemesis","floor":41.0,"turns":7.0},{"damage":2.0,"enemies":"Transient","floor":42.0,"turns":5.0},{"damage":1.0,"enemies":"Giant Head","floor":45.0,"turns":5.0},{"damage":15.0,"enemies":"3 Darklings","floor":46.0,"turns":5.0},{"damage":16.0,"enemies":"Writhing Mass","floor":47.0,"turns":6.0},{"damage":0.0,"enemies":"Mind Bloom Boss Battle","floor":48.0,"turns":5.0},{"damage":29.0,"enemies":"Time Eater","floor":50.0,"turns":6.0},{"damage":30,"enemies":"Shield and Spear","floor":54,"turns":6},{"damage":93,"enemies":"The Heart","floor":55,"turns":11}],"seed_played":"-769737881487367914","potions_obtained":[{"floor":5.0,"key":"DuplicationPotion"},{"floor":13.0,"key":"SteroidPotion"},{"floor":24.0,"key":"Swift Potion"},{"floor":29.0,"key":"GamblersBrew"},{"floor":30.0,"key":"Weak Potion"},{"floor":31.0,"key":"Swift Potion"},{"floor":33.0,"key":"SkillPotion"},{"floor":35.0,"key":"ColorlessPotion"},{"floor":37.0,"key":"BloodPotion"},{"floor":39.0,"key":"SkillPotion"},{"floor":41.0,"key":"SpeedPotion"},{"floor":42.0,"key":"EssenceOfSteel"},{"floor":45.0,"key":"PowerPotion"},{"floor":46.0,"key":"BlessingOfTheForge"},{"floor":47.0,"key":"SkillPotion"},{"floor":54,"key":"EssenceOfSteel"}],"is_trial":false,"path_per_floor":["M","?","M","?","M","R","E","R","T","M","M","R","E","M","R","B",null,"M","$","M","M","M","R","E","R","T","?","R","E","M","E","R","B",null,"M","$","M","$","M","R","E","M","T","R","E","M","M","?","R","B",null,"R","$","E","B",null],"character_chosen":"IRONCLAD","items_purchased":["Magic Flower","Shrug It Off","Uppercut","Demon Form","Potion Belt","SpeedPotion","Bag of Preparation"],"campfire_rested":3,"item_purchase_floors":[19,19,36,38,38,53,53],"current_hp_per_floor":[59,41,41,59,59,59,31,31,31,22,20,42,16,14,36,7,58,56,56,52,33,4,26,29,29,29,29,29,32,38,55,55,10,59,75,75,72,72,75,75,22,49,49,49,75,72,75,75,75,53,70,70,70,45,11],"gold":112,"neow_bonus":"BOSS_RELIC","is_daily":false,"chose_seed":false,"campfire_upgraded":5,"win_rate":0.0,"timestamp":1607871635,"path_taken":["M","?","M","?","M","R","E","R","T","M","M","R","E","M","R","BOSS","M","$","M","M","M","R","E","R","T","?","R","E","M","E","R","BOSS","M","$","M","$","M","R","E","M","T","R","E","M","M","?","R","BOSS","R","$","E","BOSS"],"items_purchased_type":["Relic","Card","Card","Card","Relic","Potion","Relic"],"build_version":"2020-11-30","purchased_purges":1,"victory":true,"max_hp_per_floor":[75,75,75,75,75,75,75,75,75,75,75,75,75,75,75,75,75,75,75,75,75,75,75,75,75,75,75,75,75,75,75,75,75,75,75,75,75,75,75,75,75,75,75,75,75,75,75,75,75,75,75,75,75,75,75],"relic_stats":{"counters":[30,155],"Golden Idol":209,"Self Forming Clay":[231],"Magic Flower":[85],"PreservedInsect":346,"Bag of Preparation":[4],"War Paint":["Defend_R","Defend_R"],"Busted Crown":38,"Ornamental Fan":[212],"Sundial":[14],"Shuriken":[11],"Bird Faced Urn":[76],"Snecko Eye":[121,120,112,132],"obtain_stats":[{"Potion Belt":38,"Girya":9,"Golden Idol":2,"Self Forming Clay":13,"Magic Flower":19,"PreservedInsect":24,"Incense Burner":27,"Bag of Preparation":53,"War Paint":54,"Burning Blood":0,"White Beast Statue":29,"SlaversCollar":0,"CaptainsWheel":48,"Busted Crown":17,"HornCleat":41,"Ornamental Fan":7,"Sundial":26,"Shuriken":45,"Bird Faced Urn":31,"Snecko Eye":34},{"Potion Belt":20,"Girya":4,"Golden Idol":1,"Self Forming Clay":7,"Magic Flower":10,"PreservedInsect":14,"Incense Burner":14,"Bag of Preparation":28,"War Paint":29,"Burning Blood":0,"White Beast Statue":15,"SlaversCollar":0,"CaptainsWheel":27,"Busted Crown":9,"HornCleat":22,"Ornamental Fan":4,"Sundial":14,"Shuriken":24,"Bird Faced Urn":17,"Snecko Eye":18},{"Potion Belt":91,"Girya":14,"Golden Idol":5,"Self Forming Clay":25,"Magic Flower":41,"PreservedInsect":58,"Incense Burner":58,"Bag of Preparation":138,"War Paint":144,"Burning Blood":0,"White Beast Statue":62,"SlaversCollar":0,"CaptainsWheel":132,"Busted Crown":37,"HornCleat":106,"Ornamental Fan":14,"Sundial":58,"Shuriken":116,"Bird Faced Urn":71,"Snecko Eye":83}]},"card_choices":[{"not_picked":["Armaments","Combust"],"picked":"Anger","floor":1.0},{"not_picked":["Body Slam","Thunderclap"],"picked":"Headbutt","floor":3.0},{"not_picked":["Dual Wield","Perfected Strike","Sentinel"],"picked":"SKIP","floor":5.0},{"not_picked":["Dual Wield","Perfected Strike","Sentinel"],"picked":"SKIP","floor":5.0},{"not_picked":["Spot Weakness","Clothesline"],"picked":"Cleave","floor":7.0},{"not_picked":["Sentinel","Infernal Blade"],"picked":"Sword Boomerang","floor":10.0},{"not_picked":["Reckless Charge","Clash"],"picked":"Immolate","floor":11.0},{"not_picked":["Heavy Blade","Rampage"],"picked":"Shockwave","floor":13.0},{"not_picked":["Sword Boomerang","Second Wind","Perfected Strike"],"picked":"SKIP","floor":14.0},{"not_picked":["Bludgeon","Limit Break"],"picked":"Reaper","floor":16.0},{"not_picked":[],"picked":"Rupture+1","floor":18.0},{"not_picked":["Second Wind"],"picked":"SKIP","floor":20.0},{"not_picked":["Flex"],"picked":"SKIP","floor":21.0},{"not_picked":["Seeing Red+1"],"picked":"SKIP","floor":22.0},{"not_picked":[],"picked":"True Grit+1","floor":24.0},{"not_picked":[],"picked":"Metallicize","floor":29.0},{"not_picked":["Headbutt"],"picked":"SKIP","floor":30.0},{"not_picked":["Cleave+1"],"picked":"SKIP","floor":31.0},{"not_picked":["Dark Embrace+1"],"picked":"SKIP","floor":35.0},{"not_picked":["Second Wind"],"picked":"SKIP","floor":37.0},{"not_picked":["Power Through"],"picked":"SKIP","floor":39.0},{"not_picked":[],"picked":"Impervious","floor":41.0},{"not_picked":[],"picked":"Dual Wield","floor":42.0},{"not_picked":["Shrug It Off"],"picked":"SKIP","floor":45.0},{"not_picked":["Cleave"],"picked":"SKIP","floor":46.0},{"not_picked":["Iron Wave"],"picked":"SKIP","floor":47.0},{"not_picked":[],"picked":"Entrench+1","floor":54}],"player_experience":189365,"relics_obtained":[{"floor":7.0,"key":"Ornamental Fan"},{"floor":9.0,"key":"Girya"},{"floor":13.0,"key":"Self Forming Clay"},{"floor":24.0,"key":"PreservedInsect"},{"floor":26.0,"key":"Sundial"},{"floor":29.0,"key":"White Beast Statue"},{"floor":31.0,"key":"Bird Faced Urn"},{"floor":41.0,"key":"HornCleat"},{"floor":45.0,"key":"Shuriken"},{"floor":48.0,"key":"CaptainsWheel"},{"floor":54,"key":"War Paint"}],"event_choices":[{"damage_healed":0.0,"max_hp_gain":0.0,"max_hp_loss":0.0,"gold_gain":0.0,"event_name":"Golden Idol","player_choice":"Take Damage","floor":2.0,"gold_loss":0.0,"damage_taken":18.0,"relics_obtained":["Golden Idol"]},{"damage_healed":18.0,"max_hp_gain":0.0,"max_hp_loss":0.0,"gold_gain":0.0,"event_name":"The Cleric","player_choice":"Healed","floor":4.0,"gold_loss":35.0,"damage_taken":0.0},{"damage_healed":0.0,"max_hp_gain":0.0,"max_hp_loss":0.0,"gold_gain":0.0,"event_name":"The Mausoleum","player_choice":"Opened","floor":27.0,"gold_loss":0.0,"damage_taken":0.0,"relics_obtained":["Incense Burner"],"cards_obtained":["Writhe"]},{"damage_healed":0.0,"max_hp_gain":0.0,"max_hp_loss":0.0,"gold_gain":0.0,"event_name":"MindBloom","player_choice":"Fight","floor":48.0,"gold_loss":0.0,"damage_taken":0.0}],"is_beta":false,"boss_relics":[{"not_picked":["Runic Pyramid","Black Star"],"picked":"Busted Crown"},{"not_picked":["Velvet Choker","Cursed Key"],"picked":"Snecko Eye"}],"items_purged_floors":[36],"is_endless":false,"potions_floor_spawned":[5,13,14,24,29,30,31,33,35,37,39,41,42,45,46,47,48,54],"ascension_level":14}}