{"host":"8d5lz1qub9wfpdii","time":1607853773,"event":{"mods":["2.2 Compatiblity","AchievementEnabler","Act Like it!","Aspiration","BaseMod","Beaked The Cultist","Better Altar","Better Match","Better Note","Better Skull","Better Third Choice","BetterRewards","Colored Powertips","Conspire","Downfall","Friendly Minions","GifTheSpireLib","Hallownest","Hermit","Hubris","Infinite Spire","Jorbs\u0027s Wanderer Trilogy","Minty Spire (QoL Compilation)","RNG Fix","Relic Stats","Replay The Spire","Shade Mod","Shop Mod","Spicy Shops","StSLib","Stuff the Spire","The Animator","The Blackbeard","The Bug Knight","The Clintock","The Forsaken","The Hayseed","The Hierophant","The Necromancer","The Runesmith","The Servant 0.9.4","Wandering Minibosses"],"gold_per_floor":[112,112,124,124,193,218,218,237,284,316,329,329,329,346,346,448,448,460,476,8,8,18,18,50,50,50,67,93,109,109,128,128,227,227,238,252,222,236,236,236,247,274,274,300,300,330,347,347,347,347],"floor_reached":51,"playtime":3519,"items_purged":[],"score":862,"play_id":"69e7a105-96c8-4fdb-9187-e5f44e4692d1","local_time":"20201213203253","is_ascension_mode":false,"campfire_choices":[{"data":"Shade:AuraOfUnlife","floor":7,"key":"SMITH"},{"data":"Shade:Brains","floor":13,"key":"SMITH"},{"data":"Shade:Trample","floor":15,"key":"SMITH"},{"data":"Apotheosis","floor":25,"key":"SMITH"},{"floor":32,"key":"DIG"},{"floor":40,"key":"REST"},{"floor":45,"key":"REST"},{"floor":49,"key":"RECALL"}],"circlet_count":0,"master_deck":["Shade:Strike_Shade","Shade:Strike_Shade","Shade:Strike_Shade","Shade:Strike_Shade","Shade:Defend_Shade","Shade:Defend_Shade","Shade:Defend_Shade","Shade:Defend_Shade","Shade:AnimateDead","Shade:CarefulCut","Shade:AuraOfUnlife+1","Shade:Brains+1","Shade:SkeletonHug","Shade:Frenzy","Shade:Brains","Shade:Frenzy","Shade:Trample+1","Shade:UnbarTheGrave","Shade:GreaterAnimation","Shade:ExtraLimbs+1","Shade:Bonestorm+1","Apotheosis+1","Shade:Trample","Shade:WallOfFlesh+1","Runesmith:CraftFirestone","Shade:Coordination","Shade:ExtraLimbs","Shade:GreaterAnimation","Shade:Brains","Shade:OpenGraves","Shade:ExtraLimbs+1","hubris:Gluttony","Shade:Asphyxiate","Shade:StitchTogether+1","Shade:Frenzy+1"],"relics":["Shade:YorickSkull","Replay:WaspNest","Strawberry","Anchor","StuffTheSpire:OldFever","Black Star","PreservedInsect","aspiration:Nostalgia","m_RuneBlood","Boot","Blue Candle","infinitespire:CheckeredPen","Nunchaku","Replay:Arrowhead","infinitespire:Magic Flask","Fusion Hammer","Cursed Key","hubris:GlazedTorus","ReplayTheSpireMod:Lightbulb","Mirror","StuffTheSpire:EmeraldSignet","Incense Burner","hubris:Metronome","Potion Belt","hubris:DisguiseKit"],"acts_visited":["Exordium","TheCity","TheBeyond"],"potions_floor_usage":[10,16,24,33,33,33,38,42,42,44,46,50],"damage_taken":[{"damage":3,"enemies":"Small Slimes","floor":1,"turns":4},{"damage":2,"enemies":"2 Louse","floor":3,"turns":3},{"damage":4,"enemies":"HollowMod:MossKnight","floor":6,"turns":9},{"damage":0,"enemies":"Jaw Worm","floor":8,"turns":3},{"damage":1,"enemies":"Replay:BlueRogue","floor":10,"turns":6},{"damage":12,"enemies":"Exordium Thugs","floor":11,"turns":6},{"damage":0,"enemies":"Exordium Wildlife","floor":14,"turns":7},{"damage":10,"enemies":"Slime Boss","floor":16,"turns":13},{"damage":0,"enemies":"Chosen","floor":18,"turns":5},{"damage":14,"enemies":"Spheric Guardian","floor":19,"turns":6},{"damage":0,"enemies":"Snake Plant","floor":22,"turns":5},{"damage":15,"enemies":"Book of Stabbing","floor":24,"turns":4},{"damage":12,"enemies":"Shelled Parasite and Fungi","floor":27,"turns":5},{"damage":1,"enemies":"Replay:Snechameleon","floor":28,"turns":4},{"damage":1,"enemies":"Cultist and Chosen","floor":29,"turns":6},{"damage":7,"enemies":"Snake Plant","floor":31,"turns":3},{"damage":19,"enemies":"conspire:MysteriousRune","floor":33,"turns":9},{"damage":3,"enemies":"Orb Walker","floor":35,"turns":4},{"damage":0,"enemies":"3 Shapes","floor":36,"turns":5},{"damage":8,"enemies":"Jaw Worm Horde","floor":38,"turns":4},{"damage":0,"enemies":"Transient","floor":41,"turns":5},{"damage":34,"enemies":"Nemesis","floor":42,"turns":3},{"damage":4,"enemies":"Giant Head","floor":44,"turns":8},{"damage":0,"enemies":"R_Hoarder","floor":46,"turns":4},{"damage":2,"enemies":"Maw","floor":47,"turns":6},{"damage":9,"enemies":"hubris:GrandSnecko","floor":50,"turns":10}],"seed_played":"-8756370761167206435","potions_obtained":[{"floor":2,"key":"Languid Potion"},{"floor":2,"key":"Block Potion"},{"floor":2,"key":"Explosive Potion"},{"floor":3,"key":"Adrenaline Potion"},{"floor":11,"key":"PowerPotion"},{"floor":14,"key":"DuplicationPotion"},{"floor":19,"key":"Reflective Coating"},{"floor":27,"key":"FearPotion"},{"floor":29,"key":"Fire Potion"},{"floor":33,"key":"SkillPotion"},{"floor":37,"key":"LiquidBronze"},{"floor":37,"key":"Strength Potion"},{"floor":41,"key":"PowerPotion"},{"floor":46,"key":"Strength Potion"}],"is_trial":false,"path_per_floor":["M","?","M","?","T","E","R","M","T","E","M","?","R","M","R","B",null,"M","M","$","?","M","$","E","R","T","M","E","M","?","M","R","B",null,"M","M","?","M","AVR","R","M","E","T","E","R","E","M","?","R","B",null],"character_chosen":"SHADE","items_purchased":["PreservedInsect","aspiration:Nostalgia","Apotheosis"],"campfire_rested":2,"item_purchase_floors":[20,20,20],"current_hp_per_floor":[62,62,60,65,65,68,68,68,68,67,55,70,70,70,70,60,77,77,63,63,63,66,66,54,54,54,45,47,49,42,38,38,22,77,77,77,77,72,72,77,77,46,46,47,70,73,76,77,77,77],"gold":347,"neow_bonus":"THREE_CARDS","is_daily":false,"chose_seed":false,"campfire_upgraded":4,"win_rate":0.0,"timestamp":1607853773,"path_taken":["M","?","M","?","?","E","R","?","T","E","M","?","R","M","R","BOSS","M","M","$","?","?","$","E","R","T","M","E","M","?","M","R","BOSS","M","?","?","M","AVR","R","?","E","T","E","R","E","M","?","R","BOSS"],"items_purchased_type":["Relic","Relic","Card"],"build_version":"2020-11-30","purchased_purges":0,"victory":true,"max_hp_per_floor":[65,65,65,70,70,77,77,77,77,77,77,77,77,77,77,77,77,77,77,77,77,77,77,77,77,77,77,77,77,77,77,77,77,77,77,77,77,77,77,77,77,77,77,77,77,77,77,77,77,77],"relic_stats":{"Nunchaku":[9],"counters":[379,1316],"Blue Candle":[3],"PreservedInsect":325,"Black Star":5,"Boot":[29],"Cursed Key":1,"obtain_stats":[{"Replay:Accelerometer":9,"Hallownest:UnbreakableCardRelic":71,"StuffTheSpire:BottledHeartBeat":0,"StuffTheSpire:BottledEssence":56,"aspiration:PoetsPen_weak":102,"Replay:Wanted Poster":136,"Blood Vial":54,"conspire:GlowingRock":25,"infinitespire:ShieldingShard":9,"aspiration:BabyByrd":13,"beaked:SacredDeck":34,"Fusion Hammer":34,"Replay:Bottled Flurry":105,"HollowMod:PaleOreRelic":114,"m_SnakeCloak":47,"MerchantsRug":37,"hubris:MobiusCoin":6,"Blue Candle":40,"Eternal Feather":0,"StuffTheSpire:Wildfire":9,"Pen Nib":96,"infinitespire:Magic Flask":32,"infinitespire:EvilPickle":34,"infinitespire:Lychee Nut":0,"hubris:Reverence":13,"Regal Pillow":56,"Torii":17,"King of Hearts":6,"StuffTheSpire:GrapeVine":6,"Smiling Mask":108,"Ancient Tea Set":19,"Burning Blood":0,"Pet Ghost":29,"conspire:InfiniteJournal":0,"StuffTheSpire:Gunfinga":7,"infinitespire:Bottled Soul":111,"aspiration:AnachronicSnailShell":32,"hubris:CuriousFeather":25,"Chemical X":0,"infinitespire:Eraser":8,"wanderingMiniBosses:LockLocket":42,"aspiration:ChemicalBlood":13,"Potion Belt":60,"Lee\u0027s Waffle":0,"Runesmith:Nanobots":70,"Replay:M_StaffOfTheSnake":4,"NeowsBlessing":0,"Golden Idol":5,"blackbeard:LoadTheCannons":0,"Circlet":0,"PreservedInsect":77,"infinitespire:Lucky Rock":87,"hubris:Towel":147,"Replay:Arrowhead":28,"StuffTheSpire:Mouthbags":39,"hubris:Spice":115,"Durian":0,"Garlic":22,"Slimebound:AbsorbEndCombat":55,"Runesmith:AutoHammer":26,"hubris:CrackedHourglass":40,"conspire:DeflatedDodgeball":144,"infinitespire:Midas Blood":23,"Tiny House":17,"Calipers":24,"Gremlin Horn":9,"hubris:VirtuousBlindfold":34,"HollowMod:StagPassRelic":55,"hubris:TerracottaHorce":91,"TheSimpletonMod:TheHarvester":19,"Centennial Puzzle":15,"Philosopher\u0027s Stone":19,"Prayer Wheel":0,"Girya":26,"ReplayTheSpireMod:CursedCoin":20,"StuffTheSpire:ForceGauntlet":94,"hubris:FruitBowl":11,"Charon\u0027s Ashes":8,"Ring of Chaos":17,"aspiration:HiddenCompartment":37,"hubris:Zylophone":0,"Du-Vu Doll":0,"OrangePellets":22,"conspire:GiftBox":48,"ReplayTheSpireMod:Spearhead":14,"aspiration:EmptySkull":59,"hubris:PeanutButter":0,"StuffTheSpire:PointBlank":27,"Mirror":6,"aspiration:HatOfInfinitePower":40,"StuffTheSpire:OldFever":43,"Hallownest:StagBellRelic1":104,"Black Blood":34,"aspiration:TomeofQuesting":6,"Juzu Bracelet":130,"Sizzling Blood":0,"Replay:Mystery Machine":11,"hubris:RunicObelisk":68,"PrismaticShard":183,"theForsaken:Gavel":200,"aspiration:StickyExplosives_weak":14,"Nunchaku":28,"hubris:Icosahedron":112,"aspiration:DefectSkillbook":68,"hubris:Stopwatch":68,"hubris:IronBody":5,"Red Mask":30,"StuffTheSpire:Nightcore":0,"Guide Book":165,"Replay:WaspNest":145,"hubris:MedicalManual":0,"Odd Mushroom":104,"Medical Kit":73,"Mercury Hourglass":26,"Calling Bell":22,"StuffTheSpire:HistoryBook":21,"infinitespire:Satchel":61,"Runesmith:UraniumAnvil":119,"StuffTheSpire:CocoNut":9,"hubris:BundleOfHerbs":92,"infinitespire:Burning Sword":85,"Bag of Marbles":0,"aspiration:RitualDagger":17,"Membership Card":11,"FossilizedHelix":0,"hubris:OldNail":9,"m_RuneBlood":20,"Golden Egg":22,"infinitespire:BottledMercury":99,"StuffTheSpire:Barrel":6,"Whetstone":89,"Ginger":0,"Boot":40,"aspiration:RitualStick":121,"Sundial":42,"hubris:DeckOfHolding":105,"infinitespire:Golems Mask":0,"Kunai":8,"Replay:Wax Seal":60,"hubris:TinFlute":9,"Pear":4,"Counterbalance":74,"aspiration:FrozenJewel":9,"Ooze Armor":51,"hubris:BottledHeart":178,"DeathKnight:PutricidesVial":19,"hubris:TenFootPole":11,"infinitespire:PuzzleCube":43,"conspire:Flyswatter":74,"Lantern":5,"hubris:Metronome":48,"Blue Doll":149,"Painkiller Herb":34,"StuffTheSpire:EmeraldSignet":43,"Bag of Preparation":113,"Cursed Key":39,"Replay:Rubber Ducky":0,"StuffTheSpire:OccultApparatus":30,"BranchBurnRelic":23,"Shovel":11,"Matryoshka":9,"hubris:FunFungus":23,"hubris:ChampionShield":107,"hubris:GlazedTorus":0,"Paper Frog":112,"StuffTheSpire:TintedRock":21,"aspiration:VileToxins":93,"Self Forming Clay":8,"StuffTheSpire:Expresso":88,"Thread and Needle":148,"infinitespire:Joker Card":39,"Omamori":43,"infinitespire:CheckeredPen":116,"Frozen Egg 2":128,"MawBank":151,"Busted Crown":102,"Orrery":0,"Bottled Lightning":31,"ReplayTheSpireMod:Lightbulb":72,"Vajra":22,"conspire:SeveredTorchhead":17,"Lizard Tail":143,"HornCleat":9,"aspiration:MobileForge":21,"conspire:DecoderRing":62,"Strawberry":22,"Toxic Egg 2":113,"conspire:Dentures":99,"Happy Flower":11,"aspiration:Nostalgia":4,"Dead Branch":22,"Oddly Smooth Stone":43,"infinitespire:Beetle Shell":92,"aspiration:SeaSaltIceCream":47,"War Paint":26,"Bottled Flame":11,"Replay:Baseball":0,"Brimstone":7,"Bronze Scales":79,"StuffTheSpire:GreaterSneckoEye":39,"StuffTheSpire:DarkSteelAnvil":0,"Molten Egg 2":6,"Simple Rune":0,"hubris:ToyBattleship":90,"ReplayTheSpireMod:TigerMarble":182,"Black Star":17,"Meat on the Bone":27,"ReplayFunnel":0,"beaked:ShinyBauble":46,"theForsaken:ScaryMask":142,"Replay:PocketPolymizer":23,"theForsaken:Lifeblossom":57,"conspire:SpecialSausage":17,"hubris:SlimyHat":74,"Incense Burner":14,"theForsaken:PlagueMask":22,"ClockworkSouvenir":0,"StuffTheSpire:Experiment12":114,"Replay:Bandana":41,"StuffTheSpire:HeavyRock":82,"Pantograph":0,"Gambling Chip":76,"Tiny Chest":11,"Red Skull":6,"StuffTheSpire:Tea":9,"Gremlin Food":23,"hubris:DisguiseKit":46,"BargainBundle":0,"ReplayTheSpireMod:Ninjato":91,"Replay:Towering Pillar of Hats":0,"aspiration:FetidBarrel":6,"White Beast Statue":31,"Peace Pipe":133,"Anchor":48,"CaptainsWheel":0,"infinitespire:WardingShard":26,"aspiration:WatcherSkillbook":19,"Another Sword":25,"hubris:Potato":125,"DeathKnight:SindragosasSkull":0},{"Replay:Accelerometer":195,"Hallownest:UnbreakableCardRelic":32,"StuffTheSpire:BottledHeartBeat":247,"StuffTheSpire:BottledEssence":26,"aspiration:PoetsPen_weak":300,"Replay:Wanted Poster":59,"Blood Vial":235,"conspire:GlowingRock":12,"infinitespire:ShieldingShard":97,"aspiration:BabyByrd":136,"beaked:SacredDeck":224,"Fusion Hammer":370,"Replay:Bottled Flurry":302,"HollowMod:PaleOreRelic":49,"m_SnakeCloak":90,"MerchantsRug":16,"hubris:MobiusCoin":114,"Blue Candle":86,"Eternal Feather":65,"StuffTheSpire:Wildfire":180,"Pen Nib":297,"infinitespire:Magic Flask":369,"infinitespire:EvilPickle":204,"infinitespire:Lychee Nut":247,"hubris:Reverence":70,"Regal Pillow":26,"Torii":184,"King of Hearts":213,"StuffTheSpire:GrapeVine":194,"Smiling Mask":48,"Ancient Tea Set":120,"Burning Blood":0,"Pet Ghost":79,"conspire:InfiniteJournal":247,"StuffTheSpire:Gunfinga":133,"infinitespire:Bottled Soul":48,"aspiration:AnachronicSnailShell":154,"hubris:CuriousFeather":260,"Chemical X":65,"infinitespire:Eraser":69,"wanderingMiniBosses:LockLocket":87,"aspiration:ChemicalBlood":146,"Potion Belt":237,"Lee\u0027s Waffle":92,"Runesmith:Nanobots":280,"Replay:M_StaffOfTheSnake":67,"NeowsBlessing":111,"Golden Idol":132,"blackbeard:LoadTheCannons":138,"Circlet":0,"PreservedInsect":35,"infinitespire:Lucky Rock":39,"hubris:Towel":62,"Replay:Arrowhead":367,"StuffTheSpire:Mouthbags":17,"hubris:Spice":307,"Durian":105,"Garlic":219,"Slimebound:AbsorbEndCombat":271,"Runesmith:AutoHammer":152,"hubris:CrackedHourglass":17,"conspire:DeflatedDodgeball":62,"infinitespire:Midas Blood":75,"Tiny House":8,"Calipers":151,"Gremlin Horn":143,"hubris:VirtuousBlindfold":155,"HollowMod:StagPassRelic":271,"hubris:TerracottaHorce":39,"TheSimpletonMod:TheHarvester":217,"Centennial Puzzle":255,"Philosopher\u0027s Stone":185,"Prayer Wheel":344,"Girya":200,"ReplayTheSpireMod:CursedCoin":257,"StuffTheSpire:ForceGauntlet":40,"hubris:FruitBowl":252,"Charon\u0027s Ashes":115,"Ring of Chaos":256,"aspiration:HiddenCompartment":84,"hubris:Zylophone":65,"Du-Vu Doll":344,"OrangePellets":258,"conspire:GiftBox":91,"ReplayTheSpireMod:Spearhead":215,"aspiration:EmptySkull":273,"hubris:PeanutButter":161,"StuffTheSpire:PointBlank":77,"Mirror":142,"aspiration:HatOfInfinitePower":228,"StuffTheSpire:OldFever":18,"Hallownest:StagBellRelic1":46,"Black Blood":15,"aspiration:TomeofQuesting":109,"Juzu Bracelet":56,"Sizzling Blood":344,"Replay:Mystery Machine":166,"hubris:RunicObelisk":242,"PrismaticShard":335,"theForsaken:Gavel":342,"aspiration:StickyExplosives_weak":71,"Nunchaku":367,"hubris:Icosahedron":48,"aspiration:DefectSkillbook":279,"hubris:Stopwatch":31,"hubris:IronBody":3,"Red Mask":80,"StuffTheSpire:Nightcore":176,"Guide Book":330,"Replay:WaspNest":62,"hubris:MedicalManual":187,"Odd Mushroom":302,"Medical Kit":281,"Mercury Hourglass":12,"Calling Bell":219,"StuffTheSpire:HistoryBook":103,"infinitespire:Satchel":27,"Runesmith:UraniumAnvil":52,"StuffTheSpire:CocoNut":128,"hubris:BundleOfHerbs":295,"infinitespire:Burning Sword":38,"Bag of Marbles":161,"aspiration:RitualDagger":197,"Membership Card":252,"FossilizedHelix":92,"hubris:OldNail":213,"m_RuneBlood":363,"Golden Egg":258,"infinitespire:BottledMercury":299,"StuffTheSpire:Barrel":127,"Whetstone":39,"Ginger":247,"Boot":17,"aspiration:RitualStick":310,"Sundial":208,"hubris:DeckOfHolding":46,"infinitespire:Golems Mask":247,"Kunai":190,"Replay:Wax Seal":27,"hubris:TinFlute":165,"Pear":178,"Counterbalance":246,"aspiration:FrozenJewel":115,"Ooze Armor":23,"hubris:BottledHeart":334,"DeathKnight:PutricidesVial":170,"hubris:TenFootPole":181,"infinitespire:PuzzleCube":208,"conspire:Flyswatter":282,"Lantern":163,"hubris:Metronome":269,"Blue Doll":63,"Painkiller Herb":82,"StuffTheSpire:EmeraldSignet":375,"Bag of Preparation":49,"Cursed Key":373,"Replay:Rubber Ducky":211,"StuffTheSpire:OccultApparatus":154,"BranchBurnRelic":219,"Shovel":135,"Matryoshka":251,"hubris:FunFungus":173,"hubris:ChampionShield":47,"hubris:GlazedTorus":65,"Paper Frog":304,"StuffTheSpire:TintedRock":74,"aspiration:VileToxins":296,"Self Forming Clay":143,"StuffTheSpire:Expresso":293,"Thread and Needle":62,"infinitespire:Joker Card":227,"Omamori":230,"infinitespire:CheckeredPen":51,"Frozen Egg 2":56,"MawBank":64,"Busted Crown":45,"Orrery":211,"Bottled Lightning":81,"ReplayTheSpireMod:Lightbulb":32,"Vajra":258,"conspire:SeveredTorchhead":72,"Lizard Tail":62,"HornCleat":69,"aspiration:MobileForge":74,"conspire:DecoderRing":27,"Strawberry":198,"Toxic Egg 2":305,"conspire:Dentures":44,"Happy Flower":214,"aspiration:Nostalgia":67,"Dead Branch":219,"Oddly Smooth Stone":266,"infinitespire:Beetle Shell":40,"aspiration:SeaSaltIceCream":90,"War Paint":76,"Bottled Flame":144,"Replay:Baseball":211,"Brimstone":180,"Bronze Scales":35,"StuffTheSpire:GreaterSneckoEye":159,"StuffTheSpire:DarkSteelAnvil":65,"Molten Egg 2":164,"Simple Rune":191,"hubris:ToyBattleship":294,"ReplayTheSpireMod:TigerMarble":335,"Black Star":361,"Meat on the Bone":221,"ReplayFunnel":65,"beaked:ShinyBauble":20,"theForsaken:ScaryMask":62,"Replay:PocketPolymizer":259,"theForsaken:Lifeblossom":27,"conspire:SpecialSausage":147,"hubris:SlimyHat":34,"Incense Burner":137,"theForsaken:PlagueMask":11,"ClockworkSouvenir":211,"StuffTheSpire:Experiment12":306,"Replay:Bandana":18,"StuffTheSpire:HeavyRock":37,"Pantograph":65,"Gambling Chip":247,"Tiny Chest":6,"Red Skull":4,"StuffTheSpire:Tea":4,"Gremlin Food":151,"hubris:DisguiseKit":377,"BargainBundle":344,"ReplayTheSpireMod:Ninjato":39,"Replay:Towering Pillar of Hats":211,"aspiration:FetidBarrel":68,"White Beast Statue":14,"Peace Pipe":58,"Anchor":210,"CaptainsWheel":344,"infinitespire:WardingShard":221,"aspiration:WatcherSkillbook":102,"Another Sword":152,"hubris:Potato":55,"DeathKnight:SindragosasSkull":65},{"Replay:Accelerometer":748,"Hallownest:UnbreakableCardRelic":148,"StuffTheSpire:BottledHeartBeat":934,"StuffTheSpire:BottledEssence":131,"aspiration:PoetsPen_weak":1068,"Replay:Wanted Poster":215,"Blood Vial":917,"conspire:GlowingRock":66,"infinitespire:ShieldingShard":335,"aspiration:BabyByrd":504,"beaked:SacredDeck":891,"Fusion Hammer":1268,"Replay:Bottled Flurry":1070,"HollowMod:PaleOreRelic":193,"m_SnakeCloak":312,"MerchantsRug":90,"hubris:MobiusCoin":413,"Blue Candle":300,"Eternal Feather":233,"StuffTheSpire:Wildfire":692,"Pen Nib":1062,"infinitespire:Magic Flask":1259,"infinitespire:EvilPickle":797,"infinitespire:Lychee Nut":934,"hubris:Reverence":252,"Regal Pillow":131,"Torii":701,"King of Hearts":839,"StuffTheSpire:GrapeVine":746,"Smiling Mask":191,"Ancient Tea Set":449,"Burning Blood":0,"Pet Ghost":283,"conspire:InfiniteJournal":934,"StuffTheSpire:Gunfinga":494,"infinitespire:Bottled Soul":191,"aspiration:AnachronicSnailShell":589,"hubris:CuriousFeather":983,"Chemical X":233,"infinitespire:Eraser":249,"wanderingMiniBosses:LockLocket":305,"aspiration:ChemicalBlood":555,"Potion Belt":921,"Lee\u0027s Waffle":320,"Runesmith:Nanobots":1029,"Replay:M_StaffOfTheSnake":239,"NeowsBlessing":410,"Golden Idol":493,"blackbeard:LoadTheCannons":521,"Circlet":0,"PreservedInsect":156,"infinitespire:Lucky Rock":170,"hubris:Towel":223,"Replay:Arrowhead":1250,"StuffTheSpire:Mouthbags":94,"hubris:Spice":1079,"Durian":384,"Garlic":872,"Slimebound:AbsorbEndCombat":1013,"Runesmith:AutoHammer":582,"hubris:CrackedHourglass":94,"conspire:DeflatedDodgeball":223,"infinitespire:Midas Blood":266,"Tiny House":44,"Calipers":579,"Gremlin Horn":544,"hubris:VirtuousBlindfold":597,"HollowMod:StagPassRelic":1013,"hubris:TerracottaHorce":170,"TheSimpletonMod:TheHarvester":866,"Centennial Puzzle":960,"Philosopher\u0027s Stone":706,"Prayer Wheel":1135,"Girya":777,"ReplayTheSpireMod:CursedCoin":976,"StuffTheSpire:ForceGauntlet":172,"hubris:FruitBowl":949,"Charon\u0027s Ashes":419,"Ring of Chaos":971,"aspiration:HiddenCompartment":295,"hubris:Zylophone":233,"Du-Vu Doll":1135,"OrangePellets":978,"conspire:GiftBox":313,"ReplayTheSpireMod:Spearhead":854,"aspiration:EmptySkull":1017,"hubris:PeanutButter":625,"StuffTheSpire:PointBlank":274,"Mirror":539,"aspiration:HatOfInfinitePower":901,"StuffTheSpire:OldFever":101,"Hallownest:StagBellRelic1":186,"Black Blood":84,"aspiration:TomeofQuesting":403,"Juzu Bracelet":208,"Sizzling Blood":1135,"Replay:Mystery Machine":641,"hubris:RunicObelisk":928,"PrismaticShard":1123,"theForsaken:Gavel":1133,"aspiration:StickyExplosives_weak":257,"Nunchaku":1250,"hubris:Icosahedron":191,"aspiration:DefectSkillbook":1027,"hubris:Stopwatch":146,"hubris:IronBody":14,"Red Mask":284,"StuffTheSpire:Nightcore":677,"Guide Book":1110,"Replay:WaspNest":223,"hubris:MedicalManual":714,"Odd Mushroom":1070,"Medical Kit":1032,"Mercury Hourglass":66,"Calling Bell":872,"StuffTheSpire:HistoryBook":369,"infinitespire:Satchel":134,"Runesmith:UraniumAnvil":200,"StuffTheSpire:CocoNut":481,"hubris:BundleOfHerbs":1059,"infinitespire:Burning Sword":167,"Bag of Marbles":625,"aspiration:RitualDagger":763,"Membership Card":949,"FossilizedHelix":320,"hubris:OldNail":839,"m_RuneBlood":1232,"Golden Egg":978,"infinitespire:BottledMercury":1066,"StuffTheSpire:Barrel":476,"Whetstone":170,"Ginger":934,"Boot":94,"aspiration:RitualStick":1082,"Sundial":815,"hubris:DeckOfHolding":186,"infinitespire:Golems Mask":934,"Kunai":730,"Replay:Wax Seal":134,"hubris:TinFlute":637,"Pear":684,"Counterbalance":933,"aspiration:FrozenJewel":419,"Ooze Armor":126,"hubris:BottledHeart":1121,"DeathKnight:PutricidesVial":655,"hubris:TenFootPole":694,"infinitespire:PuzzleCube":815,"conspire:Flyswatter":1036,"Lantern":629,"hubris:Metronome":1007,"Blue Doll":224,"Painkiller Herb":292,"StuffTheSpire:EmeraldSignet":1288,"Bag of Preparation":193,"Cursed Key":1280,"Replay:Rubber Ducky":830,"StuffTheSpire:OccultApparatus":589,"BranchBurnRelic":872,"Shovel":501,"Matryoshka":947,"hubris:FunFungus":667,"hubris:ChampionShield":187,"hubris:GlazedTorus":233,"Paper Frog":1072,"StuffTheSpire:TintedRock":263,"aspiration:VileToxins":1060,"Self Forming Clay":544,"StuffTheSpire:Expresso":1054,"Thread and Needle":223,"infinitespire:Joker Card":898,"Omamori":907,"infinitespire:CheckeredPen":196,"Frozen Egg 2":208,"MawBank":226,"Busted Crown":184,"Orrery":830,"Bottled Lightning":286,"ReplayTheSpireMod:Lightbulb":148,"Vajra":978,"conspire:SeveredTorchhead":260,"Lizard Tail":223,"HornCleat":249,"aspiration:MobileForge":263,"conspire:DecoderRing":134,"Strawberry":769,"Toxic Egg 2":1076,"conspire:Dentures":180,"Happy Flower":849,"aspiration:Nostalgia":239,"Dead Branch":872,"Oddly Smooth Stone":997,"infinitespire:Beetle Shell":172,"aspiration:SeaSaltIceCream":312,"War Paint":271,"Bottled Flame":550,"Replay:Baseball":830,"Brimstone":692,"Bronze Scales":156,"StuffTheSpire:GreaterSneckoEye":614,"StuffTheSpire:DarkSteelAnvil":233,"Molten Egg 2":633,"Simple Rune":736,"hubris:ToyBattleship":1056,"ReplayTheSpireMod:TigerMarble":1123,"Black Star":1221,"Meat on the Bone":878,"ReplayFunnel":233,"beaked:ShinyBauble":112,"theForsaken:ScaryMask":223,"Replay:PocketPolymizer":981,"theForsaken:Lifeblossom":134,"conspire:SpecialSausage":565,"hubris:SlimyHat":153,"Incense Burner":514,"theForsaken:PlagueMask":60,"ClockworkSouvenir":830,"StuffTheSpire:Experiment12":1078,"Replay:Bandana":101,"StuffTheSpire:HeavyRock":164,"Pantograph":233,"Gambling Chip":934,"Tiny Chest":33,"Red Skull":23,"StuffTheSpire:Tea":23,"Gremlin Food":579,"hubris:DisguiseKit":1300,"BargainBundle":1135,"ReplayTheSpireMod:Ninjato":170,"Replay:Towering Pillar of Hats":830,"aspiration:FetidBarrel":244,"White Beast Statue":76,"Peace Pipe":212,"Anchor":825,"CaptainsWheel":1135,"infinitespire:WardingShard":878,"aspiration:WatcherSkillbook":365,"Another Sword":582,"hubris:Potato":206,"DeathKnight:SindragosasSkull":233}]},"card_choices":[{"not_picked":["Shade:CoffinDance","Shade:SensePrey"],"picked":"Shade:AuraOfUnlife","floor":0},{"not_picked":["Shade:AncientSpear","Shade:CallWraith"],"picked":"Shade:Brains","floor":1},{"not_picked":["Shade:Premonition","Shade:FeralStrike"],"picked":"Shade:SkeletonHug","floor":3},{"not_picked":["Shade:GreyBargain","Shade:LastGasp"],"picked":"Shade:Frenzy","floor":6},{"not_picked":["Shade:CoffinDance","Shade:BoneShards"],"picked":"Shade:Brains","floor":8},{"not_picked":["Shade:Haruspicy","Shade:Carnophage"],"picked":"Shade:Frenzy","floor":10},{"not_picked":["Shade:ClawBack","Shade:BoneShards"],"picked":"Shade:Trample","floor":11},{"not_picked":["Shade:Patience","Shade:FeralStrike"],"picked":"Shade:UnbarTheGrave","floor":14},{"not_picked":["Shade:MadHubris","Shade:LastGasp"],"picked":"Shade:GreaterAnimation","floor":16},{"not_picked":["Shade:FuneraryArmor+1","Shade:DangerousRitual"],"picked":"Shade:ExtraLimbs+1","floor":18},{"not_picked":["Shade:BoneShards+1","Shade:AuraOfUnlife"],"picked":"Shade:Bonestorm+1","floor":19},{"not_picked":["Shade:ExtraLimbs","Shade:GraveStillness"],"picked":"Shade:Trample","floor":22},{"not_picked":["Shade:Excise","Shade:MadHubris"],"picked":"Shade:WallOfFlesh+1","floor":24},{"not_picked":["Shade:FuneraryArmor","Shade:Asphyxiate+1"],"picked":"Runesmith:CraftFirestone","floor":27},{"not_picked":["Shade:CoffinDance","Shade:CallWraith"],"picked":"Shade:Coordination","floor":28},{"not_picked":["Shade:FleshOffering","Shade:Premonition"],"picked":"Shade:ExtraLimbs","floor":29},{"not_picked":["Bash+1","Shade:Trample","Headbutt"],"picked":"SKIP","floor":31},{"not_picked":["Demonic Infusion","Shade:OminousRitual"],"picked":"Shade:GreaterAnimation","floor":33},{"not_picked":["Shade:GreyBargain+1","Shade:BoneShards"],"picked":"Shade:Brains","floor":35},{"not_picked":["Shade:FreshBones","Shade:CloudOfShrapnel"],"picked":"Shade:OpenGraves","floor":36},{"not_picked":["Shade:ScuttlingHand+1","Shade:GreyBargain+1","Shade:RavenousHorde+1"],"picked":"SKIP","floor":38},{"not_picked":["Shade:LastGasp","Shade:WallOfFlesh+1","Shade:CloudOfShrapnel"],"picked":"SKIP","floor":41},{"not_picked":["Shade:CoffinDance","Shade:OpenGraves"],"picked":"Shade:ExtraLimbs+1","floor":42},{"not_picked":["Shade:SpontaneousRitual","Shade:ClawBack+1"],"picked":"Shade:Asphyxiate","floor":44},{"not_picked":["Shade:ClawBack","Shade:Trample+1"],"picked":"Shade:StitchTogether+1","floor":46},{"not_picked":["Shade:GraveStillness+1","Shade:Asphyxiate","Toxic_Smoke_Screen"],"picked":"Shade:Frenzy+1","floor":47}],"player_experience":84825,"relics_obtained":[{"floor":5,"key":"Replay:WaspNest"},{"floor":6,"key":"Strawberry"},{"floor":9,"key":"Anchor"},{"floor":10,"key":"StuffTheSpire:OldFever"},{"floor":24,"key":"Boot"},{"floor":24,"key":"Blue Candle"},{"floor":26,"key":"infinitespire:CheckeredPen"},{"floor":28,"key":"Nunchaku"},{"floor":28,"key":"Replay:Arrowhead"},{"floor":32,"key":"infinitespire:Magic Flask"},{"floor":42,"key":"ReplayTheSpireMod:Lightbulb"},{"floor":42,"key":"Mirror"},{"floor":43,"key":"StuffTheSpire:EmeraldSignet"},{"floor":44,"key":"Incense Burner"},{"floor":44,"key":"hubris:Metronome"},{"floor":46,"key":"Potion Belt"},{"floor":46,"key":"hubris:DisguiseKit"}],"event_choices":[{"damage_healed":0,"gold_gain":0,"player_choice":"Got Potions","damage_taken":0,"max_hp_gain":0,"max_hp_loss":0,"event_name":"Lab","floor":2,"gold_loss":0},{"damage_healed":0,"gold_gain":0,"player_choice":"Donut","damage_taken":0,"max_hp_gain":5,"max_hp_loss":0,"event_name":"Big Fish","floor":4,"gold_loss":0},{"damage_healed":0,"gold_gain":0,"player_choice":"Ignored","damage_taken":0,"max_hp_gain":0,"max_hp_loss":0,"event_name":"betterNote:BetterNote","floor":21,"gold_loss":0,"cards_obtained":["blackbeard:IntimidatingStrike"]},{"damage_healed":0,"gold_gain":0,"player_choice":"Damaged","damage_taken":7,"max_hp_gain":0,"max_hp_loss":0,"event_name":"Wheel of Change","floor":30,"gold_loss":0},{"damage_healed":0,"gold_gain":0,"player_choice":"Bought 2 Potions","damage_taken":0,"max_hp_gain":0,"max_hp_loss":0,"event_name":"The Woman in Blue","floor":37,"gold_loss":0}],"is_beta":false,"boss_relics":[{"not_picked":["aspiration:SecretTechniqueScroll","hubris:GrandSneckoEye"],"picked":"Black Star"},{"not_picked":["conspire:SlowCooker","Painkiller Herb"],"picked":"Fusion Hammer"}],"items_purged_floors":[],"is_endless":false,"potions_floor_spawned":[3,8,11,14,19,27,29,33,41,46],"ascension_level":0}}