{"host":"ljavmhyz2e552xgo","time":1607850872,"event":{"mods":["BaseMod","Better Third Choice","Downfall","Friendly Minions","Minty Spire (QoL Compilation)","Permanent Neow","Spicy Shops","StSLib"],"gold_per_floor":[99,119,138,169,344,269,269,269,288,311,336,15,0,13,25,123,123,123,223,223,234,234,264,264,293,319,319,343,343,343],"floor_reached":29,"playtime":1718,"items_purged":[],"score":243,"play_id":"7069d48f-0768-40c2-a906-ae16bdeea864","local_time":"20201213031432","is_ascension_mode":false,"campfire_choices":[{"floor":1,"key":"RECALL"},{"data":"hexamod:GhostflameInferno","floor":6,"key":"SMITH"},{"data":"hexamod:Incineration","floor":8,"key":"SMITH"},{"data":"hexamod:ThermalTransfer","floor":18,"key":"SMITH"},{"data":"hexamod:ParanormalForm","floor":20,"key":"SMITH"},{"data":"hexamod:PhantomCloak","floor":22,"key":"SMITH"},{"floor":27,"key":"REST"}],"circlet_count":0,"master_deck":["hexamod:Strike","hexamod:Strike","hexamod:Strike","hexamod:Strike","hexamod:Defend","hexamod:Defend","hexamod:Defend","hexamod:Defend","hexamod:Sear","hexamod:Float","hexamod:GhostflameInferno+1","hexamod:ThermalTransfer+1","hexamod:Incineration+1","hexamod:SpectersWail","Doubt","hexamod:HexaLevel","hexamod:RadiantFlame","hexamod:AdvancingGuard","hexamod:ChargedBarrage","hexamod:ParanormalForm+1","hexamod:NecessarySacrifice","hexamod:PhantomCloak+1","hexamod:DynamicBlow","hexamod:HeatShield+1","hexamod:Hexaguard","hexamod:GhostShield+1"],"relics":["hexamod:SpiritBrand","HornCleat","downfall:HeartBlessingRed","InkBottle","Oddly Smooth Stone","Pen Nib","Torii","Snecko Eye","Pocketwatch","Pear","Bag of Preparation","CeramicFish"],"acts_visited":["Exordium","TheCity"],"potions_floor_usage":[16,16,21,23,23,25,28],"damage_taken":[{"damage":0,"enemies":"Small Slimes","floor":2,"turns":3},{"damage":0,"enemies":"Jaw Worm","floor":3,"turns":3},{"damage":13,"enemies":"3 Sentries","floor":4,"turns":7},{"damage":3,"enemies":"2 Louse","floor":9,"turns":2},{"damage":0,"enemies":"downfall:FleeingMerchant","floor":12,"turns":4},{"damage":0,"enemies":"downfall:FleeingMerchant","floor":13,"turns":4},{"damage":10,"enemies":"Large Slime","floor":14,"turns":5},{"damage":0,"enemies":"Red Slaver","floor":15,"turns":4},{"damage":2,"enemies":"downfall:Silent","floor":16,"turns":6},{"damage":24,"enemies":"downfall:Ironclad","floor":19,"turns":7},{"damage":0,"enemies":"Shell Parasite","floor":21,"turns":2},{"damage":45,"enemies":"Gremlin Leader","floor":23,"turns":7},{"damage":0,"enemies":"3 Cultists","floor":25,"turns":4},{"damage":0,"enemies":"Snake Plant","floor":26,"turns":3},{"damage":0,"enemies":"Snecko","floor":28,"turns":4},{"damage":0,"enemies":"Shelled Parasite and Fungi","floor":29,"turns":1}],"seed_played":"-390093927818206922","potions_obtained":[{"floor":3,"key":"Strength Potion"},{"floor":14,"key":"Swift Potion"},{"floor":15,"key":"hexamod:EctoCoolerPotion"},{"floor":16,"key":"ColorlessPotion"},{"floor":19,"key":"Explosive Potion"},{"floor":23,"key":"Energy Potion"},{"floor":26,"key":"Slimebound:ThreeZeroPotion"},{"floor":28,"key":"Swift Potion"}],"is_trial":false,"path_per_floor":["R","M","M","E","?","R","T","R","M","T","T","$","$","M","M","B",null,"R","?","R","M","R","E","T","M","M","R","M","M"],"character_chosen":"THE_SPIRIT","items_purchased":["Torii"],"campfire_rested":1,"item_purchase_floors":[12],"current_hp_per_floor":[70,70,70,57,57,57,57,57,54,54,54,54,54,44,44,42,70,70,56,56,56,56,11,11,11,11,35,35,35,35],"gold":343,"neow_bonus":"ONE_RANDOM_RARE_CARD","is_daily":false,"chose_seed":false,"campfire_upgraded":5,"win_rate":0.0,"timestamp":1607850872,"path_taken":["R","M","M","E","?","R","T","R","M","?","?","$","$","?","M","BOSS","R","?","R","M","R","E","T","M","M","R","M","M"],"items_purchased_type":["Relic"],"build_version":"2020-11-30","purchased_purges":0,"victory":false,"max_hp_per_floor":[70,70,70,70,70,70,70,70,70,70,70,70,70,70,70,70,70,70,80,80,80,80,80,80,80,80,80,80,80,80],"card_choices":[{"not_picked":["hexamod:SpectersWail","hexamod:HauntingEcho"],"picked":"hexamod:ThermalTransfer","floor":2},{"not_picked":["hexamod:NightmareStrike","hexamod:InspiringFlames"],"picked":"hexamod:Incineration","floor":3},{"not_picked":["hexamod:Firestarter","hexamod:FastForward"],"picked":"hexamod:SpectersWail","floor":4},{"not_picked":["hexamod:GhostLash","hexamod:BacktrackSmack"],"picked":"hexamod:HexaLevel","floor":9},{"not_picked":["hexamod:NightmareStrike","hexamod:RainOfEmbers"],"picked":"hexamod:RadiantFlame","floor":12},{"not_picked":["hexamod:HauntingEcho","hexamod:ShieldOfDarkness"],"picked":"hexamod:AdvancingGuard","floor":13},{"not_picked":["hexamod:RainOfEmbers","hexamod:SkipABeat"],"picked":"hexamod:ChargedBarrage","floor":14},{"not_picked":["hexamod:RainOfEmbers","hexamod:ChargedBarrage","hexamod:SpectersWail"],"picked":"SKIP","floor":15},{"not_picked":["hexamod:TurnItUp","hexamod:HexaLevel"],"picked":"hexamod:ParanormalForm","floor":16},{"not_picked":["hexamod:SwordOfDarkness","hexamod:RadiantFlame"],"picked":"hexamod:NecessarySacrifice","floor":19},{"not_picked":["hexamod:Again+1","hexamod:SkipABeat"],"picked":"hexamod:PhantomCloak","floor":21},{"not_picked":["hexamod:ThermalTransfer","hexamod:Firestarter"],"picked":"hexamod:DynamicBlow","floor":23},{"not_picked":["hexamod:GhostflameBarrier+1","hexamod:GhostShield"],"picked":"hexamod:HeatShield+1","floor":25},{"not_picked":["hexamod:ThirdSeal","hexamod:SpectersWail"],"picked":"hexamod:Hexaguard","floor":26},{"not_picked":["hexamod:RainOfEmbers","hexamod:BurningTouch"],"picked":"hexamod:GhostShield+1","floor":28}],"player_experience":1394596,"relics_obtained":[{"floor":4,"key":"HornCleat"},{"floor":7,"key":"InkBottle"},{"floor":10,"key":"Oddly Smooth Stone"},{"floor":11,"key":"Pen Nib"},{"floor":19,"key":"Pocketwatch"},{"floor":19,"key":"Pear"},{"floor":23,"key":"Bag of Preparation"},{"floor":24,"key":"CeramicFish"}],"event_choices":[],"is_beta":false,"boss_relics":[{"not_picked":["Empty Cage","Philosopher\u0027s Stone"],"picked":"Snecko Eye"}],"items_purged_floors":[],"is_endless":false,"potions_floor_spawned":[3,14,15,16,19,23,26,28],"killed_by":"Shelled Parasite and Fungi","ascension_level":0}}