{"host":"51dweoxrcspgw6ri","time":1607879300,"event":{"mods":["BaseMod","Colored Map","Colored Powertips","Minty Spire (QoL Compilation)","Rare Cards Sparkle","Relic Stats","StSLib","SuperFastMode","The Bug Knight"],"gold_per_floor":[110,121,296,311,261,261,280,355,355,355,382,382,399,416,416,519,519,546,540,11,24,35,35,35],"floor_reached":23,"playtime":1914,"items_purged":[],"score":195,"play_id":"80d6799d-7d38-4e1d-8d0d-78904fa52544","local_time":"20201213180820","is_ascension_mode":false,"campfire_choices":[{"data":"HollowMod:QuirrelsAssistance","floor":6.0,"key":"SMITH"},{"floor":10,"key":"REST"},{"floor":15,"key":"REST"}],"circlet_count":0,"master_deck":["HollowMod:NailStrikeStart","HollowMod:NailStrikeStart","HollowMod:NailStrikeStart+1","HollowMod:NailStrikeStart+1","HollowMod:QuickDashStart","HollowMod:QuickDashStart","HollowMod:QuickDashStart","HollowMod:QuickDashStart","HollowMod:FocusHealStart","HollowMod:PogoStrike","HollowMod:QuirrelsAssistance+1","HollowMod:BaldurShell","HollowMod:SharpenedNail","HollowMod:MothsMistake+1","HollowMod:HuntersJournal","HollowMod:CornifersMapStart","HollowMod:InfectionAssault","HollowMod:LifebloodCore","CurseOfTheBell","HollowMod:DoubleDash+1","HollowMod:InfectedAttack","HollowMod:CycloneSlash+1","HollowMod:SiblingsSouls+1","Discovery+1","HollowMod:GoodIntentions+1","HollowMod:HowlingWraiths","HollowMod:GoodIntentions+1","HollowMod:DoubleDash+1","HollowMod:BlackTendrils","HollowMod:GoodIntentions+1"],"relics":["HollowMod:VesselMask","Whetstone","Dream Catcher","InkBottle","Calling Bell","MawBank","Toxic Egg 2","Prayer Wheel","StoneCalendar"],"acts_visited":["Exordium","TheCity"],"potions_floor_usage":[7,16,18,19,21,23],"damage_taken":[{"damage":1.0,"enemies":"Jaw Worm","floor":1.0,"turns":3.0},{"damage":4.0,"enemies":"Small Slimes","floor":2.0,"turns":3.0},{"damage":0.0,"enemies":"2 Louse","floor":4.0,"turns":2.0},{"damage":6,"enemies":"Gremlin Gang","floor":7,"turns":4},{"damage":12,"enemies":"HollowMod:MossKnight","floor":11,"turns":10},{"damage":5,"enemies":"Red Slaver","floor":13,"turns":4},{"damage":7,"enemies":"2 Fungi Beasts","floor":14,"turns":3},{"damage":33,"enemies":"HollowMod:FalseKnight","floor":16,"turns":8},{"damage":12,"enemies":"3 Byrds","floor":18,"turns":5},{"damage":11,"enemies":"2 Thieves","floor":19,"turns":4},{"damage":43,"enemies":"Centurion and Healer","floor":21,"turns":6},{"damage":41,"enemies":"Snake Plant","floor":22,"turns":7},{"damage":18,"enemies":"Slavers","floor":23,"turns":1}],"seed_played":"-870077351347292424","potions_obtained":[{"floor":4.0,"key":"Block Potion"},{"floor":11,"key":"Weak Potion"},{"floor":13,"key":"LiquidBronze"},{"floor":16,"key":"SpeedPotion"},{"floor":22,"key":"Dexterity Potion"}],"is_trial":false,"path_per_floor":["M","M","?","M","?","R","M","?","T","R","E","?","M","M","R","B",null,"M","M","$","M","M","E"],"character_chosen":"THE_BUGKNIGHT","items_purchased":["Discovery+1","HollowMod:GoodIntentions+1","StoneCalendar","HollowMod:HowlingWraiths","Regen Potion"],"campfire_rested":2,"item_purchase_floors":[20,20,20,20,20],"current_hp_per_floor":[74,70,70,70,70,70,64,53,53,75,63,63,58,51,73,40,75,63,58,58,36,10,0,0],"gold":35,"neow_bonus":"RANDOM_COMMON_RELIC","is_daily":false,"chose_seed":false,"campfire_upgraded":1,"win_rate":0.0,"timestamp":1607879300,"path_taken":["M","M","?","M","?","R","M","?","T","R","E","?","M","M","R","BOSS","M","M","$","M","M","E"],"items_purchased_type":["Card","Card","Relic","Card","Potion"],"build_version":"2020-11-30","purchased_purges":0,"victory":false,"max_hp_per_floor":[75,75,75,75,75,75,75,75,75,75,75,75,75,75,75,75,75,75,75,75,75,75,75,75],"relic_stats":{"Dream Catcher":2,"counters":[13,60],"Prayer Wheel":4,"StoneCalendar":[15],"Whetstone":["HollowMod:NailStrikeStart","HollowMod:NailStrikeStart"],"MawBank":36,"obtain_stats":[{"Calling Bell":17,"Dream Catcher":9,"HollowMod:VesselMask":0,"Prayer Wheel":17,"StoneCalendar":20,"Whetstone":0,"Toxic Egg 2":17,"MawBank":17,"InkBottle":11},{"Calling Bell":8,"Dream Catcher":4,"HollowMod:VesselMask":0,"Prayer Wheel":8,"StoneCalendar":10,"Whetstone":0,"Toxic Egg 2":8,"MawBank":8,"InkBottle":5},{"Calling Bell":37,"Dream Catcher":12,"HollowMod:VesselMask":0,"Prayer Wheel":37,"StoneCalendar":46,"Whetstone":0,"Toxic Egg 2":37,"MawBank":37,"InkBottle":22}],"InkBottle":[11]},"card_choices":[{"not_picked":["HollowMod:InfectedCysts","HollowMod:DesolateDive"],"picked":"HollowMod:QuirrelsAssistance","floor":1.0},{"not_picked":["HollowMod:NewJinnsSoul","HollowMod:DescendingDark"],"picked":"HollowMod:BaldurShell","floor":2.0},{"not_picked":["HollowMod:CoiledNail","HollowMod:ShadowDash","HollowMod:VengefulVoid"],"picked":"SKIP","floor":4.0},{"not_picked":["HollowMod:SharpenedShadows","HollowMod:CoiledNail","HollowMod:WraithStrike"],"picked":"SKIP","floor":7},{"not_picked":["HollowMod:theNailsmith","HollowMod:InfectedCysts"],"picked":"HollowMod:SharpenedNail","floor":10},{"not_picked":["HollowMod:LifebloodCocoon","HollowMod:ShapeofUnn"],"picked":"HollowMod:MothsMistake","floor":11},{"not_picked":["HollowMod:AbyssShriek","HollowMod:TaintedHusks"],"picked":"HollowMod:HuntersJournal","floor":13},{"not_picked":["HollowMod:Grubsong","HollowMod:ChannelNail"],"picked":"HollowMod:CornifersMapStart","floor":14},{"not_picked":["HollowMod:InfectedAttack","HollowMod:SoulStrike"],"picked":"HollowMod:InfectionAssault","floor":15},{"not_picked":["HollowMod:NewInfectedGuardian","HollowMod:ElderbugsWisdom"],"picked":"HollowMod:LifebloodCore","floor":16},{"not_picked":["HollowMod:SoulStrike","HollowMod:Grubsong"],"picked":"HollowMod:DoubleDash+1","floor":18},{"not_picked":["HollowMod:NewJinnsSoul+1","HollowMod:SharpenedNail"],"picked":"HollowMod:InfectedAttack","floor":18},{"not_picked":["HollowMod:LifebloodCocoon+1","HollowMod:NewLittleFool"],"picked":"HollowMod:CycloneSlash+1","floor":19},{"not_picked":["HollowMod:SoulVessel","HollowMod:DashSlash"],"picked":"HollowMod:SiblingsSouls+1","floor":19},{"not_picked":["HollowMod:SharpenedNail","HollowMod:SoulMaster"],"picked":"HollowMod:GoodIntentions+1","floor":21},{"not_picked":["HollowMod:BaldurShell","HollowMod:CrystalDash+1"],"picked":"HollowMod:DoubleDash+1","floor":21},{"not_picked":["HollowMod:AbyssShriek","HollowMod:WraithStrike"],"picked":"HollowMod:BlackTendrils","floor":22},{"not_picked":["HollowMod:TaintedHusks+1","HollowMod:HowlingWraiths"],"picked":"HollowMod:GoodIntentions+1","floor":22}],"player_experience":516116,"relics_obtained":[{"floor":9,"key":"Dream Catcher"},{"floor":11,"key":"InkBottle"},{"floor":17,"key":"MawBank"},{"floor":17,"key":"Toxic Egg 2"},{"floor":17,"key":"Prayer Wheel"}],"event_choices":[{"damage_healed":0.0,"max_hp_gain":0.0,"max_hp_loss":0.0,"gold_gain":175.0,"event_name":"Liars Game","player_choice":"AGREE","floor":3.0,"gold_loss":0.0,"damage_taken":0.0,"cards_obtained":["Doubt"]},{"cards_removed":["Doubt"],"damage_healed":0.0,"max_hp_gain":0.0,"max_hp_loss":0.0,"gold_gain":0.0,"event_name":"The Cleric","player_choice":"Card Removal","floor":5.0,"gold_loss":50.0,"damage_taken":0.0},{"damage_healed":0,"gold_gain":75,"player_choice":"Gather Gold","damage_taken":11,"max_hp_gain":0,"max_hp_loss":0,"event_name":"World of Goop","floor":8,"gold_loss":0},{"damage_healed":0,"gold_gain":0,"player_choice":"Grow","damage_taken":0,"max_hp_gain":0,"max_hp_loss":0,"event_name":"Living Wall","floor":12,"gold_loss":0,"cards_upgraded":["HollowMod:MothsMistake"]}],"is_beta":false,"boss_relics":[{"not_picked":["Astrolabe","Snecko Eye"],"picked":"Calling Bell"}],"items_purged_floors":[],"is_endless":false,"potions_floor_spawned":[4,11,13,16,22],"killed_by":"Slavers","ascension_level":0}}