{"host":"jv6ql3rcplqr94ru","time":1607845506,"event":{"mods":["AchievementEnabler","Act Like it!","BaseMod","Colored Map","Downfall","Minty Spire (QoL Compilation)","Rare Cards Sparkle","StSLib","everything is the same but u backflip on backflip","slay the spire mod where everything is the same but ironclad has a cowboy hat"],"gold_per_floor":[99,99,99,129,129,129,129,161,171,171,184,184,198,209,219,318,318,318,34,50,35,53,53,53,53,72,72,72,121,135,20,31,126,126,126,14,45,45,58,58,58,74,74,174,188,201,221,221,241,241,241],"floor_reached":50,"playtime":3437,"items_purged":["hexamod:Defend","hexamod:Strike","hexamod:Strike"],"score":557,"play_id":"15968fbb-9006-472b-b838-281b388ad042","local_time":"20201213084506","is_ascension_mode":false,"campfire_choices":[{"data":"hexamod:Float","floor":1,"key":"SMITH"},{"data":"hexamod:EmpoweredFlame","floor":3,"key":"SMITH"},{"data":"hexamod:Firestarter","floor":6,"key":"SMITH"},{"data":"hexamod:EmpoweredFlame","floor":10,"key":"SMITH"},{"data":"hexamod:SearingWound","floor":18,"key":"SMITH"},{"data":"hexamod:EmpoweringStance","floor":23,"key":"SMITH"},{"data":"hexamod:RainOfEmbers","floor":25,"key":"SMITH"},{"data":"hexamod:Hexaguard","floor":27,"key":"SMITH"},{"data":"hexamod:TimeWarp","floor":35,"key":"SMITH"},{"data":"expansioncontent:Collect","floor":38,"key":"SMITH"},{"data":"hexamod:Sear","floor":40,"key":"SMITH"},{"floor":43,"key":"REST"}],"circlet_count":0,"master_deck":["hexamod:Strike","hexamod:Strike","hexamod:Defend","hexamod:Defend","hexamod:Defend","hexamod:Sear+1","hexamod:Float+1","hexamod:EmpoweredFlame+1","hexamod:Firestarter+1","hexamod:Hexaguard+1","hexamod:EmpoweredFlame+1","hexamod:StepThrough","hexamod:SearingWound+1","hexamod:Hexaguard+1","hexamod:RainOfEmbers+1","hexamod:SpectersWail+1","hexamod:EmpoweringStance+1","hexamod:HeatMetal+1","hexamod:GhostflameBarrier+1","hexamod:TimeWarp+1","expansioncontent:Collect+1","hexamod:ParanormalForm","hexamod:RadiantFlame+1"],"relics":["hexamod:SpiritBrand","downfall:HeartsMalice","Meat on the Bone","Kunai","Tiny Chest","Black Star","Chemical X","InkBottle","Dream Catcher","Velvet Choker","Mercury Hourglass","Question Card","StrikeDummy","Molten Egg 2","Akabeko"],"acts_visited":["Exordium","TheCity","TheBeyond"],"potions_floor_usage":[14,16,30,33,33,42,45,50,50],"damage_taken":[{"damage":0,"enemies":"2 Louse","floor":2,"turns":1},{"damage":0,"enemies":"Gremlin Nob","floor":4,"turns":1},{"damage":0,"enemies":"Cultist","floor":5,"turns":1},{"damage":13,"enemies":"Lagavulin","floor":8,"turns":6},{"damage":5,"enemies":"Jaw Worm","floor":9,"turns":3},{"damage":0,"enemies":"Exordium Wildlife","floor":11,"turns":3},{"damage":0,"enemies":"Lots of Slimes","floor":13,"turns":4},{"damage":4,"enemies":"Exordium Thugs","floor":14,"turns":4},{"damage":5,"enemies":"Gremlin Gang","floor":15,"turns":5},{"damage":12,"enemies":"downfall:Ironclad","floor":16,"turns":6},{"damage":0,"enemies":"downfall:FleeingMerchant","floor":19,"turns":4},{"damage":1,"enemies":"Spheric Guardian","floor":20,"turns":5},{"damage":4,"enemies":"downfall:FleeingMerchant","floor":21,"turns":4},{"damage":0,"enemies":"3 Byrds","floor":22,"turns":4},{"damage":11,"enemies":"Centurion and Healer","floor":26,"turns":6},{"damage":12,"enemies":"3 Cultists","floor":30,"turns":4},{"damage":9,"enemies":"downfall:FleeingMerchant","floor":31,"turns":4},{"damage":0,"enemies":"Chosen and Byrds","floor":32,"turns":4},{"damage":20,"enemies":"downfall:Defect","floor":33,"turns":7},{"damage":9,"enemies":"downfall:FleeingMerchant","floor":36,"turns":4},{"damage":6,"enemies":"Reptomancer","floor":37,"turns":6},{"damage":0,"enemies":"Orb Walker","floor":39,"turns":3},{"damage":0,"enemies":"3 Shapes","floor":42,"turns":4},{"damage":15,"enemies":"Writhing Mass","floor":45,"turns":4},{"damage":3,"enemies":"Maw","floor":46,"turns":7},{"damage":0,"enemies":"4 Shapes","floor":47,"turns":5},{"damage":6,"enemies":"3 Darklings","floor":49,"turns":6},{"damage":90,"enemies":"downfall:Silent","floor":50,"turns":5}],"seed_played":"-8311403586971217260","potions_obtained":[{"floor":9,"key":"Guardian:BlockOnCardUsePotion"},{"floor":11,"key":"DuplicationPotion"},{"floor":14,"key":"DistilledChaos"},{"floor":15,"key":"sneckomod:MuddlingPotion"},{"floor":20,"key":"LiquidMemories"},{"floor":30,"key":"Energy Potion"},{"floor":32,"key":"SkillPotion"},{"floor":33,"key":"Fire Potion"},{"floor":37,"key":"Weak Potion"},{"floor":42,"key":"Fruit Juice"},{"floor":46,"key":"ColorlessPotion"},{"floor":47,"key":"SteroidPotion"}],"is_trial":false,"path_per_floor":["R","M","R","E","M","R","T","E","M","R","M","?","M","M","M","B",null,"R","$","M","$","M","R","T","R","M","R","?","T","M","$","M","B",null,"R","$","E","R","M","R","T","M","R","?","M","M","M","T","M","B"],"character_chosen":"THE_SPIRIT","items_purchased":["Chemical X","hexamod:RainOfEmbers","Mercury Hourglass","expansioncontent:Collect"],"campfire_rested":1,"item_purchase_floors":[19,19,36,36],"current_hp_per_floor":[70,70,70,70,70,70,70,57,52,52,52,80,80,76,71,59,80,80,80,79,75,75,75,75,75,64,64,49,49,49,52,52,44,85,85,76,70,70,70,70,70,75,90,90,75,72,72,72,66,0,0],"gold":241,"neow_bonus":"THREE_ENEMY_KILL","is_daily":false,"chose_seed":false,"campfire_upgraded":11,"win_rate":0.0,"timestamp":1607845506,"path_taken":["R","M","R","E","M","R","T","E","M","R","M","?","M","M","M","BOSS","R","?","M","$","M","R","T","R","M","R","?","?","M","$","M","BOSS","R","?","E","R","M","R","T","M","R","?","M","?","M","?","M","BOSS"],"items_purchased_type":["Relic","Card","Relic","Card"],"build_version":"2020-11-30","purchased_purges":3,"victory":false,"max_hp_per_floor":[70,70,70,70,70,70,70,70,70,70,70,80,80,80,80,80,80,80,80,80,80,80,80,80,80,80,80,85,85,85,85,85,85,85,85,85,85,85,85,85,85,90,90,90,90,90,90,90,90,90,90],"card_choices":[{"not_picked":["hexamod:GhostOfSpirePresent","hexamod:ThermalTransfer"],"picked":"hexamod:EmpoweredFlame","floor":2},{"not_picked":["hexamod:ShieldOfDarkness","hexamod:SwordOfDarkness"],"picked":"hexamod:Firestarter","floor":4},{"not_picked":["hexamod:SwordOfDarkness","hexamod:NightmareStrike"],"picked":"hexamod:Hexaguard","floor":5},{"not_picked":["hexamod:FastForward","hexamod:NightmareGuise"],"picked":"hexamod:EmpoweredFlame","floor":8},{"not_picked":["hexamod:SpectersWail","hexamod:Hexaguard"],"picked":"hexamod:StepThrough","floor":9},{"not_picked":["hexamod:BurningTouch","hexamod:GhostLash"],"picked":"hexamod:GiftsFromTheDead","floor":11},{"not_picked":["hexamod:Incineration","hexamod:BacktrackSmack","hexamod:SkipABeat"],"picked":"SKIP","floor":13},{"not_picked":["hexamod:Again","hexamod:GhostLash","hexamod:BacktrackSmack"],"picked":"SKIP","floor":14},{"not_picked":["hexamod:ThermalTransfer","hexamod:BacktrackSmack","hexamod:GhostShield"],"picked":"SKIP","floor":15},{"not_picked":["hexamod:FifthSeal","hexamod:UnleashSpirits"],"picked":"hexamod:SearingWound","floor":16},{"not_picked":["hexamod:Again+1","hexamod:RainOfEmbers"],"picked":"hexamod:Hexaguard+1","floor":19},{"not_picked":["hexamod:GhostOfSpireFuture","hexamod:Hexaguard+1"],"picked":"hexamod:SpectersWail+1","floor":20},{"not_picked":["hexamod:GhostOfSpirePast+1","hexamod:NecessarySacrifice"],"picked":"hexamod:EmpoweringStance","floor":21},{"not_picked":["hexamod:PhantomFireball","hexamod:BacktrackSmack","hexamod:BurningTouch"],"picked":"SKIP","floor":22},{"not_picked":["hexamod:Incineration","hexamod:ThirdSeal"],"picked":"hexamod:HeatMetal+1","floor":26},{"not_picked":["hexamod:SoulSteal","hexamod:Hexaguard","hexamod:Haunt"],"picked":"SKIP","floor":30},{"not_picked":["hexamod:InspiringFlames","hexamod:FastForward+1","hexamod:Firestarter"],"picked":"SKIP","floor":31},{"not_picked":["hexamod:Hexaguard","hexamod:HauntingEcho"],"picked":"hexamod:GhostflameBarrier+1","floor":32},{"not_picked":["hexamod:SearingWound","hexamod:ParanormalForm"],"picked":"hexamod:TimeWarp","floor":33},{"not_picked":["hexamod:Incineration","hexamod:SpectersWail","hexamod:Firestarter"],"picked":"SKIP","floor":36},{"not_picked":["hexamod:NecessarySacrifice+1","hexamod:EtherealExpedition","hexamod:FirstSeal"],"picked":"SKIP","floor":37},{"not_picked":["hexamod:SpectersWail+1","hexamod:GhostLash+1","hexamod:SwordOfDarkness","hexamod:ThermalTransfer"],"picked":"SKIP","floor":39},{"not_picked":["hexamod:GhostflameBarrier+1","hexamod:GhostShield","hexamod:AdvancingGuard","hexamod:BacktrackSmack+1"],"picked":"SKIP","floor":42},{"not_picked":["hexamod:NightmareStrike+1","hexamod:FastForward+1","hexamod:DynamicBlow+1"],"picked":"hexamod:ParanormalForm","floor":43},{"not_picked":["hexamod:AdvancingGuard+1","hexamod:NecessarySacrifice","hexamod:NightmareGuise","hexamod:SpectersWail+1"],"picked":"SKIP","floor":45},{"not_picked":["hexamod:RetreatToShadows","hexamod:Incineration+1","hexamod:RecurringNightmare"],"picked":"hexamod:RadiantFlame+1","floor":46},{"not_picked":["hexamod:ChargedBarrage+1","hexamod:FirstSeal","hexamod:Rewind+1","hexamod:BurningTouch"],"picked":"SKIP","floor":47},{"not_picked":["hexamod:StepThrough+1","hexamod:InspiringFlames+1","hexamod:BurningTouch","hexamod:SwordOfDarkness+1"],"picked":"SKIP","floor":49}],"player_experience":294277,"relics_obtained":[{"floor":4,"key":"Meat on the Bone"},{"floor":7,"key":"Kunai"},{"floor":8,"key":"Tiny Chest"},{"floor":24,"key":"InkBottle"},{"floor":29,"key":"Dream Catcher"},{"floor":37,"key":"Question Card"},{"floor":37,"key":"StrikeDummy"},{"floor":41,"key":"Molten Egg 2"},{"floor":48,"key":"Akabeko"}],"event_choices":[{"cards_removed":["hexamod:GiftsFromTheDead"],"damage_healed":18,"gold_gain":0,"player_choice":"Offered Rare","damage_taken":0,"max_hp_gain":10,"max_hp_loss":0,"event_name":"Bonfire Elementals","floor":12,"gold_loss":0}],"is_beta":false,"boss_relics":[{"not_picked":["Philosopher\u0027s Stone","Pandora\u0027s Box"],"picked":"Black Star"},{"not_picked":["hexamod:IceCube","SacredBark"],"picked":"Velvet Choker"}],"items_purged_floors":[19,31,36],"is_endless":false,"potions_floor_spawned":[9,11,14,15,20,30,32,33,37,42,46,47],"killed_by":"downfall:Silent","ascension_level":0}}