{"host":"e9x02d116nyd6j9y","time":1607851235,"event":{"mods":["BaseMod","Lobotomy","Minty Spire (QoL Compilation)","SuperFastMode","everything is the same but u backflip on backflip"],"gold_per_floor":[109,7,20,45,45,45,45,65,119,19,19,31,47,67,67,169,219,234,251,283,283,283],"floor_reached":21,"playtime":789,"items_purged":["Decay"],"score":196,"play_id":"727584e1-bf25-466d-96dc-656823f9876d","local_time":"20201213182035","is_ascension_mode":false,"campfire_choices":[{"data":"Armaments","floor":6,"key":"SMITH"},{"data":"Body Slam","floor":15,"key":"SMITH"}],"circlet_count":0,"master_deck":["Strike_R","Strike_R","Strike_R","Strike_R","Strike_R","Defend_R","Defend_R","Defend_R","Defend_R","Bash","Clash","Armaments+1","Clash","Body Slam","Body Slam+1","Iron Wave","Cleave","Pommel Strike","Iron Wave+1","Impervious","Clothesline","Shrug It Off+1","Flame Barrier"],"relics":["Burning Blood","Omamori","Frozen Egg 2","Toy Ornithopter","NlothsMask","Tiny House","Red Mask"],"acts_visited":["Exordium","TheCity"],"potions_floor_usage":[16,16,16],"damage_taken":[{"damage":14,"enemies":"Cultist","floor":1,"turns":5},{"damage":7,"enemies":"2 Louse","floor":3,"turns":3},{"damage":7,"enemies":"Small Slimes","floor":8,"turns":3},{"damage":9,"enemies":"Blue Slaver","floor":12,"turns":3},{"damage":8,"enemies":"3 Louse","floor":13,"turns":3},{"damage":8,"enemies":"Lots of Slimes","floor":14,"turns":3},{"damage":55,"enemies":"The Guardian","floor":16,"turns":11},{"damage":16,"enemies":"Chosen","floor":18,"turns":6},{"damage":14,"enemies":"Spheric Guardian","floor":19,"turns":5},{"damage":64,"enemies":"Masked Bandits","floor":20,"turns":8},{"damage":26,"enemies":"Snake Plant","floor":21,"turns":4}],"seed_played":"-3026335120076461082","potions_obtained":[{"floor":3,"key":"EssenceOfSteel"},{"floor":12,"key":"Swift Potion"},{"floor":14,"key":"SpeedPotion"},{"floor":16,"key":"Strength Potion"},{"floor":17,"key":"SneckoOil"},{"floor":18,"key":"Strength Potion"}],"is_trial":false,"path_per_floor":["M","$","M","T","?","R","?","M","T","$","?","M","M","M","R","B",null,"M","M","?","M"],"character_chosen":"IRONCLAD","items_purchased":["Armaments","Body Slam","Iron Wave"],"campfire_rested":0,"item_purchase_floors":[2,10,10],"current_hp_per_floor":[88,88,87,87,87,87,62,61,61,61,61,58,56,54,54,20,101,91,83,25,0,0],"gold":283,"neow_bonus":"TWENTY_PERCENT_HP_BONUS","is_daily":false,"chose_seed":false,"campfire_upgraded":2,"win_rate":0.0,"timestamp":1607851235,"path_taken":["M","$","?","?","?","R","?","M","T","?","?","M","M","?","R","BOSS","M","?","?","M"],"items_purchased_type":["Card","Card","Card"],"build_version":"2020-11-30","purchased_purges":1,"victory":false,"max_hp_per_floor":[96,96,96,96,96,96,96,96,96,96,96,96,96,96,96,96,101,101,101,101,101,101],"card_choices":[{"not_picked":["Disarm","Headbutt"],"picked":"Clash","floor":1},{"not_picked":["Spot Weakness","Twin Strike"],"picked":"Clash","floor":3},{"not_picked":["Dark Embrace+1","Combust+1"],"picked":"Body Slam","floor":8},{"not_picked":["Bloodletting","Shockwave"],"picked":"Cleave","floor":12},{"not_picked":["Perfected Strike","Whirlwind"],"picked":"Pommel Strike","floor":13},{"not_picked":["Sever Soul","Pommel Strike"],"picked":"Iron Wave","floor":14},{"not_picked":["Double Tap","Juggernaut+1"],"picked":"Impervious","floor":16},{"not_picked":["Pommel Strike","Sword Boomerang"],"picked":"Clothesline","floor":18},{"not_picked":["True Grit","Dual Wield"],"picked":"Shrug It Off+1","floor":19},{"not_picked":["Reckless Charge","Seeing Red"],"picked":"Flame Barrier","floor":20}],"player_experience":9479,"relics_obtained":[{"floor":4,"key":"Omamori"},{"floor":9,"key":"Toy Ornithopter"},{"floor":20,"key":"Red Mask"}],"event_choices":[{"damage_healed":0,"gold_gain":0,"player_choice":"Leave","damage_taken":0,"max_hp_gain":0,"max_hp_loss":0,"event_name":"The Cleric","floor":5,"gold_loss":0},{"damage_healed":0,"gold_gain":0,"player_choice":"Success","damage_taken":25,"relics_obtained":["Frozen Egg 2"],"max_hp_gain":0,"max_hp_loss":0,"event_name":"Scrap Ooze","floor":7,"gold_loss":0},{"damage_healed":0,"gold_gain":0,"player_choice":"Trade","damage_taken":0,"relics_obtained":["NlothsMask"],"max_hp_gain":0,"max_hp_loss":0,"event_name":"FaceTrader","floor":11,"gold_loss":0},{"damage_healed":0,"gold_gain":0,"player_choice":"Fought Bandits","damage_taken":0,"max_hp_gain":0,"max_hp_loss":0,"event_name":"Masked Bandits","floor":20,"gold_loss":0}],"is_beta":false,"boss_relics":[{"not_picked":["Calling Bell","Runic Dome"],"picked":"Tiny House"}],"items_purged_floors":[2],"is_endless":false,"potions_floor_spawned":[3,12,14,16,18],"killed_by":"Snake Plant","ascension_level":0}}