{"host":"ow9msrs9p2ctkx99","time":1607835481,"event":{"mods":["AchievementEnabler","BaseMod","Colored Map","Colored Powertips","Minty Spire (QoL Compilation)","Permanent Neow","Quick Restart","SuperFastMode"],"gold_per_floor":[15,15,15,15,34,34,78,101,128,128,203,203,203,247,247,247,247],"floor_reached":16,"playtime":322,"items_purged":[],"score":159,"play_id":"3fce4642-dd9e-43b7-bc03-6900526c4207","local_time":"20201213055801","is_ascension_mode":true,"campfire_choices":[{"data":"Dualcast","floor":6.0,"key":"SMITH"},{"floor":10,"key":"REST"},{"floor":13,"key":"REST"},{"floor":15,"key":"REST"}],"circlet_count":0,"master_deck":["AscendersBane","Strike_B","Strike_B","Strike_B","Strike_B","Defend_B","Defend_B","Defend_B","Defend_B","Zap","Dualcast+1","Fission+1","Capacitor","Barrage","Sweeping Beam","Core Surge","Steam"],"relics":["Cracked Core","Golden Idol","Bag of Preparation","Blood Vial","Letter Opener"],"acts_visited":["Exordium"],"potions_floor_usage":[14,16,16],"damage_taken":[{"damage":6.0,"enemies":"Jaw Worm","floor":1.0,"turns":4.0},{"damage":16.0,"enemies":"Small Slimes","floor":5.0,"turns":3.0},{"damage":34,"enemies":"Lagavulin","floor":7,"turns":8},{"damage":0,"enemies":"Cultist","floor":8,"turns":2},{"damage":30,"enemies":"3 Sentries","floor":14,"turns":7},{"damage":35,"enemies":"Hexaghost","floor":16,"turns":9}],"seed_played":"-7411625434091862997","potions_obtained":[{"floor":7,"key":"Energy Potion"},{"floor":8,"key":"PotionOfCapacity"},{"floor":14,"key":"SkillPotion"}],"is_trial":false,"path_per_floor":["M","?","$","?","M","R","E","M","T","R","?","?","R","E","R","B"],"character_chosen":"DEFECT","items_purchased":[],"campfire_rested":3,"item_purchase_floors":[],"current_hp_per_floor":[62,62,62,62,46,46,12,12,12,32,21,21,41,13,33,0,0],"gold":247,"neow_bonus":"THREE_RARE_CARDS","is_daily":false,"chose_seed":false,"campfire_upgraded":1,"win_rate":0.0,"timestamp":1607835481,"path_taken":["M","?","$","?","M","R","E","M","T","R","?","?","R","E","R","BOSS"],"items_purchased_type":[],"build_version":"2020-11-30","purchased_purges":0,"victory":false,"max_hp_per_floor":[75,69,69,69,69,69,69,69,69,69,69,69,69,69,69,69,69],"card_choices":[{"not_picked":["Amplify","Reboot"],"picked":"Fission","floor":0.0},{"not_picked":["Streamline","Self Repair"],"picked":"Capacitor","floor":1.0},{"not_picked":["Go for the Eyes","Hello World"],"picked":"Barrage","floor":5.0},{"not_picked":["Chaos","Compile Driver"],"picked":"Sweeping Beam","floor":7},{"not_picked":["Cold Snap","Beam Cell"],"picked":"Core Surge","floor":8},{"not_picked":["Stack","Hologram"],"picked":"Steam","floor":14}],"player_experience":987687,"relics_obtained":[{"floor":7,"key":"Bag of Preparation"},{"floor":9,"key":"Blood Vial"},{"floor":14,"key":"Letter Opener"}],"event_choices":[{"damage_healed":0.0,"max_hp_gain":0.0,"max_hp_loss":6.0,"gold_gain":0.0,"event_name":"Golden Idol","player_choice":"Lose Max HP","floor":2.0,"gold_loss":0.0,"damage_taken":0.0,"relics_obtained":["Golden Idol"]},{"damage_healed":0.0,"max_hp_gain":0.0,"max_hp_loss":0.0,"gold_gain":0.0,"event_name":"Living Wall","player_choice":"Grow","floor":4.0,"gold_loss":0.0,"damage_taken":0.0,"cards_upgraded":["Fission"]},{"damage_healed":0,"gold_gain":75,"player_choice":"Gather Gold","damage_taken":11,"max_hp_gain":0,"max_hp_loss":0,"event_name":"World of Goop","floor":11,"gold_loss":0},{"damage_healed":0,"gold_gain":0,"player_choice":"0 cards matched","damage_taken":0,"max_hp_gain":0,"max_hp_loss":0,"event_name":"Match and Keep!","floor":12,"gold_loss":0,"cards_obtained":[]}],"is_beta":false,"boss_relics":[],"items_purged_floors":[],"is_endless":false,"potions_floor_spawned":[7,8,14],"killed_by":"Hexaghost","ascension_level":10}}