{"host":"640uue19m79c7wbt","time":1607827065,"event":{"mods":["BaseMod","Colored Map","Googly Eyes","Highlight Path","Minty Spire (QoL Compilation)","Quick Restart","StSLib"],"gold_per_floor":[19,31,51,70,70,104,115,40,116,116,291,291,319,319,319,420,420,435,345,359,189,205,205,238,238,238,256,270,280,290,12,12,111,111,121,121,140,190,190,190,218,244,244,0,14,29,48,0,0,0],"floor_reached":51,"playtime":8373,"items_purged":["Defend_R","Strike_R","Strike_R"],"score":769,"play_id":"4287b440-ed0c-40c1-890d-48b03e1feec5","local_time":"20201212213745","is_ascension_mode":true,"campfire_choices":[{"data":"Immolate","floor":10,"key":"SMITH"},{"data":"Offering","floor":12,"key":"SMITH"},{"data":"Clash","floor":15,"key":"SMITH"},{"data":"Brutality","floor":23,"key":"SMITH"},{"data":"Hemokinesis","floor":25,"key":"SMITH"},{"floor":32,"key":"REST"},{"data":"1","floor":40,"key":"LIFT"},{"data":"2","floor":49,"key":"LIFT"}],"circlet_count":0,"master_deck":["Strike_R+1","Defend_R","Defend_R","Defend_R","Bash+1","Immolate+1","Sentinel","Sever Soul+1","Clash+1","Offering+1","Rupture","Headbutt","Cleave","Cleave","Brutality+1","Uppercut+1","Seeing Red","Hemokinesis+1","Thunderclap","Armaments+1","Limit Break","Battle Trance","Feel No Pain","Secret Weapon","Exhume","Juggernaut","Warcry+1","Shrug It Off+1","Power Through+1","Master of Strategy","Offering","Combust","Finesse","Blood for Blood","Offering","Metallicize+1","Iron Wave+1","Rampage+1"],"relics":["Black Blood","Blood Vial","Eternal Feather","Lizard Tail","Shuriken","PreservedInsect","Ornamental Fan","Membership Card","SlaversCollar","Girya","Bag of Preparation","Art of War","Bottled Lightning","Red Mask"],"acts_visited":["Exordium","TheCity","TheBeyond"],"potions_floor_usage":[6,16,24,24,28,33,46,50,50],"damage_taken":[{"damage":6,"enemies":"Jaw Worm","floor":1,"turns":2},{"damage":0,"enemies":"Small Slimes","floor":2,"turns":2},{"damage":0,"enemies":"Cultist","floor":3,"turns":2},{"damage":0,"enemies":"2 Fungi Beasts","floor":4,"turns":2},{"damage":11,"enemies":"3 Sentries","floor":6,"turns":3},{"damage":0,"enemies":"Large Slime","floor":7,"turns":2},{"damage":6,"enemies":"Gremlin Nob","floor":13,"turns":2},{"damage":64,"enemies":"The Guardian","floor":16,"turns":9},{"damage":26,"enemies":"Shell Parasite","floor":18,"turns":4},{"damage":25,"enemies":"2 Thieves","floor":20,"turns":3},{"damage":18,"enemies":"Snake Plant","floor":22,"turns":3},{"damage":59,"enemies":"Slavers","floor":24,"turns":5},{"damage":10,"enemies":"3 Cultists","floor":27,"turns":3},{"damage":10,"enemies":"Cultist and Chosen","floor":28,"turns":3},{"damage":26,"enemies":"Snake Plant","floor":29,"turns":4},{"damage":14,"enemies":"Shelled Parasite and Fungi","floor":30,"turns":2},{"damage":67,"enemies":"Automaton","floor":33,"turns":8},{"damage":35,"enemies":"Orb Walker","floor":35,"turns":4},{"damage":17,"enemies":"3 Shapes","floor":37,"turns":2},{"damage":8,"enemies":"Mind Bloom Boss Battle","floor":38,"turns":3},{"damage":24,"enemies":"Giant Head","floor":41,"turns":5},{"damage":12,"enemies":"Jaw Worm Horde","floor":45,"turns":1},{"damage":30,"enemies":"Maw","floor":46,"turns":3},{"damage":19,"enemies":"Sphere and 2 Shapes","floor":47,"turns":3},{"damage":102,"enemies":"Awakened One","floor":50,"turns":9}],"seed_played":"-8089546817566875123","potions_obtained":[{"floor":1,"key":"EssenceOfSteel"},{"floor":3,"key":"Block Potion"},{"floor":13,"key":"Strength Potion"},{"floor":16,"key":"FearPotion"},{"floor":27,"key":"Regen Potion"},{"floor":29,"key":"SpeedPotion"},{"floor":37,"key":"GamblersBrew"},{"floor":38,"key":"Explosive Potion"},{"floor":41,"key":"PowerPotion"},{"floor":45,"key":"ColorlessPotion"}],"is_trial":false,"path_per_floor":["M","M","M","M","?","E","M","$","T","R","?","R","E","T","R","B",null,"M","?","M","$","M","R","E","R","T","M","M","M","M","$","R","B",null,"M","?","M","?","?","R","E","T","T","$","M","M","M","?","R","B",null],"character_chosen":"IRONCLAD","items_purchased":["Hemokinesis","Membership Card","Secret Weapon","Exhume","Combust","Finesse","Blood for Blood","Offering"],"campfire_rested":1,"item_purchase_floors":[21,31,31,31,44,44,44,44],"current_hp_per_floor":[80,80,80,80,64,59,67,67,67,76,76,80,80,80,80,22,80,66,66,55,55,51,63,18,30,30,34,47,35,35,35,74,21,80,57,57,54,60,60,78,68,68,68,68,70,54,49,49,70,30],"gold":0,"neow_bonus":"TRANSFORM_TWO_CARDS","is_daily":false,"chose_seed":false,"campfire_upgraded":5,"win_rate":0.0,"timestamp":1607827065,"path_taken":["M","M","M","M","?","E","M","$","T","R","?","R","E","?","R","BOSS","M","?","M","$","M","R","E","R","T","M","M","M","M","?","R","BOSS","M","?","M","?","?","R","E","?","T","$","M","M","?","?","R","BOSS"],"items_purchased_type":["Card","Relic","Card","Card","Card","Card","Card","Card"],"build_version":"2020-11-30","purchased_purges":3,"victory":true,"max_hp_per_floor":[80,80,80,80,80,80,80,80,80,80,80,80,80,80,80,80,80,80,80,80,80,80,80,80,80,80,80,80,80,80,80,80,80,80,80,80,80,80,80,80,80,80,80,80,80,80,80,80,80,80],"card_choices":[{"not_picked":["True Grit","Shrug It Off"],"picked":"Sever Soul","floor":1},{"not_picked":["Sentinel","Pommel Strike"],"picked":"Clash","floor":2},{"not_picked":["Shrug It Off","Inflame"],"picked":"Offering","floor":3},{"not_picked":["Perfected Strike","Heavy Blade"],"picked":"Rupture","floor":4},{"not_picked":["Disarm","Twin Strike"],"picked":"Headbutt","floor":6},{"not_picked":["Feel No Pain","Perfected Strike"],"picked":"Cleave","floor":7},{"not_picked":["Heavy Blade","Warcry"],"picked":"Cleave","floor":13},{"not_picked":["Fiend Fire","Feed"],"picked":"Brutality","floor":16},{"not_picked":["Twin Strike","Burning Pact"],"picked":"Uppercut+1","floor":18},{"not_picked":["Heavy Blade","Headbutt"],"picked":"Seeing Red","floor":20},{"not_picked":["Sentinel","Pommel Strike"],"picked":"Thunderclap","floor":22},{"not_picked":["Body Slam","Heavy Blade"],"picked":"Clash","floor":24},{"not_picked":["Iron Wave+1","Clash"],"picked":"Armaments+1","floor":27},{"not_picked":["Body Slam+1","Cleave"],"picked":"Limit Break","floor":28},{"not_picked":["Wild Strike+1","True Grit"],"picked":"Battle Trance","floor":29},{"not_picked":["Armaments","Clothesline"],"picked":"Feel No Pain","floor":30},{"not_picked":["Immolate","Double Tap"],"picked":"Juggernaut","floor":33},{"not_picked":["Armaments","Twin Strike"],"picked":"Warcry+1","floor":35},{"not_picked":["Infernal Blade","Headbutt"],"picked":"Shrug It Off+1","floor":37},{"not_picked":["Heavy Blade+1","Sword Boomerang+1"],"picked":"Power Through+1","floor":38},{"not_picked":["Finesse","Magnetism"],"picked":"Master of Strategy","floor":39},{"not_picked":["Armaments+1","Evolve"],"picked":"Offering","floor":41},{"not_picked":["Anger+1","Blood for Blood"],"picked":"Metallicize+1","floor":45},{"not_picked":["Searing Blow+1","Inflame"],"picked":"Iron Wave+1","floor":46},{"not_picked":["Havoc","Flex"],"picked":"Rampage+1","floor":47}],"player_experience":1208223,"relics_obtained":[{"floor":6,"key":"Blood Vial"},{"floor":9,"key":"Eternal Feather"},{"floor":13,"key":"Lizard Tail"},{"floor":14,"key":"Shuriken"},{"floor":24,"key":"PreservedInsect"},{"floor":26,"key":"Ornamental Fan"},{"floor":38,"key":"Girya"},{"floor":41,"key":"Bag of Preparation"},{"floor":42,"key":"Art of War"},{"floor":43,"key":"Bottled Lightning"}],"event_choices":[{"damage_healed":0,"gold_gain":0,"player_choice":"Entered Light","damage_taken":16,"max_hp_gain":0,"max_hp_loss":0,"event_name":"Shining Light","floor":5,"gold_loss":0,"cards_upgraded":["Sever Soul","Bash"]},{"damage_healed":0,"gold_gain":175,"player_choice":"AGREE","damage_taken":0,"max_hp_gain":0,"max_hp_loss":0,"event_name":"Liars Game","floor":11,"gold_loss":0,"cards_obtained":["Doubt"]},{"cards_removed":["Doubt"],"damage_healed":0,"gold_gain":0,"player_choice":"Upgrade and Remove","damage_taken":0,"max_hp_gain":0,"max_hp_loss":0,"event_name":"Designer","floor":19,"gold_loss":90,"cards_upgraded":["Strike_R"]},{"cards_removed":["Clash"],"damage_healed":0,"gold_gain":0,"player_choice":"Removed Attack","damage_taken":0,"max_hp_gain":0,"max_hp_loss":0,"event_name":"Falling","floor":36,"gold_loss":0},{"damage_healed":0,"gold_gain":0,"player_choice":"Fight","damage_taken":0,"max_hp_gain":0,"max_hp_loss":0,"event_name":"MindBloom","floor":38,"gold_loss":0},{"damage_healed":0,"gold_gain":0,"player_choice":"Memory 1","damage_taken":0,"max_hp_gain":0,"max_hp_loss":0,"event_name":"SensoryStone","floor":39,"gold_loss":0},{"damage_healed":0,"gold_gain":0,"player_choice":"Paid","damage_taken":0,"relics_obtained":["Red Mask"],"max_hp_gain":0,"max_hp_loss":0,"event_name":"Tomb of Lord Red Mask","floor":48,"gold_loss":48}],"is_beta":false,"boss_relics":[{"not_picked":["Busted Crown","Philosopher\u0027s Stone"],"picked":"Black Blood"},{"not_picked":["Snecko Eye","SacredBark"],"picked":"SlaversCollar"}],"items_purged_floors":[8,21,44],"is_endless":false,"potions_floor_spawned":[1,3,13,16,27,29,37,38,41,45],"ascension_level":1}}