{"host":"hu28r05xoq06ggve","time":1607864346,"event":{"mods":["BaseMod","Colored Powertips","Hubris","Infinite Spire","Minty Spire (QoL Compilation)","Replay The Spire","StSLib"],"gold_per_floor":[112,123,141,141,141,141,160,160,160,171,182,193,122,147,147,161,161],"floor_reached":16,"playtime":791,"items_purged":[],"score":104,"play_id":"35e9ff52-5f17-4bf5-b933-c0599e266333","local_time":"20201213045906","is_ascension_mode":false,"campfire_choices":[{"data":"ReplayTheSpireMod:Strike From Hell","floor":6,"key":"SMITH"},{"data":"ReplayTheSpireMod:LeadingStrike","floor":15,"key":"SMITH"}],"circlet_count":0,"master_deck":["Strike_R","Strike_R+1","Strike_R","Strike_R","Strike_R","Defend_R+1","Defend_R","Defend_R","Defend_R","Bash","ReplayTheSpireMod:Strike From Hell+1","Rage","Searing Blow","Bash","Carnage","Shrug It Off","Headbutt","Wild Strike","Clothesline","Pommel Strike","Dark Embrace","ReplayTheSpireMod:LeadingStrike+1"],"relics":["Burning Blood","Prayer Wheel","Replay:Bandana"],"acts_visited":["Exordium"],"potions_floor_usage":[],"damage_taken":[{"damage":0,"enemies":"Small Slimes","floor":1,"turns":3},{"damage":1,"enemies":"2 Louse","floor":2,"turns":3},{"damage":5,"enemies":"Cultist","floor":3,"turns":4},{"damage":12,"enemies":"Exordium Thugs","floor":7,"turns":5},{"damage":6,"enemies":"2 Fungi Beasts","floor":10,"turns":3},{"damage":7,"enemies":"Blue Slaver","floor":11,"turns":4},{"damage":5,"enemies":"Looter","floor":12,"turns":3},{"damage":19,"enemies":"Gremlin Nob","floor":14,"turns":4},{"damage":75,"enemies":"Fading Forest","floor":16,"turns":9}],"seed_played":"-5252232391366736511","potions_obtained":[{"floor":1,"key":"Swift Potion"},{"floor":3,"key":"Fire Potion"},{"floor":10,"key":"SkillPotion"}],"is_trial":false,"path_per_floor":["M","M","M","?","?","R","M","?","T","M","M","M","$","E","R","B"],"character_chosen":"IRONCLAD","items_purchased":["Dark Embrace"],"campfire_rested":0,"item_purchase_floors":[13],"current_hp_per_floor":[88,88,88,70,70,70,64,64,64,64,63,64,64,51,51,0,0],"gold":161,"neow_bonus":"TEN_PERCENT_HP_BONUS","is_daily":false,"chose_seed":false,"campfire_upgraded":2,"win_rate":0.0,"timestamp":1607864346,"path_taken":["M","M","M","?","?","R","M","?","T","M","M","M","$","E","R","BOSS"],"items_purchased_type":["Card"],"build_version":"2020-11-30","purchased_purges":0,"victory":false,"max_hp_per_floor":[88,88,88,88,88,88,88,88,88,88,88,88,88,88,88,88,88],"card_choices":[{"not_picked":["Abandon","Clothesline"],"picked":"ReplayTheSpireMod:Strike From Hell","floor":1},{"not_picked":["Spot Weakness","Cleave","ReplayTheSpireMod:Muscle Training"],"picked":"SKIP","floor":2},{"not_picked":["Body Slam","Intimidate"],"picked":"Rage","floor":3},{"not_picked":["Wild Strike","Thunderclap"],"picked":"Searing Blow","floor":7},{"not_picked":["Whirlwind","Defy Death"],"picked":"Shrug It Off","floor":10},{"not_picked":["Heavy Blade","Clash"],"picked":"Headbutt","floor":10},{"not_picked":["Barricade","Anger"],"picked":"Wild Strike","floor":11},{"not_picked":["Intimidate","Replay:Undeath\u0027s Touch"],"picked":"Clothesline","floor":11},{"not_picked":["ReplayTheSpireMod:Limb From Limb","Disarm"],"picked":"Pommel Strike","floor":12},{"not_picked":["Anger","Headbutt","Clothesline"],"picked":"SKIP","floor":12},{"not_picked":["Abandon","Bloodletting"],"picked":"ReplayTheSpireMod:LeadingStrike","floor":14}],"player_experience":93715,"relics_obtained":[{"floor":9,"key":"Prayer Wheel"},{"floor":14,"key":"Replay:Bandana"}],"event_choices":[{"damage_healed":0,"gold_gain":0,"player_choice":"Entered Light","damage_taken":18,"max_hp_gain":0,"max_hp_loss":0,"event_name":"Shining Light","floor":4,"gold_loss":0,"cards_upgraded":["Strike_R","Defend_R"]},{"damage_healed":0,"gold_gain":0,"player_choice":"2 cards matched","damage_taken":0,"max_hp_gain":0,"max_hp_loss":0,"event_name":"Match and Keep!","floor":8,"gold_loss":0,"cards_obtained":["Bash","Carnage"]}],"is_beta":false,"boss_relics":[],"items_purged_floors":[],"is_endless":false,"potions_floor_spawned":[1,3,10,11],"killed_by":"Fading Forest","ascension_level":0}}