{"host":"u2dm6glrpyjr66v9","time":1607854668,"event":{"mods":["AchievementEnabler","BaseMod","CapriCore","Colored Map","Colored Powertips","DeckTracker","Friendly Minions","Minty Spire (QoL Compilation)","Quick Restart","StSLib","SuperFastMode","The Immortal"],"gold_per_floor":[116,116,140,65,65,98,117,135,186,151,169,344,344,368,368,368,368],"floor_reached":16,"playtime":229,"items_purged":["Injury"],"score":125,"play_id":"41539cfe-cb93-4da4-86ea-6ba4eba0a026","local_time":"20201213191748","is_ascension_mode":false,"campfire_choices":[{"data":"Deadly Poison","floor":13,"key":"SMITH"},{"floor":15,"key":"RECALL"}],"circlet_count":0,"master_deck":["Strike_G","Strike_G","Strike_G","Strike_G","Strike_G","Defend_G","Defend_G","Defend_G","Defend_G","Survivor","Neutralize","Deadly Poison+1","Concentrate+1","Doubt"],"relics":["Ring of the Snake","NeowsBlessing","Golden Idol","Toxic Egg 2","Boot"],"acts_visited":["Exordium"],"potions_floor_usage":[],"damage_taken":[{"damage":0,"enemies":"2 Louse","floor":1,"turns":1},{"damage":0,"enemies":"Cultist","floor":3,"turns":1},{"damage":0,"enemies":"3 Sentries","floor":6,"turns":1},{"damage":9,"enemies":"Small Slimes","floor":7,"turns":4},{"damage":12,"enemies":"Looter","floor":8,"turns":3},{"damage":3,"enemies":"2 Fungi Beasts","floor":11,"turns":4},{"damage":24,"enemies":"Hexaghost","floor":16,"turns":4}],"seed_played":"4868322614721199097","potions_obtained":[{"floor":3,"key":"SteroidPotion"},{"floor":6,"key":"EssenceOfSteel"},{"floor":11,"key":"SkillPotion"}],"is_trial":false,"path_per_floor":["M","?","M","$","?","E","M","M","T","?","M","?","R","T","R","B"],"character_chosen":"THE_SILENT","items_purchased":[],"campfire_rested":0,"item_purchase_floors":[],"current_hp_per_floor":[70,70,70,70,70,70,61,49,49,66,63,63,63,63,63,39,39],"gold":368,"neow_bonus":"THREE_ENEMY_KILL","is_daily":false,"chose_seed":false,"campfire_upgraded":1,"win_rate":0.0,"timestamp":1607854668,"path_taken":["M","?","M","$","?","E","M","?","T","?","M","?","R","?","R","BOSS"],"items_purchased_type":[],"build_version":"2020-11-30","purchased_purges":1,"victory":false,"max_hp_per_floor":[70,70,70,70,70,70,70,70,70,70,70,70,70,70,70,70,70],"card_choices":[{"not_picked":["Backflip","Distraction"],"picked":"Deadly Poison","floor":1},{"not_picked":["Leg Sweep","Heel Hook","Dagger Spray"],"picked":"SKIP","floor":3},{"not_picked":["Accuracy","Blade Dance+1"],"picked":"Concentrate+1","floor":6},{"not_picked":["PiercingWail+1","Well Laid Plans","Expertise+1"],"picked":"SKIP","floor":7},{"not_picked":["Distraction+1","Well Laid Plans","Predator"],"picked":"SKIP","floor":8},{"not_picked":["Eviscerate","PiercingWail+1","Flying Knee"],"picked":"SKIP","floor":11}],"player_experience":52411,"relics_obtained":[{"floor":6,"key":"Toxic Egg 2"},{"floor":14,"key":"Boot"}],"event_choices":[{"damage_healed":0,"gold_gain":0,"player_choice":"Take Wound","damage_taken":0,"relics_obtained":["Golden Idol"],"max_hp_gain":0,"max_hp_loss":0,"event_name":"Golden Idol","floor":2,"gold_loss":0,"cards_obtained":["Injury"]},{"cards_removed":["Defend_G"],"damage_healed":0,"gold_gain":0,"player_choice":"Card Removal","damage_taken":0,"max_hp_gain":0,"max_hp_loss":0,"event_name":"Wheel of Change","floor":5,"gold_loss":0},{"damage_healed":17,"gold_gain":0,"player_choice":"Healed","damage_taken":0,"max_hp_gain":0,"max_hp_loss":0,"event_name":"The Cleric","floor":10,"gold_loss":35},{"damage_healed":0,"gold_gain":175,"player_choice":"AGREE","damage_taken":0,"max_hp_gain":0,"max_hp_loss":0,"event_name":"Liars Game","floor":12,"gold_loss":0,"cards_obtained":["Doubt"]}],"is_beta":false,"boss_relics":[],"items_purged_floors":[4],"is_endless":false,"potions_floor_spawned":[3,6,11],"killed_by":"Hexaghost","ascension_level":0}}