{"host":"wppa8gky53tnknhf","time":1607857345,"event":{"mods":["AchievementEnabler","Act Like it!","BaseMod","Better Third Choice","BetterRewards","Card Forge","Colored Powertips","Energized Spire","Hubris","Infinite Spire","Marked Mod","Minty Spire (QoL Compilation)","Permanent Neow","Quick Restart","Rare Cards Sparkle","Relic Stats","Remove Card Discount Mod","Replay The Spire","Spikes Relics","Spire Birthday Party","StSLib"],"gold_per_floor":[109,109,123,140,152,185,185,211,261,261,281,96,114,141,141,245,245,263,273,293,311,322,351,364,390,390,423,423,433,464,464,464,564,564,576,586,171,171,183,183,216,230,730,730,730,745,745,756,756,756,756,756,671,700,700,700],"floor_reached":55,"playtime":1664,"items_purged":["Sickly"],"score":812,"play_id":"5d281f65-e277-44e1-9bde-7cef698de649","local_time":"20201213110225","is_ascension_mode":true,"campfire_choices":[{"floor":7.0,"key":"RECALL"},{"floor":10.0,"key":"REST"},{"floor":15.0,"key":"REST"},{"floor":32.0,"key":"REST"},{"floor":40.0,"key":"REST"},{"floor":44.0,"key":"REST"},{"data":"infinitespire:Gouge","floor":49,"key":"SMITH"},{"floor":52,"key":"REST"}],"circlet_count":0,"master_deck":["Strike_R+1","Strike_R+1","Strike_R+1","Strike_R+1","Strike_R+1","Defend_R+1","Defend_R+1","Defend_R+1","Defend_R+1","Bash+1","Shrug It Off+1","Twin Strike+1","Feed+1","Sword Boomerang+1","Shockwave+1","Shockwave+1","Inflame+1","Clothesline+1","Demon Form+1","Body Slam+1","Body Slam+1","Cleave+1","Cleave+1","Thunderclap+1","Spot Weakness+1","Flex+1","Cleave+1","Berserk+1","Spot Weakness+1","Heavy Blade+1","infinitespire:OneForAll+1","Twin Strike+1","infinitespire:Gouge+1","infinitespire:OneForAll+1","Rampage+1","Poisoned Strike+1"],"relics":["Black Blood","Hammer of Thor","Seething Fire","Anvil of the Gods","Durian","Orichalcum","hubris:MobiusCoin","Sling","Akabeko","hubris:ScarierMask","hubris:SlimyHat","Regal Pillow","hubris:MysteriousPyramids","Bag of Marbles","Singing Bowl","hubris:SphereOfDissonance","ClockworkSouvenir","Replay:Accelerometer","Old Coin","Cursed Key","hubris:CrystalStatue","ReplayTheSpireMod:CursedCoin","Replay:Mystery Machine"],"acts_visited":["Exordium","TheCity","TheBeyond","TheEnding"],"potions_floor_usage":[55,55],"damage_taken":[{"damage":0.0,"enemies":"Cultist","floor":1.0,"turns":2.0},{"damage":9.0,"enemies":"infinitespire:Voidling","floor":3.0,"turns":4.0},{"damage":0.0,"enemies":"2 Louse","floor":4.0,"turns":2.0},{"damage":12.0,"enemies":"Blue Slaver","floor":5.0,"turns":3.0},{"damage":20.0,"enemies":"3 Sentries","floor":6.0,"turns":7.0},{"damage":5.0,"enemies":"Gremlin Nob","floor":8.0,"turns":3.0},{"damage":2.0,"enemies":"Exordium Thugs","floor":11.0,"turns":4.0},{"damage":4.0,"enemies":"Looter","floor":13.0,"turns":2.0},{"damage":2.0,"enemies":"3 Sentries","floor":14.0,"turns":4.0},{"damage":0.0,"enemies":"Slime Boss","floor":16.0,"turns":7.0},{"damage":0.0,"enemies":"Chosen","floor":18.0,"turns":4.0},{"damage":18.0,"enemies":"Shell Parasite","floor":19.0,"turns":5.0},{"damage":0.0,"enemies":"Cultist and Chosen","floor":20.0,"turns":3.0},{"damage":2.0,"enemies":"Shelled Parasite and Fungi","floor":21.0,"turns":3.0},{"damage":5.0,"enemies":"Centurion and Healer","floor":22.0,"turns":3.0},{"damage":8.0,"enemies":"Slavers","floor":23.0,"turns":3.0},{"damage":3.0,"enemies":"Chosen and Byrds","floor":24.0,"turns":4.0},{"damage":36.0,"enemies":"Gremlin Leader","floor":25.0,"turns":5.0},{"damage":34.0,"enemies":"Book of Stabbing","floor":27.0,"turns":6.0},{"damage":12.0,"enemies":"Shelled Parasite and Fungi","floor":29.0,"turns":4.0},{"damage":7.0,"enemies":"Replay:Snechameleon","floor":30.0,"turns":8.0},{"damage":18.0,"enemies":"Automaton","floor":33.0,"turns":5.0},{"damage":0.0,"enemies":"3 Darklings","floor":35.0,"turns":2.0},{"damage":12.0,"enemies":"3 Shapes","floor":36.0,"turns":1.0},{"damage":0.0,"enemies":"Spire Growth","floor":39.0,"turns":5.0},{"damage":2.0,"enemies":"R_Hoarder","floor":41.0,"turns":5.0},{"damage":23.0,"enemies":"Writhing Mass","floor":42.0,"turns":4.0},{"damage":0,"enemies":"Transient","floor":46,"turns":5},{"damage":1,"enemies":"3 Darklings","floor":48,"turns":2},{"damage":74,"enemies":"Replay:Hell Engine","floor":50,"turns":8},{"damage":0,"enemies":"Shield and Spear","floor":54,"turns":2},{"damage":123,"enemies":"The Heart","floor":55,"turns":7}],"seed_played":"-3913768453835989265","potions_obtained":[{"floor":4.0,"key":"Venom Potion"},{"floor":5.0,"key":"FearPotion"},{"floor":6.0,"key":"BlessingOfTheForge"},{"floor":11.0,"key":"AttackPotion"},{"floor":16.0,"key":"Strength Potion"},{"floor":19.0,"key":"infinitespire:BlackPotion"},{"floor":24.0,"key":"Elixir"},{"floor":27.0,"key":"Fire Potion"},{"floor":30.0,"key":"BloodPotion"},{"floor":42.0,"key":"FearPotion"},{"floor":48,"key":"ColorlessPotion"}],"is_trial":false,"path_per_floor":["M","?","M","M","M","E","R","E","T","R","M","$","M","E","R","B",null,"M","M","M","M","M","E","M","E","T","E","?","M","E","?","R","B",null,"M","M","$","T","M","R","E","M","T","R","AVR","M","?","M","R","B",null,"R","$","E","B"],"character_chosen":"IRONCLAD","items_purchased":["Shockwave","Sling","hubris:SphereOfDissonance","ClockworkSouvenir","ReplayTheSpireMod:CursedCoin","Poisoned Strike","SteroidPotion"],"campfire_rested":6,"item_purchase_floors":[12,12,37,37,53,53,53],"current_hp_per_floor":[67,67,68,74,72,62,62,67,67,96,97,97,97,101,101,105,105,109,101,107,111,112,110,117,87,87,59,98,92,114,114,117,105,117,117,117,117,117,117,117,117,108,108,119,119,121,121,121,121,59,121,121,121,123,0,0],"gold":700,"neow_bonus":"ONE_RARE_RELIC","is_daily":false,"chose_seed":false,"campfire_upgraded":1,"win_rate":0.0,"timestamp":1607857345,"path_taken":["M","?","M","M","?","E","R","E","T","R","M","?","M","E","R","BOSS","M","M","M","M","M","E","M","E","T","E","?","M","E","?","R","BOSS","M","M","$","?","?","R","E","M","T","R","AVR","M","?","?","R","BOSS","R","$","E","BOSS"],"items_purchased_type":["Card","Relic","Relic","Relic","Relic","Card","Potion"],"build_version":"2020-11-30","purchased_purges":1,"victory":false,"max_hp_per_floor":[85,85,85,85,89,93,93,97,97,97,97,97,97,101,101,105,105,109,113,113,113,113,113,117,117,117,117,117,117,117,117,117,117,117,117,117,117,117,117,117,117,119,119,119,119,121,121,121,121,121,121,121,121,123,123,123],"relic_stats":{"Regal Pillow":0,"Singing Bowl":6,"counters":[32,132],"Black Blood":150,"Orichalcum":[258],"Cursed Key":0,"obtain_stats":[{"hubris:MobiusCoin":8,"Replay:Accelerometer":41,"Regal Pillow":25,"hubris:CrystalStatue":45,"Singing Bowl":30,"ReplayTheSpireMod:CursedCoin":53,"Black Blood":34,"hubris:SphereOfDissonance":37,"Hammer of Thor":0,"hubris:SlimyHat":23,"Seething Fire":0,"Orichalcum":6,"hubris:MysteriousPyramids":26,"Replay:Mystery Machine":54,"Sling":12,"Cursed Key":45,"Burning Blood":0,"Akabeko":14,"ClockworkSouvenir":37,"Old Coin":43,"Anvil of the Gods":0,"hubris:ScarierMask":17,"Durian":0,"Bag of Marbles":27},{"hubris:MobiusCoin":6,"Replay:Accelerometer":26,"Regal Pillow":18,"hubris:CrystalStatue":27,"Singing Bowl":21,"ReplayTheSpireMod:CursedCoin":30,"Black Blood":22,"hubris:SphereOfDissonance":24,"Hammer of Thor":0,"hubris:SlimyHat":16,"Seething Fire":0,"Orichalcum":5,"hubris:MysteriousPyramids":18,"Replay:Mystery Machine":31,"Sling":7,"Cursed Key":27,"Burning Blood":0,"Akabeko":9,"ClockworkSouvenir":24,"Old Coin":27,"Anvil of the Gods":0,"hubris:ScarierMask":10,"Durian":0,"Bag of Marbles":19},{"hubris:MobiusCoin":21,"Replay:Accelerometer":104,"Regal Pillow":68,"hubris:CrystalStatue":108,"Singing Bowl":86,"ReplayTheSpireMod:CursedCoin":123,"Black Blood":91,"hubris:SphereOfDissonance":94,"Hammer of Thor":0,"hubris:SlimyHat":59,"Seething Fire":0,"Orichalcum":18,"hubris:MysteriousPyramids":68,"Replay:Mystery Machine":125,"Sling":25,"Cursed Key":108,"Burning Blood":0,"Akabeko":31,"ClockworkSouvenir":94,"Old Coin":108,"Anvil of the Gods":0,"hubris:ScarierMask":38,"Durian":0,"Bag of Marbles":74}]},"card_choices":[{"not_picked":["Sword Boomerang","Perfected Strike"],"picked":"Shrug It Off","floor":1.0},{"not_picked":["Warcry","Run Through"],"picked":"Twin Strike","floor":3.0},{"not_picked":["Infernal Blade","Blood for Blood"],"picked":"Feed","floor":4.0},{"not_picked":["Absolvement","Uppercut"],"picked":"Sword Boomerang","floor":5.0},{"not_picked":["Second Wind","Defy Death","ReplayTheSpireMod:Strike From Hell"],"picked":"SKIP","floor":6.0},{"not_picked":["Searing Blow","Pommel Strike"],"picked":"Shockwave","floor":8.0},{"not_picked":["Warcry","Havoc","Sentinel"],"picked":"SKIP","floor":11.0},{"not_picked":["True Grit","Twin Strike"],"picked":"Inflame","floor":13.0},{"not_picked":["ReplayTheSpireMod:Strike From Hell","Sever Soul"],"picked":"Clothesline","floor":14.0},{"not_picked":["Fiend Fire","Feed"],"picked":"Demon Form","floor":16.0},{"not_picked":["True Grit+1","Flex+1"],"picked":"Body Slam","floor":18.0},{"not_picked":["Headbutt","Wild Strike"],"picked":"Body Slam","floor":19.0},{"not_picked":["Wild Strike","ReplayTheSpireMod:Strike From Hell+1"],"picked":"Cleave","floor":20.0},{"not_picked":["Headbutt","Wild Strike+1"],"picked":"Cleave","floor":21.0},{"not_picked":["Armaments","Evolve+1","Pommel Strike"],"picked":"SKIP","floor":22.0},{"not_picked":["hubris:CleavingFinish","ReplayTheSpireMod:Corrosion Curse+1","Replay:Undeath\u0027s Touch"],"picked":"SKIP","floor":23.0},{"not_picked":["Warcry","Run Through+1","Headbutt"],"picked":"SKIP","floor":24.0},{"not_picked":["Seeing Red","Sword Boomerang"],"picked":"Thunderclap","floor":25.0},{"not_picked":["Invigoration","Power Through+1"],"picked":"Spot Weakness","floor":27.0},{"not_picked":["Clash+1","Run Through"],"picked":"Flex","floor":29.0},{"not_picked":["Brutality","True Grit+1"],"picked":"Cleave","floor":30.0},{"not_picked":["Impervious","Exhume"],"picked":"Berserk","floor":33.0},{"not_picked":["Iron Wave","Infernal Blade+1"],"picked":"Spot Weakness+1","floor":35.0},{"not_picked":["Sword Boomerang+1","Shrug It Off+1"],"picked":"Heavy Blade+1","floor":36.0},{"not_picked":["Iron Wave+1","hubris:ReadiedAction"],"picked":"infinitespire:OneForAll+1","floor":39.0},{"not_picked":["Cleave","ReplayTheSpireMod:Corrosion Curse"],"picked":"Twin Strike","floor":41.0},{"not_picked":["Seeing Red+1","Thunderclap","Pommel Strike+1"],"picked":"Singing Bowl","floor":42.0},{"not_picked":["Dropkick+1","Rupture+1","Perfected Strike+1"],"picked":"Singing Bowl","floor":46},{"not_picked":["Cleave+1","Shrug It Off+1"],"picked":"Rampage+1","floor":48},{"not_picked":["Wild Strike","Perfected Strike","Ghostly Armor+1"],"picked":"Singing Bowl","floor":54}],"player_experience":661494,"relics_obtained":[{"floor":6.0,"key":"Orichalcum"},{"floor":8.0,"key":"hubris:MobiusCoin"},{"floor":14.0,"key":"Akabeko"},{"floor":23.0,"key":"hubris:SlimyHat"},{"floor":25.0,"key":"Regal Pillow"},{"floor":26.0,"key":"hubris:MysteriousPyramids"},{"floor":27.0,"key":"Bag of Marbles"},{"floor":30.0,"key":"Singing Bowl"},{"floor":41.0,"key":"Replay:Accelerometer"},{"floor":43.0,"key":"Old Coin"},{"floor":54,"key":"Replay:Mystery Machine"}],"event_choices":[{"damage_healed":0.0,"max_hp_gain":0.0,"max_hp_loss":0.0,"gold_gain":0.0,"event_name":"Match and Keep!","player_choice":"0 cards matched","floor":2.0,"gold_loss":0.0,"damage_taken":0.0,"cards_obtained":[]},{"damage_healed":39.0,"max_hp_gain":0.0,"max_hp_loss":0.0,"gold_gain":0.0,"event_name":"The Library","player_choice":"Heal","floor":28.0,"gold_loss":0.0,"damage_taken":0.0},{"damage_healed":0.0,"max_hp_gain":0.0,"max_hp_loss":0.0,"gold_gain":0.0,"event_name":"NoteForYourself","player_choice":"Ignored","floor":31.0,"gold_loss":0.0,"damage_taken":0.0},{"damage_healed":0,"gold_gain":0,"player_choice":"Copied","damage_taken":0,"max_hp_gain":0,"max_hp_loss":0,"event_name":"Duplicator","floor":47,"gold_loss":0,"cards_obtained":["infinitespire:OneForAll"]}],"is_beta":false,"boss_relics":[{"not_picked":["energizedSpire:RedRose","hubris:VirtuousBlindfold"],"picked":"hubris:ScarierMask"},{"not_picked":["energizedSpire:MagnifyingGlass","Replay:Drink Me"],"picked":"Black Blood"}],"items_purged_floors":[53],"is_endless":false,"potions_floor_spawned":[4,5,6,11,16,19,20,22,24,27,30,42,48],"killed_by":"The Heart","ascension_level":1}}