{"host":"x5ow3h9y3elojghk","time":1607857907,"event":{"mods":["BaseMod","Downfall","Duelist Mod","KinomotoSakuraMod(ƒæ÷Æ±æ”£)","Marisa£®ÏF”Í°°ƒß¿Ì…≥£©","Minty Spire (QoL Compilation)","Reimu£®≤©¿ˆ¡È√Œ£©","Remilia£®¿Ÿ√◊¿Ú—«£©","StSLib","The Administrix","The Bug Knight","The Construct","The Cursed","The Hierophant","The Poker Player","The Runesmith","The Senshi","The Servant 0.9.4","Youmu£®ªÍ∆«—˝√Œ£©","[IsaacMod]“‘»ˆº‚À˛"],"gold_per_floor":[216,235,235,251,263,216,230,249,298,309,283,298,316,335,335,352,352,370,389,401,401,373,239,239,197,221,207,137,114,142,152,152,152,152],"floor_reached":33,"playtime":1392,"items_purged":["HollowMod:QuickDashStart"],"score":564,"play_id":"89e2e23a-dbf4-4ad3-bd5c-1984fb8465a0","local_time":"20201213191147","is_ascension_mode":false,"campfire_choices":[{"data":"BloodyBrimstone","floor":15,"key":"SMITH"},{"data":"HollowMod:NewGlowingWomb","floor":24,"key":"SMITH"},{"data":"HollowMod:HowlingWraiths","floor":32,"key":"SMITH"}],"circlet_count":0,"master_deck":["HollowMod:NailStrikeStart","HollowMod:NailStrikeStart","HollowMod:NailStrikeStart","HollowMod:QuickDashStart","HollowMod:QuickDashStart","HollowMod:QuickDashStart","HollowMod:FocusHealStart","HollowMod:PogoStrike","BloodyBrimstone+1","HollowMod:NewGlowingWomb+1","HollowMod:HowlingWraiths+1"],"relics":["HollowMod:VesselMask","HushsDoor","Thread and Needle","Singing Bowl","HowToJump","Oddly Smooth Stone","RedLine:ReiMu","Centennial Puzzle","HollowMod:KingsBrand","Void","Bag of Marbles"],"acts_visited":["Exordium","TheCity"],"potions_floor_usage":[4,12,19,28,30,30,31],"damage_taken":[{"damage":0,"enemies":"Small Slimes","floor":1,"turns":3},{"damage":0,"enemies":"2 Louse","floor":2,"turns":2},{"damage":0,"enemies":"Jaw Worm","floor":4,"turns":2},{"damage":0,"enemies":"Looter","floor":5,"turns":3},{"damage":0,"enemies":"Lagavulin","floor":6,"turns":2},{"damage":0,"enemies":"Exordium Wildlife","floor":7,"turns":1},{"damage":0,"enemies":"3 Sentries","floor":8,"turns":1},{"damage":0,"enemies":"Blue Slaver","floor":10,"turns":4},{"damage":0,"enemies":"HollowMod:HuskWarrior","floor":11,"turns":1},{"damage":0,"enemies":"Gremlin Nob","floor":12,"turns":1},{"damage":0,"enemies":"3 Louse","floor":13,"turns":1},{"damage":0,"enemies":"Exordium Wildlife","floor":14,"turns":2},{"damage":0,"enemies":"Slime Boss","floor":16,"turns":1},{"damage":0,"enemies":"3 Byrds","floor":18,"turns":1},{"damage":0,"enemies":"Chosen","floor":19,"turns":7},{"damage":9,"enemies":"Shelled Parasite and Fungi","floor":20,"turns":2},{"damage":0,"enemies":"Chosen and Byrds","floor":22,"turns":1},{"damage":0,"enemies":"HollowMod:Nosk","floor":23,"turns":1},{"damage":0,"enemies":"Snecko","floor":25,"turns":1},{"damage":0,"enemies":"Centurion and Healer","floor":27,"turns":1},{"damage":0,"enemies":"Gremlin Leader","floor":28,"turns":1},{"damage":0,"enemies":"3 Cultists","floor":29,"turns":1},{"damage":0,"enemies":"Slavers","floor":30,"turns":2},{"damage":0,"enemies":"Snecko","floor":31,"turns":3},{"damage":73,"enemies":"Champ","floor":33,"turns":6}],"seed_played":"4210351042399834787","potions_obtained":[{"floor":1,"key":"SkillPotion"},{"floor":4,"key":"BlessingOfTheForge"},{"floor":6,"key":"GrandPatriotsElixir:ReiMu"},{"floor":10,"key":"Fire Potion"},{"floor":12,"key":"EssenceOfSteel"},{"floor":13,"key":"EssenceOfSteel"},{"floor":18,"key":"FairyPotion"},{"floor":20,"key":"GamblersBrew"},{"floor":27,"key":"Slimebound:ThreeZeroPotion"},{"floor":28,"key":"AttackPotion"},{"floor":30,"key":"GrandPatriotsElixir:ReiMu"},{"floor":31,"key":"SmokeBomb"}],"is_trial":false,"path_per_floor":["M","M","?","M","M","E","M","E","T","M","M","E","M","M","R","B",null,"M","M","M","?","M","E","R","M","T","M","E","M","E","M","R","B"],"character_chosen":"THE_BUGKNIGHT","items_purchased":["BelialBook"],"campfire_rested":0,"item_purchase_floors":[17],"current_hp_per_floor":[75,75,75,72,69,69,69,68,68,70,72,71,70,69,69,68,53,52,54,44,44,46,48,48,50,50,49,48,47,46,45,45,0,0],"gold":152,"neow_bonus":"HUNDRED_GOLD","is_daily":false,"chose_seed":false,"campfire_upgraded":3,"win_rate":0.0,"timestamp":1607857907,"path_taken":["M","M","?","M","M","E","M","E","T","M","M","E","M","M","R","BOSS","M","M","M","?","M","E","R","M","T","M","E","M","E","M","R","BOSS"],"items_purchased_type":["Relic"],"build_version":"2020-11-30","purchased_purges":1,"victory":false,"max_hp_per_floor":[75,75,75,72,69,69,69,68,68,70,72,71,70,69,69,68,53,52,54,53,53,52,51,51,50,50,49,48,47,46,45,45,42,42],"card_choices":[{"not_picked":[],"picked":"BloodyBrimstone","floor":0},{"not_picked":["HollowMod:DescendingDark","HollowMod:InfectedAttack"],"picked":"HollowMod:NewGlowingWomb","floor":1},{"not_picked":["HollowMod:DoubleDash","HollowMod:MawleksShell","HollowMod:SharpenedNail"],"picked":"SKIP","floor":2},{"not_picked":["HollowMod:AbyssShriek","HollowMod:VengefulVoid","HollowMod:SoulVessel"],"picked":"SKIP","floor":4},{"not_picked":["HollowMod:WraithStrike","HollowMod:CloakDash"],"picked":"HollowMod:HowlingWraiths","floor":5},{"not_picked":["HollowMod:PerfectDash","HollowMod:NewLittleFool"],"picked":"Bomb","floor":6},{"not_picked":["HollowMod:WraithStrike","HollowMod:BrokenVessel","HollowMod:VengefulVoid"],"picked":"SKIP","floor":7},{"not_picked":["HollowMod:TaintedHusks","HollowMod:SoulEater","HollowMod:QuirrelsAssistance"],"picked":"Singing Bowl","floor":8},{"not_picked":["HollowMod:BaldurShell","HollowMod:DashSlash","HollowMod:HowlingWraiths"],"picked":"Singing Bowl","floor":10},{"not_picked":["HollowMod:DreamGate","HollowMod:SharpenedNail","HollowMod:SoulSplash"],"picked":"Singing Bowl","floor":11},{"not_picked":["HollowMod:Hiveblood","HollowMod:MonarchWings","HollowMod:WraithStrike"],"picked":"Singing Bowl","floor":12},{"not_picked":["HollowMod:GrimmsGift","HollowMod:SoulShaman","HollowMod:VengefulVoid"],"picked":"Singing Bowl","floor":13},{"not_picked":["HollowMod:TaintedHusks","HollowMod:DashSlash","HollowMod:VengefulVoid"],"picked":"Singing Bowl","floor":14},{"not_picked":["HollowMod:Hiveblood","HollowMod:theNailsmith","HollowMod:NewInfectedGuardian"],"picked":"Singing Bowl","floor":16},{"not_picked":["HollowMod:ChannelNail+1","HollowMod:SoulVessel+1","HollowMod:NewLittleFool"],"picked":"Singing Bowl","floor":18},{"not_picked":["HollowMod:InfectionAssault","HollowMod:LifebloodCocoon","HollowMod:CloakDash"],"picked":"Singing Bowl","floor":19},{"not_picked":["HollowMod:HuntersJournal","HollowMod:InfectedAttack","HollowMod:DashSlash"],"picked":"Singing Bowl","floor":20},{"not_picked":["HollowMod:MawleksShell","HollowMod:InfectedCysts","HollowMod:SoulStrike+1"],"picked":"Singing Bowl","floor":22},{"not_picked":["HollowMod:PerfectDash","HollowMod:SoulMaster","HollowMod:CornifersMapStart"],"picked":"Singing Bowl","floor":23},{"not_picked":["HollowMod:InfectionAssault+1","HollowMod:NewGlowingWomb","HollowMod:VengefulVoid"],"picked":"Singing Bowl","floor":25},{"not_picked":["HollowMod:DreamGate","HollowMod:DungDefenderAura","HollowMod:InfectedCysts+1"],"picked":"Singing Bowl","floor":27},{"not_picked":["HollowMod:SiblingsSouls","HollowMod:CrystalDash","HollowMod:Weaversong"],"picked":"Singing Bowl","floor":28},{"not_picked":["HollowMod:DoubleDash","HollowMod:HuntersJournal","HollowMod:GreatSlash+1"],"picked":"Singing Bowl","floor":29},{"not_picked":["HollowMod:DungDefenderAura","HollowMod:LordofShades","HollowMod:RecoilStrike"],"picked":"Singing Bowl","floor":30},{"not_picked":["HollowMod:SiblingsSouls","HollowMod:InfectedCysts","HollowMod:VengefulVoid"],"picked":"Singing Bowl","floor":31}],"player_experience":283787,"relics_obtained":[{"floor":6,"key":"Thread and Needle"},{"floor":8,"key":"Singing Bowl"},{"floor":9,"key":"HowToJump"},{"floor":12,"key":"Oddly Smooth Stone"},{"floor":23,"key":"Centennial Puzzle"},{"floor":26,"key":"HollowMod:KingsBrand"},{"floor":28,"key":"Void"},{"floor":30,"key":"Bag of Marbles"}],"event_choices":[],"is_beta":false,"boss_relics":[{"not_picked":["Calling Bell","HollowMod:VoidIdolRelic"],"picked":"RedLine:ReiMu"},{"not_picked":[]}],"items_purged_floors":[17],"is_endless":false,"potions_floor_spawned":[1,4,6,10,12,13,16,18,20,27,28,30,31],"killed_by":"Champ","ascension_level":0}}