{"host":"ow9msrs9p2ctkx99","time":1607831705,"event":{"mods":["AchievementEnabler","BaseMod","Colored Map","Colored Powertips","Minty Spire (QoL Compilation)","Permanent Neow","Quick Restart","SuperFastMode"],"gold_per_floor":[116,116,116,116,136,165,181,212,235,235,250,7,7,33,33,130,130,145,145,162,182,195,195,195,195],"floor_reached":24,"playtime":451,"items_purged":[],"score":362,"play_id":"b0e8ffbf-bdfd-484c-8c97-389cfb92769f","local_time":"20201213045505","is_ascension_mode":true,"campfire_choices":[{"data":"Zap","floor":10.0,"key":"SMITH"},{"floor":15,"key":"REST"},{"floor":23,"key":"REST"}],"circlet_count":0,"master_deck":["AscendersBane","Strike_B+1","Strike_B","Strike_B+1","Strike_B","Defend_B","Defend_B","Defend_B","Defend_B","Zap+1","Dualcast+1","Static Discharge+1","Coolheaded","Seek","Compile Driver","Undo","White Noise","Go for the Eyes","Hyperbeam","Rip and Tear","Turbo","Leap","Steam"],"relics":["Cracked Core","NeowsBlessing","Orichalcum","Whetstone","Happy Flower","Kunai","White Beast Statue","Nuclear Battery"],"acts_visited":["Exordium","TheCity"],"potions_floor_usage":[16,16,18,21,24,24,24],"damage_taken":[{"damage":0.0,"enemies":"Small Slimes","floor":1.0,"turns":1.0},{"damage":0.0,"enemies":"Cultist","floor":5.0,"turns":1.0},{"damage":0.0,"enemies":"Lagavulin","floor":6.0,"turns":1.0},{"damage":0.0,"enemies":"2 Louse","floor":7.0,"turns":1.0},{"damage":16.0,"enemies":"Gremlin Nob","floor":8.0,"turns":3.0},{"damage":0.0,"enemies":"Red Slaver","floor":11.0,"turns":3.0},{"damage":13,"enemies":"3 Sentries","floor":14,"turns":2},{"damage":13,"enemies":"The Guardian","floor":16,"turns":9},{"damage":9,"enemies":"Chosen","floor":18,"turns":4},{"damage":26,"enemies":"2 Thieves","floor":20,"turns":3},{"damage":6,"enemies":"Cultist and Chosen","floor":21,"turns":6},{"damage":19,"enemies":"Snecko","floor":22,"turns":5},{"damage":31,"enemies":"Gremlin Leader","floor":24,"turns":7}],"seed_played":"3321337028832811550","potions_obtained":[{"floor":1.0,"key":"ColorlessPotion"},{"floor":6.0,"key":"Energy Potion"},{"floor":8.0,"key":"LiquidBronze"},{"floor":11.0,"key":"Swift Potion"},{"floor":16,"key":"Swift Potion"},{"floor":18,"key":"Block Potion"},{"floor":20,"key":"SpeedPotion"},{"floor":21,"key":"Weak Potion"},{"floor":22,"key":"PowerPotion"}],"is_trial":false,"path_per_floor":["M","?","?","?","M","E","M","E","T","R","M","$","$","E","R","B",null,"M","?","M","M","M","R","E"],"character_chosen":"DEFECT","items_purchased":["Kunai"],"campfire_rested":2,"item_purchase_floors":[12],"current_hp_per_floor":[68,68,53,53,53,53,53,37,37,37,37,37,37,24,46,33,65,56,56,30,24,5,27,0,0],"gold":195,"neow_bonus":"THREE_ENEMY_KILL","is_daily":false,"chose_seed":false,"campfire_upgraded":1,"win_rate":0.0,"timestamp":1607831705,"path_taken":["M","?","?","?","?","E","M","E","T","R","?","?","$","E","R","BOSS","M","?","M","?","M","R","E"],"items_purchased_type":["Relic"],"build_version":"2020-11-30","purchased_purges":0,"victory":false,"max_hp_per_floor":[75,75,75,75,75,75,75,75,75,75,75,75,75,75,75,75,75,75,75,75,75,75,75,75,75],"card_choices":[{"not_picked":["Hologram","Scrape"],"picked":"Static Discharge","floor":1.0},{"not_picked":["Go for the Eyes","Storm"],"picked":"Coolheaded","floor":5.0},{"not_picked":["Steam","Doom and Gloom"],"picked":"Seek","floor":6.0},{"not_picked":["Streamline","Fusion"],"picked":"Compile Driver","floor":7.0},{"not_picked":["Stack","Coolheaded"],"picked":"Undo","floor":8.0},{"not_picked":["Steam Power","Conserve Battery"],"picked":"White Noise","floor":11.0},{"not_picked":["Rip and Tear","Hologram"],"picked":"Go for the Eyes","floor":14},{"not_picked":["Amplify","Seek"],"picked":"Hyperbeam","floor":16},{"not_picked":["Hologram","Stack"],"picked":"Rip and Tear","floor":18},{"not_picked":["Genetic Algorithm","Compile Driver+1"],"picked":"Turbo","floor":20},{"not_picked":["Rip and Tear","Go for the Eyes+1"],"picked":"Leap","floor":21},{"not_picked":["Gash","Heatsinks"],"picked":"Steam","floor":22}],"player_experience":985732,"relics_obtained":[{"floor":6.0,"key":"Whetstone"},{"floor":8.0,"key":"Happy Flower"},{"floor":14,"key":"White Beast Statue"}],"event_choices":[{"damage_healed":0.0,"max_hp_gain":0.0,"max_hp_loss":0.0,"gold_gain":0.0,"event_name":"Big Fish","player_choice":"Box","floor":2.0,"gold_loss":0.0,"damage_taken":0.0,"relics_obtained":["Orichalcum"],"cards_obtained":["Regret"]},{"damage_healed":0.0,"max_hp_gain":0.0,"max_hp_loss":0.0,"gold_gain":0.0,"event_name":"Shining Light","player_choice":"Entered Light","floor":3.0,"gold_loss":0.0,"damage_taken":15.0,"cards_upgraded":["Dualcast","Static Discharge"]},{"cards_removed":["Regret"],"damage_healed":0.0,"max_hp_gain":0.0,"max_hp_loss":0.0,"gold_gain":0.0,"event_name":"Fountain of Cleansing","player_choice":"Removed Curses","floor":4.0,"gold_loss":0.0,"damage_taken":0.0},{"damage_healed":0,"gold_gain":0,"player_choice":"0 cards matched","damage_taken":0,"max_hp_gain":0,"max_hp_loss":0,"event_name":"Match and Keep!","floor":19,"gold_loss":0,"cards_obtained":[]}],"is_beta":false,"boss_relics":[{"not_picked":["Tiny House","Ectoplasm"],"picked":"Nuclear Battery"}],"items_purged_floors":[],"is_endless":false,"potions_floor_spawned":[1,6,8,11,16,18,20,21,22],"killed_by":"Gremlin Leader","ascension_level":10}}