{"host":"sst22apzgpn07t8v","time":1607828496,"event":{"mods":["Act Like it!","BaseMod","Downfall","Hallownest","HololiveMod","Lobotomy","LobotomyExtend","Minty Spire (QoL Compilation)","Replay The Spire","Shop Mod","StSLib"],"gold_per_floor":[99,99,132,132,150,600,600,450,467,467,344,354,368,368,368,368,381,381,381],"floor_reached":18,"playtime":845,"items_purged":[],"score":135,"play_id":"4c4bfa71-1de5-4dc5-9198-f062c06abab2","local_time":"20201213110136","is_ascension_mode":false,"campfire_choices":[{"floor":1,"key":"RECALL"},{"data":"hexamod:HeatCrush","floor":8,"key":"SMITH"},{"data":"hexamod:Sear","floor":10,"key":"SMITH"}],"circlet_count":0,"master_deck":["hexamod:Strike","hexamod:Strike","hexamod:Strike","hexamod:Strike","hexamod:Defend","hexamod:Defend","hexamod:Defend","hexamod:Defend","hexamod:Sear+1","hexamod:Float","hexamod:FastForward","hexamod:UnleashSpirits","hexamod:GhostLash","hexamod:HeatCrush+1","Slimebound:Icky","Slimebound:Icky","Slimebound:Icky","hexamod:ThermalTransfer","hexamod:RainOfEmbers","hexamod:SpectersWail","hexamod:Firestarter","hexamod:SixthSeal","hexamod:FirstSeal","hexamod:Hexaguard"],"relics":["hexamod:SpiritBrand","downfall:HeartsMalice","Frozen Egg 2","downfall:HeartBlessingRed","downfall:HeartBlessingBlue","Darkstone Periapt"],"acts_visited":["Exordium"],"potions_floor_usage":[],"damage_taken":[{"damage":0,"enemies":"Small Slimes","floor":2,"turns":1},{"damage":0,"enemies":"3 Sentries","floor":3,"turns":1},{"damage":0,"enemies":"2 Louse","floor":4,"turns":1},{"damage":0,"enemies":"Cultist","floor":5,"turns":3},{"damage":7,"enemies":"Large Slime","floor":9,"turns":4},{"damage":0,"enemies":"downfall:FleeingMerchant","floor":11,"turns":4},{"damage":2,"enemies":"Red Slaver","floor":12,"turns":2},{"damage":19,"enemies":"3 Louse","floor":13,"turns":3},{"damage":0,"enemies":"Gremlin Gang","floor":17,"turns":2},{"damage":33,"enemies":"downfall:Ironclad","floor":18,"turns":6}],"seed_played":"6330779716710766175","potions_obtained":[{"floor":12,"key":"BlessingOfTheForge"},{"floor":17,"key":"EssenceOfSteel"}],"is_trial":false,"path_per_floor":["R","M","E","M","M","?","T","R","M","R","$","M","M","PTL","PTL","?","M","B"],"character_chosen":"THE_SPIRIT","items_purchased":["hexamod:SpectersWail","hexamod:Firestarter"],"campfire_rested":0,"item_purchase_floors":[11,11],"current_hp_per_floor":[70,70,70,70,70,70,70,80,73,73,73,71,52,52,52,27,27,0,0],"gold":381,"neow_bonus":"THREE_ENEMY_KILL","is_daily":false,"chose_seed":false,"campfire_upgraded":2,"win_rate":0.0,"timestamp":1607828496,"path_taken":["R","M","E","M","M","?","T","R","M","R","$","M","M","PTL","PTL","?","M","BOSS"],"items_purchased_type":["Card","Card"],"build_version":"2020-11-30","purchased_purges":0,"victory":false,"max_hp_per_floor":[70,70,70,70,70,70,70,80,80,80,80,80,80,80,80,80,80,80,80],"card_choices":[{"not_picked":["hexamod:Firestarter","hexamod:GhostLash"],"picked":"hexamod:FastForward","floor":2},{"not_picked":["hexamod:FastForward","hexamod:SwordOfDarkness"],"picked":"hexamod:UnleashSpirits","floor":3},{"not_picked":["hexamod:ShieldOfDarkness","hexamod:StepThrough"],"picked":"hexamod:GhostLash","floor":4},{"not_picked":["hexamod:ShieldOfDarkness","hexamod:SpectersWail"],"picked":"hexamod:HeatCrush","floor":5},{"not_picked":["hexamod:HeatCrush","hexamod:NecessarySacrifice"],"picked":"hexamod:ThermalTransfer","floor":9},{"not_picked":["hexamod:GhostShield","hexamod:Hexaguard"],"picked":"hexamod:RainOfEmbers","floor":11},{"not_picked":["hexamod:RainOfEmbers","hexamod:SwordOfDarkness"],"picked":"hexamod:SixthSeal","floor":12},{"not_picked":["hexamod:InspiringFlames","hexamod:GhostOfSpireFuture+1"],"picked":"hexamod:FirstSeal","floor":13},{"not_picked":["hexamod:FirstSeal","hexamod:SkipABeat"],"picked":"hexamod:Hexaguard","floor":17}],"player_experience":131958,"relics_obtained":[{"floor":3,"key":"Frozen Egg 2"}],"event_choices":[{"damage_healed":0,"gold_gain":0,"player_choice":"Success","damage_taken":25,"relics_obtained":["Darkstone Periapt"],"max_hp_gain":0,"max_hp_loss":0,"event_name":"Scrap Ooze","floor":16,"gold_loss":0}],"is_beta":false,"boss_relics":[],"items_purged_floors":[],"is_endless":false,"potions_floor_spawned":[12,17],"killed_by":"downfall:Ironclad","ascension_level":0}}