{"host":"y76x98twjnyyxs83","time":1607880103,"event":{"mods":["BaseMod","Colored Powertips","Minty Spire (QoL Compilation)","Permanent Neow","Quick Restart","Rare Cards Sparkle","Relic Stats","StSLib"],"gold_per_floor":[114,129,145,190,6,35,47,73,73,73,105,105,117,132,132,209,209,225,244,244,244,244],"floor_reached":21,"playtime":603,"items_purged":[],"score":627,"play_id":"68338016-78c0-4864-bc84-e98717a47dce","local_time":"20201214012143","is_ascension_mode":true,"campfire_choices":[{"data":"CrushJoints","floor":10,"key":"SMITH"},{"data":"Prostrate","floor":15,"key":"SMITH"}],"circlet_count":0,"master_deck":["AscendersBane","Defend_P","Defend_P","Defend_P","Defend_P","Eruption","Vigilance","SashWhip","Consecrate","Adaptation","FlurryOfBlows","WheelKick","CrushJoints+1","Conclude","Prostrate+1","ClearTheMind","ConjureBlade","EmptyBody","DeceiveReality","Bite","Bite","Bite","Bite","Bite"],"relics":["Busted Crown","Omamori","Damaru","StrikeDummy","Toy Ornithopter","Shovel","Cursed Key"],"acts_visited":["Exordium","TheCity"],"potions_floor_usage":[6,8,11,13],"damage_taken":[{"damage":3,"enemies":"Cultist","floor":1,"turns":4},{"damage":0,"enemies":"Jaw Worm","floor":2,"turns":2},{"damage":2,"enemies":"2 Louse","floor":3,"turns":3},{"damage":22,"enemies":"Lagavulin","floor":6,"turns":4},{"damage":6,"enemies":"Looter","floor":7,"turns":3},{"damage":0,"enemies":"3 Sentries","floor":8,"turns":3},{"damage":0,"enemies":"Lagavulin","floor":11,"turns":4},{"damage":4,"enemies":"Gremlin Gang","floor":13,"turns":2},{"damage":14,"enemies":"3 Louse","floor":14,"turns":2},{"damage":0,"enemies":"Slime Boss","floor":16,"turns":6},{"damage":16,"enemies":"Shell Parasite","floor":18,"turns":2},{"damage":0,"enemies":"Spheric Guardian","floor":19,"turns":1},{"damage":56,"enemies":"Chosen and Byrds","floor":21,"turns":7}],"seed_played":"-6298735911372164960","potions_obtained":[{"floor":3,"key":"Strength Potion"},{"floor":6,"key":"AttackPotion"},{"floor":7,"key":"ColorlessPotion"},{"floor":8,"key":"Swift Potion"},{"floor":16,"key":"Ancient Potion"},{"floor":18,"key":"PowerPotion"}],"is_trial":false,"path_per_floor":["M","M","M","T","$","E","M","E","T","R","E","T","M","M","R","B",null,"M","M","?","M"],"character_chosen":"WATCHER","items_purchased":["Adaptation","FlurryOfBlows","WheelKick"],"campfire_rested":0,"item_purchase_floors":[5,5,5],"current_hp_per_floor":[58,58,56,56,56,34,28,28,28,28,33,33,34,20,20,20,56,40,40,40,0,0],"gold":244,"neow_bonus":"BOSS_RELIC","is_daily":false,"chose_seed":false,"campfire_upgraded":2,"win_rate":0.0,"timestamp":1607880103,"path_taken":["M","M","M","?","$","E","M","E","T","R","E","?","M","M","R","BOSS","M","?","?","M"],"items_purchased_type":["Card","Card","Card"],"build_version":"2020-11-30","purchased_purges":0,"victory":false,"max_hp_per_floor":[68,68,68,68,68,68,68,68,68,68,68,68,68,68,68,68,68,68,68,47,47,47],"relic_stats":{"Busted Crown":24,"Shovel":0,"counters":[13,43],"Cursed Key":0,"obtain_stats":[{"Busted Crown":0,"Shovel":11,"Damaru":6,"Omamori":4,"PureWater":0,"StrikeDummy":8,"Cursed Key":17,"Toy Ornithopter":9},{"Busted Crown":0,"Shovel":7,"Damaru":4,"Omamori":3,"PureWater":0,"StrikeDummy":6,"Cursed Key":10,"Toy Ornithopter":6},{"Busted Crown":0,"Shovel":23,"Damaru":13,"Omamori":9,"PureWater":0,"StrikeDummy":19,"Cursed Key":33,"Toy Ornithopter":19}],"Toy Ornithopter":10},"card_choices":[{"not_picked":[],"picked":"SashWhip","floor":1},{"not_picked":[],"picked":"Consecrate","floor":2},{"not_picked":["Consecrate"],"picked":"SKIP","floor":3},{"not_picked":[],"picked":"CrushJoints","floor":6},{"not_picked":[],"picked":"Conclude","floor":7},{"not_picked":[],"picked":"Prostrate","floor":8},{"not_picked":[],"picked":"ClearTheMind","floor":11},{"not_picked":["JustLucky"],"picked":"SKIP","floor":13},{"not_picked":["LikeWater"],"picked":"SKIP","floor":14},{"not_picked":[],"picked":"ConjureBlade","floor":16},{"not_picked":[],"picked":"EmptyBody","floor":18},{"not_picked":[],"picked":"DeceiveReality","floor":19}],"player_experience":1078739,"relics_obtained":[{"floor":4,"key":"Omamori"},{"floor":6,"key":"Damaru"},{"floor":8,"key":"StrikeDummy"},{"floor":9,"key":"Toy Ornithopter"},{"floor":11,"key":"Shovel"}],"event_choices":[{"damage_healed":0,"gold_gain":0,"player_choice":"Became a vampire","damage_taken":0,"max_hp_gain":0,"max_hp_loss":21,"event_name":"Vampires","floor":20,"gold_loss":0,"cards_obtained":["Bite","Bite","Bite","Bite","Bite"]}],"is_beta":false,"boss_relics":[{"not_picked":["Ectoplasm","Velvet Choker"],"picked":"Cursed Key"}],"items_purged_floors":[],"is_endless":false,"potions_floor_spawned":[3,6,7,8,16,18],"killed_by":"Chosen and Byrds","ascension_level":20}}