{"host":"5uvzo7moqy5vd63g","time":1607898755,"event":{"mods":["Aspiration","BaseMod","Conspire","Dio Mod","Downfall","Hermit","Hubris","Jedi Mod","Jorbs\u0027s Wanderer Trilogy","Mimic Mod","Minty Spire (QoL Compilation)","Replay The Spire","StSLib","The Animator","Wandering Minibosses"],"gold_per_floor":[112,125,200,80,95,128,128,128,128,140,158,178,49,60,60,161,161,176,176,2,14,14,14,44,143,143,155,155,155,183,183,98,111,111,211,211,226,72,72,86,100,130,130,142,219,269,269,269,269,282,282,282,282,282,527,577,632,632,727,7,82,162,162,37,132,132,132,132,247,247,247],"floor_reached":72,"playtime":3818,"items_purged":["dioMod:Strike","Injury","dioMod:ComposedMuda"],"score":1340,"play_id":"5c3e62f9-46fc-4c5a-be03-7e771d656ae0","local_time":"20201213173235","is_ascension_mode":false,"campfire_choices":[{"data":"dioMod:SlashThroughTime","floor":7,"key":"SMITH"},{"data":"dioMod:MudaMudaMuda","floor":15,"key":"SMITH"},{"data":"dioMod:Muda","floor":23,"key":"SMITH"},{"data":"dioMod:CautiousMuda","floor":31,"key":"SMITH"},{"floor":34,"key":"DIG"},{"floor":43,"key":"RECALL"},{"data":"dioMod:SlashThroughTime","floor":48,"key":"SMITH"},{"data":"Panache","floor":51,"key":"SMITH"},{"data":"Panache","floor":54,"key":"SMITH"},{"floor":68,"key":"REST"},{"floor":70,"key":"REST"}],"circlet_count":0,"master_deck":["Bite+1","dioMod:Muda+1","dioMod:SlashThroughTime+1","dioMod:Muda+1","dioMod:Muda+1","dioMod:Hiss+1","dioMod:ComboFever+1","dioMod:MudaMudaMuda+1","dioMod:DisarmingVoice+1","dioMod:CautiousMuda+1","dioMod:StreetSign+1","dioMod:Refresh+1","dioMod:TheWalk+1","dioMod:FlyAway+1","dioMod:ComboFever+1","dioMod:Muda+1","dioMod:KonoDioDa+1","dioMod:TheWalk+1","dioMod:Freeze+1","dioMod:SlashThroughTime+1","dioMod:Muda+1","dioMod:BloodSuck+1","dioMod:Freeze+1","dioMod:PathToHeaven+1","Panache+1","expansioncontent:DecasProtection+1","Panache+1","dioMod:Muda+1","dioMod:VengefulMuda+1","dioMod:CautiousMuda+1","dioMod:DisarmingVoice+1","dioMod:MudaMudaMuda+1","expansioncontent:StudyTheSpire+1","dioMod:DominatingPresence+1","dioMod:SadisticLaugh+1"],"relics":["animator:TheEgnaroPiece","animator:AncientMedallion"],"acts_visited":["Exordium","TheCity","TheBeyond","TheEnding","EYB:TheUnnamedReign"],"potions_floor_usage":[35,65,71,71,71],"damage_taken":[{"damage":0,"enemies":"Small Slimes","floor":1,"turns":1},{"damage":0,"enemies":"conspire:RoseBush","floor":2,"turns":1},{"damage":0,"enemies":"Jaw Worm","floor":5,"turns":1},{"damage":25,"enemies":"Lagavulin","floor":6,"turns":6},{"damage":3,"enemies":"Red Slaver","floor":10,"turns":2},{"damage":0,"enemies":"Exordium Wildlife","floor":11,"turns":1},{"damage":0,"enemies":"2 Fungi Beasts","floor":12,"turns":2},{"damage":7,"enemies":"Large Slime","floor":14,"turns":4},{"damage":0,"enemies":"Hexaghost","floor":16,"turns":2},{"damage":9,"enemies":"Shell Parasite","floor":18,"turns":3},{"damage":0,"enemies":"Chosen","floor":21,"turns":1},{"damage":0,"enemies":"Book of Stabbing","floor":24,"turns":1},{"damage":0,"enemies":"Snake Plant","floor":27,"turns":2},{"damage":0,"enemies":"conspire:Head Lice","floor":30,"turns":3},{"damage":0,"enemies":"Shelled Parasite and Fungi","floor":33,"turns":2},{"damage":30,"enemies":"Champ","floor":35,"turns":5},{"damage":0,"enemies":"3 Darklings","floor":37,"turns":2},{"damage":2,"enemies":"Orb Walker","floor":40,"turns":2},{"damage":0,"enemies":"Spire Growth","floor":41,"turns":2},{"damage":0,"enemies":"R_Hoarder","floor":42,"turns":2},{"damage":0,"enemies":"Maw","floor":44,"turns":1},{"damage":0,"enemies":"2 Orb Walkers","floor":46,"turns":1},{"damage":0,"enemies":"Jaw Worm Horde","floor":50,"turns":1},{"damage":27,"enemies":"Donu and Deca","floor":52,"turns":4},{"damage":6,"enemies":"animator:UNNAMED_HAT","floor":56,"turns":7},{"damage":0,"enemies":"animator:UNNAMED_CULTIST_1","floor":57,"turns":1},{"damage":0,"enemies":"animator:UNNAMED_CULTIST_2","floor":61,"turns":4},{"damage":44,"enemies":"animator:LARGE_WISP","floor":62,"turns":3},{"damage":13,"enemies":"animator:ULTIMATE_CUBE","floor":65,"turns":3},{"damage":0,"enemies":"animator:ULTIMATE_WISP","floor":69,"turns":2}],"seed_played":"-3578160762205956396","potions_obtained":[{"floor":5,"key":"Energy Potion"},{"floor":10,"key":"LiquidMemories"},{"floor":11,"key":"Ancient Potion"},{"floor":35,"key":"Venom Potion"},{"floor":56,"key":"animator:FalseLifePotion"},{"floor":57,"key":"animator:FalseLifePotion"},{"floor":61,"key":"animator:FalseLifePotion"},{"floor":65,"key":"animator:FalseLifePotion"}],"is_trial":false,"path_per_floor":["M","M","?","$","M","E","R","?","T","M","M","M","$","M","R","B",null,"M","?","$","M","?","R","E","?","T","M","PTL","PTL","E","R","?","M","R","B",null,"M","$","?","M","M","E","R","M","T","?","?","R","?","M","R","B",null,"R","??","M","M","T","?","$","M","M","?","$","E","T","?","R","E","R","B",null],"character_chosen":"THE_DEFAULT","items_purchased":["dioMod:Muda","dioMod:DisarmingVoice+1","dioMod:CautiousMuda","dioMod:TheWalk+1","dioMod:Freeze+1","dioMod:SlashThroughTime","animator:AncientMedallion","animator:AncientMedallion","dioMod:MudaMudaMuda","expansioncontent:StudyTheSpire"],"campfire_rested":2,"item_purchase_floors":[4,13,13,20,38,38,60,60,60,60],"current_hp_per_floor":[75,75,68,68,71,55,55,55,55,55,61,69,69,68,68,73,75,69,62,62,65,65,65,68,68,68,73,73,73,75,75,75,75,75,48,75,75,75,75,75,75,75,75,75,75,75,75,75,65,74,74,53,75,75,100,98,98,98,73,73,89,59,59,59,62,62,72,100,100,100,10],"gold":247,"neow_bonus":"THREE_ENEMY_KILL","is_daily":false,"chose_seed":false,"campfire_upgraded":7,"win_rate":0.0,"timestamp":1607898755,"path_taken":["M","M","?","$","?","E","R","?","T","M","M","M","$","M","R","BOSS","M","?","$","?","?","R","E","?","T","M","PTL","PTL","E","R","?","M","R","BOSS","M","$","?","M","M","E","R","M","T","?","?","R","?","M","R","BOSS","R","??","M","M","T","?","$","M","M","?","$","E","T","?","R","E","R","BOSS"],"items_purchased_type":["Card","Card","Card","Card","Card","Card","Relic","Relic","Card","Card"],"build_version":"2020-11-30","purchased_purges":3,"victory":true,"max_hp_per_floor":[75,75,75,75,75,75,75,75,75,75,75,75,75,75,75,75,75,75,75,75,75,75,75,75,75,75,75,75,75,75,75,75,75,75,75,75,75,75,75,75,75,75,75,75,75,75,75,75,75,75,75,75,75,75,100,100,100,100,100,100,100,100,100,100,100,100,100,100,100,100,100],"card_choices":[{"not_picked":["dioMod:TripleThreat","dioMod:StreetSign"],"picked":"dioMod:Muda","floor":1},{"not_picked":["dioMod:BloodShield","dioMod:HeavyLifting"],"picked":"dioMod:SlashThroughTime","floor":2},{"not_picked":["dioMod:DaggerSpree","dioMod:SecretPlan"],"picked":"dioMod:Muda","floor":5},{"not_picked":["dioMod:Donut","dioMod:BlendIn","dioMod:DaggerToss"],"picked":"SKIP","floor":6},{"not_picked":["dioMod:WRYYY","dioMod:StreetSign"],"picked":"dioMod:Hiss+1","floor":10},{"not_picked":["dioMod:RoadRoller","dioMod:Hiss+1"],"picked":"dioMod:ComboFever+1","floor":11},{"not_picked":["dioMod:GoodbyeJojo+1","dioMod:Diversion"],"picked":"dioMod:MudaMudaMuda","floor":12},{"not_picked":["dioMod:CutDeep","dioMod:Donut"],"picked":"dioMod:StreetSign","floor":14},{"not_picked":["dioMod:SevenPageMuda","dioMod:RoadRoller"],"picked":"dioMod:Refresh+1","floor":16},{"not_picked":["dioMod:Minions","dioMod:DarkRebirth","dioMod:BlendIn+1"],"picked":"SKIP","floor":18},{"not_picked":["dioMod:BloodSplash+1","dioMod:Hiss+1"],"picked":"dioMod:FlyAway+1","floor":21},{"not_picked":["dioMod:DaggerToss","dioMod:BloodSplash+1","dioMod:SadisticLaugh+1"],"picked":"SKIP","floor":24},{"not_picked":["dioMod:BloodShield+1","dioMod:BlendIn+1","dioMod:SadisticLaugh+1"],"picked":"SKIP","floor":27},{"not_picked":["dioMod:BlendIn+1","dioMod:DaggerSpree"],"picked":"dioMod:Muda","floor":30},{"not_picked":["dioMod:TripleThreat+1","dioMod:DaggerSpree+1","dioMod:DoubleTime+1"],"picked":"SKIP","floor":33},{"not_picked":["dioMod:Regeneration","dioMod:GoldVial+1"],"picked":"dioMod:TheWalk+1","floor":35},{"not_picked":["dioMod:BloodTransfusion","dioMod:CutDeep+1","dioMod:DarkRebirth"],"picked":"SKIP","floor":37},{"not_picked":["dioMod:DoubleTime+1","dioMod:CautiousMuda","dioMod:WRYYY"],"picked":"SKIP","floor":40},{"not_picked":["dioMod:StreetSign","dioMod:CautiousMuda+1"],"picked":"dioMod:Muda","floor":41},{"not_picked":["dioMod:BloodShield+1","dioMod:BloodSplash+1","dioMod:BloodSuck+1"],"picked":"SKIP","floor":42},{"not_picked":["dioMod:Diversion","dioMod:LaserVision"],"picked":"dioMod:Freeze+1","floor":44},{"not_picked":["dioMod:RoadRoller","dioMod:Despair+1"],"picked":"dioMod:PathToHeaven+1","floor":46},{"not_picked":["expansioncontent:ChargeUp+1","Swift Strike"],"picked":"Panache","floor":49},{"not_picked":["Replay:SS_hec_1","Panache"],"picked":"expansioncontent:DecasProtection+1","floor":49},{"not_picked":["Replay:BasicMightCard","Deep Breath+1"],"picked":"Panache","floor":49},{"not_picked":["dioMod:DaggerSpree","dioMod:Hiss+1"],"picked":"dioMod:Muda+1","floor":50},{"not_picked":["dioMod:ComposedMuda","dioMod:SlashThroughTime","dioMod:TripleThreat"],"picked":"SKIP","floor":56},{"not_picked":["dioMod:Minions+1","dioMod:BloodShield","dioMod:BloodSuck"],"picked":"SKIP","floor":57},{"not_picked":["dioMod:ComposedMuda+1","dioMod:Roundabout","dioMod:RoadRoller"],"picked":"SKIP","floor":61},{"not_picked":["dioMod:CautiousMuda","dioMod:Donut"],"picked":"dioMod:DominatingPresence+1","floor":62},{"not_picked":["dioMod:VengefulMuda","dioMod:Roundabout","dioMod:Minions"],"picked":"SKIP","floor":65},{"not_picked":["dioMod:WRYYY","dioMod:BloodShield"],"picked":"dioMod:SadisticLaugh+1","floor":69}],"player_experience":1274856,"relics_obtained":[{"floor":6,"key":"jedi:HeartOfTheCards"},{"floor":9,"key":"Replay:PocketPolymizer"},{"floor":24,"key":"Pen Nib"},{"floor":30,"key":"Replay:Mystery Machine"},{"floor":34,"key":"Calipers"},{"floor":42,"key":"Counterbalance"},{"floor":45,"key":"hubris:Reverence"},{"floor":46,"key":"conspire:GiftBox"},{"floor":55,"key":"animator:TheEgnaroPiece"},{"floor":58,"key":"animator:AncientMedallion"},{"floor":59,"key":"animator:AncientMedallion"},{"floor":65,"key":"animator:AncientMedallion"},{"floor":66,"key":"animator:AncientMedallion"},{"floor":69,"key":"animator:AncientMedallion"}],"event_choices":[{"damage_healed":0,"gold_gain":75,"player_choice":"Touch","damage_taken":7,"max_hp_gain":0,"max_hp_loss":0,"event_name":"FaceTrader","floor":3,"gold_loss":0},{"damage_healed":0,"gold_gain":0,"player_choice":"Damaged","damage_taken":7,"max_hp_gain":0,"max_hp_loss":0,"event_name":"Wheel of Change","floor":19,"gold_loss":0},{"damage_healed":0,"gold_gain":99,"player_choice":"Stole From Cult","damage_taken":0,"max_hp_gain":0,"max_hp_loss":0,"event_name":"Nest","floor":25,"gold_loss":0},{"damage_healed":0,"gold_gain":0,"player_choice":"Obtained Relic","damage_taken":0,"relics_obtained":["Replay:Bottled Flurry"],"max_hp_gain":0,"max_hp_loss":0,"event_name":"Addict","floor":32,"gold_loss":85},{"damage_healed":0,"gold_gain":0,"player_choice":"Fight","damage_taken":0,"max_hp_gain":0,"max_hp_loss":0,"event_name":"Mysterious Sphere","floor":46,"gold_loss":0},{"damage_healed":0,"gold_gain":0,"player_choice":"Ignored","damage_taken":0,"max_hp_gain":0,"max_hp_loss":0,"event_name":"Tomb of Lord Red Mask","floor":47,"gold_loss":0},{"damage_healed":0,"gold_gain":0,"player_choice":"Memory 3","damage_taken":10,"max_hp_gain":0,"max_hp_loss":0,"event_name":"SensoryStone","floor":49,"gold_loss":0}],"is_beta":false,"boss_relics":[{"not_picked":["aspiration:SilentSkillbook","SacredBark"],"picked":"Cursed Key"},{"not_picked":["Astrolabe","Replay:Grab Bag"],"picked":"Empty Cage"}],"items_purged_floors":[4,20,64],"is_endless":false,"potions_floor_spawned":[5,10,11,12,21,24,30,35,37,46,50,65,69],"ascension_level":0}}