{"host":"vpnygm79y7yi43ig","time":1607895882,"event":{"mods":["BaseMod","Bestiary","Minty Spire (QoL Compilation)"],"gold_per_floor":[109,121,140,140,140,169,26,45,45,60,60,60,94,112,112,216,216,227,243,262,277,78,109,109,109,109,120,120,120,131,146,146,244,244,256,268,168,184,202,229,229,280,280,280,299,299,8,8,8,8],"floor_reached":51,"playtime":2988,"items_purged":["Strike_G","Strike_G+1"],"score":736,"play_id":"72042cd4-0494-4817-853f-b6570cea11fa","local_time":"20201213134442","is_ascension_mode":false,"campfire_choices":[{"floor":15,"key":"REST"},{"floor":24,"key":"REST"},{"data":"Footwork","floor":28,"key":"SMITH"},{"data":"Noxious Fumes","floor":32,"key":"SMITH"},{"data":"Malaise","floor":41,"key":"SMITH"},{"data":"Neutralize","floor":46,"key":"SMITH"},{"floor":49,"key":"REST"}],"circlet_count":0,"master_deck":["Strike_G+1","Strike_G+1","Strike_G+1","Defend_G+1","Defend_G+1","Defend_G+1","Defend_G+1","Defend_G+1","Survivor+1","Neutralize+1","Deadly Poison+1","Slice+1","Quick Slash+1","Flying Knee+1","Footwork+1","Poisoned Stab+1","Dagger Spray+1","Noxious Fumes+1","Quick Slash+1","PiercingWail+1","PiercingWail+1","Escape Plan+1","Survivor+1","Dagger Throw+1","All Out Attack+1","Backflip+1","Dagger Throw+1","Dagger Throw+1","Malaise+1","Escape Plan+1","Catalyst+1","Acrobatics+1"],"relics":["Ring of the Snake","Dead Branch","Ninja Scroll","Strawberry","Calipers","Unceasing Top","Tough Bandages","Mercury Hourglass","HoveringKite","DollysMirror","Bird Faced Urn","Ornamental Fan","Cursed Key","MealTicket","The Specimen","Mummified Hand","Mark of the Bloom"],"acts_visited":["Exordium","TheCity","TheBeyond"],"potions_floor_usage":[8,8,16,23,33,33,39,42,50,50,50],"damage_taken":[{"damage":4,"enemies":"Cultist","floor":1,"turns":5},{"damage":3,"enemies":"Small Slimes","floor":2,"turns":3},{"damage":3,"enemies":"2 Louse","floor":3,"turns":2},{"damage":0,"enemies":"3 Sentries","floor":6,"turns":5},{"damage":3,"enemies":"Lots of Slimes","floor":8,"turns":2},{"damage":0,"enemies":"3 Louse","floor":10,"turns":2},{"damage":6,"enemies":"Gremlin Nob","floor":13,"turns":3},{"damage":0,"enemies":"Blue Slaver","floor":14,"turns":2},{"damage":1,"enemies":"Slime Boss","floor":16,"turns":6},{"damage":2,"enemies":"Chosen","floor":18,"turns":3},{"damage":20,"enemies":"Spheric Guardian","floor":19,"turns":4},{"damage":15,"enemies":"Snake Plant","floor":20,"turns":5},{"damage":12,"enemies":"3 Cultists","floor":21,"turns":5},{"damage":3,"enemies":"Gremlin Leader","floor":23,"turns":7},{"damage":0,"enemies":"Snecko","floor":27,"turns":5},{"damage":0,"enemies":"Shelled Parasite and Fungi","floor":30,"turns":3},{"damage":0,"enemies":"Chosen and Byrds","floor":31,"turns":3},{"damage":6,"enemies":"Collector","floor":33,"turns":9},{"damage":1,"enemies":"3 Shapes","floor":35,"turns":2},{"damage":0,"enemies":"Orb Walker","floor":36,"turns":3},{"damage":0,"enemies":"Jaw Worm Horde","floor":38,"turns":5},{"damage":0,"enemies":"3 Darklings","floor":39,"turns":3},{"damage":0,"enemies":"Giant Head","floor":40,"turns":8},{"damage":8,"enemies":"2 Orb Walkers","floor":42,"turns":2},{"damage":0,"enemies":"4 Shapes","floor":45,"turns":4},{"damage":3,"enemies":"Awakened One","floor":50,"turns":11}],"seed_played":"-3323181267136600847","potions_obtained":[{"floor":2,"key":"Fire Potion"},{"floor":6,"key":"AttackPotion"},{"floor":8,"key":"FearPotion"},{"floor":13,"key":"Ancient Potion"},{"floor":19,"key":"EssenceOfSteel"},{"floor":21,"key":"ColorlessPotion"},{"floor":23,"key":"AttackPotion"},{"floor":31,"key":"Strength Potion"},{"floor":33,"key":"Fruit Juice"},{"floor":36,"key":"Fire Potion"},{"floor":38,"key":"Energy Potion"},{"floor":39,"key":"Poison Potion"},{"floor":42,"key":"Fire Potion"}],"is_trial":false,"path_per_floor":["M","M","M","T","?","E","$","M","T","M","?","T","E","M","R","B",null,"M","M","M","M","$","E","R","?","T","M","R","?","M","M","R","B",null,"M","M","$","M","M","E","R","?","T","?","M","R","$","?","R","B",null],"character_chosen":"THE_SILENT","items_purchased":["Footwork","DollysMirror","Dagger Throw","Mummified Hand","Swift Potion"],"campfire_rested":3,"item_purchase_floors":[7,22,22,47,47],"current_hp_per_floor":[59,56,53,53,40,47,47,44,44,44,37,37,31,31,52,51,70,68,48,33,21,21,18,39,39,39,43,43,43,47,47,47,52,75,74,75,75,75,75,75,75,71,71,71,71,71,71,71,71,68],"gold":8,"neow_bonus":"ONE_RARE_RELIC","is_daily":false,"chose_seed":false,"campfire_upgraded":4,"win_rate":0.0,"timestamp":1607895882,"path_taken":["M","M","M","?","?","E","$","M","T","M","?","?","E","M","R","BOSS","M","M","?","M","?","E","R","?","T","M","R","?","M","?","R","BOSS","M","M","$","M","M","E","R","?","T","?","M","R","$","?","R","BOSS"],"items_purchased_type":["Card","Relic","Card","Relic","Potion"],"build_version":"2020-11-30","purchased_purges":2,"victory":true,"max_hp_per_floor":[63,63,63,63,63,70,70,70,70,70,70,70,70,70,70,70,70,70,70,70,70,70,70,70,70,70,70,70,70,70,70,70,75,75,75,75,75,75,75,75,75,75,75,71,71,71,71,71,71,71],"card_choices":[{"not_picked":["Acrobatics","Bane"],"picked":"Deadly Poison","floor":1},{"not_picked":["Riddle With Holes","Deadly Poison"],"picked":"Slice","floor":2},{"not_picked":["Sucker Punch","Acrobatics"],"picked":"Quick Slash","floor":3},{"not_picked":["Adrenaline","Choke"],"picked":"Flying Knee","floor":6},{"not_picked":["Blade Dance","Skewer"],"picked":"Poisoned Stab","floor":8},{"not_picked":["Dagger Throw","Poisoned Stab"],"picked":"Dagger Spray","floor":10},{"not_picked":["Underhanded Strike","PiercingWail"],"picked":"Noxious Fumes","floor":13},{"not_picked":["Terror","Cloak And Dagger"],"picked":"Quick Slash","floor":14},{"not_picked":["Deadly Poison+1","Flechettes"],"picked":"PiercingWail","floor":18},{"not_picked":["Flying Knee","Outmaneuver"],"picked":"PiercingWail","floor":19},{"not_picked":["Night Terror","PiercingWail+1","Outmaneuver+1"],"picked":"SKIP","floor":20},{"not_picked":["Terror","Finisher"],"picked":"Escape Plan+1","floor":21},{"not_picked":["PiercingWail","Concentrate"],"picked":"All Out Attack","floor":23},{"not_picked":["Dagger Spray","Skewer+1"],"picked":"Backflip","floor":27},{"not_picked":["Dagger Spray","Deadly Poison","PiercingWail"],"picked":"SKIP","floor":30},{"not_picked":["Riddle With Holes","Infinite Blades"],"picked":"Dagger Throw","floor":31},{"not_picked":["Tools of the Trade","Night Terror"],"picked":"Malaise","floor":33},{"not_picked":["Finisher+1","Cloak And Dagger+1"],"picked":"Escape Plan+1","floor":35},{"not_picked":["Backflip+1","Skewer","Sucker Punch"],"picked":"SKIP","floor":36},{"not_picked":["Poisoned Stab+1","Choke+1"],"picked":"Catalyst+1","floor":38},{"not_picked":["Escape Plan","Blade Dance+1"],"picked":"Acrobatics+1","floor":39},{"not_picked":["Finisher+1","Acrobatics+1","Flechettes+1"],"picked":"SKIP","floor":40},{"not_picked":["Eviscerate+1","Deadly Poison","Dagger Throw"],"picked":"SKIP","floor":45}],"player_experience":170450,"relics_obtained":[{"floor":4,"key":"Ninja Scroll"},{"floor":6,"key":"Strawberry"},{"floor":9,"key":"Calipers"},{"floor":12,"key":"Tough Bandages"},{"floor":13,"key":"Mercury Hourglass"},{"floor":23,"key":"Bird Faced Urn"},{"floor":26,"key":"Ornamental Fan"},{"floor":40,"key":"MealTicket"},{"floor":42,"key":"The Specimen"}],"event_choices":[{"damage_healed":0,"gold_gain":0,"player_choice":"Entered Light","damage_taken":13,"max_hp_gain":0,"max_hp_loss":0,"event_name":"Shining Light","floor":5,"gold_loss":0,"cards_upgraded":["Slice","Defend_G"]},{"damage_healed":0,"gold_gain":0,"player_choice":"Success","damage_taken":7,"relics_obtained":["Unceasing Top"],"max_hp_gain":0,"max_hp_loss":0,"event_name":"Scrap Ooze","floor":11,"gold_loss":0},{"damage_healed":0,"gold_gain":0,"player_choice":"Simplicity","damage_taken":0,"max_hp_gain":0,"max_hp_loss":0,"event_name":"Back to Basics","floor":25,"gold_loss":0,"cards_upgraded":["Strike_G","Strike_G","Strike_G","Strike_G","Defend_G","Defend_G","Defend_G","Defend_G"]},{"damage_healed":0,"gold_gain":0,"player_choice":"Copied","damage_taken":0,"max_hp_gain":0,"max_hp_loss":0,"event_name":"Duplicator","floor":29,"gold_loss":0,"cards_obtained":["Dagger Throw"]},{"damage_healed":0,"gold_gain":0,"player_choice":"Fight","damage_taken":0,"max_hp_gain":0,"max_hp_loss":0,"event_name":"Mysterious Sphere","floor":42,"gold_loss":0},{"damage_healed":0,"gold_gain":0,"player_choice":"Max HP","damage_taken":0,"max_hp_gain":0,"max_hp_loss":4,"event_name":"Winding Halls","floor":44,"gold_loss":0},{"damage_healed":0,"gold_gain":0,"player_choice":"Upgrade","damage_taken":0,"relics_obtained":["Mark of the Bloom"],"max_hp_gain":0,"max_hp_loss":0,"event_name":"MindBloom","floor":48,"gold_loss":0,"cards_upgraded":["Survivor","Deadly Poison","Quick Slash","Flying Knee","Poisoned Stab","Dagger Spray","Quick Slash","PiercingWail","PiercingWail","Survivor","Dagger Throw","All Out Attack","Backflip","Dagger Throw","Dagger Throw"]}],"is_beta":false,"boss_relics":[{"not_picked":["Velvet Choker","Philosopher\u0027s Stone"],"picked":"HoveringKite"},{"not_picked":["Ring of the Serpent","Fusion Hammer"],"picked":"Cursed Key"}],"items_purged_floors":[7,37],"is_endless":false,"potions_floor_spawned":[2,6,8,13,19,21,23,31,33,36,38,39,42],"ascension_level":0}}