{"host":"0jile2yd1dg679g0","time":1607883616,"event":{"mods":["AchievementEnabler","BaseMod","Better Third Choice","Colored Map","Colored Powertips","Minty Spire (QoL Compilation)","Prisma Mod","Random Character Button","Spicy Shops","StSLib","Transform Curses","Treasure Hunter","Waifu the Spire"],"gold_per_floor":[219,219,235,254,267,267,293,293,365,365,379,329,356,431,431,533,533,550,550,550,17,36,71,71,97,97,97,126,126,126,142,142,238,238,255,268,278,35,50,50,67,67,67,117,117,143,153,153,153,153],"floor_reached":51,"playtime":6554,"items_purged":["Defend_R"],"score":851,"play_id":"b871c28b-8d3e-4ad4-aef1-5630cd78965b","local_time":"20201213132016","is_ascension_mode":true,"campfire_choices":[{"data":"Disarm","floor":6.0,"key":"SMITH"},{"data":"Flame Barrier","floor":8.0,"key":"SMITH"},{"data":"Flex","floor":10.0,"key":"SMITH"},{"floor":15.0,"key":"REST"},{"floor":24.0,"key":"REST"},{"floor":27.0,"key":"REST"},{"floor":29.0,"key":"REST"},{"data":"Wild Strike","floor":32.0,"key":"SMITH"},{"data":"Reaper","floor":40,"key":"SMITH"},{"data":"Headbutt","floor":42,"key":"SMITH"},{"data":"TH:DeckOfManyThings","floor":45,"key":"PURGE"},{"floor":49,"key":"REST"}],"circlet_count":0,"master_deck":["Strike_R","Strike_R","Strike_R","Defend_R","Defend_R","Defend_R","Bash","Headbutt+1","Disarm+1","Wild Strike+1","Flex+1","Shrug It Off","Flame Barrier+1","Rage+1","Exhume+1","Reaper+1","Second Wind+1","RitualDagger","Shockwave+1","Thunderclap+1","Warcry+1","Warcry+1","Spot Weakness+1","Feel No Pain+1","Shockwave+1","Spot Weakness+1","Double Tap+1","Power Through+1","Reckless Charge+1","Metallicize+1","Violence+1","Battle Trance+1","Warcry+1","Dual Wield+1","Flex+1","Heavy Blade+1"],"relics":["Burning Blood","Lizard Tail","Toxic Egg 2","Oddly Smooth Stone","Runic Pyramid","Ice Cream","ClockworkSouvenir","MealTicket","Gambling Chip","Pantograph","Dream Catcher","Magic Flower","SlaversCollar","Membership Card","Question Card","Peace Pipe","Bag of Marbles"],"acts_visited":["Exordium","TheCity","TheBeyond"],"potions_floor_usage":[47,50,50],"damage_taken":[{"damage":7.0,"enemies":"2 Louse","floor":1.0,"turns":3.0},{"damage":4.0,"enemies":"Jaw Worm","floor":3.0,"turns":5.0},{"damage":7.0,"enemies":"Small Slimes","floor":4.0,"turns":3.0},{"damage":7.0,"enemies":"2 Fungi Beasts","floor":5.0,"turns":3.0},{"damage":17.0,"enemies":"Gremlin Nob","floor":7.0,"turns":4.0},{"damage":18.0,"enemies":"Exordium Wildlife","floor":11.0,"turns":4.0},{"damage":12.0,"enemies":"Lagavulin","floor":13.0,"turns":10.0},{"damage":29.0,"enemies":"Hexaghost","floor":16.0,"turns":13.0},{"damage":55.0,"enemies":"Spheric Guardian","floor":18.0,"turns":8.0},{"damage":8.0,"enemies":"3 Byrds","floor":22.0,"turns":5.0},{"damage":22.0,"enemies":"Book of Stabbing","floor":23.0,"turns":6.0},{"damage":46.0,"enemies":"Gremlin Leader","floor":25.0,"turns":8.0},{"damage":23.0,"enemies":"Slavers","floor":28.0,"turns":8.0},{"damage":14.0,"enemies":"Centurion and Healer","floor":31.0,"turns":5.0},{"damage":69.0,"enemies":"Champ","floor":33.0,"turns":14.0},{"damage":2,"enemies":"3 Shapes","floor":35,"turns":2},{"damage":21,"enemies":"Orb Walker","floor":36,"turns":3},{"damage":44,"enemies":"Jaw Worm Horde","floor":37,"turns":7},{"damage":7,"enemies":"Sphere and 2 Shapes","floor":39,"turns":5},{"damage":16,"enemies":"Maw","floor":41,"turns":11},{"damage":0,"enemies":"Mind Bloom Boss Battle","floor":44,"turns":2},{"damage":27,"enemies":"Nemesis","floor":46,"turns":3},{"damage":14,"enemies":"3 Darklings","floor":47,"turns":4},{"damage":51,"enemies":"Awakened One","floor":50,"turns":8}],"seed_played":"5862427676050866387","potions_obtained":[{"floor":3.0,"key":"EntropicBrew"},{"floor":7.0,"key":"DistilledChaos"},{"floor":13.0,"key":"Swift Potion"},{"floor":18.0,"key":"Fire Potion"},{"floor":25.0,"key":"SpeedPotion"},{"floor":33.0,"key":"Swift Potion"},{"floor":36,"key":"Dexterity Potion"},{"floor":48,"key":"PowerPotion"},{"floor":48,"key":"Regen Potion"}],"is_trial":false,"path_per_floor":["M","?","M","M","M","R","E","R","T","R","M","?","E","?","R","B",null,"M","?","?","$","M","E","R","E","T","R","E","R","?","M","R","B",null,"M","M","M","$","M","R","M","R","T","?","R","E","M","?","R","B",null],"character_chosen":"IRONCLAD","items_purchased":["Ice Cream","ClockworkSouvenir","MealTicket","Shockwave+1","Membership Card","Violence+1"],"campfire_rested":5,"item_purchase_floors":[21,21,21,21,38,38],"current_hp_per_floor":[79,79,80,79,78,78,67,67,67,67,55,55,49,38,62,39,80,31,25,25,25,31,15,39,11,11,35,30,54,54,76,76,34,80,80,68,56,71,80,80,80,80,80,80,80,62,57,57,80,57],"gold":153,"neow_bonus":"HUNDRED_GOLD","is_daily":false,"chose_seed":false,"campfire_upgraded":6,"win_rate":0.0,"timestamp":1607883616,"path_taken":["M","?","M","M","M","R","E","R","T","R","M","?","E","?","R","BOSS","M","?","?","$","M","E","R","E","T","R","E","R","?","M","R","BOSS","M","M","M","$","M","R","M","R","T","?","R","E","M","?","R","BOSS"],"items_purchased_type":["Relic","Relic","Relic","Card","Relic","Card"],"build_version":"2020-11-30","purchased_purges":1,"victory":true,"max_hp_per_floor":[80,80,80,80,80,80,80,80,80,80,80,80,80,80,80,80,80,80,80,80,80,80,80,80,80,80,80,80,80,80,80,80,80,80,80,80,80,80,80,80,80,80,80,80,80,80,80,80,80,80],"card_choices":[{"not_picked":["Clash","Cleave"],"picked":"Headbutt","floor":1.0},{"not_picked":["Perfected Strike","Twin Strike"],"picked":"Wild Strike","floor":3.0},{"not_picked":["Dark Embrace","Sword Boomerang"],"picked":"Flex","floor":4.0},{"not_picked":["Disarm","Heavy Blade"],"picked":"Shrug It Off","floor":5.0},{"not_picked":["TH:ElvenBoots"],"picked":"TH:DeckOfManyThings","floor":7.0},{"not_picked":["Cleave","Clothesline"],"picked":"Flame Barrier","floor":7.0},{"not_picked":["TH:Mimic","TH:CursedSword"],"picked":"SKIP","floor":9.0},{"not_picked":["Havoc+1","Battle Trance+1"],"picked":"Rage+1","floor":11.0},{"not_picked":["Cleave","Dual Wield+1"],"picked":"Exhume+1","floor":13.0},{"not_picked":["TH:TreasureMap","TH:EnergyPotion"],"picked":"SKIP","floor":13.0},{"not_picked":["TH:TreasureMap","TH:EnergyPotion"],"picked":"SKIP","floor":13.0},{"not_picked":["Corruption","Juggernaut"],"picked":"Reaper","floor":16.0},{"not_picked":["Heavy Blade","Wild Strike+1"],"picked":"Second Wind+1","floor":18.0},{"not_picked":["Pommel Strike","Whirlwind"],"picked":"Thunderclap+1","floor":22.0},{"not_picked":["Dark Embrace","Heavy Blade"],"picked":"Warcry+1","floor":23.0},{"not_picked":["TH:TreasureMap","TH:ArmorSpikes"],"picked":"SKIP","floor":23.0},{"not_picked":["Headbutt+1","Uppercut"],"picked":"Warcry+1","floor":25.0},{"not_picked":["TH:CursedSword","TH:PixieDust"],"picked":"SKIP","floor":25.0},{"not_picked":["TH:ElvenBoots","TH:Mimic"],"picked":"SKIP","floor":26.0},{"not_picked":["Evolve","Shrug It Off+1"],"picked":"Spot Weakness+1","floor":27.0},{"not_picked":["Sentinel+1","Searing Blow+1"],"picked":"Feel No Pain+1","floor":28.0},{"not_picked":["TH:ArmorSpikes","TH:ElvenBoots"],"picked":"SKIP","floor":28.0},{"not_picked":["Pummel","Body Slam"],"picked":"Shockwave+1","floor":29.0},{"not_picked":["Perfected Strike","Body Slam+1"],"picked":"Spot Weakness+1","floor":31.0},{"not_picked":["Berserk","Exhume+1"],"picked":"Double Tap+1","floor":33.0},{"not_picked":["Sword Boomerang","True Grit+1"],"picked":"Power Through+1","floor":35},{"not_picked":["Pommel Strike","Uppercut+1"],"picked":"Reckless Charge+1","floor":36},{"not_picked":["Iron Wave","Shrug It Off+1"],"picked":"Metallicize+1","floor":37},{"not_picked":["Flame Barrier+1","Shrug It Off+1"],"picked":"Battle Trance+1","floor":39},{"not_picked":["Spot Weakness+1","Shockwave+1","Fire Breathing+1"],"picked":"SKIP","floor":41},{"not_picked":["TH:BikiniMail","TH:PixieDust"],"picked":"SKIP","floor":43},{"not_picked":["Second Wind+1","Flex+1","Searing Blow+1"],"picked":"Warcry+1","floor":44},{"not_picked":["Juggernaut","Armaments+1","Evolve+1"],"picked":"Dual Wield+1","floor":46},{"not_picked":["TH:ElvenBoots","TH:TreasureMap","TH:Mimic"],"picked":"SKIP","floor":46},{"not_picked":["Wild Strike","Clash+1","Disarm+1"],"picked":"Flex+1","floor":47},{"not_picked":["Blood for Blood+1","Whirlwind+1","Dark Embrace"],"picked":"Heavy Blade+1","floor":49}],"player_experience":154558,"relics_obtained":[{"floor":7.0,"key":"Lizard Tail"},{"floor":9.0,"key":"Toxic Egg 2"},{"floor":13.0,"key":"Oddly Smooth Stone"},{"floor":23.0,"key":"Gambling Chip"},{"floor":25.0,"key":"Pantograph"},{"floor":26.0,"key":"Dream Catcher"},{"floor":28.0,"key":"Magic Flower"},{"floor":43,"key":"Question Card"},{"floor":44,"key":"Peace Pipe"},{"floor":46,"key":"Bag of Marbles"}],"event_choices":[{"damage_healed":0.0,"max_hp_gain":0.0,"max_hp_loss":0.0,"gold_gain":0.0,"cards_transformed":["Strike_R"],"event_name":"Living Wall","player_choice":"Change","floor":2.0,"gold_loss":0.0,"damage_taken":0.0,"cards_obtained":["Disarm"]},{"cards_removed":["Strike_R"],"damage_healed":0.0,"max_hp_gain":0.0,"max_hp_loss":0.0,"gold_gain":0.0,"event_name":"The Cleric","player_choice":"Card Removal","floor":12.0,"gold_loss":50.0,"damage_taken":0.0},{"damage_healed":0.0,"max_hp_gain":0.0,"max_hp_loss":0.0,"gold_gain":75.0,"event_name":"betterThird:BetterGoop","player_choice":"Gold","floor":14.0,"gold_loss":0.0,"damage_taken":11.0},{"damage_healed":0.0,"max_hp_gain":0.0,"max_hp_loss":0.0,"gold_gain":0.0,"event_name":"betterThird:BetterNest","player_choice":"Dagger","floor":19.0,"gold_loss":0.0,"damage_taken":6.0,"cards_obtained":["RitualDagger"]},{"damage_healed":0.0,"max_hp_gain":0.0,"max_hp_loss":0.0,"gold_gain":0.0,"event_name":"Cursed Tome","player_choice":"Ignored","floor":20.0,"gold_loss":0.0,"damage_taken":0.0},{"damage_healed":0.0,"max_hp_gain":0.0,"max_hp_loss":0.0,"gold_gain":0.0,"event_name":"Vampires","player_choice":"Ignored","floor":30.0,"gold_loss":0.0,"damage_taken":0.0},{"damage_healed":0,"gold_gain":0,"player_choice":"Fight","damage_taken":0,"max_hp_gain":0,"max_hp_loss":0,"event_name":"MindBloom","floor":44,"gold_loss":0},{"damage_healed":0,"gold_gain":0,"player_choice":"Got Potions","damage_taken":0,"max_hp_gain":0,"max_hp_loss":0,"event_name":"Lab","floor":48,"gold_loss":0}],"is_beta":false,"boss_relics":[{"not_picked":["Empty Cage","Coffee Dripper"],"picked":"Runic Pyramid"},{"not_picked":["Tiny House","Snecko Eye"],"picked":"SlaversCollar"}],"items_purged_floors":[21],"is_endless":false,"potions_floor_spawned":[3,7,13,18,25,33,36,37,44],"ascension_level":3}}