{"host":"2461dio7vetlq1z3","time":1607895444,"event":{"mods":["AchievementEnabler","Aspiration","BaseMod","Hermit","Lobotomy","Minty Spire (QoL Compilation)","Relic Stats","Spicy Shops","StSLib","Waifu the Spire"],"gold_per_floor":[116,128,141,141,157,157,167,167,167,167,167],"floor_reached":10,"playtime":364,"items_purged":[],"score":90,"play_id":"e8aed827-d8ed-40e6-8fae-8e92d8e20b7e","local_time":"20201213223724","is_ascension_mode":true,"campfire_choices":[{"data":"Omniscience","floor":6,"key":"SMITH"},{"data":"ThirdEye","floor":8,"key":"SMITH"}],"circlet_count":0,"master_deck":["AscendersBane","Strike_P","Strike_P","Strike_P","Defend_P","Defend_P","Defend_P","Defend_P","Eruption","Vigilance","Omniscience+1","ReachHeaven","ThirdEye+1","PathToVictory","EmptyFist","JustLucky"],"relics":["PureWater","Molten Egg 2"],"acts_visited":["Exordium"],"potions_floor_usage":[5],"damage_taken":[{"damage":24,"enemies":"Cultist","floor":1,"turns":7},{"damage":7,"enemies":"Jaw Worm","floor":2,"turns":3},{"damage":0,"enemies":"Small Slimes","floor":3,"turns":3},{"damage":0,"enemies":"Blue Slaver","floor":5,"turns":2},{"damage":5,"enemies":"2 Fungi Beasts","floor":7,"turns":3},{"damage":32,"enemies":"Lagavulin","floor":10,"turns":7}],"seed_played":"-4260618886249170527","potions_obtained":[{"floor":1,"key":"Explosive Potion"}],"is_trial":false,"path_per_floor":["M","M","M","?","M","R","M","R","T","E"],"character_chosen":"WATCHER","items_purchased":[],"campfire_rested":0,"item_purchase_floors":[],"current_hp_per_floor":[41,34,34,34,34,34,29,29,29,0,0],"gold":167,"neow_bonus":"ONE_RANDOM_RARE_CARD","is_daily":false,"chose_seed":false,"campfire_upgraded":2,"win_rate":0.0,"timestamp":1607895444,"path_taken":["M","?","M","?","M","R","M","R","T","E"],"items_purchased_type":[],"build_version":"2020-11-30","purchased_purges":0,"victory":false,"max_hp_per_floor":[72,72,72,72,72,72,72,72,72,72,72],"relic_stats":{"counters":[6,25],"obtain_stats":[{"Molten Egg 2":9,"PureWater":0},{"Molten Egg 2":5,"PureWater":0},{"Molten Egg 2":18,"PureWater":0}]},"card_choices":[{"not_picked":["WreathOfFlame","EmptyFist"],"picked":"ReachHeaven","floor":1},{"not_picked":["Weave","WheelKick"],"picked":"ThirdEye","floor":2},{"not_picked":["WreathOfFlame","Evaluate"],"picked":"PathToVictory","floor":3},{"not_picked":["FlurryOfBlows","CrushJoints","Halt"],"picked":"SKIP","floor":5},{"not_picked":["Protect","CutThroughFate"],"picked":"JustLucky","floor":7}],"player_experience":700936,"relics_obtained":[{"floor":9,"key":"Molten Egg 2"}],"event_choices":[{"damage_healed":0,"gold_gain":0,"cards_transformed":["Strike_P"],"player_choice":"Change","damage_taken":0,"max_hp_gain":0,"max_hp_loss":0,"event_name":"Living Wall","floor":4,"gold_loss":0,"cards_obtained":["EmptyFist"]}],"is_beta":false,"boss_relics":[],"items_purged_floors":[],"is_endless":false,"potions_floor_spawned":[1],"killed_by":"Lagavulin","ascension_level":10}}