{"host":"121m0oxswv9tg9hk","time":1607884134,"event":{"mods":["AchievementEnabler","BaseMod","Better Third Choice","Downfall","Hermit","Hubris","Infinite Spire","MarisaÅiñ∂âJÅ@ñÇóùçπÅj","Minty Spire (QoL Compilation)","Replay The Spire","Shade Mod","StSLib","The Construct","The Cursed","The Gatherer","The Hierophant","The Mystic"],"gold_per_floor":[99,119,138,63,97,97,97,97,97,97,162,173,186,27,43,143,143,143,143,143,173,173,173,173,173,173,186,203,234,251,82,82,95,115,211,261,186,186,186,186,215,226,226,226,258,258,258,258,258,22,41,86,99,99],"floor_reached":55,"playtime":4158,"items_purged":["hexamod:Defend","hexamod:Strike","Writhe"],"score":1104,"play_id":"ce19b377-481a-4366-8881-06ec35a43e52","local_time":"20201213192854","is_ascension_mode":true,"campfire_choices":[{"floor":1,"key":"RECALL"},{"data":"hexamod:Float","floor":4,"key":"SMITH"},{"floor":10,"key":"REST"},{"floor":18,"key":"REST"},{"floor":20,"key":"REST"},{"floor":23,"key":"REST"},{"floor":37,"key":"REST"},{"floor":40,"key":"REST"},{"floor":44,"key":"REST"},{"floor":46,"key":"REST"}],"circlet_count":0,"master_deck":["hexamod:Strike","hexamod:Strike","hexamod:Defend","hexamod:Defend+1","hexamod:Sear","hexamod:Float+1","hexamod:ApocalypticArmor","hexamod:SwordOfDarkness","hexamod:InspiringFlames","hexamod:InspiringFlames+1","hexamod:FirstSeal","hexamod:ThermalTransfer","hexamod:ShieldOfDarkness","hexamod:Rewind","hexamod:HexaLevel+1","CurseOfTheBell","hexamod:Rewind","hexamod:PhantomCloak+1","hexamod:Firestarter+1","hexamod:EtherealExpedition+1","hexamod:Firestarter","hexamod:ApocalypticArmor+1","hexamod:Firestarter+1","hexamod:ShieldOfDarkness+1","Slimebound:Icky","expansioncontent:CaCaw+1","hexamod:ExtraCrispy+1"],"relics":["hexamod:SpiritBrand","downfall:HeartBlessingRed","Art of War","Frozen Egg 2","hubris:Towel","War Paint","Replay:Grab Bag","Fusion Hammer","Cursed Key","Calling Bell","Black Star","Shuriken","hubris:FunFungus","ReplayTheSpireMod:TigerMarble","Ring of Misfortune","ReplayFunnel","hubris:Reverence","Juzu Bracelet","hubris:BottledRain","Ancient Tea Set","Tiny House","downfall:HeartBlessingGreen","hubris:Icosahedron","ReplayTheSpireMod:Lightbulb","Strawberry","Pen Nib","hexamod:BolsterEngine","Turnip"],"acts_visited":["Exordium","TheCity","TheBeyond"],"potions_floor_usage":[15,29,35,41,53],"damage_taken":[{"damage":2,"enemies":"2 Louse","floor":2,"turns":3},{"damage":0,"enemies":"Small Slimes","floor":3,"turns":2},{"damage":13,"enemies":"3 Sentries","floor":5,"turns":9},{"damage":9,"enemies":"Lagavulin Event","floor":11,"turns":6},{"damage":7,"enemies":"Jaw Worm","floor":12,"turns":4},{"damage":3,"enemies":"Red Slaver","floor":13,"turns":3},{"damage":0,"enemies":"downfall:FleeingMerchant","floor":14,"turns":4},{"damage":8,"enemies":"Large Slime","floor":15,"turns":7},{"damage":42,"enemies":"downfall:Defect","floor":16,"turns":10},{"damage":7,"enemies":"Replay:Snechameleon","floor":21,"turns":8},{"damage":6,"enemies":"Shell Parasite","floor":27,"turns":4},{"damage":14,"enemies":"Snake Plant","floor":28,"turns":5},{"damage":19,"enemies":"Gremlin Leader","floor":29,"turns":11},{"damage":0,"enemies":"Snecko","floor":30,"turns":5},{"damage":0,"enemies":"downfall:FleeingMerchant","floor":31,"turns":4},{"damage":6,"enemies":"Cultist and Chosen","floor":33,"turns":9},{"damage":13,"enemies":"Snake Plant","floor":34,"turns":4},{"damage":0,"enemies":"downfall:Silent","floor":35,"turns":10},{"damage":9,"enemies":"R_Hoarder","floor":41,"turns":8},{"damage":7,"enemies":"3 Darklings","floor":42,"turns":6},{"damage":40,"enemies":"Reptomancer","floor":45,"turns":8},{"damage":3,"enemies":"downfall:FleeingMerchant","floor":50,"turns":4},{"damage":0,"enemies":"Orb Walker","floor":51,"turns":4},{"damage":43,"enemies":"2 Orb Walkers","floor":52,"turns":8},{"damage":50,"enemies":"Transient","floor":53,"turns":5},{"damage":0,"enemies":"downfall:Ironclad","floor":54,"turns":12}],"seed_played":"-1942312029684089457","potions_obtained":[{"floor":11,"key":"Regen Potion"},{"floor":12,"key":"Swift Potion"},{"floor":13,"key":"BlessingOfTheForge"},{"floor":15,"key":"Elixir"},{"floor":21,"key":"infinitespire:BlackPotion"},{"floor":34,"key":"Cursed Concoction"},{"floor":36,"key":"Dexterity Potion"},{"floor":41,"key":"Venom Potion"},{"floor":53,"key":"Strength Potion"}],"is_trial":false,"path_per_floor":["R","M","M","R","E","?","T","?","?","R","?","M","M","$","M","B",null,"R","?","R","E","?","R","PTL","PTL","T","M","M","E","M","$","?","M","M","B",null,"R","?","?","R","E","M","T","R","E","R","T","PTL","PTL","$","M","?","M","B",null],"character_chosen":"THE_SPIRIT","items_purchased":["hexamod:Rewind","hexamod:Firestarter","expansioncontent:CaCaw+1"],"campfire_rested":8,"item_purchase_floors":[14,31,50],"current_hp_per_floor":[63,61,61,61,48,48,48,41,41,62,60,60,64,70,69,34,61,70,70,70,70,70,70,70,70,70,70,70,67,70,70,70,70,67,70,75,75,75,75,75,82,82,82,82,52,76,76,76,76,82,82,52,29,65],"gold":99,"neow_bonus":"TRANSFORM_CARD","is_daily":false,"chose_seed":false,"campfire_upgraded":1,"win_rate":0.0,"timestamp":1607884134,"path_taken":["R","M","M","R","E","?","T","?","?","R","?","?","M","?","M","BOSS","R","?","R","E","?","R","PTL","PTL","T","M","M","E","M","$","?","M","M","BOSS","R","?","?","R","E","M","T","R","E","R","?","PTL","PTL","$","M","?","M","BOSS"],"items_purchased_type":["Card","Card","Card"],"build_version":"2020-11-30","purchased_purges":3,"victory":true,"max_hp_per_floor":[70,70,70,70,70,70,70,70,70,70,70,70,70,70,70,70,70,70,70,70,70,70,70,70,70,70,70,70,70,70,70,70,70,70,70,75,75,75,75,75,82,82,82,82,82,82,82,82,82,82,82,82,82,82],"card_choices":[{"not_picked":["hexamod:GhostLash","hexamod:HauntingEcho"],"picked":"hexamod:SwordOfDarkness","floor":2},{"not_picked":["hexamod:SpectersWail","hexamod:SwordOfDarkness"],"picked":"hexamod:InspiringFlames","floor":3},{"not_picked":["hexamod:GhostOfSpirePresent","hexamod:ApocalypticArmor"],"picked":"hexamod:InspiringFlames","floor":5},{"not_picked":["hexamod:SwordOfDarkness","hexamod:NightmareGuise","hexamod:FastForward"],"picked":"SKIP","floor":12},{"not_picked":["hexamod:TurnItUp","hexamod:RetreatToShadows"],"picked":"hexamod:ThermalTransfer","floor":13},{"not_picked":["hexamod:AdvancingGuard","hexamod:SwordOfDarkness"],"picked":"hexamod:ShieldOfDarkness","floor":14},{"not_picked":["hexamod:HauntingEcho","hexamod:Hexaguard","hexamod:Again"],"picked":"SKIP","floor":15},{"not_picked":["hexamod:UnleashSpirits","hexamod:FifthSeal"],"picked":"hexamod:HexaLevel+1","floor":16},{"not_picked":["hexamod:Haunt","hexamod:HauntingEcho"],"picked":"hexamod:Rewind","floor":21},{"not_picked":["hexamod:NightmareStrike","hexamod:ShieldOfDarkness+1"],"picked":"hexamod:PhantomCloak+1","floor":27},{"not_picked":["hexamod:GhostShield","hexamod:NightmareGuise","hexamod:SecondSeal"],"picked":"SKIP","floor":28},{"not_picked":["hexamod:SuperheatedStrike","hexamod:GhostShield+1","hexamod:ShieldOfDarkness"],"picked":"SKIP","floor":29},{"not_picked":["hexamod:SkipABeat+1","hexamod:SpectralAdrenaline"],"picked":"hexamod:Firestarter+1","floor":30},{"not_picked":["hexamod:HauntingEcho","hexamod:PowerFromBeyond"],"picked":"hexamod:EtherealExpedition","floor":31},{"not_picked":["hexamod:SpectersWail","hexamod:GhostflameBarrier","hexamod:BacktrackSmack"],"picked":"SKIP","floor":33},{"not_picked":["hexamod:ChargedBarrage","hexamod:AdvancingGuard","hexamod:HeatMetal"],"picked":"SKIP","floor":34},{"not_picked":["hexamod:CrushingStance","hexamod:UnleashSpirits"],"picked":"hexamod:ApocalypticArmor+1","floor":35},{"not_picked":["hexamod:SwordOfDarkness","hexamod:Hexaguard"],"picked":"hexamod:Firestarter+1","floor":36},{"not_picked":["hexamod:RainOfEmbers+1","hexamod:GhostShield"],"picked":"hexamod:ShieldOfDarkness+1","floor":41},{"not_picked":["hexamod:ThermalTransfer+1","hexamod:BacktrackSmack+1","hexamod:HeatCrush"],"picked":"SKIP","floor":42},{"not_picked":["hexamod:Hexaguard","hexamod:HeatShield+1","hexamod:ChargedBarrage"],"picked":"SKIP","floor":45},{"not_picked":["hexamod:SwordOfDarkness+1","hexamod:SpectersWail+1","hexamod:GhostShield"],"picked":"SKIP","floor":50},{"not_picked":["hexamod:AdvancingGuard+1","hexamod:ChargedBarrage+1","hexamod:BurningTouch+1"],"picked":"SKIP","floor":51},{"not_picked":["hexamod:SwordOfDarkness+1","hexamod:RainOfEmbers"],"picked":"hexamod:ExtraCrispy+1","floor":52},{"not_picked":["hexamod:Hexaguard","hexamod:SpectersWail","hexamod:NightmareStrike"],"picked":"SKIP","floor":53}],"player_experience":2816094,"relics_obtained":[{"floor":5,"key":"Art of War"},{"floor":7,"key":"Frozen Egg 2"},{"floor":11,"key":"War Paint"},{"floor":17,"key":"Shuriken"},{"floor":17,"key":"hubris:FunFungus"},{"floor":17,"key":"ReplayTheSpireMod:TigerMarble"},{"floor":19,"key":"Ring of Misfortune"},{"floor":21,"key":"ReplayFunnel"},{"floor":21,"key":"hubris:Reverence"},{"floor":29,"key":"Juzu Bracelet"},{"floor":29,"key":"hubris:BottledRain"},{"floor":41,"key":"ReplayTheSpireMod:Lightbulb"},{"floor":41,"key":"Strawberry"},{"floor":45,"key":"Pen Nib"},{"floor":45,"key":"hexamod:BolsterEngine"},{"floor":52,"key":"Turnip"}],"event_choices":[{"damage_healed":0,"gold_gain":0,"player_choice":"Fight","damage_taken":0,"max_hp_gain":0,"max_hp_loss":0,"event_name":"Mysterious Sphere","floor":52,"gold_loss":0}],"is_beta":false,"boss_relics":[{"not_picked":["ReplayTheSpireMod:DimensionalGlitch","Ring of Chaos"],"picked":"Replay:Grab Bag"},{"not_picked":["ChewingGum","Replay:Wanted Poster"],"picked":"Fusion Hammer"},{"not_picked":["hubris:VirtuousBlindfold","Velvet Choker"],"picked":"Cursed Key"},{"not_picked":["Astrolabe","hubris:Stopwatch"],"picked":"Calling Bell"},{"not_picked":["Kintsugi","construct:WeddingRing"],"picked":"Black Star"},{"not_picked":["Honey Jar","Replay:Ancient Bell"],"picked":"Tiny House"}],"items_purged_floors":[14,31,50],"is_endless":false,"potions_floor_spawned":[11,12,13,15,21,27,34,41,51,52,53],"ascension_level":6}}