{"host":"2s5c6uii15wgtvvf","time":1607896951,"event":{"mods":["Bard","BaseMod","Bestiary","CapriCore","Downfall","Friendly Minions","Hermit","HololiveMod","Jorbs\u0027s Wanderer Trilogy","Lobotomy","LobotomyExtend","Marisa????????","Minty Spire (QoL Compilation)","Remilia??????","Robot Space Explorer","Shade Mod","StSLib","Td1madao Mod","The Animator","The Cursed","The Gatherer","The Hayseed","The Hierophant","The Immortal","The Mystic","The Necromancer","The Runesmith","The Senshi","The Servant 0.9.4","TheHeartMod","WarShipGirlsR/????R mod","Yohane!","??????REMEMod"],"gold_per_floor":[114,114,129,140,158,158,158,158,158],"floor_reached":7,"playtime":354,"items_purged":[],"score":43,"play_id":"d7f8954b-5d47-4e56-8c8f-9fa80acdee03","local_time":"20201213220231","is_ascension_mode":false,"metric_token":2129,"campfire_choices":[{"data":"Gatherer:RecoveryHerb","floor":6,"key":"SMITH"}],"circlet_count":0,"master_deck":["Gatherer:Strike_Gatherer","Gatherer:Strike_Gatherer","Gatherer:Strike_Gatherer","Gatherer:Strike_Gatherer","Gatherer:Strike_Gatherer","Gatherer:Defend_Gatherer","Gatherer:Defend_Gatherer","Gatherer:Defend_Gatherer","Gatherer:Defend_Gatherer","Gatherer:Defend_Gatherer","Gatherer:Centralize","Gatherer:FlowerWhip","LittleHelper","Gatherer:Convert","OSAHOGD","Gatherer:FragileHammer","RedShoes","WallGazer","Gatherer:RecoveryHerb+1"],"relics":["Gatherer:AlchemyBag","REME_ComplimentaryCards","CogitoBucket","LetterFromLob"],"acts_visited":["Exordium"],"potions_floor_usage":[7,7],"damage_taken":[{"damage":4,"enemies":"2 Louse","floor":1,"turns":4},{"damage":1,"enemies":"Cultist","floor":3,"turns":5},{"damage":15,"enemies":"Jaw Worm","floor":4,"turns":4},{"damage":3,"enemies":"Exordium Wildlife","floor":5,"turns":4},{"damage":62,"enemies":"Lagavulin","floor":7,"turns":8}],"seed_played":"-5150899534839708370","potions_obtained":[{"floor":1,"key":"sneckomod:MuddlingPotion"},{"floor":5,"key":"Explosive Potion"}],"is_trial":false,"path_per_floor":["M","M","M","M","M","R","E"],"character_chosen":"THE_GATHERER","items_purchased":[],"campfire_rested":0,"item_purchase_floors":[],"current_hp_per_floor":[68,68,67,52,49,49,0,0,0],"gold":158,"neow_bonus":"","is_daily":false,"chose_seed":false,"campfire_upgraded":1,"win_rate":0.0,"timestamp":1607896951,"path_taken":["M","M","M","M","M","R","E"],"items_purchased_type":[],"build_version":"2020-11-30","purchased_purges":0,"victory":false,"max_hp_per_floor":[72,72,72,72,72,72,72,72,72],"card_choices":[{"not_picked":["WallGazer","Scorched"],"picked":"LittleHelper","floor":1},{"not_picked":["Gatherer:Polymorphism","Gatherer:EchoOfNature"],"picked":"Gatherer:Convert","floor":1},{"not_picked":["Bloodbath","SpiderBud"],"picked":"OSAHOGD","floor":3},{"not_picked":["Gatherer:SealedBomb","Gatherer:Duplicator","Gatherer:GatherMaterial"],"picked":"SKIP","floor":3},{"not_picked":["Gatherer:UpgradeBag","Gatherer:TacticalStrike"],"picked":"Gatherer:FragileHammer","floor":4},{"not_picked":["Bloodbath","SnowQueen"],"picked":"RedShoes","floor":4},{"not_picked":["Bloodbath","Scorched"],"picked":"WallGazer","floor":5},{"not_picked":["Gatherer:Duplicator","Gatherer:Examine"],"picked":"Gatherer:RecoveryHerb","floor":5}],"player_experience":102876,"relics_obtained":[{"floor":1,"key":"LetterFromLob"}],"event_choices":[],"is_beta":false,"boss_relics":[],"items_purged_floors":[],"is_endless":false,"potions_floor_spawned":[1,5],"killed_by":"Lagavulin","ascension_level":0}}