{"host":"7yyoe0ei0fseceei","time":1607879642,"event":{"mods":["BaseMod","Colored Map","Highlight Path","Minty Spire (QoL Compilation)","Quick Restart"],"gold_per_floor":[110,110,35,47,322,350,362,393,459,505,534,546,583,595,607,619,619],"floor_reached":16,"playtime":329,"items_purged":["Defend_R"],"score":286,"play_id":"499974ea-ed44-4eff-b389-f9d540ef064f","local_time":"20201213181402","is_ascension_mode":true,"campfire_choices":[{"data":"Bash","floor":7,"key":"SMITH"},{"data":"Perfected Strike","floor":12,"key":"SMITH"},{"data":"Uppercut","floor":15,"key":"SMITH"}],"circlet_count":0,"master_deck":["AscendersBane","Strike_R","Strike_R","Strike_R","Strike_R","Defend_R","Defend_R","Defend_R","Bash+1","Cleave","Uppercut+1","Regret","Carnage","Perfected Strike+1","Anger","Perfected Strike+1","Wild Strike"],"relics":["Burning Blood","NeowsBlessing","MawBank","Boot","Meat on the Bone","InkBottle"],"acts_visited":["Exordium"],"potions_floor_usage":[13,13,16],"damage_taken":[{"damage":0.0,"enemies":"Small Slimes","floor":1.0,"turns":1.0},{"damage":0.0,"enemies":"Cultist","floor":4.0,"turns":1.0},{"damage":2,"enemies":"3 Sentries","floor":6,"turns":2},{"damage":16,"enemies":"2 Louse","floor":8,"turns":2},{"damage":35,"enemies":"Gremlin Nob","floor":10,"turns":4},{"damage":17,"enemies":"Lots of Slimes","floor":11,"turns":4},{"damage":37,"enemies":"3 Sentries","floor":13,"turns":7},{"damage":34,"enemies":"The Guardian","floor":16,"turns":7}],"seed_played":"-1634077813184514521","potions_obtained":[{"floor":8,"key":"BloodPotion"},{"floor":11,"key":"CultistPotion"},{"floor":13,"key":"BlessingOfTheForge"}],"is_trial":false,"path_per_floor":["M","?","$","M","?","E","R","M","T","E","M","R","E","?","R","B"],"character_chosen":"IRONCLAD","items_purchased":[],"campfire_rested":0,"item_purchase_floors":[],"current_hp_per_floor":[74,74,74,75,75,75,75,65,65,36,37,37,33,33,33,0,0],"gold":619,"neow_bonus":"THREE_ENEMY_KILL","is_daily":false,"chose_seed":false,"campfire_upgraded":3,"win_rate":0.0,"timestamp":1607879642,"path_taken":["M","?","?","M","?","E","R","?","T","E","M","R","E","?","R","BOSS"],"items_purchased_type":[],"build_version":"2020-11-30","purchased_purges":1,"victory":false,"max_hp_per_floor":[75,75,75,75,75,75,75,75,75,75,75,75,75,75,75,75,75],"card_choices":[{"not_picked":["Iron Wave","Burning Pact"],"picked":"Cleave","floor":1.0},{"not_picked":["Clothesline","Cleave"],"picked":"Uppercut","floor":4.0},{"not_picked":["Havoc","True Grit"],"picked":"Carnage","floor":6},{"not_picked":["Feel No Pain","Armaments"],"picked":"Perfected Strike","floor":8},{"not_picked":["Bloodletting","Clash"],"picked":"Anger","floor":10},{"not_picked":["Heavy Blade","Shockwave"],"picked":"Perfected Strike","floor":11},{"not_picked":["Brutality","Headbutt"],"picked":"Wild Strike","floor":13}],"player_experience":842075,"relics_obtained":[{"floor":6,"key":"MawBank"},{"floor":9,"key":"Boot"},{"floor":10,"key":"Meat on the Bone"},{"floor":13,"key":"InkBottle"}],"event_choices":[{"cards_removed":["Strike_R"],"damage_healed":0.0,"max_hp_gain":0.0,"max_hp_loss":0.0,"gold_gain":0.0,"event_name":"Purifier","player_choice":"Purged","floor":2.0,"gold_loss":0.0,"damage_taken":0.0},{"damage_healed":0,"gold_gain":275,"player_choice":"Desecrate","damage_taken":0,"max_hp_gain":0,"max_hp_loss":0,"event_name":"Golden Shrine","floor":5,"gold_loss":0,"cards_obtained":["Regret"]},{"damage_healed":0,"gold_gain":0,"player_choice":"Grow","damage_taken":0,"max_hp_gain":0,"max_hp_loss":0,"event_name":"Living Wall","floor":14,"gold_loss":0,"cards_upgraded":["Perfected Strike"]}],"is_beta":false,"boss_relics":[],"items_purged_floors":[3],"is_endless":false,"potions_floor_spawned":[8,11,13],"killed_by":"The Guardian","ascension_level":20}}