{"host":"jak4ncvfzor9mys0","time":1607894114,"event":{"mods":["2.2 Compatiblity","AchievementEnabler","BaseMod","Better Altar","Better Match","Better Note","Better Sensory Stone","Better Skull","Better Third Choice","BetterRewards","Block Reminder","Colored Map","Colored Powertips","Energized Spire","Gold Saver","Hubris","Infinite Spire","Key Reminder","Minty Spire (QoL Compilation)","Rare Cards Sparkle","Red Circlet Mod","Relic Sorter","Relic Stats","Replay The Spire","Retaliation","StSLib","SuperFastMode","The Blue Laboratory"],"gold_per_floor":[517,527,105,174,193,193,218,218,218,242,257,257,274,303,303,404,404,415,427,440,459,470,470,470],"floor_reached":23,"playtime":668,"items_purged":["Strike_P"],"score":305,"play_id":"bf709a5e-d5e7-449e-9221-550aa76cfce4","local_time":"20201213131514","is_ascension_mode":false,"campfire_choices":[{"data":"Eruption","floor":6,"key":"SMITH"},{"data":"FlurryOfBlows","floor":15,"key":"SMITH"}],"circlet_count":0,"master_deck":["Strike_P","Strike_P","Strike_P","Defend_P","Defend_P","Defend_P","Defend_P","Eruption+1","Vigilance","EmptyBody","FlurryOfBlows+1","ReachHeaven+1","Protect","Halt"],"relics":["HolyWater","InkBottle","Membership Card","TeardropLocket","ClockworkSouvenir","hubris:BottledRain","Mummified Hand","Mercury Hourglass","Replay:Wax Seal","hubris:SlimyHat"],"acts_visited":["Exordium","TheCity"],"potions_floor_usage":[7,14,23],"damage_taken":[{"damage":1,"enemies":"Jaw Worm","floor":1,"turns":3},{"damage":0,"enemies":"2 Louse","floor":2,"turns":3},{"damage":0,"enemies":"Small Slimes","floor":5,"turns":3},{"damage":15,"enemies":"Lagavulin","floor":7,"turns":5},{"damage":0,"enemies":"Gremlin Gang","floor":11,"turns":3},{"damage":1,"enemies":"Exordium Wildlife","floor":13,"turns":3},{"damage":5,"enemies":"Gremlin Nob","floor":14,"turns":3},{"damage":26,"enemies":"Fading Forest","floor":16,"turns":11},{"damage":23,"enemies":"2 Thieves","floor":18,"turns":2},{"damage":0,"enemies":"Chosen","floor":19,"turns":3},{"damage":2,"enemies":"Centurion and Healer","floor":20,"turns":3},{"damage":35,"enemies":"Snake Plant","floor":21,"turns":3},{"damage":9,"enemies":"Shelled Parasite and Fungi","floor":22,"turns":3},{"damage":20,"enemies":"Book of Stabbing","floor":23,"turns":2}],"seed_played":"7602696645945969454","potions_obtained":[{"floor":2,"key":"BlessingOfTheForge"},{"floor":5,"key":"Energy Potion"},{"floor":18,"key":"ColorlessPotion"},{"floor":19,"key":"blueLaboratory:EpiphanyPotion"}],"is_trial":false,"path_per_floor":["M","M","$","?","M","R","E","?","T","T","M","?","M","E","R","B",null,"M","M","M","M","M","E"],"character_chosen":"WATCHER","items_purchased":["Membership Card","TeardropLocket","ClockworkSouvenir","ReachHeaven","hubris:BottledRain","Mummified Hand","Protect"],"campfire_rested":0,"item_purchase_floors":[0,0,3,3,3,3,3],"current_hp_per_floor":[71,71,71,71,71,71,56,61,61,61,61,61,60,55,55,29,77,54,54,52,17,8,0,0],"gold":470,"neow_bonus":"","is_daily":false,"chose_seed":false,"campfire_upgraded":2,"win_rate":0.0,"timestamp":1607894114,"path_taken":["M","M","$","?","M","R","E","?","T","?","M","?","M","E","R","BOSS","M","M","?","M","M","E"],"items_purchased_type":["Relic","Relic","Relic","Card","Relic","Relic","Card"],"build_version":"2020-11-30","purchased_purges":1,"victory":false,"max_hp_per_floor":[72,72,72,72,72,72,72,77,77,77,77,77,77,77,77,77,77,77,77,77,77,77,77,77],"relic_stats":{"counters":[26,116],"Mummified Hand":[0],"obtain_stats":[{"Incense Burner":12,"hubris:SlimyHat":14,"TeardropLocket":0,"ClockworkSouvenir":3,"Mercury Hourglass":9,"Replay:Ringing Soul":19,"infinitespire:Lychee Nut":28,"Mummified Hand":3,"HolyWater":17,"Coffee Dripper":17,"Membership Card":0,"PureWater":0,"Toxic Egg 2":26,"Kintsugi":34,"Replay:Wax Seal":10,"InkBottle":7,"hubris:Reverence":9,"hubris:BottledRain":3},{"Incense Burner":4,"hubris:SlimyHat":19,"TeardropLocket":12,"ClockworkSouvenir":14,"Mercury Hourglass":16,"Replay:Ringing Soul":6,"infinitespire:Lychee Nut":8,"Mummified Hand":14,"HolyWater":20,"Coffee Dripper":5,"Membership Card":12,"PureWater":0,"Toxic Egg 2":8,"Kintsugi":11,"Replay:Wax Seal":16,"InkBottle":16,"hubris:Reverence":3,"hubris:BottledRain":14},{"Incense Burner":11,"hubris:SlimyHat":89,"TeardropLocket":66,"ClockworkSouvenir":72,"Mercury Hourglass":80,"Replay:Ringing Soul":26,"infinitespire:Lychee Nut":36,"Mummified Hand":72,"HolyWater":100,"Coffee Dripper":21,"Membership Card":66,"PureWater":0,"Toxic Egg 2":36,"Kintsugi":62,"Replay:Wax Seal":80,"InkBottle":80,"hubris:Reverence":8,"hubris:BottledRain":72}],"InkBottle":[10],"Mercury Hourglass":[153]},"card_choices":[{"not_picked":["ReachHeaven","Replay:ManipulateFuture"],"picked":"EmptyBody","floor":1},{"not_picked":["Replay:ManipulateFuture","Replay:BluntJabs"],"picked":"FlurryOfBlows","floor":2},{"not_picked":["CutThroughFate","PathToVictory","Replay:Battleflow"],"picked":"SKIP","floor":5},{"not_picked":["CutThroughFate","Crescendo","Wish"],"picked":"SKIP","floor":7},{"not_picked":["WaveOfTheHand","Evaluate","SashWhip"],"picked":"SKIP","floor":11},{"not_picked":["Prostrate","Vengeance","Replay:Anticipation"],"picked":"SKIP","floor":13},{"not_picked":["Worship","Study","CutThroughFate"],"picked":"SKIP","floor":14},{"not_picked":["SashWhip","Crescendo+1","CrushJoints"],"picked":"SKIP","floor":18},{"not_picked":["WreathOfFlame","Replay:Cycle","MentalFortress"],"picked":"SKIP","floor":19},{"not_picked":["JustLucky","CutThroughFate","Replay:AtTheReady"],"picked":"SKIP","floor":20},{"not_picked":["FollowUp","JustLucky"],"picked":"Halt","floor":21},{"not_picked":["FlurryOfBlows","SashWhip","FollowUp"],"picked":"SKIP","floor":22}],"player_experience":2595835,"relics_obtained":[{"floor":7,"key":"InkBottle"},{"floor":9,"key":"Mercury Hourglass"},{"floor":10,"key":"Replay:Wax Seal"},{"floor":14,"key":"hubris:SlimyHat"}],"event_choices":[{"damage_healed":0,"gold_gain":69,"player_choice":"Gained Gold","damage_taken":0,"max_hp_gain":0,"max_hp_loss":0,"event_name":"Golden Wing","floor":4,"gold_loss":0},{"damage_healed":0,"gold_gain":0,"player_choice":"Donut","damage_taken":0,"max_hp_gain":5,"max_hp_loss":0,"event_name":"Big Fish","floor":8,"gold_loss":0},{"damage_healed":0,"gold_gain":0,"player_choice":"Upgraded","damage_taken":0,"max_hp_gain":0,"max_hp_loss":0,"event_name":"Upgrade Shrine","floor":12,"gold_loss":0,"cards_upgraded":["ReachHeaven"]}],"is_beta":false,"boss_relics":[{"not_picked":["Ectoplasm","Velvet Choker"],"picked":"HolyWater"}],"items_purged_floors":[3],"is_endless":false,"potions_floor_spawned":[2,5,18,19],"killed_by":"Book of Stabbing","ascension_level":0}}