{"host":"j6locglyv7e0c0tm","time":1607855846,"event":{"mods":["BaseMod","Better Altar","Better Match","Better Note","Better Sensory Stone","Better Skull","Better Third Choice","Better Vampires","BetterRewards","Card Forge","Colored Powertips","Custom Start","DeckTracker","Downfall","Googly Eyes","Hermit","Highlight Path","Jorbs\u0027s Wanderer Trilogy","Marked Mod","Minty Spire (QoL Compilation)","Relic Stats","Replay The Spire","Shade Mod","Shop Mod","StSLib","Swap Starting Deck Mod","The Runesmith","TheFirefly"],"gold_per_floor":[117,127,7,23,0,0,30,30,79,105,105,7,7,45,45,160,160,193,193,225,257,20,20,20,43,67,67,105,105,71,110,110,233,233,267,27,101,152,152,152,8,0,0,0,0,24,24],"floor_reached":46,"playtime":3482,"items_purged":["Pain"],"score":635,"play_id":"b0cd14ba-279b-449a-a5a0-d4b11cd60228","local_time":"20201213213726","is_ascension_mode":false,"campfire_choices":[{"floor":6,"key":"RECALL"},{"data":"Cloak And Dagger","floor":11,"key":"SMITH"},{"data":"ReplayTheSpireMod:Shiv Toss","floor":13,"key":"SMITH"},{"floor":15,"key":"REST"},{"data":"Infinite Blades","floor":23,"key":"SMITH"},{"floor":27,"key":"REST"},{"data":"Choke","floor":29,"key":"SMITH"},{"floor":40,"key":"REST"},{"floor":44,"key":"REST"}],"circlet_count":0,"master_deck":["Strike_G","Strike_G","Strike_G","Strike_G","Strike_G","Defend_G","Defend_G","Defend_G","Defend_G","Survivor","Neutralize","Setup","Hidden Blade","Cloak And Dagger+1","ReplayTheSpireMod:Tripwire","ReplayTheSpireMod:Shiv Toss+1","Dagger Throw","Hidden Blade","Flying Knee","Replay:Bag of Tricks+1","Footwork+1","Caltrops+1","Infinite Blades+1","expansioncontent:DecasProtection","Hidden Blade+1","Choke+1","ReplayTheSpireMod:Scrap Shanks","Blade Dance","Storm of Steel","ReplayTheSpireMod:Shiv Toss+1","Accuracy","Replay:SS_forest_5","Blade Dance","Cloak And Dagger","AscendersBane","Apotheosis"],"relics":["Ring of the Snake","Hammer of Thor","Seething Fire","Anvil of the Gods","Mirror","Pen Nib","Lee\u0027s Waffle","betterThird:SlimedRelic","Replay:Bandana","Blood Vial","Counterbalance","WristBlade","WarpedTongs","StoneCalendar","ReplayTheSpireMod:Lightbulb","ChewingGum","Vampiric Spirits","Replay:Baseball","Red Mask","Divine Protection"],"acts_visited":["Exordium","TheCity","TheBeyond"],"potions_floor_usage":[10,16,16,21,25,28,31,46],"damage_taken":[{"damage":0,"enemies":"2 Louse","floor":1,"turns":3},{"damage":0,"enemies":"Small Slimes","floor":2,"turns":5},{"damage":0,"enemies":"Jaw Worm","floor":4,"turns":4},{"damage":20,"enemies":"Replay:BlueRogue","floor":7,"turns":13},{"damage":5,"enemies":"Exordium Thugs","floor":10,"turns":8},{"damage":22,"enemies":"Lagavulin","floor":14,"turns":8},{"damage":5,"enemies":"Hexaghost","floor":16,"turns":10},{"damage":9,"enemies":"Spheric Guardian","floor":18,"turns":4},{"damage":12,"enemies":"3 Byrds","floor":20,"turns":5},{"damage":15,"enemies":"3 Cultists","floor":21,"turns":6},{"damage":27,"enemies":"Shelled Parasite and Fungi","floor":25,"turns":5},{"damage":10,"enemies":"Replay:Snechameleon","floor":28,"turns":7},{"damage":12,"enemies":"Book of Stabbing","floor":31,"turns":5},{"damage":19,"enemies":"Collector","floor":33,"turns":7},{"damage":0,"enemies":"Orb Walker","floor":35,"turns":1},{"damage":0,"enemies":"Mind Bloom Boss Battle","floor":37,"turns":3},{"damage":51,"enemies":"3 Shapes","floor":38,"turns":3},{"damage":87,"enemies":"Replay:Hell Engine","floor":46,"turns":6}],"seed_played":"-6070225591089203573","potions_obtained":[{"floor":1,"key":"Elixir"},{"floor":4,"key":"Strength Potion"},{"floor":7,"key":"CunningPotion"},{"floor":14,"key":"BlessingOfTheForge"},{"floor":16,"key":"ColorlessPotion"},{"floor":18,"key":"Ancient Potion"},{"floor":24,"key":"Regen Potion"},{"floor":28,"key":"SpeedPotion"}],"is_trial":false,"path_per_floor":["M","M","$","M","?","R","E","?","T","M","R","$","R","E","R","B",null,"M","?","M","M","$","R","?","M","T","R","E","R","$","E","R","B",null,"M","$","?","M","?","R","$","?","T","R","?","B"],"character_chosen":"THE_SILENT","items_purchased":["Mirror","Pen Nib","Lee\u0027s Waffle","Cloak And Dagger","ReplayTheSpireMod:Tripwire","Hidden Blade","Flying Knee","Infinite Blades","expansioncontent:DecasProtection","ReplayTheSpireMod:Scrap Shanks","Accuracy","Replay:SS_forest_5","champ:CounterPotion","Elixir","Replay:Baseball"],"campfire_rested":4,"item_purchase_floors":[0,0,0,3,3,12,12,22,22,30,36,36,36,36,41],"current_hp_per_floor":[77,77,77,77,66,66,46,39,39,36,36,36,36,16,39,36,77,68,68,58,45,45,45,45,20,20,43,50,50,50,40,63,46,77,77,77,77,28,28,51,51,51,51,74,74,0,0],"gold":24,"neow_bonus":"","is_daily":false,"chose_seed":false,"campfire_upgraded":4,"win_rate":0.0,"timestamp":1607855846,"path_taken":["M","M","$","M","?","R","E","?","T","M","R","?","R","E","R","BOSS","M","?","M","M","$","R","?","M","T","R","E","R","$","E","R","BOSS","M","$","?","M","?","R","$","?","T","R","?","BOSS"],"items_purchased_type":["Relic","Relic","Relic","Card","Card","Card","Card","Card","Card","Card","Card","Card","Potion","Potion","Relic"],"build_version":"2020-11-30","purchased_purges":1,"victory":false,"max_hp_per_floor":[77,77,77,77,77,77,77,77,77,77,77,77,77,77,77,77,77,77,77,77,77,77,77,77,77,77,77,77,77,77,77,77,77,77,77,77,77,77,77,77,77,77,77,77,77,77,77],"relic_stats":{"Blood Vial":22,"Lee\u0027s Waffle":26,"counters":[9,31],"StoneCalendar":[0],"Pen Nib":[26],"obtain_stats":[{"Gremlin Food":12,"Divine Protection":43,"Replay:Bandana":10,"Replay:Baseball":41,"NeowsBlessing":0,"Shade:YorickSkull":0,"Anvil of the Gods":0,"Golden Idol":5,"Hammer of Thor":0,"Red Mask":42,"Seething Fire":0},{"Gremlin Food":6,"Divine Protection":8,"Replay:Bandana":4,"Replay:Baseball":8,"NeowsBlessing":0,"Shade:YorickSkull":0,"Anvil of the Gods":0,"Golden Idol":2,"Hammer of Thor":0,"Red Mask":8,"Seething Fire":0},{"Gremlin Food":20,"Divine Protection":25,"Replay:Bandana":10,"Replay:Baseball":25,"NeowsBlessing":0,"Shade:YorickSkull":0,"Anvil of the Gods":0,"Golden Idol":2,"Hammer of Thor":0,"Red Mask":25,"Seething Fire":0}],"Ring of the Snake":[36],"WarpedTongs":[48]},"card_choices":[{"not_picked":["ReplayTheSpireMod:Exploit Weakness","Sucker Punch"],"picked":"Setup","floor":1},{"not_picked":["PiercingWail","Catalyst"],"picked":"Hidden Blade","floor":2},{"not_picked":["Underhanded Strike","Caltrops"],"picked":"ReplayTheSpireMod:Shiv Toss","floor":4},{"not_picked":["Slice","ReplayTheSpireMod:The Works","Deflect"],"picked":"SKIP","floor":7},{"not_picked":["Toxin Wave","ReplayTheSpireMod:The Works"],"picked":"Dagger Throw","floor":10},{"not_picked":["Masterful Stab","Acrobatics","Underhanded Strike"],"picked":"SKIP","floor":14},{"not_picked":["Die Die Die","Adrenaline"],"picked":"Replay:Bag of Tricks","floor":16},{"not_picked":["Dagger Spray","Slice+1"],"picked":"Footwork+1","floor":18},{"not_picked":["Flying Knee","Bane","Backflip"],"picked":"SKIP","floor":20},{"not_picked":["Sucker Punch","Wraith Form v2"],"picked":"Caltrops+1","floor":21},{"not_picked":["Dagger Throw","Riddle With Holes"],"picked":"Hidden Blade+1","floor":25},{"not_picked":["Poisoned Stab","Deflect"],"picked":"Choke","floor":28},{"not_picked":["Masterful Stab","Cloak And Dagger"],"picked":"Blade Dance","floor":31},{"not_picked":["Adrenaline","Night Terror"],"picked":"Storm of Steel","floor":33},{"not_picked":["Acrobatics+1","Cloak And Dagger+1"],"picked":"ReplayTheSpireMod:Shiv Toss+1","floor":35},{"not_picked":["Flechettes+1","ReplayTheSpireMod:The Works"],"picked":"Blade Dance","floor":37},{"not_picked":["Underhanded Strike","Sucker Punch"],"picked":"Cloak And Dagger","floor":38}],"player_experience":781611,"relics_obtained":[{"floor":7,"key":"Replay:Bandana"},{"floor":9,"key":"Blood Vial"},{"floor":14,"key":"Counterbalance"},{"floor":28,"key":"StoneCalendar"},{"floor":31,"key":"ReplayTheSpireMod:Lightbulb"},{"floor":37,"key":"Vampiric Spirits"},{"floor":43,"key":"Divine Protection"}],"event_choices":[{"damage_healed":0,"gold_gain":0,"player_choice":"Slimed","damage_taken":11,"max_hp_gain":0,"max_hp_loss":0,"event_name":"betterThird:BetterGoop","floor":5,"gold_loss":23},{"cards_removed":["Defend_G"],"damage_healed":0,"gold_gain":0,"player_choice":"Card Removal","damage_taken":7,"max_hp_gain":0,"max_hp_loss":0,"event_name":"Golden Wing","floor":8,"gold_loss":0},{"damage_healed":0,"gold_gain":0,"player_choice":"Rummage","damage_taken":0,"relics_obtained":["WarpedTongs"],"max_hp_gain":0,"max_hp_loss":0,"event_name":"Accursed Blacksmith","floor":19,"gold_loss":0,"cards_obtained":["Pain"]},{"damage_healed":0,"gold_gain":0,"player_choice":"Got Potions","damage_taken":0,"max_hp_gain":0,"max_hp_loss":0,"event_name":"Lab","floor":24,"gold_loss":0},{"damage_healed":0,"gold_gain":0,"player_choice":"Fight","damage_taken":0,"max_hp_gain":0,"max_hp_loss":0,"event_name":"MindBloom","floor":37,"gold_loss":0},{"damage_healed":0,"gold_gain":3,"player_choice":"3","damage_taken":0,"max_hp_gain":0,"max_hp_loss":0,"event_name":"betterStone:BetterStone","floor":39,"gold_loss":0,"cards_obtained":["Apotheosis"]},{"damage_healed":0,"gold_gain":0,"player_choice":"Paid","damage_taken":0,"relics_obtained":["Red Mask"],"max_hp_gain":0,"max_hp_loss":0,"event_name":"Tomb of Lord Red Mask","floor":42,"gold_loss":8},{"damage_healed":0,"gold_gain":0,"player_choice":"Portal","damage_taken":0,"max_hp_gain":0,"max_hp_loss":0,"event_name":"betterThird:BetterPortal","floor":45,"gold_loss":0}],"is_beta":false,"boss_relics":[{"not_picked":["Painkiller Herb","Velvet Choker"],"picked":"WristBlade"},{"not_picked":["Tiny House","Abe\u0027s Treasure"],"picked":"ChewingGum"}],"items_purged_floors":[22],"is_endless":false,"potions_floor_spawned":[1,4,7,14,16,18,28,37],"killed_by":"Replay:Hell Engine","ascension_level":0}}