{"host":"2461dio7vetlq1z3","time":1607866983,"event":{"mods":["AchievementEnabler","Aspiration","BaseMod","Hermit","Lobotomy","Minty Spire (QoL Compilation)","Relic Stats","Spicy Shops","StSLib","Waifu the Spire"],"gold_per_floor":[116,216,235,245,87,112,112,146,146,165,165,165,69,104,104,178,178,195,206,217,217,231,231,257,257,302,320,349,360,360,395,395,468,468,488,500,513,143,156,185,185,211,211,211,237,237,237,247,247,247,247,247,0,25,25],"floor_reached":56,"playtime":5788,"items_purged":["Strike_B","Strike_B","Strike_B","Dualcast"],"score":2180,"play_id":"0019a75e-89a8-452f-8e9a-bed8dcd92852","local_time":"20201213144303","is_ascension_mode":true,"campfire_choices":[{"data":"Recycle","floor":7,"key":"SMITH"},{"floor":11,"key":"REST"},{"data":"Zap","floor":15,"key":"SMITH"},{"data":"Reboot","floor":23,"key":"SMITH"},{"floor":25,"key":"REST"},{"data":"Turbo","floor":32,"key":"SMITH"},{"data":"Machine Learning","floor":41,"key":"SMITH"},{"floor":44,"key":"RECALL"},{"data":"Skim","floor":46,"key":"SMITH"},{"data":"Good Instincts","floor":49,"key":"SMITH"},{"data":"Scrape","floor":52,"key":"SMITH"}],"circlet_count":0,"master_deck":["AscendersBane","Defend_B","Defend_B","Defend_B","Defend_B","Zap+1","Gash","Scrape","Glacier","Bandage Up","Recycle+1","Gash","Good Instincts+1","Skim+1","Machine Learning+1","Scrape+1","Necronomicurse","Reboot+1","Steam+1","Turbo+1","BootSequence+1","All For One","Gash","Madness"],"relics":["aspiration:FutureDiary","InkBottle","Lizard Tail","aspiration:FetidBarrel","Mercury Hourglass","aspiration:RunicSpoon","Necronomicon","aspiration:Stabinomicon","Lantern","Meat on the Bone","Busted Crown","TheAbacus","Strawberry","MealTicket","Ice Cream","aspiration:Lifesprig","Toy Ornithopter"],"acts_visited":["Exordium","TheCity","TheBeyond","TheEnding"],"potions_floor_usage":[8,8,14,20,24,27,55],"damage_taken":[{"damage":1,"enemies":"Cultist","floor":1,"turns":4},{"damage":2,"enemies":"Jaw Worm","floor":3,"turns":3},{"damage":0,"enemies":"2 Louse","floor":4,"turns":3},{"damage":10,"enemies":"Lagavulin","floor":6,"turns":10},{"damage":50,"enemies":"Gremlin Nob","floor":8,"turns":4},{"damage":0,"enemies":"Red Slaver","floor":10,"turns":7},{"damage":8,"enemies":"3 Sentries","floor":14,"turns":7},{"damage":11,"enemies":"Slime Boss","floor":16,"turns":9},{"damage":23,"enemies":"2 Thieves","floor":18,"turns":4},{"damage":0,"enemies":"Spheric Guardian","floor":19,"turns":3},{"damage":2,"enemies":"Cultist and Chosen","floor":20,"turns":4},{"damage":16,"enemies":"Snake Plant","floor":22,"turns":4},{"damage":52,"enemies":"Book of Stabbing","floor":24,"turns":5},{"damage":0,"enemies":"Sentry and Sphere","floor":27,"turns":4},{"damage":0,"enemies":"Gremlin Leader","floor":28,"turns":3},{"damage":2,"enemies":"Shelled Parasite and Fungi","floor":29,"turns":3},{"damage":15,"enemies":"Slavers","floor":31,"turns":4},{"damage":10,"enemies":"Champ","floor":33,"turns":4},{"damage":0,"enemies":"3 Darklings","floor":35,"turns":3},{"damage":0,"enemies":"Orb Walker","floor":36,"turns":2},{"damage":0,"enemies":"Transient","floor":37,"turns":5},{"damage":0,"enemies":"Jaw Worm Horde","floor":39,"turns":1},{"damage":29,"enemies":"Reptomancer","floor":40,"turns":4},{"damage":0,"enemies":"Giant Head","floor":45,"turns":2},{"damage":1,"enemies":"4 Shapes","floor":48,"turns":3},{"damage":0,"enemies":"Awakened One","floor":50,"turns":3},{"damage":0,"enemies":"Shield and Spear","floor":54,"turns":2},{"damage":22,"enemies":"The Heart","floor":55,"turns":4}],"seed_played":"7338663747851282313","potions_obtained":[{"floor":3,"key":"FocusPotion"},{"floor":4,"key":"PowerPotion"},{"floor":8,"key":"BlessingOfTheForge"},{"floor":16,"key":"Explosive Potion"},{"floor":18,"key":"SpeedPotion"},{"floor":20,"key":"BlessingOfTheForge"},{"floor":28,"key":"Energy Potion"},{"floor":29,"key":"SteroidPotion"},{"floor":36,"key":"DuplicationPotion"},{"floor":45,"key":"LiquidMemories"}],"is_trial":false,"path_per_floor":["M","?","M","M","$","E","R","E","T","M","R","?","$","E","R","B",null,"M","M","M","?","M","R","E","R","T","M","E","M","?","E","R","B",null,"M","M","M","$","M","E","R","T","T","R","E","R","?","M","R","B",null,"R","$","E","B",null],"character_chosen":"DEFECT","items_purchased":["Bandage Up","Good Instincts","TheAbacus","Madness"],"campfire_rested":2,"item_purchase_floors":[5,13,38,53],"current_hp_per_floor":[63,63,61,61,61,55,55,9,9,13,34,57,57,55,55,48,65,50,54,60,44,32,32,25,46,46,50,54,56,56,45,45,39,63,67,71,71,71,71,49,49,49,49,49,53,53,53,56,56,60,74,74,78,78,60],"gold":25,"neow_bonus":"BOSS_RELIC","is_daily":false,"chose_seed":false,"campfire_upgraded":8,"win_rate":0.0,"timestamp":1607866983,"path_taken":["M","?","M","?","$","E","R","E","T","M","R","?","$","E","R","BOSS","M","M","M","?","M","R","E","R","T","M","E","M","?","E","R","BOSS","M","M","M","$","M","E","R","?","T","R","E","R","?","M","R","BOSS","R","$","E","BOSS"],"items_purchased_type":["Card","Card","Relic","Card"],"build_version":"2020-11-30","purchased_purges":4,"victory":true,"max_hp_per_floor":[71,71,71,71,71,71,71,71,71,71,71,71,71,71,71,71,71,71,71,71,71,71,71,71,71,71,71,71,71,71,71,71,71,71,71,71,71,71,71,78,78,78,78,78,78,78,78,78,78,78,78,78,78,78,78],"relic_stats":{"Lizard Tail":35,"Busted Crown":16,"TheAbacus":[78],"counters":[28,112],"aspiration:RunicSpoon":[273],"MealTicket":4,"Necronomicon":[21],"obtain_stats":[{"Ice Cream":43,"Lantern":28,"aspiration:Lifesprig":45,"aspiration:FetidBarrel":9,"aspiration:RunicSpoon":17,"aspiration:Stabinomicon":24,"Mercury Hourglass":14,"Lizard Tail":8,"Busted Crown":34,"TheAbacus":38,"Strawberry":40,"MealTicket":42,"Necronomicon":21,"aspiration:FutureDiary":0,"Cracked Core":0,"InkBottle":6,"Toy Ornithopter":54,"Meat on the Bone":31},{"Ice Cream":23,"Lantern":15,"aspiration:Lifesprig":24,"aspiration:FetidBarrel":5,"aspiration:RunicSpoon":8,"aspiration:Stabinomicon":13,"Mercury Hourglass":7,"Lizard Tail":5,"Busted Crown":18,"TheAbacus":21,"Strawberry":23,"MealTicket":23,"Necronomicon":11,"aspiration:FutureDiary":0,"Cracked Core":0,"InkBottle":4,"Toy Ornithopter":27,"Meat on the Bone":17},{"Ice Cream":98,"Lantern":72,"aspiration:Lifesprig":100,"aspiration:FetidBarrel":24,"aspiration:RunicSpoon":47,"aspiration:Stabinomicon":66,"Mercury Hourglass":38,"Lizard Tail":24,"Busted Crown":83,"TheAbacus":93,"Strawberry":98,"MealTicket":98,"Necronomicon":58,"aspiration:FutureDiary":0,"Cracked Core":0,"InkBottle":20,"Toy Ornithopter":108,"Meat on the Bone":79}],"InkBottle":[93],"Toy Ornithopter":2,"Mercury Hourglass":[320],"Meat on the Bone":0},"card_choices":[{"not_picked":["Double Energy","Beam Cell"],"picked":"Gash","floor":1},{"not_picked":["Barrage","Glacier"],"picked":"Scrape","floor":3},{"not_picked":["Stack","Ball Lightning"],"picked":"Glacier","floor":4},{"not_picked":["Scrape","Darkness"],"picked":"Recycle","floor":6},{"not_picked":["Turbo","Echo Form","Rebound"],"picked":"SKIP","floor":8},{"not_picked":["Redo","Streamline"],"picked":"Gash","floor":10},{"not_picked":["Stack","Recycle"],"picked":"Skim","floor":14},{"not_picked":["Meteor Strike","Fission"],"picked":"Machine Learning","floor":16},{"not_picked":["Streamline","Redo"],"picked":"Scrape","floor":18},{"not_picked":["Streamline","Sweeping Beam","Ball Lightning"],"picked":"SKIP","floor":19},{"not_picked":["Sunder","Defragment","Steam"],"picked":"SKIP","floor":20},{"not_picked":["Rebound","Compile Driver"],"picked":"Reboot","floor":22},{"not_picked":["Reinforced Body","Static Discharge"],"picked":"Steam+1","floor":24},{"not_picked":["Rebound","Hologram","Turbo"],"picked":"SKIP","floor":27},{"not_picked":["Rebound","Hologram"],"picked":"Turbo","floor":27},{"not_picked":["Rainbow","Tempest"],"picked":"BootSequence+1","floor":28},{"not_picked":["Barrage","Capacitor+1","Chill"],"picked":"SKIP","floor":29},{"not_picked":["Steam","Redo"],"picked":"FTL","floor":31},{"not_picked":["Creative AI","Seek"],"picked":"All For One","floor":33},{"not_picked":["Glacier"],"picked":"SKIP","floor":35},{"not_picked":["Compile Driver"],"picked":"SKIP","floor":36},{"not_picked":["Conserve Battery"],"picked":"SKIP","floor":37},{"not_picked":[],"picked":"Gash","floor":39},{"not_picked":["Barrage"],"picked":"SKIP","floor":40},{"not_picked":["Go for the Eyes"],"picked":"SKIP","floor":45},{"not_picked":["Go for the Eyes"],"picked":"SKIP","floor":45},{"not_picked":["Coolheaded"],"picked":"SKIP","floor":48},{"not_picked":["Redo+1"],"picked":"SKIP","floor":54}],"player_experience":670703,"relics_obtained":[{"floor":6,"key":"InkBottle"},{"floor":8,"key":"Lizard Tail"},{"floor":9,"key":"aspiration:FetidBarrel"},{"floor":14,"key":"Mercury Hourglass"},{"floor":21,"key":"Necronomicon"},{"floor":24,"key":"aspiration:Stabinomicon"},{"floor":28,"key":"Lantern"},{"floor":31,"key":"Meat on the Bone"},{"floor":40,"key":"Strawberry"},{"floor":42,"key":"MealTicket"},{"floor":43,"key":"Ice Cream"},{"floor":45,"key":"aspiration:Lifesprig"},{"floor":54,"key":"Toy Ornithopter"}],"event_choices":[{"damage_healed":0,"gold_gain":100,"player_choice":"Pray","damage_taken":0,"max_hp_gain":0,"max_hp_loss":0,"event_name":"Golden Shrine","floor":2,"gold_loss":0},{"damage_healed":23,"gold_gain":0,"player_choice":"Banana","damage_taken":0,"max_hp_gain":0,"max_hp_loss":0,"event_name":"Big Fish","floor":12,"gold_loss":0},{"damage_healed":0,"gold_gain":0,"player_choice":"Obtained Book","damage_taken":16,"max_hp_gain":0,"max_hp_loss":0,"event_name":"Cursed Tome","floor":21,"gold_loss":0},{"cards_removed":["Strike_B"],"damage_healed":0,"gold_gain":0,"player_choice":"Purged","damage_taken":0,"max_hp_gain":0,"max_hp_loss":0,"event_name":"Purifier","floor":30,"gold_loss":0},{"cards_removed":["FTL"],"damage_healed":0,"gold_gain":0,"player_choice":"Removed Attack","damage_taken":0,"max_hp_gain":0,"max_hp_loss":0,"event_name":"Falling","floor":47,"gold_loss":0}],"is_beta":false,"boss_relics":[{"not_picked":["Pandora\u0027s Box","Runic Dome"],"picked":"aspiration:RunicSpoon"},{"not_picked":["Philosopher\u0027s Stone","Sozu"],"picked":"Busted Crown"}],"items_purged_floors":[5,38,38,53],"is_endless":false,"potions_floor_spawned":[3,4,8,16,18,20,28,29,36,45,54],"ascension_level":14}}