{"host":"7z9w9s73v2jobm2z","time":1607846080,"event":{"mods":["AchievementEnabler","BaseMod","Colored Map","Colored Powertips","Custom Start","Minty Spire (QoL Compilation)","Quick Restart","Rare Cards Sparkle","Relic Stats","StSLib"],"gold_per_floor":[109,109,124,150,150,150,167,249,249,280,280,280,308,323,323,428,478,458,458,458,458,23,63,63,63,63,87,87,98,98,117,117,229,229,241,241,259,272,154,188,247,274,297,297,328,328,355,372,372,372,372],"floor_reached":50,"playtime":3364,"items_purged":["Defend_P","Defend_P"],"score":623,"play_id":"637d3214-56dd-4029-9179-cf8c5acfa554","local_time":"20201213025440","is_ascension_mode":false,"campfire_choices":[{"data":"Eruption","floor":6.0,"key":"SMITH"},{"data":"Vigilance","floor":11.0,"key":"SMITH"},{"data":"Strike_P","floor":15.0,"key":"PURGE"},{"data":"Ghostly","floor":24.0,"key":"SMITH"},{"data":"Ghostly","floor":28.0,"key":"SMITH"},{"data":"Eruption","floor":32.0,"key":"SMITH"},{"floor":49,"key":"REST"}],"circlet_count":0,"master_deck":["Strike_P","Strike_P","Defend_P","Defend_P+1","Eruption+1","Vigilance+1","Consecrate","BowlingBash","Eruption+1","Halt","EmptyFist","Protect","EmptyBody","Brilliance","Worship+1","Brilliance","Ghostly+1","Ghostly+1","Ghostly+1","Ghostly","Ghostly","EmptyBody","EmptyFist","Protect","Halt+1","BowlingBash","Establishment","Madness","Madness","Prostrate","EmptyFist","Evaluate+1","Consecrate","Parasite","Consecrate","Crescendo"],"relics":["PureWater","Tiny Chest","Anchor","Bottled Lightning","Damaru","Matryoshka","Peace Pipe","Tiny House","CeramicFish","Eternal Feather","Singing Bowl","Happy Flower","War Paint","Ancient Tea Set","Runic Pyramid","White Beast Statue","CloakClasp","Gambling Chip","Juzu Bracelet","FossilizedHelix"],"acts_visited":["Exordium","TheCity","TheBeyond"],"potions_floor_usage":[33,40,50,50],"damage_taken":[{"damage":5.0,"enemies":"Small Slimes","floor":1.0,"turns":4.0},{"damage":3.0,"enemies":"Jaw Worm","floor":3.0,"turns":3.0},{"damage":2.0,"enemies":"Cultist","floor":7.0,"turns":3.0},{"damage":0.0,"enemies":"3 Sentries","floor":10.0,"turns":3.0},{"damage":11.0,"enemies":"Gremlin Nob","floor":13.0,"turns":3.0},{"damage":0.0,"enemies":"3 Louse","floor":14.0,"turns":3.0},{"damage":42.0,"enemies":"Hexaghost","floor":16.0,"turns":13.0},{"damage":10.0,"enemies":"2 Thieves","floor":18.0,"turns":4.0},{"damage":3.0,"enemies":"Gremlin Leader","floor":23.0,"turns":8.0},{"damage":13.0,"enemies":"3 Byrds","floor":27.0,"turns":6.0},{"damage":3.0,"enemies":"3 Cultists","floor":29.0,"turns":6.0},{"damage":2.0,"enemies":"Sentry and Sphere","floor":31.0,"turns":5.0},{"damage":2,"enemies":"Automaton","floor":33,"turns":10},{"damage":0,"enemies":"Orb Walker","floor":35,"turns":4},{"damage":2,"enemies":"3 Shapes","floor":38,"turns":5},{"damage":6,"enemies":"Nemesis","floor":40,"turns":7},{"damage":0,"enemies":"Mind Bloom Boss Battle","floor":41,"turns":9},{"damage":0,"enemies":"Jaw Worm Horde","floor":42,"turns":5},{"damage":0,"enemies":"Writhing Mass","floor":45,"turns":8},{"damage":16,"enemies":"4 Shapes","floor":47,"turns":4},{"damage":17,"enemies":"Jaw Worm Horde","floor":48,"turns":3},{"damage":71,"enemies":"Time Eater","floor":50,"turns":12}],"seed_played":"-4948099203435439645","potions_obtained":[{"floor":3.0,"key":"BlessingOfTheForge"},{"floor":10.0,"key":"Ancient Potion"},{"floor":17.0,"key":"Weak Potion"},{"floor":18.0,"key":"Fruit Juice"},{"floor":27.0,"key":"PowerPotion"},{"floor":38,"key":"SkillPotion"},{"floor":40,"key":"Block Potion"},{"floor":41,"key":"LiquidMemories"},{"floor":42,"key":"Strength Potion"}],"is_trial":false,"path_per_floor":["M","?","M","T","?","R","M","T","T","E","R","?","E","M","R","B",null,"M","?","?","T","$","E","R","?","T","M","R","M","?","M","R","B",null,"M","T","?","M","$","E","?","M","T","?","M","T","M","M","R","B"],"character_chosen":"WATCHER","items_purchased":["Eternal Feather","EmptyBody","EmptyFist","Protect","Prostrate"],"campfire_rested":1,"item_purchase_floors":[22,22,22,22,39],"current_hp_per_floor":[67,67,64,64,64,64,62,62,62,62,62,67,56,56,56,14,82,77,77,43,43,43,40,43,43,43,30,43,42,36,36,51,49,52,54,54,47,47,47,41,41,41,41,43,43,43,27,12,51,0,0],"gold":372,"neow_bonus":"RANDOM_COMMON_RELIC","is_daily":false,"chose_seed":false,"campfire_upgraded":5,"win_rate":0.0,"timestamp":1607846080,"path_taken":["M","?","M","?","?","R","M","?","T","E","R","?","E","M","R","BOSS","M","?","?","?","$","E","R","?","T","M","R","M","?","?","R","BOSS","M","?","?","M","$","E","?","M","T","?","M","?","M","M","R","BOSS"],"items_purchased_type":["Relic","Card","Card","Card","Card"],"build_version":"2020-11-30","purchased_purges":2,"victory":false,"max_hp_per_floor":[72,72,72,72,72,72,72,72,72,72,72,77,77,77,77,77,82,87,87,43,43,43,43,43,43,43,43,43,45,50,52,52,52,52,54,54,54,56,56,56,56,56,56,58,58,58,58,60,60,60,60],"relic_stats":{"Peace Pipe":1,"Singing Bowl":12,"Happy Flower":[28],"counters":[22,128],"CeramicFish":135,"Gambling Chip":[3],"Tiny Chest":4,"Eternal Feather":52,"CloakClasp":[138],"Juzu Bracelet":0,"War Paint":["Worship","Ghostly"],"obtain_stats":[{"Tiny House":17,"Singing Bowl":23,"Happy Flower":25,"CeramicFish":21,"Damaru":9,"Eternal Feather":22,"CloakClasp":40,"Juzu Bracelet":43,"War Paint":26,"Ancient Tea Set":26,"White Beast Statue":36,"Peace Pipe":13,"Anchor":4,"Matryoshka":10,"Gambling Chip":41,"Tiny Chest":0,"Bottled Lightning":8,"PureWater":0,"FossilizedHelix":46,"Runic Pyramid":34},{"Tiny House":7,"Singing Bowl":9,"Happy Flower":9,"CeramicFish":8,"Damaru":3,"Eternal Feather":8,"CloakClasp":16,"Juzu Bracelet":18,"War Paint":9,"Ancient Tea Set":9,"White Beast Statue":14,"Peace Pipe":5,"Anchor":2,"Matryoshka":4,"Gambling Chip":17,"Tiny Chest":0,"Bottled Lightning":3,"PureWater":0,"FossilizedHelix":19,"Runic Pyramid":13},{"Tiny House":32,"Singing Bowl":44,"Happy Flower":44,"CeramicFish":36,"Damaru":10,"Eternal Feather":36,"CloakClasp":87,"Juzu Bracelet":101,"War Paint":44,"Ancient Tea Set":44,"White Beast Statue":75,"Peace Pipe":16,"Anchor":7,"Matryoshka":13,"Gambling Chip":96,"Tiny Chest":0,"Bottled Lightning":10,"PureWater":0,"FossilizedHelix":109,"Runic Pyramid":71}]},"card_choices":[{"not_picked":["FollowUp","WreathOfFlame"],"picked":"Consecrate","floor":1.0},{"not_picked":["InnerPeace","FlyingSleeves","Weave"],"picked":"SKIP","floor":3.0},{"not_picked":["FlyingSleeves","FollowUp"],"picked":"Halt","floor":7.0},{"not_picked":["BattleHymn","CrushJoints"],"picked":"EmptyFist","floor":10.0},{"not_picked":["Collect","Sanctity"],"picked":"Protect","floor":13.0},{"not_picked":["JustLucky","Evaluate"],"picked":"EmptyBody","floor":14.0},{"not_picked":["Vault","MasterReality"],"picked":"Brilliance","floor":16.0},{"not_picked":["EmptyBody","Crescendo"],"picked":"Worship","floor":17.0},{"not_picked":["SandsOfTime+1","ClearTheMind"],"picked":"Brilliance","floor":18.0},{"not_picked":["DeceiveReality+1","Protect"],"picked":"Halt+1","floor":23.0},{"not_picked":["Indignation","Meditate"],"picked":"BowlingBash","floor":27.0},{"not_picked":["FlyingSleeves","ClearTheMind","CrushJoints"],"picked":"Singing Bowl","floor":29.0},{"not_picked":["FollowUp","Protect","ClearTheMind+1"],"picked":"Singing Bowl","floor":31.0},{"not_picked":["Scrawl","Wish"],"picked":"Establishment","floor":33},{"not_picked":["Crescendo+1","SashWhip","PathToVictory+1"],"picked":"Singing Bowl","floor":35},{"not_picked":["MentalFortress","SashWhip+1","Vengeance"],"picked":"Singing Bowl","floor":38},{"not_picked":["Crescendo","MasterReality"],"picked":"EmptyFist","floor":40},{"not_picked":["FlurryOfBlows+1","Nirvana+1"],"picked":"Evaluate+1","floor":41},{"not_picked":["FlurryOfBlows","ClearTheMind"],"picked":"Consecrate","floor":42},{"not_picked":["Flash of Steel","Chrysalis","Finesse"],"picked":"Singing Bowl","floor":44},{"not_picked":["SashWhip+1","FlurryOfBlows+1"],"picked":"Consecrate","floor":45},{"not_picked":["ForeignInfluence","FlurryOfBlows+1"],"picked":"Crescendo","floor":47},{"not_picked":["TalkToTheHand+1","LessonLearned","FlyingSleeves+1"],"picked":"Singing Bowl","floor":48}],"player_experience":409615,"relics_obtained":[{"floor":4.0,"key":"Anchor"},{"floor":8.0,"key":"Bottled Lightning"},{"floor":9.0,"key":"Damaru"},{"floor":10.0,"key":"Matryoshka"},{"floor":13.0,"key":"Peace Pipe"},{"floor":21.0,"key":"CeramicFish"},{"floor":23.0,"key":"Singing Bowl"},{"floor":26.0,"key":"War Paint"},{"floor":26.0,"key":"Ancient Tea Set"},{"floor":36,"key":"White Beast Statue"},{"floor":40,"key":"CloakClasp"},{"floor":41,"key":"Gambling Chip"},{"floor":43,"key":"Juzu Bracelet"},{"floor":46,"key":"FossilizedHelix"}],"event_choices":[{"damage_healed":0.0,"max_hp_gain":0.0,"max_hp_loss":0.0,"gold_gain":0.0,"event_name":"Golden Idol","player_choice":"Ignored","floor":2.0,"gold_loss":0.0,"damage_taken":0.0},{"damage_healed":0.0,"max_hp_gain":0.0,"max_hp_loss":0.0,"gold_gain":0.0,"event_name":"Match and Keep!","player_choice":"2 cards matched","floor":5.0,"gold_loss":0.0,"damage_taken":0.0,"cards_obtained":["BowlingBash","Eruption"]},{"damage_healed":0.0,"max_hp_gain":5.0,"max_hp_loss":0.0,"gold_gain":0.0,"event_name":"Big Fish","player_choice":"Donut","floor":12.0,"gold_loss":0.0,"damage_taken":0.0},{"cards_removed":["Strike_P"],"damage_healed":0.0,"max_hp_gain":0.0,"max_hp_loss":0.0,"gold_gain":0.0,"event_name":"Back to Basics","player_choice":"Elegance","floor":19.0,"gold_loss":0.0,"damage_taken":0.0},{"damage_healed":0.0,"max_hp_gain":0.0,"max_hp_loss":44.0,"gold_gain":0.0,"event_name":"Ghosts","player_choice":"Became a Ghost","floor":20.0,"gold_loss":0.0,"damage_taken":0.0,"cards_obtained":["Ghostly","Ghostly","Ghostly","Ghostly","Ghostly"]},{"damage_healed":0.0,"max_hp_gain":0.0,"max_hp_loss":0.0,"gold_gain":0.0,"event_name":"The Mausoleum","player_choice":"Opened","floor":25.0,"gold_loss":0.0,"damage_taken":0.0,"relics_obtained":["Happy Flower"]},{"damage_healed":0.0,"max_hp_gain":5.0,"max_hp_loss":0.0,"gold_gain":0.0,"event_name":"Forgotten Altar","player_choice":"Shed Blood","floor":30.0,"gold_loss":0.0,"damage_taken":11.0},{"damage_healed":0,"gold_gain":0,"player_choice":"Embrace Madness","damage_taken":7,"max_hp_gain":0,"max_hp_loss":0,"event_name":"Winding Halls","floor":37,"gold_loss":0,"cards_obtained":["Madness","Madness"]},{"damage_healed":0,"gold_gain":0,"player_choice":"Fight","damage_taken":0,"max_hp_gain":0,"max_hp_loss":0,"event_name":"MindBloom","floor":41,"gold_loss":0},{"damage_healed":0,"gold_gain":0,"player_choice":"Memory 1","damage_taken":0,"max_hp_gain":0,"max_hp_loss":0,"event_name":"SensoryStone","floor":44,"gold_loss":0}],"is_beta":false,"boss_relics":[{"not_picked":["SacredBark","Busted Crown"],"picked":"Tiny House"},{"not_picked":["Runic Dome","Astrolabe"],"picked":"Runic Pyramid"}],"items_purged_floors":[22,39],"is_endless":false,"potions_floor_spawned":[3,10,18,27,38,40,41,42,45,47,48],"killed_by":"Time Eater","ascension_level":0}}