{"host":"ehwj6oc29l3x8nvc","time":1607818161,"event":{"mods":["BaseMod","BetterRewards","Colored Map","Colored Powertips","Minty Spire (QoL Compilation)","StSLib","Transform Curses"],"gold_per_floor":[115,115,115,131,131,131,158,188,225,237,267,299,321,333,345,458,470,499,511,413,328,328,328,346,346,397,397,397,416,416,428,428,524,524,541,559,569,569,582,582,0,29,56,56,56,56,73,73,73,73,73],"floor_reached":50,"playtime":2999,"items_purged":["Pain"],"score":495,"play_id":"c6893b71-1d31-48e0-97e9-2e1ccda9b408","local_time":"20201212170921","is_ascension_mode":false,"campfire_choices":[{"data":"Finisher","floor":6,"key":"SMITH"},{"floor":15,"key":"REST"},{"data":"Adrenaline","floor":23,"key":"SMITH"},{"data":"Adrenaline","floor":28,"key":"SMITH"},{"floor":32,"key":"REST"},{"floor":40,"key":"REST"},{"floor":44,"key":"REST"},{"floor":49,"key":"REST"}],"circlet_count":0,"master_deck":["Strike_G","Strike_G","Defend_G","Defend_G","Defend_G","Defend_G","Survivor","Neutralize","Finisher+1","Sucker Punch+1","Adrenaline+1","Blade Dance","Backstab","Adrenaline+1","CurseOfTheBell","Caltrops","Infinite Blades+1","Slice+1","Noxious Fumes+1","Finisher","Envenom","Wraith Form v2+1","Heel Hook+1","Deadly Poison+1","PiercingWail+1","Blade Dance+1","Writhe","Deadly Poison","Deflect","Dark Shackles","Bouncing Flask+1"],"relics":["Ring of the Snake","WarpedTongs","MawBank","Anchor","PreservedInsect","Calling Bell","Pocketwatch","Shuriken","Pantograph","Snake Skull","Nloth\u0027s Gift","Matryoshka","Astrolabe","Red Mask","Orichalcum","Potion Belt","Blood Vial","Kunai","Meat on the Bone"],"acts_visited":["Exordium","TheCity","TheBeyond"],"potions_floor_usage":[7,7,16,29,29,29,33,33,33,37,50],"damage_taken":[{"damage":0,"enemies":"Small Slimes","floor":1,"turns":4},{"damage":6,"enemies":"Cultist","floor":4,"turns":3},{"damage":23,"enemies":"Lagavulin","floor":7,"turns":5},{"damage":14,"enemies":"Jaw Worm","floor":8,"turns":2},{"damage":4,"enemies":"Red Slaver","floor":11,"turns":3},{"damage":4,"enemies":"Blue Slaver","floor":12,"turns":4},{"damage":0,"enemies":"Looter","floor":13,"turns":1},{"damage":26,"enemies":"The Guardian","floor":16,"turns":8},{"damage":6,"enemies":"Chosen","floor":18,"turns":3},{"damage":5,"enemies":"Spheric Guardian","floor":24,"turns":3},{"damage":14,"enemies":"Snake Plant","floor":29,"turns":4},{"damage":7,"enemies":"Centurion and Healer","floor":31,"turns":4},{"damage":29,"enemies":"Automaton","floor":33,"turns":6},{"damage":18,"enemies":"3 Shapes","floor":35,"turns":2},{"damage":38,"enemies":"3 Darklings","floor":36,"turns":5},{"damage":12,"enemies":"Sphere and 2 Shapes","floor":37,"turns":4},{"damage":34,"enemies":"Jaw Worm Horde","floor":39,"turns":4},{"damage":9,"enemies":"Reptomancer","floor":42,"turns":5},{"damage":6,"enemies":"Maw","floor":47,"turns":6},{"damage":84,"enemies":"Awakened One","floor":50,"turns":9}],"seed_played":"8555112078495682190","potions_obtained":[{"floor":1,"key":"Fire Potion"},{"floor":4,"key":"Poison Potion"},{"floor":11,"key":"Swift Potion"},{"floor":16,"key":"SneckoOil"},{"floor":18,"key":"EntropicBrew"},{"floor":29,"key":"Dexterity Potion"},{"floor":36,"key":"Explosive Potion"},{"floor":42,"key":"PowerPotion"}],"is_trial":false,"path_per_floor":["M","?","?","M","$","R","E","M","T","?","M","M","M","?","R","B",null,"M","?","$","?","?","R","M","$","T","?","R","M","T","M","R","B",null,"M","M","M","?","M","R","?","E","T","R","?","T","M","?","R","B"],"character_chosen":"THE_SILENT","items_purchased":["Infinite Blades"],"campfire_rested":5,"item_purchase_floors":[20],"current_hp_per_floor":[77,82,82,76,76,76,53,39,39,39,35,31,31,19,43,17,82,76,76,76,76,76,76,71,71,71,71,71,57,57,50,74,53,82,64,26,14,35,1,25,25,16,16,40,40,40,48,48,72,0,0],"gold":73,"neow_bonus":"TEN_PERCENT_HP_BONUS","is_daily":false,"chose_seed":false,"campfire_upgraded":3,"win_rate":0.0,"timestamp":1607818161,"path_taken":["M","?","?","?","$","R","E","M","T","?","M","?","M","?","R","BOSS","M","?","$","?","?","R","M","?","T","?","R","?","?","M","R","BOSS","M","M","M","?","M","R","?","E","T","R","?","?","?","?","R","BOSS"],"items_purchased_type":["Card"],"build_version":"2020-11-30","purchased_purges":1,"victory":false,"max_hp_per_floor":[77,82,82,82,82,82,82,82,82,82,82,82,82,82,82,82,82,82,82,82,82,82,82,82,82,82,82,82,82,82,82,82,82,82,82,82,82,82,82,82,82,82,82,82,82,82,82,82,82,82,82],"card_choices":[{"not_picked":["Distraction","Underhanded Strike"],"picked":"Finisher","floor":1},{"not_picked":["Bane","Tactician"],"picked":"Sucker Punch","floor":4},{"not_picked":["Bane","Poisoned Stab"],"picked":"Adrenaline","floor":7},{"not_picked":["Prepared","Outmaneuver","PiercingWail"],"picked":"SKIP","floor":8},{"not_picked":["Underhanded Strike","Bouncing Flask"],"picked":"Blade Dance","floor":11},{"not_picked":["Quick Slash","Expertise","Eviscerate"],"picked":"SKIP","floor":12},{"not_picked":["Dagger Spray","Prepared"],"picked":"Backstab","floor":13},{"not_picked":["Malaise","Tools of the Trade"],"picked":"Adrenaline","floor":16},{"not_picked":["Leg Sweep","Bane"],"picked":"Caltrops","floor":18},{"not_picked":["Backflip","Acrobatics"],"picked":"Slice+1","floor":24},{"not_picked":["Riddle With Holes","Well Laid Plans"],"picked":"Noxious Fumes+1","floor":29},{"not_picked":["Sucker Punch","All Out Attack"],"picked":"Finisher","floor":31},{"not_picked":["Tools of the Trade","After Image"],"picked":"Envenom","floor":33},{"not_picked":["Bullet Time","Dagger Throw"],"picked":"PiercingWail+1","floor":35},{"not_picked":["Tactician","Leg Sweep+1","Skewer+1"],"picked":"SKIP","floor":36},{"not_picked":["Quick Slash","Underhanded Strike+1"],"picked":"Blade Dance+1","floor":37},{"not_picked":["Backflip+1","Deflect"],"picked":"Deadly Poison","floor":39},{"not_picked":["Venomology","Corpse Explosion"],"picked":"Deflect","floor":42},{"not_picked":["Discovery","HandOfGreed"],"picked":"Dark Shackles","floor":45},{"not_picked":["Poisoned Stab+1","Backflip"],"picked":"Bouncing Flask+1","floor":47}],"player_experience":13635,"relics_obtained":[{"floor":7,"key":"MawBank"},{"floor":9,"key":"Anchor"},{"floor":17,"key":"Juzu Bracelet"},{"floor":17,"key":"Pocketwatch"},{"floor":17,"key":"Shuriken"},{"floor":26,"key":"Snake Skull"},{"floor":30,"key":"Matryoshka"},{"floor":42,"key":"Orichalcum"},{"floor":43,"key":"Potion Belt"},{"floor":43,"key":"Blood Vial"},{"floor":46,"key":"Kunai"},{"floor":46,"key":"Meat on the Bone"}],"event_choices":[{"damage_healed":0,"gold_gain":0,"player_choice":"Donut","damage_taken":0,"max_hp_gain":5,"max_hp_loss":0,"event_name":"Big Fish","floor":2,"gold_loss":0},{"damage_healed":0,"gold_gain":0,"player_choice":"Rummage","damage_taken":0,"relics_obtained":["WarpedTongs"],"max_hp_gain":0,"max_hp_loss":0,"event_name":"Accursed Blacksmith","floor":3,"gold_loss":0,"cards_obtained":["Pain"]},{"damage_healed":0,"gold_gain":0,"player_choice":"Upgraded","damage_taken":0,"max_hp_gain":0,"max_hp_loss":0,"event_name":"Upgrade Shrine","floor":10,"gold_loss":0,"cards_upgraded":["Sucker Punch"]},{"damage_healed":0,"gold_gain":0,"player_choice":"Success","damage_taken":12,"relics_obtained":["PreservedInsect"],"max_hp_gain":0,"max_hp_loss":0,"event_name":"Scrap Ooze","floor":14,"gold_loss":0},{"damage_healed":0,"gold_gain":0,"player_choice":"Ignored","damage_taken":0,"max_hp_gain":0,"max_hp_loss":0,"event_name":"Ghosts","floor":19,"gold_loss":0},{"damage_healed":0,"gold_gain":0,"player_choice":"Obtained Relic","damage_taken":0,"relics_obtained":["Pantograph"],"max_hp_gain":0,"max_hp_loss":0,"event_name":"Addict","floor":21,"gold_loss":85},{"damage_healed":0,"gold_gain":0,"player_choice":"Upgraded","damage_taken":0,"max_hp_gain":0,"max_hp_loss":0,"event_name":"Upgrade Shrine","floor":22,"gold_loss":0,"cards_upgraded":["Infinite Blades"]},{"damage_healed":0,"gold_gain":0,"player_choice":"Traded Relic","damage_taken":0,"relics_obtained":["Nloth\u0027s Gift"],"max_hp_gain":0,"max_hp_loss":0,"event_name":"N\u0027loth","floor":27,"relics_lost":["Juzu Bracelet"],"gold_loss":0},{"damage_healed":21,"gold_gain":0,"player_choice":"Writhe","damage_taken":0,"max_hp_gain":0,"max_hp_loss":0,"event_name":"Winding Halls","floor":38,"gold_loss":0,"cards_obtained":["Writhe"]},{"damage_healed":0,"gold_gain":0,"player_choice":"Paid","damage_taken":0,"relics_obtained":["Red Mask"],"max_hp_gain":0,"max_hp_loss":0,"event_name":"Tomb of Lord Red Mask","floor":41,"gold_loss":582},{"damage_healed":0,"gold_gain":0,"player_choice":"Memory 1","damage_taken":0,"max_hp_gain":0,"max_hp_loss":0,"event_name":"SensoryStone","floor":45,"gold_loss":0},{"cards_removed":["Defend_G"],"damage_healed":0,"gold_gain":0,"player_choice":"Removed Skill","damage_taken":0,"max_hp_gain":0,"max_hp_loss":0,"event_name":"Falling","floor":48,"gold_loss":0}],"is_beta":false,"boss_relics":[{"not_picked":["Philosopher\u0027s Stone","Fusion Hammer"],"picked":"Calling Bell"},{"not_picked":["Runic Pyramid","Coffee Dripper"],"picked":"Astrolabe"}],"items_purged_floors":[20],"is_endless":false,"potions_floor_spawned":[1,4,11,16,18,29,36,42],"killed_by":"Awakened One","ascension_level":0}}