{"host":"d1za9dvx43o9v494","time":1607902350,"event":{"mods":["2.2 Compatiblity","BaseMod","Better-Laid Plans","Colored Map","Downfall","Emptier Cage","Minty Spire (QoL Compilation)","Permanent Neow","StSLib"],"gold_per_floor":[99,116,129,158,164,207,219,263,125,171,213,240,252,274,296,410,422,434,462,399,411,177,177,177,187,187,217,119,135,154,166,180,277,277,277,315,315,315,347,360,414,443,69,97,97,124,124,141,169,169,169,196,136,136,136],"floor_reached":56,"playtime":4361,"items_purged":["hexamod:Haunted","champ:Taunt"],"score":1464,"play_id":"96b909fa-cefe-4408-a7d6-b75be8f083c7","local_time":"20201214023230","is_ascension_mode":true,"campfire_choices":[{"data":"champ:BerserkerStyle","floor":1.0,"key":"SMITH"},{"data":"champ:Encircle","floor":9.0,"key":"SMITH"},{"floor":18.0,"key":"RECALL"},{"data":"champ:CalledShot","floor":20.0,"key":"SMITH"},{"data":"champ:GladiatorsShout","floor":23.0,"key":"SMITH"},{"floor":26.0,"key":"DIG"},{"floor":35.0,"key":"DIG"},{"floor":38.0,"key":"DIG"},{"data":"champ:CrookedStrike","floor":54,"key":"SMITH"}],"circlet_count":0,"master_deck":["champ:Strike","champ:Strike","champ:Strike","champ:Strike+1","champ:Defend","champ:Defend+1","champ:Defend+1","champ:Defend","champ:Execute","champ:BerserkerStyle+1","champ:Aggression+1","champ:Encircle+1","champ:RisingSlash+1","champ:CalledShot+1","champ:ShieldWall+1","champ:RapidStrikes","champ:FanOfKnives","champ:BerserkerStyle+1","champ:MurderStrike+1","champ:GladiatorsShout+1","champ:RageSigil","champ:FanOfKnives+1","champ:EndlessRage+1","champ:PerfectForm+1","champ:FocusedBerserking+1","champ:Improvising+1","champ:GutPunch+1","champ:GladiatorStyle+1","champ:RageSigil+1","champ:RapidStrikes+1","champ:CrookedStrike+1","champ:CalledShot+1"],"relics":["champ:ChampionCrown","MawBank","Happy Flower","Du-Vu Doll","Pantograph","Guardian:GemstoneGun","Shovel","downfall:HeartBlessingBlue","downfall:HeartBlessingGreen","Frozen Egg 2","Question Card","Centennial Puzzle","Sozu","downfall:HeartBlessingRed","FaceOfCleric","champ:Barbells","Pocketwatch","Eternal Feather","Bag of Marbles","Shuriken","Busted Crown","CeramicFish","Toxic Egg 2","Ice Cream","Mummified Hand","Bronze Scales","champ:SignatureFinisher","StoneCalendar","downfall:TeleportStone","Anchor"],"acts_visited":["Exordium","TheCity","TheBeyond","TheEnding"],"potions_floor_usage":[55],"damage_taken":[{"damage":13.0,"enemies":"Cultist","floor":2.0,"turns":5.0},{"damage":7.0,"enemies":"Small Slimes","floor":3.0,"turns":3.0},{"damage":35.0,"enemies":"Lagavulin","floor":4.0,"turns":5.0},{"damage":51.0,"enemies":"3 Sentries","floor":6.0,"turns":5.0},{"damage":39.0,"enemies":"Gremlin Nob","floor":8.0,"turns":4.0},{"damage":33.0,"enemies":"3 Sentries","floor":10.0,"turns":8.0},{"damage":10.0,"enemies":"Jaw Worm","floor":12.0,"turns":1.0},{"damage":0.0,"enemies":"Lots of Slimes","floor":14.0,"turns":1.0},{"damage":19.0,"enemies":"2 Fungi Beasts","floor":15.0,"turns":3.0},{"damage":79.0,"enemies":"downfall:Defect","floor":16.0,"turns":5.0},{"damage":20.0,"enemies":"Spheric Guardian","floor":19.0,"turns":2.0},{"damage":42.0,"enemies":"downfall:FleeingMerchant","floor":22.0,"turns":4.0},{"damage":49.0,"enemies":"3 Byrds","floor":25.0,"turns":3.0},{"damage":33.0,"enemies":"Gremlin Leader","floor":27.0,"turns":3.0},{"damage":35.0,"enemies":"downfall:FleeingMerchant","floor":28.0,"turns":4.0},{"damage":52.0,"enemies":"Centurion and Healer","floor":29.0,"turns":3.0},{"damage":30.0,"enemies":"Shelled Parasite and Fungi","floor":30.0,"turns":2.0},{"damage":57.0,"enemies":"3 Cultists","floor":31.0,"turns":3.0},{"damage":48.0,"enemies":"Snake Plant","floor":32.0,"turns":4.0},{"damage":40.0,"enemies":"downfall:Silent","floor":33.0,"turns":2.0},{"damage":61.0,"enemies":"Giant Head","floor":36.0,"turns":4.0},{"damage":109.0,"enemies":"Nemesis","floor":39.0,"turns":5.0},{"damage":34.0,"enemies":"Orb Walker","floor":40.0,"turns":3.0},{"damage":49.0,"enemies":"3 Shapes","floor":42.0,"turns":2.0},{"damage":31.0,"enemies":"Giant Head","floor":44.0,"turns":2.0},{"damage":51.0,"enemies":"Spire Growth","floor":46.0,"turns":4.0},{"damage":44.0,"enemies":"Maw","floor":48.0,"turns":2.0},{"damage":54.0,"enemies":"Sphere and 2 Shapes","floor":49.0,"turns":3.0},{"damage":37.0,"enemies":"downfall:Watcher","floor":50.0,"turns":2.0},{"damage":109.0,"enemies":"downfall:CharBossMerchant","floor":52.0,"turns":4.0},{"damage":194,"enemies":"downfall:NeowBoss","floor":55,"turns":11}],"seed_played":"707348642200219379","potions_obtained":[{"floor":2.0,"key":"CultistPotion"},{"floor":3.0,"key":"DuplicationPotion"},{"floor":4.0,"key":"Guardian:BlockOnCardUsePotion"},{"floor":14.0,"key":"champ:TechniquePotion"},{"floor":16.0,"key":"Guardian:BlockOnCardUsePotion"}],"is_trial":false,"path_per_floor":["R","M","M","E","T","E","T","E","R","E","?","M","?","M","M","B",null,"R","M","R","?","$","R","T","M","R","E","$","M","M","M","M","B",null,"R","E","?","R","E","M","T","M","?","E","?","M","?","M","M","B",null,"E","$","R","B",null],"character_chosen":"THE_CHAMP","items_purchased":["champ:Barbells","Shuriken","champ:EndlessRage+1","champ:SignatureFinisher","champ:GladiatorStyle+1","champ:CrookedStrike","champ:CalledShot+1"],"campfire_rested":0,"item_purchase_floors":[22,28,28,43,43,53,53],"current_hp_per_floor":[90,86,86,70,70,43,43,24,34,13,13,63,63,63,57,56,100,100,100,100,100,97,97,97,87,87,88,88,79,89,93,95,109,109,109,110,110,110,102,94,94,97,97,108,108,118,118,121,107,123,123,124,124,124,125],"gold":136,"neow_bonus":"THREE_CARDS","is_daily":false,"chose_seed":false,"campfire_upgraded":5,"win_rate":0.0,"timestamp":1607902350,"path_taken":["R","M","M","E","?","E","T","E","R","E","?","M","?","?","M","BOSS","R","M","R","?","$","R","T","M","R","E","$","?","M","M","M","BOSS","R","E","?","R","E","M","T","M","?","E","?","?","?","M","M","BOSS","E","$","R","BOSS"],"items_purchased_type":["Relic","Relic","Card","Relic","Card","Card","Card"],"build_version":"2020-11-30","purchased_purges":2,"victory":true,"max_hp_per_floor":[90,90,90,90,90,90,90,90,100,100,100,100,100,100,100,100,100,100,100,100,100,101,101,101,102,102,103,104,105,106,107,108,109,109,109,110,110,110,116,117,117,118,118,119,119,120,120,121,122,123,123,124,124,124,125],"card_choices":[{"not_picked":["champ:Aggression","champ:SwordSigil"],"picked":"champ:BerserkerStyle","floor":0.0},{"not_picked":["champ:CrookedStrike","champ:TornadoPunch"],"picked":"champ:Aggression","floor":2.0},{"not_picked":["champ:FightOn","champ:Duel"],"picked":"champ:Encircle","floor":3.0},{"not_picked":["champ:ViciousMockery","champ:SwordSigil"],"picked":"champ:RisingSlash","floor":4.0},{"not_picked":["champ:FightOn","champ:GladiatorStyle"],"picked":"champ:CalledShot","floor":6.0},{"not_picked":["champ:ShieldSigil","champ:PerfectedStrike","champ:FocusedGladiator"],"picked":"SKIP","floor":8.0},{"not_picked":["champ:DefensiveStyle+1","champ:AdrenalArmor"],"picked":"champ:ShieldWall+1","floor":10.0},{"not_picked":["champ:FlashCut","champ:GutPunch","champ:Backstep"],"picked":"champ:RapidStrikes","floor":12.0},{"not_picked":["champ:Duel","champ:CrookedStrike","champ:RageSigil"],"picked":"champ:FanOfKnives","floor":14.0},{"not_picked":["champ:Circumvent","champ:BladeFlurry","champ:ViciousMockery"],"picked":"champ:BerserkerStyle+1","floor":15.0},{"not_picked":["champ:EnchantShield","champ:ShieldSlam","champ:PerfectForm+1"],"picked":"champ:MurderStrike","floor":16.0},{"not_picked":["champ:IronFortress+1","champ:Duel","champ:CrookedStrike"],"picked":"champ:GladiatorsShout","floor":19.0},{"not_picked":["champ:TornadoPunch","champ:BerserkersShout","champ:ShieldSigil+1"],"picked":"champ:RageSigil","floor":22.0},{"not_picked":["champ:DefensiveShout","champ:FalseCounter","champ:Haymaker"],"picked":"champ:FanOfKnives+1","floor":25.0},{"not_picked":["champ:HeartStrike","champ:SteelEdge","champ:Circumvent","champ:RageSigil"],"picked":"SKIP","floor":27.0},{"not_picked":["champ:HeartStrike","champ:SkillfulDodge","champ:ShieldSigil","champ:BringItOn"],"picked":"SKIP","floor":28.0},{"not_picked":["champ:DefensiveStyle+1","champ:RageSigil","champ:RisingSlash"],"picked":"champ:PerfectForm+1","floor":29.0},{"not_picked":["champ:RisingSlash","champ:DefensiveStyle+1","champ:BringItOn","champ:SwordSigil"],"picked":"SKIP","floor":30.0},{"not_picked":["champ:ViciousMockery+1","champ:FanOfKnives","champ:TornadoPunch","champ:Circumvent"],"picked":"SKIP","floor":31.0},{"not_picked":["champ:ShieldWall+1","champ:CrookedStrike","champ:FanOfKnives"],"picked":"champ:FocusedBerserking+1","floor":32.0},{"not_picked":["champ:ShieldThrow","champ:SteelEdge","champ:SwordThrow"],"picked":"champ:Improvising+1","floor":33.0},{"not_picked":["champ:EndlessRage+1"],"picked":"champ:FightOn","floor":36.0},{"not_picked":["champ:Duel","champ:IronFortress+1"],"picked":"SKIP","floor":39.0},{"not_picked":["champ:FlashCut+1","champ:StanceDance+1"],"picked":"SKIP","floor":40.0},{"not_picked":["champ:Haymaker"],"picked":"champ:GutPunch+1","floor":42.0},{"not_picked":["champ:MurderStrike","champ:FlashCut"],"picked":"SKIP","floor":44.0},{"not_picked":["champ:CalledShot+1"],"picked":"champ:RageSigil+1","floor":46.0},{"not_picked":["champ:EndlessRage+1","champ:ShieldWall+1"],"picked":"SKIP","floor":48.0},{"not_picked":["champ:DefensiveStyle+1"],"picked":"champ:RapidStrikes+1","floor":49.0},{"not_picked":["champ:BladeFlurry","champ:TornadoPunch"],"picked":"SKIP","floor":52}],"player_experience":588565,"relics_obtained":[{"floor":4.0,"key":"MawBank"},{"floor":5.0,"key":"Happy Flower"},{"floor":6.0,"key":"Guardian:GemstoneGun"},{"floor":8.0,"key":"Shovel"},{"floor":10.0,"key":"Frozen Egg 2"},{"floor":13.0,"key":"Centennial Puzzle"},{"floor":24.0,"key":"Pocketwatch"},{"floor":26.0,"key":"Eternal Feather"},{"floor":27.0,"key":"Bag of Marbles"},{"floor":35.0,"key":"CeramicFish"},{"floor":36.0,"key":"Toxic Egg 2"},{"floor":38.0,"key":"Ice Cream"},{"floor":39.0,"key":"Mummified Hand"},{"floor":41.0,"key":"Bronze Scales"},{"floor":44.0,"key":"StoneCalendar"},{"floor":52,"key":"Anchor"}],"event_choices":[{"damage_healed":0.0,"max_hp_gain":0.0,"max_hp_loss":0.0,"gold_gain":0.0,"event_name":"WeMeetAgain","player_choice":"Paid Gold","floor":5.0,"gold_loss":52.0,"damage_taken":0.0,"relics_obtained":["Pantograph"]},{"damage_healed":0.0,"max_hp_gain":0.0,"max_hp_loss":0.0,"gold_gain":0.0,"event_name":"Wheel of Change","player_choice":"Relic","floor":13.0,"gold_loss":0.0,"damage_taken":0.0},{"damage_healed":0.0,"max_hp_gain":0.0,"max_hp_loss":0.0,"gold_gain":0.0,"event_name":"FaceTrader","player_choice":"Trade","floor":21.0,"gold_loss":0.0,"damage_taken":0.0,"relics_obtained":["FaceOfCleric"]},{"damage_healed":0.0,"max_hp_gain":0.0,"max_hp_loss":0.0,"gold_gain":0.0,"event_name":"Upgrade Shrine","player_choice":"Upgraded","floor":45.0,"gold_loss":0.0,"damage_taken":0.0,"cards_upgraded":["champ:MurderStrike"]}],"is_beta":false,"boss_relics":[{"not_picked":["SlaversCollar","Cursed Key"],"picked":"Sozu"},{"not_picked":["Black Star","Snecko Eye"],"picked":"Busted Crown"}],"items_purged_floors":[22,28],"is_endless":false,"potions_floor_spawned":[2,3,4,14,16,19,27,30,32,42,48],"ascension_level":1}}