{"host":"2s5c6uii15wgtvvf","time":1607881791,"event":{"mods":["Bard","BaseMod","Bestiary","CapriCore","Downfall","Friendly Minions","Hermit","HololiveMod","Jorbs\u0027s Wanderer Trilogy","Lobotomy","LobotomyExtend","Marisa????????","Minty Spire (QoL Compilation)","Remilia??????","Robot Space Explorer","Shade Mod","StSLib","Td1madao Mod","The Animator","The Cursed","The Gatherer","The Hayseed","The Hierophant","The Immortal","The Mystic","The Necromancer","The Runesmith","The Senshi","The Servant 0.9.4","TheHeartMod","WarShipGirlsR/????R mod","Yohane!","??????REMEMod"],"gold_per_floor":[118,134,64,82,101,101,101,112,112,112,140,140,151,170,170,265,265,277,294,308,320,340,372,383,383,383,383,383],"floor_reached":27,"playtime":1979,"items_purged":[],"score":241,"play_id":"d7a5ab72-7060-4f45-8c64-da8efc310039","local_time":"20201213174951","is_ascension_mode":false,"campfire_choices":[{"data":"rmod:intelligenceanalysis","floor":6.0,"key":"SMITH"},{"data":"rmod:victimresponsibility","floor":10.0,"key":"SMITH"},{"data":"rmod:aggressivemary","floor":12.0,"key":"SMITH"},{"data":"rmod:basicallowance","floor":15,"key":"SMITH"},{"floor":25,"key":"REST"}],"circlet_count":0,"master_deck":["rmod:strick","rmod:strick","rmod:strick","rmod:strick","rmod:defend","rmod:defend","rmod:defend","rmod:defend","rmod:basicallowance+1","rmod:maingunfire","Bloodbath","rmod:victimresponsibility+1","rmod:intelligenceanalysis+1","rmod:aggressivemary+1","rmod:salvage","VoidDream","rmod:stealaluminum","rmod:fletcher+1","rmod:circuitoustactics","rmod:supportescort","rmod:openingtorpedo+1","rmod:intelligenceanalysis","rmod:ridicule","rmod:aviationdawn+1","rmod:fletcherpendant+1","rmod:fletcherpendant","rmod:openingtorpedo","rmod:supportescort","rmod:unsinkable+1","Yin","rmod:windflower","rmod:fletcherpendant"],"relics":["rmod:firstchargereward","REME_ComplimentaryCards","CogitoBucket","LetterFromLob","Meat on the Bone","Gremlin Horn","Hololive_Finger","ChangeAnything","Whetstone","Yang_Lob","Runesmith:AutoHammer","MagicBullet_r"],"acts_visited":["Exordium","TheCity"],"potions_floor_usage":[14,16,23,23,23,23,23,24],"damage_taken":[{"damage":0.0,"enemies":"Cultist","floor":1.0,"turns":4.0},{"damage":2.0,"enemies":"Jaw Worm","floor":2.0,"turns":4.0},{"damage":0.0,"enemies":"Small Slimes","floor":4.0,"turns":4.0},{"damage":4.0,"enemies":"Blue Slaver","floor":5.0,"turns":4.0},{"damage":0.0,"enemies":"3 Louse","floor":8.0,"turns":4.0},{"damage":42.0,"enemies":"Gremlin Nob","floor":11.0,"turns":5.0},{"damage":21.0,"enemies":"Exordium Wildlife","floor":13.0,"turns":4.0},{"damage":0,"enemies":"Large Slime","floor":14,"turns":2},{"damage":43,"enemies":"The Guardian","floor":16,"turns":13},{"damage":4,"enemies":"Chosen","floor":18,"turns":3},{"damage":10,"enemies":"Spheric Guardian","floor":19,"turns":3},{"damage":24,"enemies":"Shelled Parasite and Fungi","floor":20,"turns":6},{"damage":6,"enemies":"Snecko","floor":21,"turns":3},{"damage":0,"enemies":"Chosen and Byrds","floor":22,"turns":2},{"damage":35,"enemies":"Slavers","floor":23,"turns":4},{"damage":22,"enemies":"Sentry and Sphere","floor":24,"turns":5}],"seed_played":"-2101168663649850765","potions_obtained":[{"floor":1.0,"key":"BlessingOfTheForge"},{"floor":4.0,"key":"Explosive Potion"},{"floor":13,"key":"Swift Potion"},{"floor":16,"key":"BlessingOfTheForge"},{"floor":21,"key":"EntropicBrew"},{"floor":23,"key":"hexamod:EctoCoolerPotion"}],"is_trial":false,"path_per_floor":["M","M","$","M","M","R","?","M","T","R","E","R","M","M","R","B",null,"M","M","M","M","M","E","M","R","T","M"],"character_chosen":"PRAEFECT","items_purchased":["rmod:aggressivemary"],"campfire_rested":1,"item_purchase_floors":[3],"current_hp_per_floor":[75,75,75,75,71,71,71,71,71,71,43,43,35,48,48,20,75,71,61,38,44,45,23,14,36,36,0,0],"gold":383,"neow_bonus":"","is_daily":false,"chose_seed":false,"campfire_upgraded":4,"win_rate":0.0,"timestamp":1607881791,"path_taken":["M","M","$","M","M","R","?","M","T","R","E","R","M","M","R","BOSS","M","M","M","M","M","E","M","R","T","M"],"items_purchased_type":["Card"],"build_version":"2020-11-30","purchased_purges":0,"victory":false,"max_hp_per_floor":[75,75,75,75,75,75,75,75,75,75,75,75,75,75,75,75,75,75,75,75,75,75,75,75,75,75,75,75],"card_choices":[{"not_picked":["CrumblingArmor","UniverseFragment"],"picked":"Bloodbath","floor":1.0},{"not_picked":["rmod:gendarmerie","rmod:unsinkable"],"picked":"rmod:victimresponsibility","floor":1.0},{"not_picked":["rmod:chargemoney","rmod:expedition"],"picked":"rmod:intelligenceanalysis","floor":2.0},{"not_picked":["rmod:aluminumsupply","rmod:unsinkable"],"picked":"rmod:salvage","floor":4.0},{"not_picked":["LittleHelper","OSAHOGD"],"picked":"VoidDream","floor":4.0},{"not_picked":["rmod:advancebysurprise","rmod:fuelsupply","rmod:punchline"],"picked":"SKIP","floor":5.0},{"not_picked":["rmod:robin","rmod:fuelsupply"],"picked":"rmod:circuitoustactics","floor":8.0},{"not_picked":["rmod:desperatesituation","rmod:tearstotiara"],"picked":"rmod:supportescort","floor":11.0},{"not_picked":["rmod:rockthrower","rmod:victimresponsibility"],"picked":"rmod:openingtorpedo","floor":13},{"not_picked":["rmod:goodsister","rmod:mineteam"],"picked":"rmod:intelligenceanalysis","floor":14},{"not_picked":["rmod:timeschanged","rmod:desperatesituation"],"picked":"rmod:ridicule","floor":16},{"not_picked":["rmod:circuitoustactics+1","rmod:aluminumsupply+1"],"picked":"rmod:aviationdawn+1","floor":18},{"not_picked":["rmod:diamondstrike","rmod:punchline"],"picked":"rmod:fletcherpendant+1","floor":19},{"not_picked":["rmod:fuelsupply","rmod:advancebysurprise"],"picked":"rmod:openingtorpedo","floor":20},{"not_picked":["rmod:aluminumsupply","rmod:expedition+1"],"picked":"rmod:supportescort","floor":21},{"not_picked":["rmod:aluminumsupply+1","rmod:victimresponsibility"],"picked":"rmod:unsinkable+1","floor":22},{"not_picked":["WallGazer","OldLady"],"picked":"Yin","floor":23},{"not_picked":["rmod:tearstotiara+1","rmod:diamondstrike","rmod:windflower"],"picked":"SKIP","floor":23},{"not_picked":["rmod:tearstotiara+1","rmod:diamondstrike"],"picked":"rmod:windflower","floor":23},{"not_picked":["rmod:tearstotiara+1","rmod:advancebysurprise","rmod:unsinkable+1"],"picked":"SKIP","floor":24}],"player_experience":88197,"relics_obtained":[{"floor":1.0,"key":"LetterFromLob"},{"floor":9.0,"key":"Meat on the Bone"},{"floor":11.0,"key":"Gremlin Horn"},{"floor":23,"key":"Whetstone"},{"floor":26,"key":"Runesmith:AutoHammer"}],"event_choices":[{"damage_healed":0.0,"max_hp_gain":0.0,"max_hp_loss":0.0,"gold_gain":0.0,"event_name":"Match and Keep!","player_choice":"1 cards matched","floor":7.0,"gold_loss":0.0,"damage_taken":0.0,"cards_obtained":["rmod:stealaluminum"]}],"is_beta":false,"boss_relics":[{"not_picked":["Empty Cage","REME_DuelDisc"],"picked":"Hololive_Finger"}],"items_purged_floors":[],"is_endless":false,"potions_floor_spawned":[1,4,13,16,21,23],"ascension_level":0}}