{"host":"Ruben","time":1607871976,"event":{"mods":["AchievementEnabler","Aspiration","Bard","BaseMod","Beaked The Cultist","Better Altar","Better Match","Better Note","Better Sensory Stone","Better Skull","Better Third Choice","BetterRewards","CCEM","Clawfect","Colored Map","Conspire","Downfall","GifTheSpireLib","Googly Eyes","Halation","Hermit","Highlight Path","Hubris","Hunter ??","Infinite Spire","Jedi Mod","Jorbs\u0027s Wanderer Trilogy","Mad Scientist","Marisa????????","Mimic Mod","Minty Spire (QoL Compilation)","Permanent Neow","Replay The Spire","Shade Mod","Shop Mod","Spicy Shops","StSLib","Stuff the Spire","The Administrix","The Blackbeard","The Bug Knight","The Construct","The Cursed","The Disciple","The Gatherer","The Hierophant","The IronCluck","The Jungle","The Mystic","The Necromancer","The Problem Sleuth","The Runesmith","The Servant 0.9.4","The Spell Scribe","The Witch","Unceasing Turn Reminder","[IsaacMod]????","everything is the same but u backflip on backflip","slay the spire mod where everything is the same but ironclad has a cowboy hat"],"gold_per_floor":[99,125,137,153,165,179,261,111,122,122,142,142,157,157,171,272,272,371,385,400,415,415,415],"floor_reached":22,"playtime":2222,"items_purged":[],"score":217,"play_id":"5b99301f-28b0-4bc8-961c-66b097b9e1af","local_time":"20201213160616","is_ascension_mode":false,"campfire_choices":[{"floor":1.0,"key":"RECALL"},{"data":"sneckomod:Unknown3Cost","floor":8.0,"key":"SMITH"},{"data":"sneckomod:UnknownClassBARD_COLOR","floor":10.0,"key":"SMITH"}],"circlet_count":0,"master_deck":["sneckomod:TailWhip","sneckomod:SnekBite+1","sneckomod:Unknown","sneckomod:Unknown","sneckomod:Unknown3Cost+1","sneckomod:UnknownStrike","sneckomod:UnknownClassBARD_COLOR","sneckomod:SerpentIdol","sneckomod:UnknownStrike","sneckomod:UnknownClassBARD_COLOR+1","sneckomod:UnknownBlock","sneckomod:MorePower","StuffTheSpire:CuriosityCurse","sneckomod:UnknownClassBEAKED_YELLOW+1","sneckomod:DiceBlock","sneckomod:UnknownClassMYSTIC_PURPLE+1","sneckomod:UnknownRarePower","sneckomod:UnknownClassWHITE+1","sneckomod:MorePower","sneckomod:UnknownRarePower+1","sneckomod:UnknownClassRED+1","sneckomod:ImprovisedAttack+1","sneckomod:UnknownClassRED+1","sneckomod:UnknownClassINFINITE_BLACK+1","sneckomod:UnknownClassEV_BLUE_COLOR"],"relics":["HushsDoor","halation:CatFaceCupcake","UnicornStump","Thread and Needle","downfall:HeartBlessingRed","downfall:HeartBlessingBlue","Happy Flower","Black Star"],"acts_visited":["Exordium","TheCity"],"potions_floor_usage":[],"damage_taken":[{"damage":10.0,"enemies":"Gremlin Nob","floor":2.0,"turns":3.0},{"damage":0.0,"enemies":"Cultist","floor":3.0,"turns":5.0},{"damage":1.0,"enemies":"Small Slimes","floor":4.0,"turns":3.0},{"damage":0.0,"enemies":"Jaw Worm","floor":5.0,"turns":1.0},{"damage":6.0,"enemies":"2 Fungi Beasts","floor":6.0,"turns":3.0},{"damage":0.0,"enemies":"Exordium Wildlife","floor":9.0,"turns":5.0},{"damage":9.0,"enemies":"Lots of Slimes","floor":11.0,"turns":4.0},{"damage":5.0,"enemies":"Blue Slaver","floor":13.0,"turns":3.0},{"damage":0.0,"enemies":"2 Fungi Beasts","floor":15.0,"turns":5.0},{"damage":25.0,"enemies":"downfall:Watcher","floor":16.0,"turns":5.0},{"damage":7.0,"enemies":"Spheric Guardian","floor":19.0,"turns":8.0},{"damage":15.0,"enemies":"Snecko","floor":20.0,"turns":6.0},{"damage":37.0,"enemies":"Shelled Parasite and Fungi","floor":21.0,"turns":7.0},{"damage":41,"enemies":"Slavers","floor":22,"turns":2}],"seed_played":"-5289218820489673985","potions_obtained":[{"floor":3.0,"key":"Fire Potion"},{"floor":5.0,"key":"DuplicationPotion"},{"floor":6.0,"key":"Elixir"},{"floor":11.0,"key":"Adrenaline Potion"},{"floor":13.0,"key":"Adrenaline Potion"},{"floor":19.0,"key":"EssenceOfSteel"},{"floor":20.0,"key":"Weak Potion"}],"is_trial":false,"path_per_floor":["R","E","M","M","M","M","T","R","M","R","M","?","M","?","M","B",null,"R_BF","M","M","M","E"],"character_chosen":"THE_SNECKO","items_purchased":[],"campfire_rested":0,"item_purchase_floors":[],"current_hp_per_floor":[90,80,80,79,79,73,73,83,83,83,74,74,69,69,69,75,100,100,93,78,41,0,0],"gold":415,"neow_bonus":"BOSS_RELIC","is_daily":false,"chose_seed":false,"campfire_upgraded":2,"win_rate":0.0,"timestamp":1607871976,"path_taken":["R","E","M","M","M","M","T","R","M","R","M","?","M","?","M","BOSS","R_BF","M","M","M","E"],"items_purchased_type":[],"build_version":"2020-12-07","purchased_purges":0,"victory":false,"max_hp_per_floor":[90,90,90,90,90,90,90,100,100,100,100,100,100,100,100,100,100,100,100,100,100,100,100],"card_choices":[{"not_picked":[],"picked":"ChaosCard","floor":0.0},{"not_picked":["sneckomod:UnknownClassCHRONO_GOLD","sneckomod:WideSting"],"picked":"sneckomod:Unknown3Cost","floor":2.0},{"not_picked":["sneckomod:DiceBlock","sneckomod:UnknownClassHIEROPHANT_GOLD_COLOR"],"picked":"sneckomod:UnknownStrike","floor":3.0},{"not_picked":["sneckomod:Unknown1Cost","sneckomod:UnknownCommonSkill"],"picked":"sneckomod:UnknownClassBARD_COLOR","floor":4.0},{"not_picked":["Bomb","sneckomod:QuickBite"],"picked":"sneckomod:SerpentIdol","floor":5.0},{"not_picked":["sneckomod:QuickBite","sneckomod:UnknownClassWANDERER_GRAY_COLOR"],"picked":"sneckomod:UnknownStrike","floor":6.0},{"not_picked":["sneckomod:DiceBlock","sneckomod:UnknownBlock"],"picked":"sneckomod:UnknownClassBARD_COLOR","floor":9.0},{"not_picked":["Bomb","sneckomod:SoulDraw"],"picked":"sneckomod:UnknownBlock","floor":11.0},{"not_picked":["sneckomod:UnknownClassWANDERER_GRAY_COLOR","sneckomod:IronFang"],"picked":"sneckomod:MorePower","floor":13.0},{"not_picked":["sneckomod:UnknownWeak+1","sneckomod:UnknownClassBARD_COLOR+1"],"picked":"sneckomod:UnknownClassBEAKED_YELLOW+1","floor":15.0},{"not_picked":["sneckomod:UnknownClassCHRONO_GOLD","sneckomod:UnknownClassHEXA_GHOST_PURPLE"],"picked":"sneckomod:DiceBlock","floor":15.0},{"not_picked":["sneckomod:UnknownStrike+1","sneckomod:UnknownExhaust+1"],"picked":"sneckomod:UnknownClassMYSTIC_PURPLE+1","floor":16.0},{"not_picked":["sneckomod:Mudshield","sneckomod:UnknownRareSkill"],"picked":"sneckomod:UnknownRarePower","floor":16.0},{"not_picked":["sneckomod:UnknownWeak+1","sneckomod:UnknownVulnerable+1"],"picked":"sneckomod:UnknownClassWHITE+1","floor":19.0},{"not_picked":["sneckomod:UnknownVulnerable+1","sneckomod:SoulCleanse"],"picked":"sneckomod:MorePower","floor":19.0},{"not_picked":["sneckomod:UnknownEthereal+1","sneckomod:UnknownClassBLACKBEARD_BLACK+1"],"picked":"sneckomod:UnknownRarePower+1","floor":20.0},{"not_picked":["sneckomod:UnknownCommonAttack+1","sneckomod:UnknownUncommonPower+1"],"picked":"sneckomod:UnknownClassRED+1","floor":20.0},{"not_picked":["sneckomod:UnknownClassDEFAULT_GRAY_COLOR","sneckomod:UnknownClassSCRIBE_BLUE"],"picked":"sneckomod:ImprovisedAttack+1","floor":20.0},{"not_picked":["sneckomod:Unknown1Cost+1","sneckomod:Unknown+1"],"picked":"sneckomod:UnknownClassRED+1","floor":21.0},{"not_picked":["sneckomod:UnknownClassBUGKNIGHT_GRAY_COLOR+1","sneckomod:UnknownClassBARD_COLOR+1"],"picked":"sneckomod:UnknownClassINFINITE_BLACK+1","floor":21.0},{"not_picked":["sneckomod:QuickBite+1","sneckomod:Nope"],"picked":"sneckomod:UnknownClassEV_BLUE_COLOR","floor":21.0}],"player_experience":229346,"relics_obtained":[{"floor":2.0,"key":"Thread and Needle"}],"event_choices":[],"is_beta":true,"boss_relics":[{"not_picked":["hubris:GrandSneckoEye","aspiration:PoetsPen_weak"],"picked":"Black Star"},{"not_picked":[]}],"items_purged_floors":[],"is_endless":false,"potions_floor_spawned":[3,5,6,11,13,19,20],"killed_by":"Slavers","ascension_level":0}}