{"host":"q9718omregw4er46","time":1607884104,"event":{"mods":["BaseMod","Bestiary","Colored Powertips","Custom Start","Highlight Path","Minty Spire (QoL Compilation)","Practice Mode","Quick Restart","Relic Stats"],"gold_per_floor":[368,388,8,8,8,37,37,72,72,72,98,98,113,2,2,73,73,86,1,1,1,18,18,47,47,47,76,76,91,103,103,103,180,180,195,195,212,237,74,74,104,104,104,132,149,149,175,175,175,175,175,175,5,5,5],"floor_reached":54,"playtime":2535,"items_purged":["Writhe"],"score":1658,"play_id":"1cf3f046-2da5-43be-81b2-70a7365e7961","local_time":"20201213232824","is_ascension_mode":true,"campfire_choices":[{"floor":7.0,"key":"REST"},{"floor":15.0,"key":"REST"},{"data":"Electrodynamics","floor":23.0,"key":"SMITH"},{"data":"Self Repair","floor":25.0,"key":"SMITH"},{"data":"Coolheaded","floor":28.0,"key":"SMITH"},{"data":"Coolheaded","floor":32.0,"key":"SMITH"},{"data":"Chill","floor":40.0,"key":"SMITH"},{"data":"Loop","floor":46.0,"key":"SMITH"},{"floor":49.0,"key":"RECALL"},{"data":"Zap","floor":52,"key":"SMITH"}],"circlet_count":0,"master_deck":["AscendersBane","Strike_B","Strike_B+1","Defend_B","Defend_B","Defend_B","Zap+1","Dualcast","Self Repair+1","Defragment+1","Cold Snap+1","Compile Driver+1","Go for the Eyes+1","Coolheaded+1","Electrodynamics+1","Chill+1","Capacitor+1","Glacier+1","Coolheaded+1","Compile Driver+1","Cold Snap+1","Echo Form","Barrage+1","Tempest+1","Loop+1","Heatsinks+1","Static Discharge"],"relics":["Cracked Core","ClockworkSouvenir","PreservedInsect","Anchor","Molten Egg 2","Ornamental Fan","Coffee Dripper","Gambling Chip","Bottled Lightning","FossilizedHelix","Bag of Preparation","Philosopher\u0027s Stone","Thread and Needle","OrangePellets","Ginger","Pantograph","Cables"],"acts_visited":["Exordium","TheCity","TheBeyond","TheEnding"],"potions_floor_usage":[53,54],"damage_taken":[{"damage":12.0,"enemies":"Small Slimes","floor":1.0,"turns":4.0},{"damage":16.0,"enemies":"Jaw Worm","floor":2.0,"turns":5.0},{"damage":26.0,"enemies":"Gremlin Nob","floor":6.0,"turns":5.0},{"damage":12.0,"enemies":"Lagavulin","floor":8.0,"turns":6.0},{"damage":14.0,"enemies":"3 Sentries","floor":11.0,"turns":8.0},{"damage":2.0,"enemies":"2 Louse","floor":13.0,"turns":3.0},{"damage":4.0,"enemies":"The Guardian","floor":16.0,"turns":15.0},{"damage":4.0,"enemies":"3 Byrds","floor":18.0,"turns":2.0},{"damage":1.0,"enemies":"Chosen","floor":22.0,"turns":3.0},{"damage":1.0,"enemies":"Gremlin Leader","floor":24.0,"turns":5.0},{"damage":0.0,"enemies":"Slavers","floor":27.0,"turns":2.0},{"damage":0.0,"enemies":"Centurion and Healer","floor":29.0,"turns":5.0},{"damage":2.0,"enemies":"Snake Plant","floor":30.0,"turns":5.0},{"damage":27.0,"enemies":"Champ","floor":33.0,"turns":20.0},{"damage":0.0,"enemies":"3 Shapes","floor":35.0,"turns":2.0},{"damage":14.0,"enemies":"3 Darklings","floor":37.0,"turns":3.0},{"damage":0.0,"enemies":"Mind Bloom Boss Battle","floor":38.0,"turns":3.0},{"damage":0.0,"enemies":"Reptomancer","floor":41.0,"turns":4.0},{"damage":0.0,"enemies":"Nemesis","floor":44.0,"turns":6.0},{"damage":0.0,"enemies":"Transient","floor":45.0,"turns":6.0},{"damage":0.0,"enemies":"Giant Head","floor":47.0,"turns":6.0},{"damage":23,"enemies":"Awakened One","floor":50,"turns":20},{"damage":83,"enemies":"Shield and Spear","floor":54,"turns":3}],"seed_played":"7571394320756818742","potions_obtained":[{"floor":1.0,"key":"Swift Potion"},{"floor":6.0,"key":"SteroidPotion"},{"floor":16.0,"key":"DistilledChaos"},{"floor":33.0,"key":"BlessingOfTheForge"},{"floor":37.0,"key":"FocusPotion"},{"floor":47.0,"key":"Fruit Juice"}],"is_trial":false,"path_per_floor":["M","M","$","?","?","E","R","E","T","?","E","?","M","$","R","B",null,"M","?","?","?","M","R","E","R","T","E","R","M","M","?","R","B",null,"M","?","M","?","$","R","E","?","T","E","M","R","E","?","R","B",null,"R","$","E"],"character_chosen":"DEFECT","items_purchased":["ClockworkSouvenir","Defragment","Cold Snap","PowerPotion","Coolheaded","OrangePellets","Static Discharge","DuplicationPotion"],"campfire_rested":2,"item_purchase_floors":[3,3,3,14,14,39,53,53],"current_hp_per_floor":[52,43,43,36,36,17,38,33,33,38,31,8,13,13,35,38,67,63,63,41,41,47,47,53,53,53,53,53,63,71,71,71,54,74,81,81,77,77,77,77,81,77,77,77,77,77,77,77,77,64,74,74,79,0,0],"gold":5,"neow_bonus":"TWO_FIFTY_GOLD","is_daily":false,"chose_seed":true,"campfire_upgraded":7,"win_rate":0.0,"timestamp":1607884104,"path_taken":["M","M","$","?","?","E","R","E","T","?","E","?","M","$","R","BOSS","M","?","?","?","?","R","E","R","T","E","R","M","M","?","R","BOSS","M","?","?","?","$","R","E","?","T","E","M","R","E","?","R","BOSS","R","$","E"],"items_purchased_type":["Relic","Card","Card","Potion","Card","Relic","Card","Potion"],"build_version":"2020-11-30","purchased_purges":1,"victory":false,"max_hp_per_floor":[71,71,71,71,71,71,71,71,71,76,76,76,76,76,76,76,76,76,76,81,81,81,81,81,81,81,81,81,81,81,81,81,81,81,81,81,81,81,81,81,81,77,77,77,77,77,77,77,77,77,77,77,82,82,82],"relic_stats":{"OrangePellets":[0],"counters":[23,141],"Ornamental Fan":[164],"Gambling Chip":[59],"Pantograph":0,"PreservedInsect":471,"Bag of Preparation":[24],"Ginger":[1],"obtain_stats":[{"Thread and Needle":38,"PreservedInsect":6,"Bag of Preparation":27,"Ginger":41,"ClockworkSouvenir":3,"Cables":47,"OrangePellets":39,"Anchor":8,"Ornamental Fan":11,"Gambling Chip":19,"Pantograph":44,"Molten Egg 2":9,"Philosopher\u0027s Stone":34,"Coffee Dripper":17,"Bottled Lightning":24,"Cracked Core":0,"FossilizedHelix":26},{"Thread and Needle":17,"PreservedInsect":3,"Bag of Preparation":11,"Ginger":18,"ClockworkSouvenir":2,"Cables":21,"OrangePellets":17,"Anchor":4,"Ornamental Fan":5,"Gambling Chip":8,"Pantograph":19,"Molten Egg 2":4,"Philosopher\u0027s Stone":14,"Coffee Dripper":7,"Bottled Lightning":10,"Cracked Core":0,"FossilizedHelix":10},{"Thread and Needle":96,"PreservedInsect":14,"Bag of Preparation":58,"Ginger":100,"ClockworkSouvenir":9,"Cables":118,"OrangePellets":96,"Anchor":20,"Ornamental Fan":28,"Gambling Chip":48,"Pantograph":106,"Molten Egg 2":20,"Philosopher\u0027s Stone":88,"Coffee Dripper":46,"Bottled Lightning":56,"Cracked Core":0,"FossilizedHelix":56}],"Cables":[22,4,18,0,0]},"card_choices":[{"not_picked":["Auto Shields","Coolheaded"],"picked":"Self Repair","floor":1.0},{"not_picked":["Hello World","Rebound","Aggregate"],"picked":"SKIP","floor":2.0},{"not_picked":["Rebound","Leap","Beam Cell"],"picked":"SKIP","floor":6.0},{"not_picked":["Aggregate","Heatsinks","Consume"],"picked":"SKIP","floor":8.0},{"not_picked":["Turbo","Go for the Eyes+1"],"picked":"Compile Driver+1","floor":11.0},{"not_picked":["Sunder+1","Hologram"],"picked":"Go for the Eyes+1","floor":13.0},{"not_picked":["Echo Form","Hyperbeam+1"],"picked":"Electrodynamics","floor":16.0},{"not_picked":["Barrage+1","Ball Lightning+1"],"picked":"Chill","floor":18.0},{"not_picked":["Darkness","Doom and Gloom+1"],"picked":"Capacitor+1","floor":22.0},{"not_picked":["Consume","Force Field"],"picked":"Glacier+1","floor":24.0},{"not_picked":["Chill","Steam"],"picked":"Coolheaded","floor":27.0},{"not_picked":["Turbo","Skim","Hologram+1"],"picked":"SKIP","floor":29.0},{"not_picked":["Tempest","Redo"],"picked":"Compile Driver+1","floor":30.0},{"not_picked":["Reboot","All For One+1"],"picked":"Echo Form","floor":33.0},{"not_picked":["Rebound+1","Sunder+1"],"picked":"Barrage+1","floor":35.0},{"not_picked":["Double Energy","Sunder+1","Go for the Eyes+1"],"picked":"SKIP","floor":37.0},{"not_picked":["Reinforced Body","Redo"],"picked":"Tempest+1","floor":38.0},{"not_picked":["Self Repair","Turbo","Sweeping Beam+1"],"picked":"SKIP","floor":41.0},{"not_picked":["Fission","FTL+1"],"picked":"Loop","floor":44.0},{"not_picked":["Leap","Reinforced Body"],"picked":"Heatsinks+1","floor":45.0},{"not_picked":["Rip and Tear+1","Heatsinks","Hello World"],"picked":"SKIP","floor":47.0}],"player_experience":1001699,"relics_obtained":[{"floor":6.0,"key":"PreservedInsect"},{"floor":8.0,"key":"Anchor"},{"floor":9.0,"key":"Molten Egg 2"},{"floor":11.0,"key":"Ornamental Fan"},{"floor":24.0,"key":"Bottled Lightning"},{"floor":26.0,"key":"FossilizedHelix"},{"floor":27.0,"key":"Bag of Preparation"},{"floor":38.0,"key":"Thread and Needle"},{"floor":41.0,"key":"Ginger"},{"floor":44.0,"key":"Pantograph"},{"floor":47.0,"key":"Cables"}],"event_choices":[{"cards_removed":["Strike_B"],"damage_healed":0.0,"max_hp_gain":0.0,"max_hp_loss":0.0,"gold_gain":0.0,"event_name":"Golden Wing","player_choice":"Card Removal","floor":4.0,"gold_loss":0.0,"damage_taken":7.0},{"damage_healed":0.0,"max_hp_gain":0.0,"max_hp_loss":0.0,"gold_gain":0.0,"event_name":"Living Wall","player_choice":"Grow","floor":5.0,"gold_loss":0.0,"damage_taken":0.0,"cards_upgraded":["Defragment"]},{"damage_healed":0.0,"max_hp_gain":5.0,"max_hp_loss":0.0,"gold_gain":0.0,"event_name":"Big Fish","player_choice":"Donut","floor":10.0,"gold_loss":0.0,"damage_taken":0.0},{"damage_healed":0.0,"max_hp_gain":0.0,"max_hp_loss":0.0,"gold_gain":0.0,"event_name":"Shining Light","player_choice":"Entered Light","floor":12.0,"gold_loss":0.0,"damage_taken":23.0,"cards_upgraded":["Strike_B","Cold Snap"]},{"damage_healed":0.0,"max_hp_gain":0.0,"max_hp_loss":0.0,"gold_gain":0.0,"event_name":"Addict","player_choice":"Obtained Relic","floor":19.0,"gold_loss":85.0,"damage_taken":0.0,"relics_obtained":["Gambling Chip"]},{"damage_healed":0.0,"max_hp_gain":5.0,"max_hp_loss":0.0,"gold_gain":0.0,"event_name":"Forgotten Altar","player_choice":"Shed Blood","floor":20.0,"gold_loss":0.0,"damage_taken":27.0},{"damage_healed":0.0,"max_hp_gain":0.0,"max_hp_loss":0.0,"gold_gain":0.0,"event_name":"N\u0027loth","player_choice":"Ignored","floor":21.0,"gold_loss":0.0,"damage_taken":0.0},{"damage_healed":0.0,"max_hp_gain":0.0,"max_hp_loss":0.0,"gold_gain":0.0,"cards_transformed":["Strike_B","Defend_B"],"event_name":"Drug Dealer","player_choice":"Became Test Subject","floor":31.0,"gold_loss":0.0,"damage_taken":0.0,"cards_obtained":["Compile Driver","Cold Snap"]},{"damage_healed":0.0,"max_hp_gain":0.0,"max_hp_loss":0.0,"gold_gain":0.0,"event_name":"SecretPortal","player_choice":"Ignored","floor":36.0,"gold_loss":0.0,"damage_taken":0.0},{"damage_healed":0.0,"max_hp_gain":0.0,"max_hp_loss":0.0,"gold_gain":0.0,"event_name":"MindBloom","player_choice":"Fight","floor":38.0,"gold_loss":0.0,"damage_taken":0.0},{"damage_healed":0.0,"max_hp_gain":0.0,"max_hp_loss":4.0,"gold_gain":0.0,"event_name":"Winding Halls","player_choice":"Max HP","floor":42.0,"gold_loss":0.0,"damage_taken":0.0},{"cards_removed":["Compile Driver"],"damage_healed":0.0,"max_hp_gain":0.0,"max_hp_loss":0.0,"gold_gain":0.0,"event_name":"Falling","player_choice":"Removed Attack","floor":48.0,"gold_loss":0.0,"damage_taken":0.0}],"is_beta":false,"boss_relics":[{"not_picked":["Busted Crown","Runic Dome"],"picked":"Coffee Dripper"},{"not_picked":["SlaversCollar","Fusion Hammer"],"picked":"Philosopher\u0027s Stone"}],"items_purged_floors":[3],"is_endless":false,"potions_floor_spawned":[1,6,16,29,30,33,37,45,47],"killed_by":"Shield and Spear","ascension_level":19}}