{"host":"ow9msrs9p2ctkx99","time":1607863573,"event":{"mods":["AchievementEnabler","BaseMod","Colored Map","Colored Powertips","Minty Spire (QoL Compilation)","Permanent Neow","Quick Restart","SuperFastMode"],"gold_per_floor":[367,216,227,238,238,238,264,284,335,335,351,351,351,378,378,475,475,494,494,87,106,118,148,158,158,158,158,158],"floor_reached":27,"playtime":470,"items_purged":["Strike_B"],"score":377,"play_id":"3db6922f-e9df-4d55-b349-06fffc8107e7","local_time":"20201213134613","is_ascension_mode":true,"campfire_choices":[{"data":"Sunder","floor":6.0,"key":"SMITH"},{"data":"Electrodynamics","floor":10.0,"key":"SMITH"},{"floor":13.0,"key":"REST"},{"floor":15.0,"key":"REST"},{"floor":25.0,"key":"DIG"}],"circlet_count":0,"master_deck":["AscendersBane","Strike_B+1","Strike_B","Strike_B+1","Defend_B","Defend_B","Defend_B","Defend_B","Zap+1","Dualcast+1","Cold Snap","Ball Lightning","Sunder+1","Electrodynamics+1","Steam","Rebound","Melter","Creative AI+1","Turbo","Self Repair","Aggregate","FTL","Biased Cognition","Compile Driver+1"],"relics":["Cracked Core","OrangePellets","StrikeDummy","Whetstone","Bag of Marbles","Shovel","Nuclear Battery","Question Card","Kunai","Calipers"],"acts_visited":["Exordium","TheCity"],"potions_floor_usage":[27],"damage_taken":[{"damage":1.0,"enemies":"Cultist","floor":1.0,"turns":4.0},{"damage":0.0,"enemies":"2 Louse","floor":3.0,"turns":2.0},{"damage":7.0,"enemies":"Jaw Worm","floor":4.0,"turns":3.0},{"damage":11.0,"enemies":"3 Sentries","floor":7.0,"turns":6.0},{"damage":11.0,"enemies":"Large Slime","floor":8.0,"turns":4.0},{"damage":0.0,"enemies":"Gremlin Gang","floor":11.0,"turns":1.0},{"damage":16.0,"enemies":"Gremlin Nob","floor":14.0,"turns":3.0},{"damage":25.0,"enemies":"Slime Boss","floor":16.0,"turns":5.0},{"damage":28.0,"enemies":"3 Byrds","floor":18.0,"turns":4.0},{"damage":2.0,"enemies":"Chosen","floor":21.0,"turns":4.0},{"damage":1.0,"enemies":"3 Cultists","floor":22.0,"turns":4.0},{"damage":6.0,"enemies":"Slavers","floor":23.0,"turns":3.0},{"damage":0.0,"enemies":"Sentry and Sphere","floor":24.0,"turns":2.0},{"damage":43,"enemies":"Book of Stabbing","floor":27,"turns":4}],"seed_played":"-1370411790658053184","potions_obtained":[{"floor":1.0,"key":"PotionOfCapacity"},{"floor":3.0,"key":"SteroidPotion"},{"floor":4.0,"key":"EssenceOfSteel"},{"floor":7.0,"key":"Fruit Juice"},{"floor":16.0,"key":"AttackPotion"},{"floor":22.0,"key":"DistilledChaos"}],"is_trial":false,"path_per_floor":["M","$","M","M","?","R","E","M","T","R","M","?","R","E","R","B",null,"M","?","$","M","M","E","M","R","T","E"],"character_chosen":"DEFECT","items_purchased":["OrangePellets","Turbo","Self Repair","Question Card"],"campfire_rested":2,"item_purchase_floors":[2,20,20,20],"current_hp_per_floor":[67,67,67,60,53,53,42,31,31,31,31,17,37,21,41,21,60,32,32,32,37,43,37,37,37,37,0,0],"gold":158,"neow_bonus":"TWO_FIFTY_GOLD","is_daily":false,"chose_seed":false,"campfire_upgraded":2,"win_rate":0.0,"timestamp":1607863573,"path_taken":["M","$","M","?","?","R","E","M","T","R","M","?","R","E","R","BOSS","M","?","$","M","?","E","?","R","T","E"],"items_purchased_type":["Relic","Card","Card","Relic"],"build_version":"2020-11-30","purchased_purges":1,"victory":false,"max_hp_per_floor":[68,68,68,68,68,68,68,68,68,68,68,68,68,68,68,73,73,73,73,73,73,73,73,73,73,73,73,73],"card_choices":[{"not_picked":["Turbo","Beam Cell"],"picked":"Cold Snap","floor":1.0},{"not_picked":["Streamline","Redo"],"picked":"Ball Lightning","floor":3.0},{"not_picked":["Ball Lightning","Lockon"],"picked":"Sunder","floor":4.0},{"not_picked":["Redo","Hologram"],"picked":"Electrodynamics","floor":7.0},{"not_picked":["Gash","Compile Driver"],"picked":"Steam","floor":8.0},{"not_picked":["Steam Power","Double Energy"],"picked":"Rebound","floor":11.0},{"not_picked":["Hello World","Steam"],"picked":"Melter","floor":14.0},{"not_picked":["Thunder Strike","Electrodynamics"],"picked":"Creative AI","floor":16.0},{"not_picked":["Ball Lightning+1","Recycle","Reprogram"],"picked":"SKIP","floor":18.0},{"not_picked":["Blizzard","Cold Snap","Undo"],"picked":"Aggregate","floor":21.0},{"not_picked":["Scrape","Heatsinks+1","Fusion"],"picked":"FTL","floor":22.0},{"not_picked":["Steam+1","Hologram","Redo"],"picked":"Biased Cognition","floor":23.0},{"not_picked":["Sunder","Barrage","Cold Snap"],"picked":"Compile Driver+1","floor":24.0}],"player_experience":1013391,"relics_obtained":[{"floor":7.0,"key":"Whetstone"},{"floor":9.0,"key":"Bag of Marbles"},{"floor":14.0,"key":"Shovel"},{"floor":23.0,"key":"Kunai"},{"floor":25.0,"key":"Calipers"}],"event_choices":[{"damage_healed":0.0,"max_hp_gain":0.0,"max_hp_loss":0.0,"gold_gain":0.0,"event_name":"Scrap Ooze","player_choice":"Success","floor":5.0,"gold_loss":0.0,"damage_taken":7.0,"relics_obtained":["StrikeDummy"]},{"damage_healed":0.0,"max_hp_gain":0.0,"max_hp_loss":0.0,"gold_gain":0.0,"event_name":"Shining Light","player_choice":"Entered Light","floor":12.0,"gold_loss":0.0,"damage_taken":14.0,"cards_upgraded":["Zap","Dualcast"]},{"damage_healed":0.0,"max_hp_gain":0.0,"max_hp_loss":0.0,"gold_gain":0.0,"event_name":"Accursed Blacksmith","player_choice":"Forge","floor":19.0,"gold_loss":0.0,"damage_taken":0.0,"cards_upgraded":["Creative AI"]}],"is_beta":false,"boss_relics":[{"not_picked":["Calling Bell","Snecko Eye"],"picked":"Nuclear Battery"}],"items_purged_floors":[20],"is_endless":false,"potions_floor_spawned":[1,3,4,7,16,21,22],"killed_by":"Book of Stabbing","ascension_level":11}}