{"host":"uwh382mre4waz4ff","time":1607829009,"event":{"mods":["AchievementEnabler","BaseMod","Better Note","Better Third Choice","BetterRewards","Highlight Path","HololiveMod","Minty Spire (QoL Compilation)","StSLib"],"gold_per_floor":[82,99,118,134,104,142,142,173,227,227,240,277,277,293,293,397,397,413,6,21,47,66,66,101,113,125,137,180,211,263,122,122,227,227,245,257,283,283,300,335,78,104,128,54,105,130,149,164,164,164,164,164,14,46,46],"floor_reached":56,"playtime":3182,"items_purged":["Hololive_Strike","Hololive_Defend"],"score":2283,"play_id":"846b8c99-c38d-4a90-9efb-d7dfb1b50b43","local_time":"20201213111009","is_ascension_mode":true,"campfire_choices":[{"data":"Hololive_IdolExercise","floor":7,"key":"SMITH"},{"data":"Hololive_CallUsadaPekora","floor":10,"key":"SMITH"},{"data":"Hololive_Breathe","floor":15,"key":"SMITH"},{"data":"Hololive_CallHoshimachiSuisei","floor":23,"key":"SMITH"},{"data":"Hololive_FlareMind","floor":25,"key":"SMITH"},{"data":"Hololive_MaximGun","floor":32,"key":"SMITH"},{"floor":49,"key":"RECALL"},{"floor":52,"key":"REST"}],"circlet_count":0,"master_deck":["Hololive_CallMinatoAqua","Hololive_CallUsadaPekora+1","Hololive_CallMurasakiShion","Hololive_CallShiranuiFlare","Hololive_CallSpadeEcho","Hololive_Breathe","Hololive_Defend","Hololive_Thief","Hololive_CallAkaiHaato","Hololive_Breathe+1","Hololive_IdolExercise+1","Hololive_CallHoshimachiSuisei+1","Hololive_Breathe","Hololive_CallTokinoSora","Hololive_CocoNews+1","Hololive_CallAZKi","Apotheosis+1","Hololive_CallInugamiKorone","Hololive_FlareMind+1","Hololive_Breathe+1","Hololive_SummonFox","Hololive_OvertimeWork+1","Hololive_LuckPotion","Hololive_MaximGun+1","Hololive_CocoNews","Hololive_CallMoonaHoshinova","Hololive_LuckPotion+1","Hololive_CallOkamiMio+1","Hololive_CallAiraniIofifteen+1","Hololive_OvertimeWork","Hololive_OvertimeWork","Hololive_CallOmaruPolka+1","Hololive_CallShishiroBotan","Hololive_Recruit","Hololive_CallHimemoriLuna","Hololive_CallUruhaRushia","Hololive_Breathe+1","Apotheosis+1","Hololive_LuckPotion+1","Hololive_CallYozoraMel+1","Hololive_CallDoris","Hololive_LuckPotion+1","Hololive_CallYogiri","Hololive_CallHoshimachiSuisei+1"],"relics":["Hololive_TheStar","betterThird:SlimedRelic","Ice Cream","Ornamental Fan","Boot","Whetstone","Philosopher\u0027s Stone","Bag of Marbles","Hololive_FriedShrimpLion","MawBank","PreservedInsect","Happy Flower","Orrery","Fusion Hammer","Ancient Tea Set","Lantern","Potion Belt","Juzu Bracelet","MealTicket","Bronze Scales","Eternal Feather"],"acts_visited":["Exordium","TheCity","TheBeyond","TheEnding"],"potions_floor_usage":[4,24,24,28,28,55,55,55,55],"damage_taken":[{"damage":0,"enemies":"Jaw Worm","floor":1,"turns":3},{"damage":0,"enemies":"2 Louse","floor":2,"turns":3},{"damage":0,"enemies":"Small Slimes","floor":3,"turns":3},{"damage":1,"enemies":"Gremlin Gang","floor":4,"turns":4},{"damage":0,"enemies":"Gremlin Nob","floor":6,"turns":4},{"damage":1,"enemies":"Lagavulin","floor":8,"turns":4},{"damage":0,"enemies":"Looter","floor":11,"turns":2},{"damage":0,"enemies":"Gremlin Nob","floor":12,"turns":4},{"damage":0,"enemies":"Exordium Thugs","floor":14,"turns":2},{"damage":0,"enemies":"Slime Boss","floor":16,"turns":4},{"damage":0,"enemies":"Shell Parasite","floor":18,"turns":3},{"damage":0,"enemies":"Chosen","floor":20,"turns":3},{"damage":4,"enemies":"Shelled Parasite and Fungi","floor":21,"turns":3},{"damage":0,"enemies":"Centurion and Healer","floor":22,"turns":3},{"damage":0,"enemies":"Gremlin Leader","floor":24,"turns":3},{"damage":2,"enemies":"Slavers","floor":28,"turns":4},{"damage":0,"enemies":"Chosen and Byrds","floor":29,"turns":4},{"damage":0,"enemies":"Gremlin Leader","floor":30,"turns":3},{"damage":0,"enemies":"Automaton","floor":33,"turns":5},{"damage":0,"enemies":"Orb Walker","floor":35,"turns":2},{"damage":0,"enemies":"3 Shapes","floor":36,"turns":2},{"damage":0,"enemies":"Transient","floor":37,"turns":5},{"damage":0,"enemies":"3 Darklings","floor":39,"turns":3},{"damage":0,"enemies":"Nemesis","floor":40,"turns":4},{"damage":0,"enemies":"Giant Head","floor":42,"turns":5},{"damage":0,"enemies":"Jaw Worm Horde","floor":46,"turns":3},{"damage":0,"enemies":"Spire Growth","floor":47,"turns":3},{"damage":0,"enemies":"Sphere and 2 Shapes","floor":48,"turns":3},{"damage":0,"enemies":"Time Eater","floor":50,"turns":7},{"damage":16,"enemies":"Shield and Spear","floor":54,"turns":6},{"damage":0,"enemies":"The Heart","floor":55,"turns":7}],"seed_played":"-8418081893707336371","potions_obtained":[{"floor":1,"key":"EssenceOfSteel"},{"floor":2,"key":"Strength Potion"},{"floor":8,"key":"Ancient Potion"},{"floor":14,"key":"LiquidMemories"},{"floor":16,"key":"DuplicationPotion"},{"floor":22,"key":"Block Potion"},{"floor":24,"key":"Ancient Potion"},{"floor":29,"key":"Weak Potion"},{"floor":35,"key":"DuplicationPotion"},{"floor":37,"key":"SpeedPotion"},{"floor":40,"key":"PowerPotion"},{"floor":42,"key":"Dexterity Potion"}],"is_trial":false,"path_per_floor":["M","M","M","M","?","E","R","E","T","R","M","E","?","M","R","B",null,"M","$","M","M","M","R","E","R","T","?","E","M","E","$","R","B",null,"M","M","M","?","M","E","$","E","T","$","T","M","M","M","R","B",null,"R","$","E","B",null],"character_chosen":"Hololive_HololiveCharacter","items_purchased":["Bag of Marbles","Hololive_FriedShrimpLion","Hololive_SummonFox","Orrery","Lantern","Hololive_CallDoris","Bronze Scales"],"campfire_rested":1,"item_purchase_floors":[19,19,19,31,41,44,53],"current_hp_per_floor":[32,32,32,31,20,20,20,19,19,19,19,19,19,19,19,19,29,29,29,29,25,25,25,25,25,25,25,23,23,23,23,23,23,30,30,30,30,30,30,30,30,32,32,32,32,32,32,32,32,32,32,32,32,18,32],"gold":46,"neow_bonus":"THREE_RARE_CARDS","is_daily":false,"chose_seed":false,"campfire_upgraded":6,"win_rate":0.0,"timestamp":1607829009,"path_taken":["M","M","M","M","?","E","R","E","T","R","M","E","?","M","R","BOSS","M","$","M","M","M","R","E","R","T","?","E","M","E","$","R","BOSS","M","M","?","?","M","E","$","E","T","$","?","M","M","M","R","BOSS","R","$","E","BOSS"],"items_purchased_type":["Relic","Relic","Card","Relic","Relic","Card","Relic"],"build_version":"2020-11-30","purchased_purges":2,"victory":true,"max_hp_per_floor":[32,32,32,32,32,32,32,32,32,32,32,32,32,32,32,32,32,32,32,32,32,32,32,32,32,32,32,32,32,32,32,32,32,32,32,32,32,32,32,32,32,32,32,32,32,32,32,32,32,32,32,32,32,32,32],"card_choices":[{"not_picked":["Hololive_Rebirth","Hololive_IdolExercise"],"picked":"Hololive_Thief","floor":0},{"not_picked":["Hololive_Drill","Hololive_HuntDinosaur","Hololive_Sequa"],"picked":"Hololive_CallAkaiHaato","floor":1},{"not_picked":["Hololive_Rebound","Hololive_Trident","Hololive_LuckPotion"],"picked":"Hololive_Breathe","floor":2},{"not_picked":["Hololive_Spy","Hololive_CallArtia","Hololive_FlyingPonyTail"],"picked":"Hololive_IdolExercise","floor":3},{"not_picked":["Hololive_FlyingPonyTail","Hololive_CallUruhaRushia","Hololive_CallShiranuiFlare"],"picked":"Hololive_CallHoshimachiSuisei","floor":4},{"not_picked":["Hololive_BringToTrial","Hololive_StrengthChampion","Hololive_Sequa"],"picked":"Hololive_Breathe","floor":6},{"not_picked":["Hololive_StrengthChampion","Hololive_Psychosis","Hololive_CallMinatoAqua"],"picked":"Hololive_CallTokinoSora","floor":8},{"not_picked":["Hololive_FlyingPonyTail","Hololive_LuckPotion","Hololive_Drill"],"picked":"Hololive_CocoNews","floor":11},{"not_picked":["Hololive_DurableLive","Hololive_OpenUp","Hololive_OvertimeWork"],"picked":"Hololive_CallAZKi","floor":12},{"not_picked":["Hololive_CocoNews","Hololive_OvertimeWork","Hololive_RevenueBasedLive"],"picked":"Hololive_CallInugamiKorone","floor":14},{"not_picked":["Hololive_BeCareful","Hololive_OpenUp","Hololive_HighAtkLowDef"],"picked":"Hololive_FlareMind","floor":16},{"not_picked":["Hololive_CocoNews+1","Hololive_Psychosis+1","Hololive_CallInugamiKorone"],"picked":"Hololive_Breathe+1","floor":18},{"not_picked":["Hololive_FlyingPonyTail","Hololive_RevenueBasedLive","Hololive_Psychosis"],"picked":"Hololive_OvertimeWork+1","floor":20},{"not_picked":["Hololive_Psychosis+1","Hololive_OvertimeWork","Hololive_HuntDinosaur"],"picked":"Hololive_LuckPotion","floor":21},{"not_picked":["Hololive_Sequa","Hololive_Yoholoon","Hololive_CocoNews"],"picked":"Hololive_MaximGun","floor":22},{"not_picked":["Hololive_OvertimeWork","Hololive_FlyingPonyTail","Hololive_Sequa+1"],"picked":"Hololive_CocoNews","floor":24},{"not_picked":["Hololive_HuntDinosaur","Hololive_StrengthChampion","Hololive_RevenueBasedLive"],"picked":"Hololive_CallMoonaHoshinova","floor":28},{"not_picked":["Hololive_Watashimo+1","Hololive_OvertimeWork+1","Hololive_Breathe"],"picked":"Hololive_LuckPotion+1","floor":29},{"not_picked":["Hololive_Sequa+1","Hololive_CocoNews","Hololive_CallMoonaHoshinova"],"picked":"Hololive_CallOkamiMio+1","floor":30},{"not_picked":["Hololive_SoulCatcher","Hololive_CocoNews","Hololive_OpenUp"],"picked":"Hololive_CallAiraniIofifteen+1","floor":31},{"not_picked":["Hololive_Psychosis","Hololive_RevenueBasedLive","Hololive_CallMinatoAqua"],"picked":"Hololive_OvertimeWork","floor":31},{"not_picked":["Hololive_HuntDinosaur","Hololive_CallAiraniIofifteen","Hololive_CallNatsuiroMatsuri"],"picked":"Hololive_OvertimeWork","floor":31},{"not_picked":["Hololive_CallManoAloe+1","Hololive_Spy","Hololive_LuckPotion"],"picked":"Hololive_CallOmaruPolka+1","floor":31},{"not_picked":["Hololive_Drill+1","Hololive_Teleport+1","Hololive_Rebound"],"picked":"Hololive_CallShishiroBotan","floor":31},{"not_picked":["Hololive_DiamondStrike","Hololive_HighAtkLowDef","Hololive_ASMR"],"picked":"Hololive_Recruit","floor":33},{"not_picked":["Hololive_CocoNews+1","Hololive_Drill","Hololive_Trident+1"],"picked":"Hololive_CallHimemoriLuna","floor":35},{"not_picked":["Hololive_CallShishiroBotan","Hololive_StrengthChampion+1","Hololive_Trident"],"picked":"Hololive_CallUruhaRushia","floor":36},{"not_picked":["Hololive_Trident","Hololive_ILoveYou","Hololive_StrengthChampion"],"picked":"Hololive_Breathe+1","floor":37},{"not_picked":["Hololive_Trident","Hololive_FlyingPonyTail+1","Hololive_Rebound"],"picked":"Hololive_LuckPotion+1","floor":39},{"not_picked":["Hololive_BeCareful","Hololive_CallMurasakiShion","Hololive_LuckPotion+1"],"picked":"Hololive_CallYozoraMel+1","floor":40},{"not_picked":["Hololive_HuntDinosaur","Hololive_Rebound","Hololive_Sequa","Hololive_FlyingPonyTail"],"picked":"SKIP","floor":42},{"not_picked":["Hololive_MaximGun","Hololive_FlyingPonyTail+1","Hololive_HuntDinosaur"],"picked":"Hololive_LuckPotion+1","floor":46},{"not_picked":["Hololive_CallOkamiMio","Hololive_Trident+1","Hololive_Rebound+1"],"picked":"Hololive_CallYogiri","floor":47},{"not_picked":["Hololive_Trident","Hololive_RevenueBasedLive","Hololive_HuntDinosaur","Hololive_BeCareful"],"picked":"SKIP","floor":48},{"not_picked":["Hololive_LuckPotion+1","Hololive_HuntDinosaur","Hololive_CallYogiri"],"picked":"Hololive_CallHoshimachiSuisei+1","floor":54}],"player_experience":108668,"relics_obtained":[{"floor":6,"key":"Ice Cream"},{"floor":8,"key":"Ornamental Fan"},{"floor":9,"key":"Boot"},{"floor":12,"key":"Whetstone"},{"floor":24,"key":"MawBank"},{"floor":28,"key":"PreservedInsect"},{"floor":30,"key":"Happy Flower"},{"floor":40,"key":"Ancient Tea Set"},{"floor":42,"key":"Potion Belt"},{"floor":43,"key":"Juzu Bracelet"},{"floor":45,"key":"MealTicket"},{"floor":54,"key":"Eternal Feather"}],"event_choices":[{"damage_healed":0,"gold_gain":0,"player_choice":"Slimed","damage_taken":11,"max_hp_gain":0,"max_hp_loss":0,"event_name":"betterThird:BetterGoop","floor":5,"gold_loss":30},{"damage_healed":19,"gold_gain":0,"player_choice":"Embrace","damage_taken":0,"max_hp_gain":0,"max_hp_loss":32,"event_name":"betterThird:BetterShining","floor":13,"gold_loss":0},{"cards_removed":["Hololive_Strike"],"damage_healed":0,"gold_gain":0,"player_choice":"Purged","damage_taken":0,"max_hp_gain":0,"max_hp_loss":0,"event_name":"Purifier","floor":27,"gold_loss":0},{"damage_healed":0,"gold_gain":0,"player_choice":"Copied","damage_taken":0,"max_hp_gain":0,"max_hp_loss":0,"event_name":"Duplicator","floor":38,"gold_loss":0,"cards_obtained":["Apotheosis"]}],"is_beta":false,"boss_relics":[{"not_picked":["Hololive_ChaosS","Black Star"],"picked":"Philosopher\u0027s Stone"},{"not_picked":["Snecko Eye","Velvet Choker"],"picked":"Fusion Hammer"}],"items_purged_floors":[19,41],"is_endless":false,"potions_floor_spawned":[1,2,8,14,16,21,22,24,29,35,37,40,42],"ascension_level":9}}