{"host":"27wa8ufp4ryspt1p","time":1607881677,"event":{"mods":["2.2 Compatiblity","Abigail Mod","Act Like it!","Aspiration","BaseMod","Better Altar","Better Note","Better Skull","Better Third Choice","Colored Map","Conspire","Downfall","Elementarium","Energized Spire","Friendly Minions","Gensokyo","GifTheSpireLib","Gold Saver","Halation","Hallownest","HololiveMod","Hubris","Humility","Infinite Spire","Keyboard Shortcuts","Menagerie","Mimic Mod","Minty Spire (QoL Compilation)","Pale of the Ancients","Quarter Circle Forward PUNCH!","Reimu??????","Relic Sorter","Relic Stats","Replay The Spire","Reworked Bosses","Shop Mod","Spicy Shops","Spikes Relics","StSLib","Stuff the Spire","SuperFastMode","The Cursed","The Exalted","The Factory","The Judge","The Necromancer","Trackpad","Waifu the Spire","Wandering Minibosses","[IsaacMod]????","??????REMEMod","????"],"gold_per_floor":[124,143,43,43,91,169,169,251,299,299,344,344],"floor_reached":11,"playtime":394,"items_purged":[],"score":138,"play_id":"1556aaf7-8b60-4082-9aac-41e933a8e77a","local_time":"20201213114757","daily_mods":["SealedDeck","Colorless Cards","Heirloom","Elite Swarm","Lethality"],"is_ascension_mode":true,"campfire_choices":[{"floor":7,"key":"RECALL"},{"data":"Bromod:ToxicBarrage","floor":10,"key":"SMITH"}],"circlet_count":0,"master_deck":["AscendersBane","BettingIsNotGood","Steam","Streamline","Panic Button","StuffTheSpire:FreeRealEstate","expansioncontent:DefensiveMode","Double Energy","Barrage","Enlightenment","expansioncontent:BronzeBeam","Mind Blast","Bromod:ToxicBarrage+1","ReplayTheSpireMod:Dual Polarity","conspire:SpireCoStock","conspire:SpireCoStock","REME_Flogging","hubris:NaturalOne","Conserve Battery"],"relics":["Cracked Core","HushsDoor","REME_ComplimentaryCards","SalivaCoin","MoneyPower","hubris:Icosahedron","halation:BottledLove","Pear","qcfpunch:Not_Strongest_Fighting_Style_Guidebook"],"acts_visited":["Exordium"],"potions_floor_usage":[11],"damage_taken":[{"damage":0,"enemies":"2 Louse","floor":1,"turns":1},{"damage":0,"enemies":"Jaw Worm","floor":2,"turns":2},{"damage":5,"enemies":"Lagavulin","floor":6,"turns":5},{"damage":21,"enemies":"Gremlin Nob","floor":8,"turns":3},{"damage":14,"enemies":"conspire:RoseBush","floor":9,"turns":6},{"damage":25,"enemies":"3 Sentries","floor":11,"turns":2}],"seed_played":"-3227335938535018392","potions_obtained":[{"floor":8,"key":"Elixir"}],"is_trial":true,"path_per_floor":["M","M","?","?","?","E","R","?","MIM","R","E"],"character_chosen":"DEFECT","items_purchased":[],"campfire_rested":0,"item_purchase_floors":[],"current_hp_per_floor":[64,64,64,64,49,44,44,33,19,19,0,0],"gold":344,"neow_bonus":"","is_daily":false,"chose_seed":false,"campfire_upgraded":1,"win_rate":0.0,"timestamp":1607881677,"path_taken":["M","M","?","?","?","E","R","?","MIM","R","E"],"items_purchased_type":[],"build_version":"2020-11-30","purchased_purges":0,"victory":false,"max_hp_per_floor":[71,71,71,71,71,71,71,81,81,81,81,81],"relic_stats":{"counters":[6,19],"obtain_stats":[{"KeepersGift":0,"hubris:Icosahedron":4,"Pear":8,"halation:BottledLove":6,"qcfpunch:Not_Strongest_Fighting_Style_Guidebook":9,"SalivaCoin":0,"MoneyPower":0,"Cracked Core":0,"HushsDoor":0,"REME_ComplimentaryCards":0},{"KeepersGift":0,"hubris:Icosahedron":2,"Pear":3,"halation:BottledLove":3,"qcfpunch:Not_Strongest_Fighting_Style_Guidebook":5,"SalivaCoin":0,"MoneyPower":0,"Cracked Core":0,"HushsDoor":0,"REME_ComplimentaryCards":0},{"KeepersGift":0,"hubris:Icosahedron":3,"Pear":8,"halation:BottledLove":8,"qcfpunch:Not_Strongest_Fighting_Style_Guidebook":17,"SalivaCoin":0,"MoneyPower":0,"Cracked Core":0,"HushsDoor":0,"REME_ComplimentaryCards":0}]},"card_choices":[{"not_picked":[],"picked":"BettingIsNotGood","floor":0},{"not_picked":["Stack","Rebound","Blind"],"picked":"SKIP","floor":1},{"not_picked":["Flash of Steel","Conserve Battery"],"picked":"ReplayTheSpireMod:Dual Polarity","floor":2},{"not_picked":["Violence","Sadistic Nature"],"picked":"REME_Flogging","floor":6},{"not_picked":["Leap","StuffTheSpire:Plugnplay"],"picked":"Conserve Battery","floor":9}],"player_experience":3887601,"relics_obtained":[{"floor":6,"key":"halation:BottledLove"},{"floor":9,"key":"qcfpunch:Not_Strongest_Fighting_Style_Guidebook"}],"event_choices":[{"damage_healed":0,"gold_gain":0,"player_choice":"Invest 2","damage_taken":0,"max_hp_gain":0,"max_hp_loss":0,"event_name":"conspire:Investor","floor":3,"gold_loss":0},{"damage_healed":0,"gold_gain":30,"player_choice":"Searched \u00273\u0027 times","damage_taken":0,"relics_obtained":["Pear"],"max_hp_gain":0,"max_hp_loss":0,"event_name":"Dead Adventurer","floor":8,"gold_loss":0}],"is_beta":false,"boss_relics":[],"items_purged_floors":[],"is_endless":false,"potions_floor_spawned":[8],"killed_by":"3 Sentries","ascension_level":20}}