{"host":"y76x98twjnyyxs83","time":1607879485,"event":{"mods":["BaseMod","Colored Powertips","Minty Spire (QoL Compilation)","Permanent Neow","Quick Restart","Rare Cards Sparkle","Relic Stats","StSLib"],"gold_per_floor":[117,130,25,43,56,85,85,116,116,451,451,482,496,496,496,573,573,590,590,604,621,636,661,661,691,746,746,746],"floor_reached":27,"playtime":1361,"items_purged":[],"score":616,"play_id":"90201a4f-73d0-48ed-af52-6f9ef4fc8260","local_time":"20201214011125","is_ascension_mode":true,"campfire_choices":[{"floor":7.0,"key":"REST"},{"floor":11.0,"key":"REST"},{"floor":15.0,"key":"RECALL"}],"circlet_count":0,"master_deck":["AscendersBane","Strike_P","Strike_P","Strike_P","Defend_P","Defend_P","Defend_P","Eruption","Vigilance","BattleHymn","FlurryOfBlows","WheelKick","TalkToTheHand","DevaForm","PathToVictory+1","Perseverance+1","Indignation+1","Omniscience+1","Sanctity+1","CutThroughFate+1","InnerPeace+1","MentalFortress+1","Conclude"],"relics":["Fusion Hammer","Toxic Egg 2","Happy Flower","InkBottle","Frozen Egg 2","Old Coin","TeardropLocket","Coffee Dripper","Bottled Flame","Prayer Wheel","Toy Ornithopter"],"acts_visited":["Exordium","TheCity"],"potions_floor_usage":[27],"damage_taken":[{"damage":0.0,"enemies":"Jaw Worm","floor":1.0,"turns":4.0},{"damage":1.0,"enemies":"Cultist","floor":2.0,"turns":3.0},{"damage":0.0,"enemies":"2 Louse","floor":4.0,"turns":3.0},{"damage":24.0,"enemies":"Exordium Wildlife","floor":5.0,"turns":2.0},{"damage":12.0,"enemies":"3 Sentries","floor":6.0,"turns":4.0},{"damage":10.0,"enemies":"Lagavulin","floor":8.0,"turns":7.0},{"damage":11.0,"enemies":"Gremlin Nob","floor":10.0,"turns":3.0},{"damage":0.0,"enemies":"Lagavulin","floor":12.0,"turns":6.0},{"damage":12.0,"enemies":"Exordium Thugs","floor":13.0,"turns":5.0},{"damage":17.0,"enemies":"The Guardian","floor":16.0,"turns":10.0},{"damage":9.0,"enemies":"Chosen","floor":18.0,"turns":5.0},{"damage":3.0,"enemies":"Spheric Guardian","floor":20.0,"turns":3.0},{"damage":11.0,"enemies":"Centurion and Healer","floor":21.0,"turns":4.0},{"damage":4.0,"enemies":"3 Cultists","floor":22.0,"turns":3.0},{"damage":3.0,"enemies":"Slavers","floor":23.0,"turns":3.0},{"damage":4.0,"enemies":"Book of Stabbing","floor":25.0,"turns":3.0},{"damage":42,"enemies":"Slavers","floor":27,"turns":3}],"seed_played":"-8599366654187559811","potions_obtained":[{"floor":4.0,"key":"Explosive Potion"},{"floor":5.0,"key":"Ancient Potion"},{"floor":6.0,"key":"Regen Potion"},{"floor":8.0,"key":"Ambrosia"},{"floor":20.0,"key":"AttackPotion"},{"floor":25.0,"key":"Weak Potion"}],"is_trial":false,"path_per_floor":["M","M","?","M","M","E","R","E","T","E","R","E","M","?","R","B",null,"M","?","M","M","M","E","R","E","T","E"],"character_chosen":"WATCHER","items_purchased":[],"campfire_rested":2,"item_purchase_floors":[],"current_hp_per_floor":[61,60,60,60,36,24,44,46,46,35,55,55,43,36,36,19,56,47,47,44,33,29,26,26,22,22,0,0],"gold":746,"neow_bonus":"BOSS_RELIC","is_daily":false,"chose_seed":false,"campfire_upgraded":0,"win_rate":0.0,"timestamp":1607879485,"path_taken":["M","M","?","M","M","E","R","E","T","E","R","E","?","?","R","BOSS","M","?","?","M","M","E","R","E","T","E"],"items_purchased_type":[],"build_version":"2020-11-30","purchased_purges":0,"victory":false,"max_hp_per_floor":[68,68,68,68,68,68,68,68,68,68,68,68,68,68,68,68,68,68,68,68,68,68,68,68,68,68,68,68],"relic_stats":{"Happy Flower":[18],"counters":[17,71],"Prayer Wheel":0,"obtain_stats":[{"Bottled Flame":23,"Happy Flower":6,"Prayer Wheel":25,"Fusion Hammer":0,"Coffee Dripper":17,"TeardropLocket":12,"PureWater":0,"Toxic Egg 2":3,"Frozen Egg 2":9,"InkBottle":8,"Toy Ornithopter":26,"Old Coin":10},{"Bottled Flame":15,"Happy Flower":5,"Prayer Wheel":16,"Fusion Hammer":0,"Coffee Dripper":10,"TeardropLocket":8,"PureWater":0,"Toxic Egg 2":2,"Frozen Egg 2":6,"InkBottle":6,"Toy Ornithopter":16,"Old Coin":7},{"Bottled Flame":65,"Happy Flower":16,"Prayer Wheel":68,"Fusion Hammer":0,"Coffee Dripper":47,"TeardropLocket":32,"PureWater":0,"Toxic Egg 2":7,"Frozen Egg 2":23,"InkBottle":23,"Toy Ornithopter":68,"Old Coin":26}],"InkBottle":[21],"Toy Ornithopter":5},"card_choices":[{"not_picked":["FlurryOfBlows","Nirvana"],"picked":"BattleHymn","floor":1.0},{"not_picked":["ClearTheMind","Evaluate"],"picked":"FlurryOfBlows","floor":2.0},{"not_picked":["EmptyFist","WindmillStrike"],"picked":"WheelKick","floor":4.0},{"not_picked":["Wallop","Vengeance+1"],"picked":"TalkToTheHand","floor":5.0},{"not_picked":["BattleHymn","PathToVictory+1"],"picked":"DevaForm","floor":6.0},{"not_picked":["FlurryOfBlows","SashWhip"],"picked":"PathToVictory+1","floor":8.0},{"not_picked":["FlurryOfBlows","Worship+1"],"picked":"Perseverance+1","floor":10.0},{"not_picked":["Study+1","CrushJoints","JustLucky"],"picked":"SKIP","floor":12.0},{"not_picked":["EmptyFist","EmptyBody+1"],"picked":"Indignation+1","floor":13.0},{"not_picked":["Judgement+1","SpiritShield+1"],"picked":"Omniscience+1","floor":16.0},{"not_picked":["WreathOfFlame+1","Weave"],"picked":"Sanctity+1","floor":18.0},{"not_picked":["CrushJoints","Study+1"],"picked":"CutThroughFate+1","floor":20.0},{"not_picked":["JustLucky","Worship+1"],"picked":"InnerPeace+1","floor":21.0},{"not_picked":["ForeignInfluence+1","FollowUp","WindmillStrike"],"picked":"SKIP","floor":22.0},{"not_picked":["JustLucky","ReachHeaven"],"picked":"MentalFortress+1","floor":23.0},{"not_picked":["Consecrate","DevaForm+1"],"picked":"Conclude","floor":25.0}],"player_experience":1077378,"relics_obtained":[{"floor":6.0,"key":"Happy Flower"},{"floor":8.0,"key":"InkBottle"},{"floor":9.0,"key":"Frozen Egg 2"},{"floor":10.0,"key":"Old Coin"},{"floor":12.0,"key":"TeardropLocket"},{"floor":23.0,"key":"Bottled Flame"},{"floor":25.0,"key":"Prayer Wheel"},{"floor":26.0,"key":"Toy Ornithopter"}],"event_choices":[{"damage_healed":0.0,"max_hp_gain":0.0,"max_hp_loss":0.0,"gold_gain":0.0,"event_name":"WeMeetAgain","player_choice":"Paid Gold","floor":3.0,"gold_loss":105.0,"damage_taken":0.0,"relics_obtained":["Toxic Egg 2"]},{"cards_removed":["Strike_P"],"damage_healed":0.0,"max_hp_gain":0.0,"max_hp_loss":0.0,"gold_gain":0.0,"event_name":"Golden Wing","player_choice":"Card Removal","floor":14.0,"gold_loss":0.0,"damage_taken":7.0},{"cards_removed":["Defend_P"],"damage_healed":0.0,"max_hp_gain":0.0,"max_hp_loss":0.0,"gold_gain":0.0,"event_name":"Bonfire Elementals","player_choice":"Offered Basic","floor":19.0,"gold_loss":0.0,"damage_taken":0.0}],"is_beta":false,"boss_relics":[{"not_picked":["Runic Pyramid","Velvet Choker"],"picked":"Coffee Dripper"}],"items_purged_floors":[],"is_endless":false,"potions_floor_spawned":[4,5,6,8,20,21,25],"killed_by":"Slavers","ascension_level":20}}