{"host":"1pcwcurc8qazgtt6","time":1607879190,"event":{"mods":["AchievementEnabler","BaseMod","BetterRewards","Colored Map","Curses Come First","GungeonMod","Hubris","Infinite Spire","Minty Spire (QoL Compilation)","Replay The Spire","StSLib","The Blue Laboratory"],"gold_per_floor":[119,134,134,209,221,247,262,262,262],"floor_reached":8,"playtime":962,"items_purged":[],"score":137,"play_id":"2c3f638b-2e0c-4220-a031-d76eaeec21b3","local_time":"20201213110630","is_ascension_mode":true,"campfire_choices":[],"circlet_count":0,"master_deck":["Strike_R","Strike_R","Strike_R","Strike_R","Strike_R","Defend_R","Defend_R","Defend_R","Defend_R","Bash","Massacre","Sword Boomerang","Inflame","Inflame","Limit Break","Sword Boomerang"],"relics":["Sizzling Blood","hubris:Metronome","hubris:Zylophone","infinitespire:ShieldingShard","Orrery","Membership Card","Replay:Rubber Ducky","Pen Nib","infinitespire:CursedDice","Iron Hammer","DemoMod:MeatBun","infinitespire:Magic Flask","Charon\u0027s Ashes","DollysMirror","DemoMod:BlueGuonStone","Gremlin Food","DemoMod:PartiallyEatenCheese","Meat on the Bone","Red Skull","Magic Flower","Shovel","Lantern","OrangePellets","infinitespire:Cubic Diamond","infinitespire:PuzzleCube"],"acts_visited":["Exordium"],"potions_floor_usage":[6,6],"damage_taken":[{"damage":0,"enemies":"Jaw Worm","floor":1,"turns":1},{"damage":0,"enemies":"Small Slimes","floor":2,"turns":1},{"damage":0,"enemies":"Cultist","floor":5,"turns":2},{"damage":0,"enemies":"Gremlin Nob","floor":6,"turns":2},{"damage":0,"enemies":"Blue Slaver","floor":7,"turns":2},{"damage":2,"enemies":"3 Sentries","floor":8,"turns":2}],"seed_played":"3438619285550057084","potions_obtained":[{"floor":2,"key":"Fire Potion"},{"floor":5,"key":"Energy Potion"}],"is_trial":false,"path_per_floor":["M","M","?","?","M","E","M","E"],"character_chosen":"IRONCLAD","items_purchased":["hubris:Metronome","infinitespire:ShieldingShard","Orrery","Inflame","Membership Card","Replay:Rubber Ducky","Pen Nib","Iron Hammer","DemoMod:MeatBun","DollysMirror","DemoMod:BlueGuonStone","Gremlin Food","Limit Break","Meat on the Bone","Red Skull","Shovel","Lantern","OrangePellets"],"campfire_rested":0,"item_purchase_floors":[0,0,0,0,0,0,0,0,0,0,0,0,0,0,0,0,0,0],"current_hp_per_floor":[80,80,80,69,75,80,80,78,78],"gold":262,"neow_bonus":"","is_daily":false,"chose_seed":false,"campfire_upgraded":0,"win_rate":0.0,"timestamp":1607879190,"path_taken":["M","M","?","?","M","E","M","E"],"items_purchased_type":["Relic","Relic","Relic","Card","Relic","Relic","Relic","Relic","Relic","Relic","Relic","Relic","Card","Relic","Relic","Relic","Relic","Relic"],"build_version":"2020-11-30","purchased_purges":0,"victory":false,"max_hp_per_floor":[80,80,80,80,80,80,80,80,80],"card_choices":[{"not_picked":["Clash","Disarm"],"picked":"Massacre","floor":0},{"not_picked":["Iron Wave","ReplayTheSpireMod:Stacked"],"picked":"Sword Boomerang","floor":0},{"not_picked":["DemoMod:BlackBlade","Life Link","Replay:Undeath\u0027s Touch"],"picked":"SKIP","floor":1},{"not_picked":["Shrug It Off","Clash","Bloodletting"],"picked":"SKIP","floor":2},{"not_picked":["Iron Wave","Warcry","Clash"],"picked":"SKIP","floor":5},{"not_picked":["Inflame","hubris:SharpeningStone"],"picked":"Sword Boomerang","floor":6},{"not_picked":["Cleave","Dark Embrace","ReplayTheSpireMod:LeadingStrike"],"picked":"SKIP","floor":7}],"player_experience":163950,"relics_obtained":[{"floor":6,"key":"infinitespire:PuzzleCube"}],"event_choices":[{"damage_healed":0,"gold_gain":75,"player_choice":"Gather Gold","damage_taken":11,"max_hp_gain":0,"max_hp_loss":0,"event_name":"World of Goop","floor":4,"gold_loss":0}],"is_beta":false,"boss_relics":[],"items_purged_floors":[],"is_endless":false,"potions_floor_spawned":[2,5],"killed_by":"3 Sentries","ascension_level":1}}