{"host":"st1kg310ms6sytc5","time":1607832142,"event":{"mods":["Act Like it!","BaseMod","CapriCore","Friendly Minions","Gensokyo","Koishi","Minty Spire (QoL Compilation)","Relic Stats","StSLib","SuperFastMode","[IsaacMod]ÒÔÈö¼âËþ","¡¾ÒÅÎï¿¨ÅÆ¡¿REMEMod"],"gold_per_floor":[114,131,56,75,75,102,2,28,76,94,94,129,148,159,159,260,260,273,273,273],"floor_reached":19,"playtime":813,"items_purged":["Koishi:BasicStrike","Koishi:BasicStrike"],"score":246,"play_id":"b873a8f5-e582-4882-b890-c54795f5f931","local_time":"20201213120222","is_ascension_mode":true,"campfire_choices":[{"data":"Koishi:FidgetySnatcher","floor":15.0,"key":"SMITH"}],"circlet_count":0,"master_deck":["Koishi:BasicStrike","Koishi:BasicStrike","Koishi:BasicDefend","Koishi:BasicDefend","Koishi:BasicDefend","Koishi:BasicDefend","Koishi:Provoke","Koishi:HauntingSlash","Koishi:RoseHell","Koishi:FourthEye","Koishi:BramblyRoseGarden","Koishi:FidgetySnatcher+1","Koishi:UnconsciousUprising","Koishi:ImGoingToCallYouNow"],"relics":["Koishi:ImaginaryFriend","REME_ComplimentaryCards","HushsDoor","Void","Anchor","Darkstone Periapt","GuppysPaw","REME_PuzzleBoxRelic","Tiny Chest","REME_LowDesire","REME_HandOfSuture","Vajra"],"acts_visited":["Exordium","TheCity"],"potions_floor_usage":[18],"damage_taken":[{"damage":0.0,"enemies":"Cultist","floor":1.0,"turns":4.0},{"damage":1.0,"enemies":"Jaw Worm","floor":2.0,"turns":5.0},{"damage":5.0,"enemies":"Small Slimes","floor":4.0,"turns":5.0},{"damage":18.0,"enemies":"Gremlin Nob","floor":6.0,"turns":5.0},{"damage":3.0,"enemies":"Lagavulin","floor":8.0,"turns":9.0},{"damage":1.0,"enemies":"Looter","floor":10.0,"turns":3.0},{"damage":0.0,"enemies":"3 Sentries","floor":12.0,"turns":6.0},{"damage":1.0,"enemies":"Exordium Thugs","floor":13.0,"turns":4.0},{"damage":0.0,"enemies":"Blue Slaver","floor":14.0,"turns":3.0},{"damage":11.0,"enemies":"Slime Boss","floor":16.0,"turns":9.0},{"damage":4,"enemies":"2 Thieves","floor":18,"turns":3},{"damage":99999999,"enemies":"3 Byrds","floor":19,"turns":2}],"seed_played":"2216743163640582721","potions_obtained":[{"floor":4.0,"key":"AttackPotion"},{"floor":6.0,"key":"SneckoOil"},{"floor":8.0,"key":"SteroidPotion"},{"floor":12.0,"key":"DistilledChaos"},{"floor":13.0,"key":"SpeedPotion"},{"floor":16.0,"key":"DistilledChaos"}],"is_trial":false,"path_per_floor":["M","M","$","M","?","E","$","E","T","M","?","E","M","M","R","B",null,"M","M"],"character_chosen":"KOISHI","items_purchased":[],"campfire_rested":0,"item_purchase_floors":[],"current_hp_per_floor":[60,60,60,56,41,26,26,26,26,26,23,25,25,25,25,16,60,60,0,0],"gold":273,"neow_bonus":"THREE_CARDS","is_daily":false,"chose_seed":false,"campfire_upgraded":1,"win_rate":0.0,"timestamp":1607832142,"path_taken":["M","M","$","?","?","E","?","E","T","?","?","E","M","M","R","BOSS","M","M"],"items_purchased_type":[],"build_version":"2020-11-30","purchased_purges":2,"victory":false,"max_hp_per_floor":[60,60,60,60,60,60,60,60,60,60,60,60,60,60,60,60,60,60,60,60],"relic_stats":{"Darkstone Periapt":0,"counters":[12,57],"Tiny Chest":0,"obtain_stats":[{"KeepersGift":0,"Darkstone Periapt":6,"GuppysPaw":8,"Vajra":17,"Frozen Eye":1,"Anchor":5,"Tiny Chest":12,"REME_HandOfSuture":17,"Void":0,"REME_PuzzleBoxRelic":11,"REME_LowDesire":17,"HushsDoor":0,"Koishi:ImaginaryFriend":0,"REME_ComplimentaryCards":0},{"KeepersGift":0,"Darkstone Periapt":4,"GuppysPaw":5,"Vajra":10,"Frozen Eye":1,"Anchor":3,"Tiny Chest":7,"REME_HandOfSuture":10,"Void":0,"REME_PuzzleBoxRelic":6,"REME_LowDesire":10,"HushsDoor":0,"Koishi:ImaginaryFriend":0,"REME_ComplimentaryCards":0},{"KeepersGift":0,"Darkstone Periapt":18,"GuppysPaw":27,"Vajra":52,"Frozen Eye":2,"Anchor":13,"Tiny Chest":36,"REME_HandOfSuture":52,"Void":0,"REME_PuzzleBoxRelic":30,"REME_LowDesire":52,"HushsDoor":0,"Koishi:ImaginaryFriend":0,"REME_ComplimentaryCards":0}]},"card_choices":[{"not_picked":["Koishi:MassHysteria","Koishi:Untouchable"],"picked":"Koishi:FourthEye","floor":0.0},{"not_picked":["Koishi:TraumaticStroke","Koishi:JumpScare"],"picked":"Koishi:BramblyRoseGarden","floor":1.0},{"not_picked":["Koishi:Vanish","Koishi:BramblyRoseGarden","Koishi:StingingMind"],"picked":"SKIP","floor":2.0},{"not_picked":["Koishi:RacingHeart","Koishi:IdleWhim","Koishi:ApparitionsStalkTheNight"],"picked":"SKIP","floor":4.0},{"not_picked":["Koishi:ReflexRadar","Koishi:BloodcurdlingScream"],"picked":"Bomb","floor":6.0},{"not_picked":["Koishi:RacingHeart","Koishi:FreudianInstinct","Koishi:PhantomStrike"],"picked":"SKIP","floor":8.0},{"not_picked":["Koishi:PhantomStrike","Koishi:FreudianInstinct","Koishi:DanmakuParanoia"],"picked":"SKIP","floor":10.0},{"not_picked":["Koishi:ReflexRadar","Koishi:VengefulSpirit"],"picked":"Koishi:FidgetySnatcher","floor":12.0},{"not_picked":["Koishi:BramblyRoseGarden","Koishi:RacingHeart"],"picked":"Koishi:UnconsciousUprising","floor":13.0},{"not_picked":["Koishi:PhantomStrike","Koishi:CatchAndRose","Koishi:DreadfulBlow"],"picked":"SKIP","floor":14.0},{"not_picked":["Koishi:RoseHell","Koishi:GrowingPain"],"picked":"Koishi:ImGoingToCallYouNow","floor":16.0},{"not_picked":["Koishi:UnseenTerror","Koishi:StingingMind","Koishi:LastRemote+1","REME_PuzzleBox"],"picked":"SKIP","floor":18}],"player_experience":1338587,"relics_obtained":[{"floor":6.0,"key":"Darkstone Periapt"},{"floor":8.0,"key":"GuppysPaw"},{"floor":12.0,"key":"Tiny Chest"},{"floor":17.0,"key":"REME_HandOfSuture"},{"floor":17.0,"key":"Vajra"}],"event_choices":[{"damage_healed":0.0,"max_hp_gain":0.0,"max_hp_loss":0.0,"gold_gain":0.0,"event_name":"Scrap Ooze","player_choice":"Success","floor":11.0,"gold_loss":0.0,"damage_taken":3.0,"relics_obtained":["REME_PuzzleBoxRelic"]}],"is_beta":false,"boss_relics":[{"not_picked":["Pandora\u0027s Box","Runic Pyramid"],"picked":"REME_LowDesire"},{"not_picked":[]}],"items_purged_floors":[3,7],"is_endless":false,"potions_floor_spawned":[4,6,8,12,13,16],"killed_by":"3 Byrds","ascension_level":3}}