{"host":"rtq35k3rt1qs984b","time":1607895038,"event":{"mods":["2.2 Compatiblity","AchievementEnabler","Act Like it!","Aspiration","BaseMod","Better Note","BetterRewards","Card Forge","Colored Map","Colored Powertips","Conspire","Downfall","Friendly Minions","Gensokyo","GifTheSpireLib","Grow up Mod","Halation","Hallownest","Highlight Path","Hubris","Infinite Spire","Minty Spire (QoL Compilation)","Permanent Neow","Rare Cards Sparkle","Replay The Spire","Shop Mod","StSLib","Steal the Spire","Stuff the Spire","SuperFastMode"],"gold_per_floor":[113,113,77,97,97,122,122,147,147,179,196,242,266,266,317,319,319],"floor_reached":16,"playtime":389,"items_purged":[],"score":236,"play_id":"e75e09a5-35e8-4015-84f9-c30f078588da","local_time":"20201213213038","is_ascension_mode":true,"campfire_choices":[{"data":"Replay:SS_hec_2","floor":7,"key":"SMITH"}],"circlet_count":0,"master_deck":["Strike_R","Strike_R","Strike_R","Strike_R","Strike_R","Defend_R","Defend_R","Defend_R","Defend_R","Bash","Replay:SS_hec_2+1","Thunderclap","Feel No Pain","Uppercut","ReplayTheSpireMod:Limb From Limb","Regret"],"relics":["Replay:M_StaffOfTheSnake","Hammer of Thor","Seething Fire","Anvil of the Gods","infinitespire:Cubic Diamond","Blood Vial","infinitespire:Magic Flask","infinitespire:Bottled Soul","Replay:Bandana","hubris:TenFootPole","Bag of Marbles"],"acts_visited":["Exordium"],"potions_floor_usage":[],"damage_taken":[{"damage":1,"enemies":"Cultist","floor":1,"turns":3},{"damage":3,"enemies":"Small Slimes","floor":4,"turns":4},{"damage":24,"enemies":"Gremlin Nob","floor":6,"turns":4},{"damage":8,"enemies":"Lagavulin","floor":8,"turns":7},{"damage":0,"enemies":"Gremlin Nob","floor":10,"turns":5},{"damage":0,"enemies":"Jaw Worm","floor":11,"turns":4},{"damage":28,"enemies":"3 Louse","floor":13,"turns":5},{"damage":182,"enemies":"Fading Forest","floor":16,"turns":10}],"seed_played":"6645463475191124945","potions_obtained":[{"floor":4,"key":"FearPotion"},{"floor":10,"key":"Swift Potion"},{"floor":11,"key":"Block Potion"}],"is_trial":false,"path_per_floor":["M","T","$","M","?","E","R","E","T","E","M","T","M","?","R_BF","B"],"character_chosen":"IRONCLAD","items_purchased":["Feel No Pain"],"campfire_rested":0,"item_purchase_floors":[3],"current_hp_per_floor":[97,107,117,130,140,126,136,140,150,162,174,184,168,178,188,8,8],"gold":319,"neow_bonus":"RANDOM_COLORLESS","is_daily":false,"chose_seed":false,"campfire_upgraded":1,"win_rate":0.0,"timestamp":1607895038,"path_taken":["M","?","$","M","?","E","R","E","T","E","M","?","M","?","R_BF","BOSS"],"items_purchased_type":["Card"],"build_version":"2020-11-30","purchased_purges":0,"victory":false,"max_hp_per_floor":[100,110,120,130,140,150,160,170,180,190,200,210,220,230,240,240,240],"card_choices":[{"not_picked":["Enlightenment","Replay:Parry"],"picked":"Replay:SS_hec_2","floor":0},{"not_picked":["Blood for Blood","StuffTheSpire:BloodClot"],"picked":"Thunderclap","floor":1},{"not_picked":["ReplayTheSpireMod:LeadingStrike","hubris:CleavingFinish"],"picked":"Uppercut","floor":4},{"not_picked":["Reckless Charge","Crescendo"],"picked":"ReplayTheSpireMod:Limb From Limb","floor":6},{"not_picked":["hubris:ReadiedAction","Wild Strike","ReplayTheSpireMod:LeadingStrike"],"picked":"SKIP","floor":8},{"not_picked":["Night Terror","ThirdEye","Sword Boomerang"],"picked":"SKIP","floor":10},{"not_picked":["ClearTheMind","ReplayTheSpireMod:Strike From Hell","Well Laid Plans"],"picked":"SKIP","floor":11},{"not_picked":["Crescendo","Headbutt","Sword Boomerang"],"picked":"SKIP","floor":13}],"player_experience":115427,"relics_obtained":[{"floor":6,"key":"Blood Vial"},{"floor":8,"key":"infinitespire:Magic Flask"},{"floor":9,"key":"infinitespire:Bottled Soul"},{"floor":10,"key":"Replay:Bandana"},{"floor":12,"key":"hubris:TenFootPole"}],"event_choices":[{"damage_healed":0,"gold_gain":0,"player_choice":"Box","damage_taken":0,"relics_obtained":["Bag of Marbles"],"max_hp_gain":0,"max_hp_loss":0,"event_name":"Big Fish","floor":14,"gold_loss":0,"cards_obtained":["Regret"]}],"is_beta":false,"boss_relics":[],"items_purged_floors":[],"is_endless":false,"potions_floor_spawned":[4,10,11],"killed_by":"Fading Forest","ascension_level":6}}