{"host":"whyfdmrq1ty0e9zp","time":1607849826,"event":{"mods":["Act Like it!","BaseMod","Colored Map","Colored Powertips","Conspire","Gensokyo","LagranYue(拉格朗・月)","Marisa（F雨　魔理沙）","Minty Spire (QoL Compilation)","MostiFishMod","Prisma Mod","Quick Restart","Relic Stats","Remilia（蕾米莉亚）","Replay The Spire","StSLib","TestMod","vexMod","【遗物卡牌】REMEMod"],"gold_per_floor":[111,124,224,21,31,31,64,91,91,91,112,112,128,153,153,278,278,297,331,114,114,114,147,85,115,140,152,180,202,214,262,274,407,419,441,489,287,287,314,360,72,99,169,169,169,235,259,287,287,287],"floor_reached":51,"playtime":3008,"items_purged":["Strike_MRS","Strike_MRS","Strike_MRS","Strike_MRS"],"score":1362,"play_id":"73379009-6607-42e4-9863-f634ae746c43","local_time":"20201213165706","is_ascension_mode":true,"campfire_choices":[{"data":"OpenUniverse","floor":6.0,"key":"SMITH"},{"data":"StarDustReverie","floor":10.0,"key":"SMITH"},{"data":"IllusionStar","floor":12.0,"key":"SMITH"},{"data":"MagicAbsorber","floor":15.0,"key":"SMITH"},{"data":"SatelliteIllusion","floor":30,"key":"SMITH"},{"data":"OpenUniverse","floor":32,"key":"SMITH"},{"data":"BigCrunch","floor":45,"key":"SMITH"},{"data":"EscapeVelocity","floor":49,"key":"SMITH"}],"circlet_count":0,"master_deck":["Defend_MRS","Defend_MRS","Defend_MRS","Defend_MRS","MasterSpark","UpSweep","MostiFishMod:KingOfFree","OpenUniverse+1","WitchOfGreed","DarkMatter","DarkMatter","StarDustReverie+1","MagicAbsorber+1","IllusionStar+1","TreasureHunter","MilkyWay","ShootingEcho","OpenUniverse+1","SatelliteIllusion+1","BigCrunch+1","Acceleration","Acceleration","EscapeVelocity+1","Acceleration","Chrysalis","EarthLightRay+1","MagicChant+1"],"relics":["MiniHakkero","testmod-TestBox","DaveBox","REME_ComplimentaryCards","RhineSuit","testmod-ObsoleteBoomerang","LagranYue:RandomDrawCardRelic","Blue Doll","Question Card","Membership Card","Du-Vu Doll","vexMod:CardConverter","Ginger","ImportantClient","HereWithMe","ClockworkSouvenir","ReplayTheSpireMod:Lightbulb","Singing Bowl","MealTicket","Replay:Rubber Ducky","SynthV","Art of War","Snack Pack","MawBank","GreenFoldingFan","Mirror","InkBottle","Medical Kit","ScarletDevilRocket","Toxic Egg 2","testmod-BalancedPeriapt","Calipers","vexMod:RetaliationKit","Ancient Tea Set","testmod-TurbochargingSystem","LagranYue:GuidanceLightRelic"],"acts_visited":["Exordium","TheCity","TheBeyond"],"potions_floor_usage":[23,29,31,50,50,50,50],"damage_taken":[{"damage":0.0,"enemies":"2 Louse","floor":1.0,"turns":1.0},{"damage":0.0,"enemies":"Cultist","floor":2.0,"turns":2.0},{"damage":4.0,"enemies":"Jaw Worm","floor":5.0,"turns":2.0},{"damage":0.0,"enemies":"Gremlin Nob","floor":7.0,"turns":2.0},{"damage":7.0,"enemies":"Gremlin Gang","floor":8.0,"turns":3.0},{"damage":0.0,"enemies":"Looter","floor":11.0,"turns":2.0},{"damage":0.0,"enemies":"3 Louse","floor":13.0,"turns":3.0},{"damage":0.0,"enemies":"Lagavulin","floor":14.0,"turns":2.0},{"damage":0.0,"enemies":"Fading Forest","floor":16.0,"turns":6.0},{"damage":0.0,"enemies":"Chosen","floor":18.0,"turns":5.0},{"damage":12.0,"enemies":"3 Byrds","floor":19.0,"turns":2.0},{"damage":12,"enemies":"Gremlin Leader","floor":23,"turns":7},{"damage":9,"enemies":"Centurion and Healer","floor":25,"turns":2},{"damage":0,"enemies":"3 Cultists","floor":27,"turns":2},{"damage":0,"enemies":"Book of Stabbing","floor":28,"turns":3},{"damage":0,"enemies":"Snecko","floor":29,"turns":2},{"damage":0,"enemies":"Chosen and Byrds","floor":31,"turns":3},{"damage":0,"enemies":"Champ","floor":33,"turns":4},{"damage":2,"enemies":"Orb Walker","floor":35,"turns":1},{"damage":22,"enemies":"3 Darklings","floor":36,"turns":3},{"damage":6,"enemies":"Spire Growth","floor":39,"turns":3},{"damage":12,"enemies":"Reptomancer","floor":40,"turns":3},{"damage":22,"enemies":"Nemesis","floor":42,"turns":3},{"damage":6,"enemies":"Mind Bloom Boss Battle","floor":46,"turns":3},{"damage":8,"enemies":"R_Hoarder","floor":48,"turns":3},{"damage":6,"enemies":"Time Eater","floor":50,"turns":3}],"seed_played":"4737112787077198733","potions_obtained":[{"floor":1.0,"key":"PowerPotion"},{"floor":7.0,"key":"FearPotion"},{"floor":8.0,"key":"AttackPotion"},{"floor":16.0,"key":"Swift Potion"},{"floor":25,"key":"Languid Potion"},{"floor":27,"key":"BlessingOfTheForge"},{"floor":31,"key":"EssenceOfSteel"},{"floor":31,"key":"testmod-SpacePotion"},{"floor":33,"key":"AttackPotion"},{"floor":36,"key":"GamblersBrew"}],"is_trial":false,"path_per_floor":["M","M","?","$","M","R","E","M","T","R","M","R","M","E","R","B",null,"M","M","$","?","T","E","$","M","T","M","E","M","R","M","R","B",null,"M","M","$","?","M","E","$","E","T","?","R","?","T","E","R","B",null],"character_chosen":"MARISA","items_purchased":["Membership Card","DarkMatter","ClockworkSouvenir","ReplayTheSpireMod:Lightbulb","SynthV","Acceleration","Mirror","Medical Kit","Acceleration","Chrysalis","ScarletDevilRocket"],"campfire_rested":0,"item_purchase_floors":[4,4,20,20,24,37,37,41,41,41,41],"current_hp_per_floor":[75,75,75,75,71,71,72,66,66,66,69,69,70,70,70,79,79,81,70,70,70,70,62,77,71,71,73,76,78,78,81,81,88,95,97,92,103,98,100,100,106,97,97,97,97,108,108,108,108,108],"gold":287,"neow_bonus":"RANDOM_COMMON_RELIC","is_daily":false,"chose_seed":false,"campfire_upgraded":8,"win_rate":0.0,"timestamp":1607849826,"path_taken":["M","M","?","$","?","R","E","M","T","R","M","R","M","E","R","BOSS","M","M","$","?","?","E","$","M","T","M","E","?","R","M","R","BOSS","M","M","$","?","M","E","$","E","T","?","R","?","?","E","R","BOSS"],"items_purchased_type":["Relic","Card","Relic","Relic","Relic","Card","Relic","Relic","Card","Card","Relic"],"build_version":"2020-11-30","purchased_purges":4,"victory":true,"max_hp_per_floor":[75,75,75,75,75,75,75,75,75,75,77,77,77,77,77,79,79,81,81,81,81,81,83,83,85,85,87,89,91,91,93,93,95,95,97,99,103,98,100,102,106,108,108,108,108,108,108,108,108,108],"relic_stats":{"Singing Bowl":14,"counters":[26,75],"MealTicket":24,"Art of War":[2],"Ginger":[5],"Question Card":24,"MawBank":108,"Medical Kit":[2],"obtain_stats":[{"ScarletDevilRocket":41,"Calipers":46,"DaveBox":0,"LagranYue:RandomDrawCardRelic":0,"Singing Bowl":22,"SynthV":24,"RhineSuit":0,"Blue Doll":0,"Ginger":14,"Ancient Tea Set":47,"ClockworkSouvenir":20,"Replay:Rubber Ducky":23,"GreenFoldingFan":34,"vexMod:CardConverter":9,"Sundial":36,"testmod-ObsoleteBoomerang":0,"HereWithMe":17,"MealTicket":23,"Toxic Egg 2":42,"vexMod:RetaliationKit":46,"InkBottle":40,"ImportantClient":16,"testmod-TestBox":0,"Blue Candle":29,"Letter Opener":25,"testmod-TurbochargingSystem":48,"Question Card":1,"MawBank":28,"Medical Kit":41,"Du-Vu Doll":7,"LagranYue:GuidanceLightRelic":48,"Shuriken":14,"Ornamental Fan":40,"Art of War":26,"Snack Pack":28,"MiniHakkero":0,"Membership Card":4,"testmod-BalancedPeriapt":43,"ReplayTheSpireMod:Lightbulb":20,"Mirror":37,"REME_ComplimentaryCards":0},{"ScarletDevilRocket":22,"Calipers":24,"DaveBox":0,"LagranYue:RandomDrawCardRelic":0,"Singing Bowl":11,"SynthV":12,"RhineSuit":0,"Blue Doll":0,"Ginger":8,"Ancient Tea Set":24,"ClockworkSouvenir":11,"Replay:Rubber Ducky":12,"GreenFoldingFan":18,"vexMod:CardConverter":5,"Sundial":20,"testmod-ObsoleteBoomerang":0,"HereWithMe":9,"MealTicket":12,"Toxic Egg 2":23,"vexMod:RetaliationKit":24,"InkBottle":22,"ImportantClient":9,"testmod-TestBox":0,"Blue Candle":16,"Letter Opener":13,"testmod-TurbochargingSystem":25,"Question Card":1,"MawBank":15,"Medical Kit":22,"Du-Vu Doll":4,"LagranYue:GuidanceLightRelic":25,"Shuriken":8,"Ornamental Fan":22,"Art of War":13,"Snack Pack":15,"MiniHakkero":0,"Membership Card":2,"testmod-BalancedPeriapt":23,"ReplayTheSpireMod:Lightbulb":11,"Mirror":20,"REME_ComplimentaryCards":0},{"ScarletDevilRocket":63,"Calipers":69,"DaveBox":0,"LagranYue:RandomDrawCardRelic":0,"Singing Bowl":30,"SynthV":37,"RhineSuit":0,"Blue Doll":0,"Ginger":17,"Ancient Tea Set":69,"ClockworkSouvenir":30,"Replay:Rubber Ducky":37,"GreenFoldingFan":53,"vexMod:CardConverter":10,"Sundial":56,"testmod-ObsoleteBoomerang":0,"HereWithMe":23,"MealTicket":37,"Toxic Egg 2":66,"vexMod:RetaliationKit":69,"InkBottle":63,"ImportantClient":23,"testmod-TestBox":0,"Blue Candle":46,"Letter Opener":39,"testmod-TurbochargingSystem":72,"Question Card":1,"MawBank":44,"Medical Kit":63,"Du-Vu Doll":7,"LagranYue:GuidanceLightRelic":72,"Shuriken":16,"Ornamental Fan":63,"Art of War":39,"Snack Pack":44,"MiniHakkero":0,"Membership Card":3,"testmod-BalancedPeriapt":66,"ReplayTheSpireMod:Lightbulb":30,"Mirror":57,"REME_ComplimentaryCards":0}],"InkBottle":[10]},"card_choices":[{"not_picked":["6A","GravityBeat"],"picked":"OpenUniverse","floor":1.0},{"not_picked":["EnergyFlow","EarthLightRay","WitchLeyline"],"picked":"WitchOfGreed","floor":2.0},{"not_picked":["Singularity","OrrerysSun","MysteriousBeam","6A"],"picked":"SKIP","floor":5.0},{"not_picked":["ManaRampage","ChargingUp","ManaConvection"],"picked":"StarDustReverie","floor":7.0},{"not_picked":["DoubleSpark","LuminesStrike","WitchLeyline"],"picked":"MagicAbsorber","floor":8.0},{"not_picked":["WitchLeyline","DC","BlazeAway"],"picked":"IllusionStar","floor":11.0},{"not_picked":["ShootingEcho","ChargeUpSpray","NonDirectionalLaser","DeepEcoloBomb"],"picked":"SKIP","floor":13.0},{"not_picked":["AlicesGift","SporeBomb","WitchLeyline","PulseMagic"],"picked":"SKIP","floor":14.0},{"not_picked":["JA","EscapeVelocity","FinalSpark"],"picked":"TreasureHunter","floor":16.0},{"not_picked":["MagicAbsorber","PowerUp","DeepEcoloBomb"],"picked":"MilkyWay","floor":18.0},{"not_picked":["SprinkleStarSeal","MysteriousBeam","UnstableBomb","DeepEcoloBomb+1"],"picked":"SKIP","floor":19.0},{"not_picked":["SporeBomb","UnstableBomb","DoubleSpark"],"picked":"ShootingEcho","floor":23},{"not_picked":["MeteoricShower","StarBarrage","MachineGunSpark","MysteriousBeam"],"picked":"Singing Bowl","floor":25},{"not_picked":["GravityBeat","MysteriousBeam","RefractionSpark+1","SporeBomb"],"picked":"Singing Bowl","floor":27},{"not_picked":["6A+1","EventHorizon+1","MeteoricShower"],"picked":"OpenUniverse","floor":28},{"not_picked":["LuminesStrike","SporeBomb","GrandCross"],"picked":"SatelliteIllusion","floor":29},{"not_picked":["AlicesGift","DC","EventHorizon+1","CollectingQuirk"],"picked":"Singing Bowl","floor":31},{"not_picked":["JA","SuperNova","FinalSpark"],"picked":"BigCrunch","floor":33},{"not_picked":["EventHorizon","SprinkleStarSeal+1","GasGiant","UnstableBomb+1"],"picked":"Singing Bowl","floor":35},{"not_picked":["StarlightTyphoon+1","UnstableBomb","AlicesGift+1","PowerUp+1"],"picked":"Singing Bowl","floor":36},{"not_picked":["PulseMagic","ShootingEcho","GrandCross","AlicesGift+1"],"picked":"Singing Bowl","floor":39},{"not_picked":["ShootTheMoon+1","DC+1","MysteriousBeam+1"],"picked":"EscapeVelocity","floor":40},{"not_picked":["MachineGunSpark+1","ShootingEcho+1","ShootTheMoon"],"picked":"EarthLightRay+1","floor":42},{"not_picked":["6A+1","GasGiant+1","WitchLeyline+1"],"picked":"MagicChant+1","floor":46},{"not_picked":["SporeBomb+1","EarthLightRay+1","WitchLeyline","GrandCross"],"picked":"Singing Bowl","floor":48}],"player_experience":402464,"relics_obtained":[{"floor":1.0,"key":"Question Card"},{"floor":7.0,"key":"Du-Vu Doll"},{"floor":9.0,"key":"vexMod:CardConverter"},{"floor":14.0,"key":"Ginger"},{"floor":16.0,"key":"ImportantClient"},{"floor":22,"key":"Singing Bowl"},{"floor":23,"key":"MealTicket"},{"floor":23,"key":"Replay:Rubber Ducky"},{"floor":26,"key":"Art of War"},{"floor":28,"key":"Snack Pack"},{"floor":28,"key":"MawBank"},{"floor":40,"key":"InkBottle"},{"floor":42,"key":"Toxic Egg 2"},{"floor":43,"key":"testmod-BalancedPeriapt"},{"floor":46,"key":"Calipers"},{"floor":46,"key":"vexMod:RetaliationKit"},{"floor":47,"key":"Ancient Tea Set"},{"floor":48,"key":"testmod-TurbochargingSystem"},{"floor":48,"key":"LagranYue:GuidanceLightRelic"}],"event_choices":[{"damage_healed":0.0,"max_hp_gain":0.0,"max_hp_loss":0.0,"gold_gain":100.0,"event_name":"Golden Shrine","player_choice":"Pray","floor":3.0,"gold_loss":0.0,"damage_taken":0.0},{"damage_healed":0,"gold_gain":0,"player_choice":"Ignored","damage_taken":0,"max_hp_gain":0,"max_hp_loss":0,"event_name":"The Mausoleum","floor":21,"gold_loss":0},{"damage_healed":0,"gold_gain":0,"player_choice":"Max HP","damage_taken":0,"max_hp_gain":0,"max_hp_loss":5,"event_name":"Winding Halls","floor":38,"gold_loss":0},{"damage_healed":0,"gold_gain":0,"player_choice":"Leave","damage_taken":0,"max_hp_gain":0,"max_hp_loss":0,"event_name":"conspire:Investor","floor":44,"gold_loss":0},{"damage_healed":0,"gold_gain":0,"player_choice":"Fight","damage_taken":0,"max_hp_gain":0,"max_hp_loss":0,"event_name":"MindBloom","floor":46,"gold_loss":0}],"is_beta":false,"boss_relics":[{"not_picked":["TakeMeEscape","Abe\u0027s Treasure"],"picked":"HereWithMe"},{"not_picked":["Runic Pyramid","testmod-StringDisintegrator"],"picked":"GreenFoldingFan"}],"items_purged_floors":[4,20,37,41],"is_endless":false,"potions_floor_spawned":[1,7,8,16,18,23,25,27,31,36,42,46,48],"ascension_level":4}}