{"host":"tpad8qsc9e0g0pa5","time":1607841301,"event":{"mods":["BaseMod","Minty Spire (QoL Compilation)","Quick Restart","StSLib","The Bug Knight","The Servant 0.9.4"],"gold_per_floor":[14,28,45,64,64,64,95,108,156,156,156,12,47,24,24,126,176,189,203,223,243,243,243,272,272,272],"floor_reached":25,"playtime":2141,"items_purged":[],"score":271,"play_id":"e1af3dc2-e456-4777-a111-2239f20e2ae7","local_time":"20201213143501","is_ascension_mode":true,"campfire_choices":[{"floor":6.0,"key":"REST"},{"floor":11.0,"key":"REST"},{"data":"Armaments","floor":15.0,"key":"SMITH"},{"data":"Berserk","floor":23,"key":"SMITH"}],"circlet_count":0,"master_deck":["Strike_R+1","Strike_R","Strike_R","Defend_R+1","Defend_R","Defend_R","Bash","Dark Embrace","Shrug It Off","Uppercut","Pommel Strike+1","Armaments+1","Berserk+1","Seeing Red","Reaper","True Grit"],"relics":["Burning Blood","Toy Ornithopter","Bag of Preparation","Anchor","White Beast Statue","Tiny House","Red Skull"],"acts_visited":[],"potions_floor_usage":[21,21,24,25],"damage_taken":[{"damage":12.0,"enemies":"Small Slimes","floor":1.0,"turns":3.0},{"damage":2.0,"enemies":"2 Louse","floor":2.0,"turns":3.0},{"damage":13.0,"enemies":"Jaw Worm","floor":3.0,"turns":3.0},{"damage":20.0,"enemies":"Gremlin Gang","floor":4.0,"turns":7.0},{"damage":41.0,"enemies":"Gremlin Nob","floor":7.0,"turns":5.0},{"damage":1.0,"enemies":"Blue Slaver","floor":8.0,"turns":5.0},{"damage":0.0,"enemies":"Lagavulin","floor":13.0,"turns":5.0},{"damage":60.0,"enemies":"The Guardian","floor":16.0,"turns":12.0},{"damage":2.0,"enemies":"Chosen","floor":18.0,"turns":5.0},{"damage":5.0,"enemies":"2 Thieves","floor":19.0,"turns":4.0},{"damage":9,"enemies":"Snecko","floor":20,"turns":4},{"damage":27,"enemies":"Snake Plant","floor":21,"turns":5},{"damage":82,"enemies":"Slavers","floor":24,"turns":9},{"damage":50,"enemies":"Shelled Parasite and Fungi","floor":25,"turns":4}],"seed_played":"7893616274910184446","potions_obtained":[{"floor":7.0,"key":"SkillPotion"},{"floor":8.0,"key":"PowerPotion"},{"floor":16.0,"key":"ColorlessPotion"},{"floor":17.0,"key":"SkillPotion"},{"floor":18.0,"key":"EssenceOfSteel"},{"floor":19.0,"key":"Strength Potion"},{"floor":20,"key":"Energy Potion"},{"floor":21,"key":"Regen Potion"},{"floor":24,"key":"Regen Potion"}],"is_trial":false,"path_per_floor":["M","M","M","M","?","R","E","M","T","?","R","$","E","$","R","B",null,"M","M","M","M","?","R","E","M"],"character_chosen":"IRONCLAD","items_purchased":["Anchor","Armaments"],"campfire_rested":2,"item_purchase_floors":[12,14],"current_hp_per_floor":[74,78,71,57,50,74,39,44,44,28,52,52,68,68,68,14,85,85,85,82,67,67,67,19,0,0],"gold":272,"neow_bonus":"REMOVE_TWO","is_daily":false,"chose_seed":false,"campfire_upgraded":2,"win_rate":0.0,"timestamp":1607841301,"path_taken":["M","M","M","M","?","R","E","M","T","?","R","?","E","$","R","BOSS","M","M","?","M","?","R","E","M"],"items_purchased_type":["Relic","Card"],"build_version":"2020-11-30","purchased_purges":0,"victory":false,"max_hp_per_floor":[80,80,80,80,80,80,80,80,80,80,80,80,80,80,80,80,85,85,85,85,85,85,85,85,85,85],"card_choices":[{"not_picked":["Anger","Sword Boomerang"],"picked":"Dark Embrace","floor":1.0},{"not_picked":["Wild Strike","Twin Strike","Body Slam"],"picked":"SKIP","floor":2.0},{"not_picked":["Anger","Clash"],"picked":"Shrug It Off","floor":3.0},{"not_picked":["Warcry","Heavy Blade","Wild Strike"],"picked":"SKIP","floor":4.0},{"not_picked":["Carnage","Sword Boomerang"],"picked":"Uppercut","floor":7.0},{"not_picked":["Seeing Red","Perfected Strike"],"picked":"Pommel Strike","floor":8.0},{"not_picked":["Warcry","Power Through","Heavy Blade"],"picked":"SKIP","floor":13.0},{"not_picked":["Limit Break","Juggernaut"],"picked":"Berserk","floor":16.0},{"not_picked":["Armaments+1","Flex+1","Metallicize"],"picked":"SKIP","floor":18.0},{"not_picked":["Shrug It Off+1","Shockwave"],"picked":"Seeing Red","floor":19.0},{"not_picked":["Anger","Warcry","Clothesline"],"picked":"SKIP","floor":20},{"not_picked":["Clothesline","Iron Wave","Flame Barrier"],"picked":"SKIP","floor":21},{"not_picked":["Double Tap","Armaments"],"picked":"True Grit","floor":24}],"player_experience":216208,"relics_obtained":[{"floor":7.0,"key":"Toy Ornithopter"},{"floor":9.0,"key":"Bag of Preparation"},{"floor":13.0,"key":"White Beast Statue"},{"floor":24,"key":"Red Skull"}],"event_choices":[{"cards_removed":["Strike_R"],"damage_healed":0.0,"max_hp_gain":0.0,"max_hp_loss":0.0,"gold_gain":0.0,"event_name":"Golden Wing","player_choice":"Card Removal","floor":5.0,"gold_loss":0.0,"damage_taken":7.0},{"damage_healed":0.0,"max_hp_gain":0.0,"max_hp_loss":0.0,"gold_gain":0.0,"event_name":"Shining Light","player_choice":"Entered Light","floor":10.0,"gold_loss":0.0,"damage_taken":16.0,"cards_upgraded":["Defend_R","Strike_R"]},{"damage_healed":0,"gold_gain":0,"player_choice":"1 cards matched","damage_taken":0,"max_hp_gain":0,"max_hp_loss":0,"event_name":"Match and Keep!","floor":22,"gold_loss":0,"cards_obtained":["Reaper"]}],"is_beta":false,"boss_relics":[{"not_picked":["Fusion Hammer","Sozu"],"picked":"Tiny House"}],"items_purged_floors":[],"is_endless":false,"potions_floor_spawned":[7,8,16,18,19,20,21,24],"killed_by":"Shelled Parasite and Fungi","ascension_level":1}}