{"host":"e9x02d116nyd6j9y","time":1607840465,"event":{"mods":["BaseMod","Lobotomy","Minty Spire (QoL Compilation)","SuperFastMode","everything is the same but u backflip on backflip"],"gold_per_floor":[118,118,118,93,108,108,108,108,158,158,174,174,209,227,227,358,358,374,236,236,224,240,240,240,265,265,143,157,175,175,175],"floor_reached":30,"playtime":1290,"items_purged":["Parasite"],"score":255,"play_id":"ff9208df-bd77-4ec6-a63d-29f4f5613ac4","local_time":"20201213152105","is_ascension_mode":false,"campfire_choices":[{"data":"Sword Boomerang","floor":6,"key":"SMITH"},{"data":"Bash","floor":8,"key":"SMITH"},{"floor":15,"key":"REST"},{"data":"Pommel Strike","floor":23,"key":"SMITH"}],"circlet_count":0,"master_deck":["Strike_R","Strike_R","Strike_R+1","Defend_R+1","Defend_R","Defend_R","Bash+1","UniverseFragment","Clash","Sword Boomerang+1","Murderer","QueenOfHatred","Cleave+1","Freischutz","MHz","Pommel Strike+1","CENSORED","Impervious","Power Through+1","Barricade+1","Sever Soul+1","WhitesApple","Anger","Impervious","Scorched","Iron Wave+1","Pain","Shrug It Off","FairyFestival","Double Tap","Body Slam","Parasite","Flame Barrier+1","CrumblingArmor","Thunderclap"],"relics":["Burning Blood","CogitoBucket","Lantern","Golden Idol","Unceasing Top","Astrolabe","Mercury Hourglass","SkinProphecy"],"acts_visited":["Exordium","TheCity"],"potions_floor_usage":[],"damage_taken":[{"damage":3,"enemies":"Jaw Worm","floor":1,"turns":5},{"damage":0,"enemies":"2 Louse","floor":5,"turns":1},{"damage":0,"enemies":"Small Slimes","floor":11,"turns":3},{"damage":3,"enemies":"Gremlin Nob","floor":13,"turns":3},{"damage":0,"enemies":"3 Louse","floor":14,"turns":1},{"damage":72,"enemies":"Slime Boss","floor":16,"turns":17},{"damage":23,"enemies":"Spheric Guardian","floor":18,"turns":6},{"damage":19,"enemies":"2 Thieves","floor":21,"turns":5},{"damage":16,"enemies":"Snake Plant","floor":22,"turns":5},{"damage":56,"enemies":"Chosen and Byrds","floor":25,"turns":7},{"damage":39,"enemies":"Shelled Parasite and Fungi","floor":28,"turns":7},{"damage":17,"enemies":"Cultist and Chosen","floor":29,"turns":5},{"damage":77,"enemies":"Book of Stabbing","floor":30,"turns":7}],"seed_played":"-7218928343156519628","potions_obtained":[{"floor":1,"key":"LiquidMemories"},{"floor":11,"key":"FearPotion"},{"floor":25,"key":"Swift Potion"},{"floor":29,"key":"Explosive Potion"}],"is_trial":false,"path_per_floor":["M","?","?","$","M","R","$","R","T","?","M","?","E","M","R","B",null,"M","$","?","M","M","R","?","M","T","$","M","M","E"],"character_chosen":"IRONCLAD","items_purchased":["Sword Boomerang","Impervious","Body Slam"],"campfire_rested":1,"item_purchase_floors":[4,19,27],"current_hp_per_floor":[80,64,64,64,70,70,70,70,70,70,74,74,74,74,74,11,74,71,71,71,67,74,74,71,53,53,53,53,48,0,0],"gold":175,"neow_bonus":"","is_daily":false,"chose_seed":false,"campfire_upgraded":3,"win_rate":0.0,"timestamp":1607840465,"path_taken":["M","?","?","$","M","R","$","R","T","?","M","?","E","?","R","BOSS","M","$","?","M","M","R","?","M","T","$","M","M","E"],"items_purchased_type":["Card","Card","Card"],"build_version":"2020-11-30","purchased_purges":1,"victory":false,"max_hp_per_floor":[80,80,80,80,80,80,80,80,80,74,74,74,74,74,74,74,74,74,74,74,74,74,74,71,71,71,68,68,68,70,70],"card_choices":[{"not_picked":["Scorched","HeroicMonk"],"picked":"UniverseFragment","floor":1},{"not_picked":["Warcry","Ghostly Armor"],"picked":"Clash","floor":1},{"not_picked":["MeatLantern","SpiderBud"],"picked":"Murderer","floor":5},{"not_picked":["Warcry","Clothesline","Combust"],"picked":"SKIP","floor":5},{"not_picked":["Bloodbath","MeatLantern"],"picked":"QueenOfHatred","floor":11},{"not_picked":["Thunderclap","Battle Trance"],"picked":"Cleave","floor":11},{"not_picked":["Scorched","VoidDream"],"picked":"Freischutz","floor":13},{"not_picked":["Uppercut","Seeing Red","Disarm"],"picked":"SKIP","floor":13},{"not_picked":["WallGazer","BlackSwan"],"picked":"MHz","floor":14},{"not_picked":["Iron Wave","Bloodletting"],"picked":"Pommel Strike","floor":14},{"not_picked":["FieryBird","Scorched"],"picked":"CENSORED","floor":16},{"not_picked":["Bludgeon","Double Tap"],"picked":"Impervious","floor":16},{"not_picked":["MeatLantern","BeautyBeast"],"picked":"WhitesApple","floor":18},{"not_picked":["Dual Wield+1","Rampage+1"],"picked":"Anger","floor":18},{"not_picked":["Burning Pact","Shockwave","Inflame"],"picked":"SKIP","floor":21},{"not_picked":["VoidDream","Rudolta"],"picked":"Scorched","floor":22},{"not_picked":["Twin Strike","Inflame"],"picked":"Iron Wave+1","floor":22},{"not_picked":["CherryBlossoms","Alriune"],"picked":"FairyFestival","floor":25},{"not_picked":["Anger","Shrug It Off"],"picked":"Double Tap","floor":25},{"not_picked":["Armaments","Clash"],"picked":"Flame Barrier+1","floor":28},{"not_picked":["GreedKing","MeltingLove"],"picked":"CrumblingArmor","floor":29},{"not_picked":["Clothesline+1","Headbutt"],"picked":"Thunderclap","floor":29}],"player_experience":6281,"relics_obtained":[{"floor":9,"key":"Lantern"},{"floor":13,"key":"Unceasing Top"},{"floor":26,"key":"Mercury Hourglass"}],"event_choices":[{"damage_healed":0,"gold_gain":0,"player_choice":"Entered Light","damage_taken":16,"max_hp_gain":0,"max_hp_loss":0,"event_name":"Shining Light","floor":2,"gold_loss":0,"cards_upgraded":["Strike_R","Defend_R"]},{"damage_healed":0,"gold_gain":0,"player_choice":"Ignored","damage_taken":0,"max_hp_gain":0,"max_hp_loss":0,"event_name":"Liars Game","floor":3,"gold_loss":0},{"damage_healed":0,"gold_gain":0,"player_choice":"Lose Max HP","damage_taken":0,"relics_obtained":["Golden Idol"],"max_hp_gain":0,"max_hp_loss":6,"event_name":"Golden Idol","floor":10,"gold_loss":0},{"damage_healed":0,"gold_gain":0,"player_choice":"Grow","damage_taken":0,"max_hp_gain":0,"max_hp_loss":0,"event_name":"Living Wall","floor":12,"gold_loss":0,"cards_upgraded":["Cleave"]},{"damage_healed":0,"gold_gain":0,"player_choice":"Read","damage_taken":0,"max_hp_gain":0,"max_hp_loss":0,"event_name":"The Library","floor":20,"gold_loss":0,"cards_obtained":["Intimidate"]},{"damage_healed":0,"gold_gain":0,"cards_transformed":["Parasite","Intimidate"],"player_choice":"Became Test Subject","damage_taken":0,"max_hp_gain":0,"max_hp_loss":0,"event_name":"Drug Dealer","floor":24,"gold_loss":0,"cards_obtained":["Pain","Shrug It Off"]}],"is_beta":false,"boss_relics":[{"not_picked":["Sozu","Runic Pyramid"],"picked":"Astrolabe"}],"items_purged_floors":[27],"is_endless":false,"potions_floor_spawned":[1,11,25,29],"killed_by":"Book of Stabbing","ascension_level":0}}