{"host":"Fredi","time":1607852182,"event":{"mods":["AchievementEnabler","Act Like it!","BaseMod","Better Altar","Better Match","Better Note","Better Sensory Stone","Better Skull","Better Third Choice","Block Reminder","Colored Map","Colored Powertips","Custom Start","Downfall","Gensokyo","Hermit","Highlight Path","Mimic Mod","Minty Spire (QoL Compilation)","Permanent Neow","Quick Restart","Rare Cards Sparkle","Relic Stats","Shop Mod","StSLib","The Cursed","The Runesmith","Transform Curses","Wandering Minibosses","everything is the same but u backflip on backflip"],"gold_per_floor":[10,10,10,22,37,37,56,56,129,143,170,170,188,188,188,188,188],"floor_reached":16,"playtime":654,"items_purged":[],"score":107,"play_id":"26840ff9-a3bc-43c5-b233-f5cddca8aa0b","local_time":"20201213013622","is_ascension_mode":true,"campfire_choices":[{"floor":6,"key":"RECALL"},{"data":"Madness","floor":12,"key":"SMITH"},{"data":"Double Tap","floor":15,"key":"SMITH"}],"circlet_count":0,"master_deck":["Strike_R","Strike_R","Strike_R","Strike_R","Defend_R","Defend_R","Defend_R","Bash","Madness+1","Intimidate","Double Tap+1","Carnage","Uppercut","Metallicize"],"relics":["Burning Blood","StrikeDummy","Bird Faced Urn","Golden Idol"],"acts_visited":["Exordium"],"potions_floor_usage":[],"damage_taken":[{"damage":7,"enemies":"2 Louse","floor":1,"turns":3},{"damage":0,"enemies":"Small Slimes","floor":4,"turns":3},{"damage":1,"enemies":"Jaw Worm","floor":5,"turns":3},{"damage":7,"enemies":"Looter","floor":7,"turns":4},{"damage":12,"enemies":"3 Louse","floor":10,"turns":4},{"damage":28,"enemies":"Gremlin Nob","floor":11,"turns":4},{"damage":14,"enemies":"Gremlin Gang","floor":13,"turns":4},{"damage":32,"enemies":"The Guardian","floor":16,"turns":8}],"seed_played":"-2783840481989906298","potions_obtained":[{"floor":7,"key":"LiquidBronze"},{"floor":11,"key":"ElixirPotion"}],"is_trial":false,"path_per_floor":["M","?","?","M","M","R","M","T","T","M","E","R","M","?","R","B"],"character_chosen":"IRONCLAD","items_purchased":[],"campfire_rested":0,"item_purchase_floors":[],"current_hp_per_floor":[79,79,84,85,85,85,84,84,84,78,56,56,48,27,27,0,0],"gold":188,"neow_bonus":"REMOVE_TWO","is_daily":false,"chose_seed":false,"campfire_upgraded":2,"win_rate":0.0,"timestamp":1607852182,"path_taken":["M","?","?","M","M","R","M","?","T","M","E","R","M","?","R","BOSS"],"items_purchased_type":[],"build_version":"2020-12-07","purchased_purges":0,"victory":false,"max_hp_per_floor":[80,80,85,85,85,85,85,85,85,85,85,85,85,85,85,85,85],"relic_stats":{"counters":[8,33],"Golden Idol":0,"Bird Faced Urn":[2],"obtain_stats":[{"Golden Idol":14,"Bird Faced Urn":11,"StrikeDummy":9,"Burning Blood":0},{"Golden Idol":7,"Bird Faced Urn":6,"StrikeDummy":4,"Burning Blood":0},{"Golden Idol":25,"Bird Faced Urn":21,"StrikeDummy":13,"Burning Blood":0}],"Burning Blood":32},"card_choices":[{"not_picked":["True Grit","Heavy Blade","Pommel Strike"],"picked":"SKIP","floor":1},{"not_picked":["Impatience","Panache"],"picked":"Madness","floor":2},{"not_picked":["Heavy Blade","True Grit"],"picked":"Intimidate","floor":4},{"not_picked":["Sword Boomerang","Anger"],"picked":"Double Tap","floor":5},{"not_picked":["Pommel Strike","Perfected Strike","Cleave"],"picked":"SKIP","floor":7},{"not_picked":["Clash","Flex"],"picked":"Carnage","floor":10},{"not_picked":["Juggernaut","Armaments"],"picked":"Uppercut","floor":11},{"not_picked":["Thunderclap","Body Slam"],"picked":"Metallicize","floor":13}],"player_experience":219167,"relics_obtained":[{"floor":9,"key":"StrikeDummy"},{"floor":11,"key":"Bird Faced Urn"}],"event_choices":[{"damage_healed":0,"gold_gain":1,"player_choice":"1","damage_taken":0,"max_hp_gain":0,"max_hp_loss":0,"event_name":"betterStone:BetterStone","floor":2,"gold_loss":0},{"damage_healed":0,"gold_gain":0,"player_choice":"Donut","damage_taken":0,"max_hp_gain":5,"max_hp_loss":0,"event_name":"Big Fish","floor":3,"gold_loss":0},{"damage_healed":0,"gold_gain":0,"player_choice":"Take Damage","damage_taken":21,"relics_obtained":["Golden Idol"],"max_hp_gain":0,"max_hp_loss":0,"event_name":"Golden Idol","floor":14,"gold_loss":0}],"is_beta":true,"boss_relics":[],"items_purged_floors":[],"is_endless":false,"potions_floor_spawned":[7,11],"killed_by":"The Guardian","ascension_level":1}}