{"host":"1","time":1607876217,"event":{"mods":["Act Like it!","BaseMod","Better Third Choice","Hubris","Jorbs\u0027s Wanderer Trilogy","Minty Spire (QoL Compilation)","Replay The Spire","Shade Mod","StSLib","The Cursed","The Mystic","Wandering Minibosses"],"gold_per_floor":[113,132,63,63,63,92,92,92,115,115,134,163,238,252,252,353,353,369,61,71,41,51,84,84,84,84,104,115,115,115,115,115],"floor_reached":31,"playtime":1361,"items_purged":[],"score":350,"play_id":"b5f448ed-7108-423c-bc0d-e626528a50a2","local_time":"20201213191657","is_ascension_mode":true,"campfire_choices":[{"floor":7,"key":"REST"},{"data":"Neutralize","floor":10,"key":"SMITH"},{"data":"Hidden Blade","floor":15,"key":"SMITH"},{"floor":24,"key":"REST"}],"circlet_count":0,"master_deck":["Strike_G","Strike_G","Strike_G+1","Strike_G","Defend_G","Defend_G+1","Defend_G","Defend_G","Defend_G","Survivor","Neutralize+1","Slice","Hidden Blade+1","Infinite Blades","Blade Dance","Bullet Time","Slice","A Thousand Cuts","Deflect","Blade Dance","ReplayTheSpireMod:Speed Training+1","Deflect+1","Deflect"],"relics":["Ring of the Snake","hubris:PeanutButter","hubris:TenFootPole","Snake Skull","The Specimen","hubris:Backtick","Unceasing Top","hubris:MedicalManual","Tough Bandages","Nloth\u0027s Gift","Peace Pipe"],"acts_visited":["Exordium","TheCity"],"potions_floor_usage":[6,16,16,20,22,23,29],"damage_taken":[{"damage":6,"enemies":"Jaw Worm","floor":1,"turns":4},{"damage":0,"enemies":"Cultist","floor":2,"turns":4},{"damage":30,"enemies":"3 Sentries","floor":6,"turns":11},{"damage":0,"enemies":"2 Louse","floor":11,"turns":3},{"damage":12,"enemies":"Replay:BlueRogue","floor":12,"turns":5},{"damage":2,"enemies":"2 Fungi Beasts","floor":14,"turns":3},{"damage":0,"enemies":"Slime Boss","floor":16,"turns":6},{"damage":10,"enemies":"2 Thieves","floor":18,"turns":4},{"damage":0,"enemies":"Chosen","floor":20,"turns":4},{"damage":19,"enemies":"Snake Plant","floor":22,"turns":6},{"damage":40,"enemies":"Slavers","floor":23,"turns":6},{"damage":4,"enemies":"Snecko","floor":27,"turns":6},{"damage":43,"enemies":"Chosen and Byrds","floor":28,"turns":10},{"damage":0,"enemies":"Gremlin Leader","floor":29,"turns":2},{"damage":17,"enemies":"3 Cultists","floor":31,"turns":3}],"seed_played":"-8738189526352428175","potions_obtained":[{"floor":2,"key":"Toxic Potion"},{"floor":12,"key":"ColorlessPotion"},{"floor":14,"key":"FearPotion"},{"floor":16,"key":"Cursed Concoction"},{"floor":18,"key":"AttackPotion"},{"floor":21,"key":"Death Potion"},{"floor":21,"key":"FairyPotion"},{"floor":23,"key":"SmokeBomb"}],"is_trial":false,"path_per_floor":["M","M","?","$","T","E","R","?","T","R","M","E","?","M","R","B",null,"M","$","M","?","M","E","R","?","T","M","M","E","?","M"],"character_chosen":"THE_SILENT","items_purchased":["hubris:MedicalManual"],"campfire_rested":2,"item_purchase_floors":[19],"current_hp_per_floor":[71,71,71,71,71,41,64,61,61,61,61,49,44,42,42,42,77,67,67,67,67,48,8,31,31,31,27,13,13,13,0,0],"gold":115,"neow_bonus":"TEN_PERCENT_HP_BONUS","is_daily":false,"chose_seed":false,"campfire_upgraded":2,"win_rate":0.0,"timestamp":1607876217,"path_taken":["M","M","?","$","?","E","R","?","T","R","M","E","?","M","R","BOSS","M","$","M","?","?","E","R","?","T","?","?","E","?","M"],"items_purchased_type":["Relic"],"build_version":"2020-11-17","purchased_purges":0,"victory":false,"max_hp_per_floor":[77,77,77,77,77,77,77,77,77,77,77,77,77,77,77,77,77,77,77,77,77,77,77,77,77,77,77,77,77,77,77,77],"card_choices":[{"not_picked":["Quick Slash","Backflip"],"picked":"Slice","floor":1},{"not_picked":["Prepared","hubris:Sniper"],"picked":"Hidden Blade","floor":2},{"not_picked":["All Out Attack","Backstab"],"picked":"Infinite Blades","floor":6},{"not_picked":["Deflect","Skewer"],"picked":"Blade Dance","floor":11},{"not_picked":["Doppelganger","Flying Knee"],"picked":"Bullet Time","floor":12},{"not_picked":["Sucker Punch","Bane"],"picked":"Slice","floor":14},{"not_picked":["Envenom","Wraith Form v2"],"picked":"A Thousand Cuts","floor":16},{"not_picked":["Sucker Punch+1","Underhanded Strike"],"picked":"Deflect","floor":18},{"not_picked":["Backflip+1","Outmaneuver"],"picked":"Blade Dance","floor":20},{"not_picked":["Blade Dance+1","Prepared"],"picked":"ReplayTheSpireMod:Speed Training+1","floor":22},{"not_picked":["All Out Attack","hubris:SlightOfHand","hubris:TrickCloak"],"picked":"SKIP","floor":23},{"not_picked":["Crippling Poison","Finisher"],"picked":"Deflect+1","floor":27},{"not_picked":["PiercingWail","Acrobatics"],"picked":"Deflect","floor":28}],"player_experience":56904,"relics_obtained":[{"floor":5,"key":"hubris:PeanutButter"},{"floor":6,"key":"hubris:TenFootPole"},{"floor":9,"key":"Snake Skull"},{"floor":12,"key":"The Specimen"},{"floor":23,"key":"Tough Bandages"},{"floor":26,"key":"Peace Pipe"}],"event_choices":[{"damage_healed":0,"gold_gain":0,"player_choice":"Paid Gold","damage_taken":0,"relics_obtained":["Simple Rune"],"max_hp_gain":0,"max_hp_loss":0,"event_name":"WeMeetAgain","floor":3,"gold_loss":69},{"cards_removed":["Strike_G"],"damage_healed":0,"gold_gain":0,"player_choice":"Card Removal","damage_taken":7,"max_hp_gain":0,"max_hp_loss":0,"event_name":"Golden Wing","floor":8,"gold_loss":0},{"damage_healed":0,"gold_gain":75,"player_choice":"Gold","damage_taken":11,"max_hp_gain":0,"max_hp_loss":0,"event_name":"betterThird:BetterGoop","floor":13,"gold_loss":0},{"damage_healed":0,"gold_gain":0,"player_choice":"Bought 2 Potions","damage_taken":0,"max_hp_gain":0,"max_hp_loss":0,"event_name":"The Woman in Blue","floor":21,"gold_loss":0},{"damage_healed":0,"gold_gain":0,"player_choice":"Traded Relic","damage_taken":0,"relics_obtained":["Nloth\u0027s Gift"],"max_hp_gain":0,"max_hp_loss":0,"event_name":"N\u0027loth","floor":25,"relics_lost":["Simple Rune"],"gold_loss":0},{"damage_healed":0,"gold_gain":0,"player_choice":"Ignored","damage_taken":0,"max_hp_gain":0,"max_hp_loss":0,"event_name":"Ghosts","floor":30,"gold_loss":0}],"is_beta":true,"boss_relics":[{"not_picked":["SacredBark","Philosopher\u0027s Stone"],"picked":"hubris:Backtick"}],"items_purged_floors":[],"is_endless":false,"potions_floor_spawned":[2,12,14,16,18,23,29],"killed_by":"3 Cultists","ascension_level":1}}