{"host":"nmjik3bzoelmmajy","time":1607831539,"event":{"mods":["BaseMod","Better Third Choice","Colored Map","DeckTracker","Minty Spire (QoL Compilation)","Quick Restart","Say the Spire","StSLib","SuperFastMode"],"gold_per_floor":[115,127,127,143,159,193,193,224,224,239,239,271,284,294,294,370,370,387,387,410,426,441,441,459,459,507,241,251,251,251],"floor_reached":29,"playtime":1270,"items_purged":[],"score":473,"play_id":"c378d15d-26bf-44a3-bcda-aa515a6fb23c","local_time":"20201213125219","is_ascension_mode":true,"campfire_choices":[{"data":"Backflip","floor":7,"key":"SMITH"},{"floor":11,"key":"REST"},{"floor":15,"key":"REST"},{"data":"Catalyst","floor":23,"key":"SMITH"},{"floor":25,"key":"REST"}],"circlet_count":0,"master_deck":["AscendersBane","Defend_G","Defend_G","Defend_G","Defend_G","Defend_G","Survivor","Neutralize","Bouncing Flask","Noxious Fumes","Backstab","Blade Dance","Backflip+1","Acrobatics","Blade Dance","After Image","PiercingWail","Catalyst+1","After Image","Bite","Bite","Bite","Bite","Bite","Calculated Gamble+1","Prepared","Mayhem","Noxious Fumes"],"relics":["Ring of the Serpent","Vajra","Letter Opener","Whetstone","Bottled Tornado","Shuriken","Centennial Puzzle","Omamori"],"acts_visited":["Exordium","TheCity"],"potions_floor_usage":[5,8,12,22],"damage_taken":[{"damage":2,"enemies":"Cultist","floor":1,"turns":4},{"damage":0,"enemies":"Jaw Worm","floor":2,"turns":4},{"damage":4,"enemies":"Small Slimes","floor":4,"turns":4},{"damage":10,"enemies":"Gremlin Gang","floor":5,"turns":7},{"damage":16,"enemies":"Gremlin Nob","floor":6,"turns":3},{"damage":13,"enemies":"3 Sentries","floor":8,"turns":6},{"damage":3,"enemies":"Blue Slaver","floor":10,"turns":4},{"damage":2,"enemies":"Gremlin Nob","floor":12,"turns":3},{"damage":19,"enemies":"Exordium Thugs","floor":13,"turns":4},{"damage":8,"enemies":"Lots of Slimes","floor":14,"turns":3},{"damage":21,"enemies":"The Guardian","floor":16,"turns":9},{"damage":17,"enemies":"2 Thieves","floor":18,"turns":5},{"damage":21,"enemies":"Shell Parasite","floor":21,"turns":7},{"damage":4,"enemies":"Shelled Parasite and Fungi","floor":22,"turns":8},{"damage":22,"enemies":"Snake Plant","floor":24,"turns":5},{"damage":4,"enemies":"Centurion and Healer","floor":28,"turns":6},{"damage":29,"enemies":"Book of Stabbing","floor":29,"turns":7}],"seed_played":"-1388342254930428994","potions_obtained":[{"floor":1,"key":"Ancient Potion"},{"floor":3,"key":"DuplicationPotion"},{"floor":3,"key":"Energy Potion"},{"floor":5,"key":"FairyPotion"},{"floor":8,"key":"FearPotion"},{"floor":13,"key":"Energy Potion"},{"floor":28,"key":"Swift Potion"}],"is_trial":false,"path_per_floor":["M","M","?","M","M","E","R","E","T","M","R","E","M","M","R","B",null,"M","?","T","M","M","R","M","R","T","$","M","E"],"character_chosen":"THE_SILENT","items_purchased":["Mayhem","Noxious Fumes"],"campfire_rested":3,"item_purchase_floors":[27,27],"current_hp_per_floor":[57,57,57,53,43,27,27,14,14,11,30,28,9,1,20,19,54,37,37,37,24,26,26,8,21,21,21,25,0,0],"gold":251,"neow_bonus":"RANDOM_COMMON_RELIC","is_daily":false,"chose_seed":false,"campfire_upgraded":2,"win_rate":0.0,"timestamp":1607831539,"path_taken":["M","?","?","M","M","E","R","E","T","M","R","E","M","?","R","BOSS","M","?","?","M","M","R","M","R","T","$","?","E"],"items_purchased_type":["Card","Card"],"build_version":"2020-11-30","purchased_purges":0,"victory":false,"max_hp_per_floor":[66,66,66,66,66,66,66,66,66,66,66,66,66,66,66,66,66,66,46,46,46,46,46,46,46,46,46,46,46,46],"card_choices":[{"not_picked":["PiercingWail","Flying Knee"],"picked":"Bouncing Flask","floor":1},{"not_picked":["Finisher","Acrobatics"],"picked":"Noxious Fumes","floor":2},{"not_picked":["Outmaneuver","Eviscerate"],"picked":"Backstab","floor":4},{"not_picked":["Quick Slash","Eviscerate"],"picked":"Blade Dance","floor":5},{"not_picked":["Choke","Poisoned Stab"],"picked":"Backflip","floor":6},{"not_picked":["Dagger Throw","Riddle With Holes"],"picked":"Acrobatics","floor":8},{"not_picked":["Grand Finale","Deadly Poison"],"picked":"Blade Dance","floor":10},{"not_picked":["Corpse Explosion","Venomology"],"picked":"After Image","floor":12},{"not_picked":["Dagger Spray","Dagger Throw"],"picked":"PiercingWail","floor":13},{"not_picked":["Noxious Fumes","Outmaneuver"],"picked":"Catalyst","floor":14},{"not_picked":["Storm of Steel","Venomology"],"picked":"After Image","floor":16},{"not_picked":["Dagger Throw","Slice","Outmaneuver"],"picked":"SKIP","floor":18},{"not_picked":["Deadly Poison+1","Dodge and Roll"],"picked":"Calculated Gamble+1","floor":21},{"not_picked":["Slice","Deflect"],"picked":"Prepared","floor":22},{"not_picked":["Flying Knee","Skewer","Dagger Spray"],"picked":"SKIP","floor":24},{"not_picked":["Dagger Throw","Night Terror","Slice"],"picked":"SKIP","floor":28}],"player_experience":801954,"relics_obtained":[{"floor":6,"key":"Letter Opener"},{"floor":8,"key":"Whetstone"},{"floor":9,"key":"Bottled Tornado"},{"floor":12,"key":"Shuriken"},{"floor":20,"key":"Centennial Puzzle"},{"floor":26,"key":"Omamori"}],"event_choices":[{"damage_healed":0,"gold_gain":0,"player_choice":"Got Potions","damage_taken":0,"max_hp_gain":0,"max_hp_loss":0,"event_name":"Lab","floor":3,"gold_loss":0},{"damage_healed":0,"gold_gain":0,"player_choice":"Became a vampire","damage_taken":0,"max_hp_gain":0,"max_hp_loss":20,"event_name":"Vampires","floor":19,"gold_loss":0,"cards_obtained":["Bite","Bite","Bite","Bite","Bite"]}],"is_beta":false,"boss_relics":[{"not_picked":["Runic Pyramid","SacredBark"],"picked":"Ring of the Serpent"}],"items_purged_floors":[],"is_endless":false,"potions_floor_spawned":[1,5,8,10,13,14,28],"killed_by":"Book of Stabbing","ascension_level":16}}