{"host":"sdl5b0uiznq00owb","time":1607901427,"event":{"mods":["BaseMod","Minty Spire (QoL Compilation)","Permanent Neow","Relic Stats"],"gold_per_floor":[115,134,111,129,143,177,188,188,212,242,254,283,320,332,344,451,463,515,527,559,616,640,682,793,805,817,843,258,268,302,320,320,420,420,440,483,14,14,32,32,47,47,47,47,47,72,83,113,113,113,113],"floor_reached":50,"playtime":7879,"items_purged":["Strike_P","BattleHymn+1"],"score":733,"play_id":"bedf6ea7-f621-44f3-a4aa-2dcadfe06d92","local_time":"20201213171707","is_ascension_mode":true,"campfire_choices":[{"data":"Eruption","floor":8.0,"key":"SMITH"},{"floor":15.0,"key":"REST"},{"floor":32.0,"key":"REST"},{"floor":40.0,"key":"REST"},{"floor":45.0,"key":"REST"},{"data":"TalkToTheHand","floor":49,"key":"SMITH"}],"circlet_count":0,"master_deck":["Eruption+1","Vigilance+1","CutThroughFate+1","FlurryOfBlows+1","BowlingBash","LessonLearned+1","Halt+1","Wallop+1","Tantrum","DeusExMachina+1","Wish+1","Adaptation+1","SashWhip","Perseverance+1","MentalFortress+1","Halt+1","Wallop+1","DevaForm+1","Establishment+1","Swivel+1","Nirvana+1","Collect","Tantrum","Consecrate+1","Study+1","Vigilance","Meditate","ClearTheMind+1","EmptyMind+1","TalkToTheHand+1"],"relics":["Black Star","Incense Burner","Happy Flower","Regal Pillow","MawBank","Gambling Chip","Question Card","The Courier","Cursed Key","Torii","CaptainsWheel","Frozen Egg 2","Lantern","Cauldron","TeardropLocket","Ancient Tea Set","Pandora\u0027s Box","Orichalcum","Yang","Kunai","Bag of Preparation","Blue Candle","White Beast Statue"],"acts_visited":["Exordium","TheCity","TheBeyond"],"potions_floor_usage":[50],"damage_taken":[{"damage":0.0,"enemies":"Cultist","floor":1.0,"turns":4.0},{"damage":1.0,"enemies":"Small Slimes","floor":2.0,"turns":4.0},{"damage":8.0,"enemies":"Jaw Worm","floor":4.0,"turns":4.0},{"damage":4.0,"enemies":"Looter","floor":5.0,"turns":4.0},{"damage":7.0,"enemies":"3 Sentries","floor":6.0,"turns":4.0},{"damage":1.0,"enemies":"Red Slaver","floor":7.0,"turns":2.0},{"damage":0.0,"enemies":"Gremlin Nob","floor":10.0,"turns":2.0},{"damage":7.0,"enemies":"Exordium Wildlife","floor":12.0,"turns":3.0},{"damage":8.0,"enemies":"3 Sentries","floor":13.0,"turns":3.0},{"damage":24.0,"enemies":"Hexaghost","floor":16.0,"turns":8.0},{"damage":0.0,"enemies":"Shell Parasite","floor":18.0,"turns":3.0},{"damage":22.0,"enemies":"2 Thieves","floor":20.0,"turns":2.0},{"damage":0.0,"enemies":"Shelled Parasite and Fungi","floor":21.0,"turns":3.0},{"damage":19.0,"enemies":"Snake Plant","floor":22.0,"turns":5.0},{"damage":9.0,"enemies":"Book of Stabbing","floor":23.0,"turns":4.0},{"damage":1.0,"enemies":"Sentry and Sphere","floor":27.0,"turns":4.0},{"damage":0.0,"enemies":"Centurion and Healer","floor":29.0,"turns":4.0},{"damage":15.0,"enemies":"Gremlin Leader","floor":30.0,"turns":6.0},{"damage":1.0,"enemies":"Snake Plant","floor":31.0,"turns":3.0},{"damage":101.0,"enemies":"Automaton","floor":33.0,"turns":7.0},{"damage":16.0,"enemies":"Orb Walker","floor":35.0,"turns":5.0},{"damage":37.0,"enemies":"3 Shapes","floor":36.0,"turns":6.0},{"damage":17.0,"enemies":"3 Darklings","floor":39.0,"turns":3.0},{"damage":0.0,"enemies":"Sphere and 2 Shapes","floor":41.0,"turns":5.0},{"damage":15,"enemies":"Nemesis","floor":46,"turns":8},{"damage":6,"enemies":"Maw","floor":47,"turns":7},{"damage":0,"enemies":"Giant Head","floor":48,"turns":8},{"damage":56,"enemies":"Time Eater","floor":50,"turns":11}],"seed_played":"4639578917766701884","potions_obtained":[{"floor":1.0,"key":"AttackPotion"},{"floor":4.0,"key":"Ancient Potion"},{"floor":5.0,"key":"Energy Potion"},{"floor":10.0,"key":"AttackPotion"},{"floor":16.0,"key":"ColorlessPotion"},{"floor":20.0,"key":"GamblersBrew"},{"floor":22.0,"key":"SpeedPotion"},{"floor":27.0,"key":"LiquidMemories"},{"floor":28.0,"key":"EntropicBrew"},{"floor":28.0,"key":"EntropicBrew"},{"floor":29.0,"key":"Regen Potion"},{"floor":33.0,"key":"PowerPotion"},{"floor":35.0,"key":"SteroidPotion"},{"floor":41.0,"key":"FearPotion"},{"floor":48,"key":"ColorlessPotion"}],"is_trial":false,"path_per_floor":["M","M","$","M","M","E","M","R","T","E","?","M","E","$","R","B",null,"M","?","M","M","M","E","?","?","T","M","$","M","E","M","R","B",null,"M","M","$","?","M","R","M","$","T","T","R","E","M","E","R","B"],"character_chosen":"WATCHER","items_purchased":["BowlingBash","Frozen Egg 2","Lantern","MentalFortress+1","Cauldron","Halt","Orichalcum","Yang","Study+1"],"campfire_rested":4,"item_purchase_floors":[3,28,28,28,28,28,37,37,37],"current_hp_per_floor":[72,71,71,63,59,52,51,51,51,51,44,37,29,29,65,41,72,72,72,50,50,31,22,22,22,22,21,21,21,20,19,55,21,72,56,19,19,19,2,38,38,38,38,38,72,57,51,51,51,0,0],"gold":113,"neow_bonus":"BOSS_RELIC","is_daily":false,"chose_seed":false,"campfire_upgraded":2,"win_rate":0.0,"timestamp":1607901427,"path_taken":["M","M","?","M","M","E","M","R","T","E","?","M","E","$","R","BOSS","M","?","?","?","M","E","?","?","T","M","$","M","E","?","R","BOSS","M","M","$","?","?","R","M","?","T","?","R","E","M","E","R","BOSS"],"items_purchased_type":["Card","Relic","Relic","Card","Relic","Card","Relic","Relic","Card"],"build_version":"2020-11-30","purchased_purges":2,"victory":false,"max_hp_per_floor":[72,72,72,72,72,72,72,72,72,72,72,72,72,72,72,72,72,72,72,72,72,72,72,72,72,72,72,72,72,72,72,72,72,72,72,72,72,72,72,72,72,72,72,72,72,72,72,72,72,72,72],"relic_stats":{"Regal Pillow":58,"Happy Flower":[37],"Torii":9,"counters":[28,132],"Blue Candle":[0],"Yang":[129],"Bag of Preparation":[8],"Orichalcum":[24],"MawBank":216,"Question Card":19,"Cursed Key":0,"Gambling Chip":[59],"Pandora\u0027s Box":["Establishment","Swivel","Nirvana","Collect","Tantrum","BattleHymn"],"Black Star":7,"Kunai":[20],"obtain_stats":[{"Regal Pillow":9,"Lantern":28,"Happy Flower":6,"Torii":23,"Blue Candle":48,"Yang":37,"The Courier":13,"Incense Burner":6,"Bag of Preparation":46,"TeardropLocket":30,"Frozen Egg 2":28,"Orichalcum":37,"MawBank":10,"Question Card":13,"Cursed Key":17,"Ancient Tea Set":30,"White Beast Statue":48,"Cauldron":28,"CaptainsWheel":23,"Gambling Chip":10,"Pandora\u0027s Box":34,"Black Star":0,"Kunai":46,"PureWater":0},{"Regal Pillow":6,"Lantern":16,"Happy Flower":5,"Torii":15,"Blue Candle":27,"Yang":22,"The Courier":9,"Incense Burner":5,"Bag of Preparation":25,"TeardropLocket":18,"Frozen Egg 2":16,"Orichalcum":22,"MawBank":7,"Question Card":9,"Cursed Key":10,"Ancient Tea Set":18,"White Beast Statue":27,"Cauldron":16,"CaptainsWheel":15,"Gambling Chip":7,"Pandora\u0027s Box":20,"Black Star":0,"Kunai":25,"PureWater":0},{"Regal Pillow":22,"Lantern":59,"Happy Flower":20,"Torii":55,"Blue Candle":121,"Yang":90,"The Courier":30,"Incense Burner":20,"Bag of Preparation":106,"TeardropLocket":69,"Frozen Egg 2":59,"Orichalcum":90,"MawBank":24,"Question Card":30,"Cursed Key":38,"Ancient Tea Set":69,"White Beast Statue":121,"Cauldron":59,"CaptainsWheel":55,"Gambling Chip":24,"Pandora\u0027s Box":79,"Black Star":0,"Kunai":106,"PureWater":0}]},"card_choices":[{"not_picked":["Worship","Prostrate"],"picked":"CutThroughFate","floor":1.0},{"not_picked":["Consecrate","CarveReality"],"picked":"FlurryOfBlows","floor":2.0},{"not_picked":["FollowUp","EmptyBody","Evaluate"],"picked":"SKIP","floor":4.0},{"not_picked":["FlurryOfBlows","DeceiveReality","ClearTheMind"],"picked":"SKIP","floor":5.0},{"not_picked":["JustLucky","EmptyFist"],"picked":"LessonLearned","floor":6.0},{"not_picked":["Collect","EmptyFist"],"picked":"Halt","floor":7.0},{"not_picked":["EmptyFist","ClearTheMind"],"picked":"Wallop","floor":10.0},{"not_picked":["JustLucky","Crescendo"],"picked":"Tantrum","floor":12.0},{"not_picked":["PathToVictory","CrushJoints"],"picked":"DeusExMachina","floor":13.0},{"not_picked":["Establishment","Ragnarok","SpiritShield"],"picked":"Wish","floor":16.0},{"not_picked":["Prostrate","Crescendo","JustLucky","BattleHymn"],"picked":"SKIP","floor":18.0},{"not_picked":["Crescendo","WindmillStrike","Halt"],"picked":"Adaptation","floor":20.0},{"not_picked":["BowlingBash","Evaluate","FlyingSleeves+1","JustLucky"],"picked":"SKIP","floor":21.0},{"not_picked":["PathToVictory","FollowUp+1","Vengeance"],"picked":"SashWhip","floor":22.0},{"not_picked":["Swivel","Halt+1","BattleHymn"],"picked":"Perseverance","floor":23.0},{"not_picked":["Judgement","Fasting2","Worship+1","ThirdEye"],"picked":"SKIP","floor":27.0},{"not_picked":["Conclude","Adaptation+1","ForeignInfluence+1"],"picked":"Wallop+1","floor":29.0},{"not_picked":["Sanctity+1","FlyingSleeves+1","Evaluate","DeusExMachina"],"picked":"SKIP","floor":30.0},{"not_picked":["SandsOfTime","Crescendo+1","LikeWater+1","Fasting2+1"],"picked":"SKIP","floor":31.0},{"not_picked":["MasterReality+1","Devotion+1","ConjureBlade"],"picked":"DevaForm+1","floor":33.0},{"not_picked":["Evaluate+1","Collect+1","WreathOfFlame"],"picked":"Consecrate+1","floor":35.0},{"not_picked":["Indignation+1","Evaluate+1","Prostrate","CrushJoints+1"],"picked":"SKIP","floor":36.0},{"not_picked":["BowlingBash+1","BattleHymn+1","SashWhip"],"picked":"Meditate","floor":39.0},{"not_picked":["FollowUp+1","Pray","JustLucky","Adaptation+1"],"picked":"SKIP","floor":41.0},{"not_picked":["Pray","Alpha","Adaptation+1"],"picked":"ClearTheMind","floor":46},{"not_picked":["CarveReality+1","CutThroughFate","ReachHeaven+1"],"picked":"EmptyMind+1","floor":47},{"not_picked":["DeceiveReality","FlyingSleeves+1","Fasting2+1"],"picked":"TalkToTheHand","floor":48}],"player_experience":651191,"relics_obtained":[{"floor":6.0,"key":"Incense Burner"},{"floor":6.0,"key":"Happy Flower"},{"floor":9.0,"key":"Regal Pillow"},{"floor":10.0,"key":"MawBank"},{"floor":10.0,"key":"Gambling Chip"},{"floor":13.0,"key":"Question Card"},{"floor":13.0,"key":"The Courier"},{"floor":23.0,"key":"Torii"},{"floor":23.0,"key":"CaptainsWheel"},{"floor":30.0,"key":"TeardropLocket"},{"floor":30.0,"key":"Ancient Tea Set"},{"floor":46,"key":"Kunai"},{"floor":46,"key":"Bag of Preparation"},{"floor":48,"key":"Blue Candle"},{"floor":48,"key":"White Beast Statue"}],"event_choices":[{"cards_removed":["Strike_P"],"damage_healed":0.0,"max_hp_gain":0.0,"max_hp_loss":0.0,"gold_gain":0.0,"event_name":"Golden Wing","player_choice":"Card Removal","floor":11.0,"gold_loss":0.0,"damage_taken":7.0},{"damage_healed":0.0,"max_hp_gain":0.0,"max_hp_loss":0.0,"gold_gain":0.0,"event_name":"Accursed Blacksmith","player_choice":"Forge","floor":19.0,"gold_loss":0.0,"damage_taken":0.0,"cards_upgraded":["Wallop"]},{"damage_healed":0.0,"max_hp_gain":0.0,"max_hp_loss":0.0,"gold_gain":99.0,"event_name":"Nest","player_choice":"Stole From Cult","floor":24.0,"gold_loss":0.0,"damage_taken":0.0},{"damage_healed":0.0,"max_hp_gain":0.0,"max_hp_loss":0.0,"gold_gain":0.0,"event_name":"FaceTrader","player_choice":"Leave","floor":25.0,"gold_loss":0.0,"damage_taken":0.0},{"damage_healed":0.0,"max_hp_gain":0.0,"max_hp_loss":0.0,"gold_gain":0.0,"event_name":"Duplicator","player_choice":"Copied","floor":38.0,"gold_loss":0.0,"damage_taken":0.0,"cards_obtained":["Vigilance"]}],"is_beta":false,"boss_relics":[{"not_picked":["Tiny House","Calling Bell"],"picked":"Cursed Key"},{"not_picked":["SacredBark","SlaversCollar"],"picked":"Pandora\u0027s Box"}],"items_purged_floors":[28,37],"is_endless":false,"potions_floor_spawned":[1,4,5,10,16,18,20,22,27,29,33,35,41,48],"killed_by":"Time Eater","ascension_level":3}}