{"host":"ap8nepptd6icxyz7","time":1607881964,"event":{"mods":["2.2 Compatiblity","AchievementEnabler","BaseMod","Bestiary","Better Altar","Better Match","Better Note","Better Sensory Stone","Better Skull","Better Third Choice","Better Vampires","CCEM","Challenge The Spire","Colored Map","Colored Powertips","Colorless Booster Pack","Conspire","Custom Start","Displayed Cursed Tome","EXCEPTION","Energized Spire","Faster Ascension Climbing","Halation","Hermit","Highlight Path","Hubris","Jorbs\u0027s Wanderer Trilogy","Marked Mod","Mimic Mod","Minty Spire (QoL Compilation)","Permanent Neow","Quick Restart","RRrroohrrRGHHhhh!!","Random Character Button","Rare Cards Sparkle","Relic Sorter","Relic Stats","Replay The Spire","SCP261 Mod","SacredBarkPlus","Spicy Shops","Spikes Relics","StSLib","Swap Starting Deck Mod","The Cursed","The Disciple","The Jungle","Uncapped","Wandering Minibosses"],"gold_per_floor":[116,41,54,54,67,92,92,121,176,194,194,194,403,431,431,528,528,544,165,265,283,283,312,312,344,367,367,367,367],"floor_reached":28,"playtime":1257,"items_purged":["Defend_R"],"score":394,"play_id":"994bad52-469c-40d1-93a1-76f5cc712e66","local_time":"20201213115244","is_ascension_mode":true,"campfire_choices":[{"floor":7.0,"key":"REST"},{"floor":12.0,"key":"REST"},{"data":"Dual Wield","floor":15.0,"key":"SMITH"},{"floor":24,"key":"REST"}],"circlet_count":0,"master_deck":["Strike_R","Strike_R","Strike_R","Strike_R","Defend_R","Defend_R","Bash","Clash","Dual Wield+1","Demonic Infusion+1","Replay:Undeath\u0027s Touch","Headbutt","Battle Trance","Offering","Defy Death","True Grit+1","Seeing Red"],"relics":["Burning Blood","CCEMRelics:GrindingGear","hubris:TenFootPole","Red Skull","Replay:Rubber Ducky","ReplayTheSpireMod:Ninjato","Electric Blood","Unceasing Top","conspire:TopHat","Replay:WaspNest","halation:KoshaPiece","CCEMRelics:FestiveHat","CultistMask"],"acts_visited":["Exordium","TheCity"],"potions_floor_usage":[25],"damage_taken":[{"damage":13.0,"enemies":"Jaw Worm","floor":1.0,"turns":6.0},{"damage":1.0,"enemies":"Cultist","floor":3.0,"turns":3.0},{"damage":3.0,"enemies":"2 Louse","floor":5.0,"turns":2.0},{"damage":55.0,"enemies":"3 Sentries","floor":6.0,"turns":10.0},{"damage":32.0,"enemies":"Gremlin Nob","floor":8.0,"turns":4.0},{"damage":0.0,"enemies":"Blue Slaver","floor":10.0,"turns":1.0},{"damage":10.0,"enemies":"Lagavulin","floor":14.0,"turns":6.0},{"damage":33.0,"enemies":"Slime Boss","floor":16.0,"turns":6.0},{"damage":29.0,"enemies":"3 Byrds","floor":18.0,"turns":3.0},{"damage":22.0,"enemies":"2 Thieves","floor":21.0,"turns":2.0},{"damage":21,"enemies":"Book of Stabbing","floor":23,"turns":2},{"damage":26,"enemies":"Gremlin Leader","floor":25,"turns":2},{"damage":6,"enemies":"Centurion and Healer","floor":28,"turns":1}],"seed_played":"6548207929641640478","potions_obtained":[{"floor":3.0,"key":"BlessingOfTheForge"},{"floor":6.0,"key":"Fire Potion"},{"floor":10.0,"key":"Weak Potion"},{"floor":16.0,"key":"BlessingOfTheForge"},{"floor":18.0,"key":"Strength Potion"},{"floor":23,"key":"PowerPotion"}],"is_trial":false,"path_per_floor":["M","$","M","?","M","E","R","E","T","M","?","R","?","E","R","B",null,"M","$","?","M","?","E","R","E","T","?","M"],"character_chosen":"IRONCLAD","items_purchased":["Unceasing Top","conspire:TopHat"],"campfire_rested":3,"item_purchase_floors":[19,19],"current_hp_per_floor":[65,65,70,70,73,24,48,22,22,28,28,52,52,48,48,21,65,42,42,42,26,26,11,35,15,15,15,9,9],"gold":367,"neow_bonus":"RANDOM_COMMON_RELIC","is_daily":false,"chose_seed":false,"campfire_upgraded":1,"win_rate":0.0,"timestamp":1607881964,"path_taken":["M","$","M","?","?","E","R","E","T","M","?","R","?","E","R","BOSS","M","$","?","M","?","E","R","E","T","?","M"],"items_purchased_type":["Relic","Relic"],"build_version":"2020-11-30","purchased_purges":1,"victory":false,"max_hp_per_floor":[80,80,80,80,80,80,80,80,80,80,80,80,80,80,80,80,80,80,80,80,80,80,80,80,80,80,80,80,80],"relic_stats":{"counters":[13,48],"obtain_stats":[{"ReplayTheSpireMod:Ninjato":14,"Replay:WaspNest":23,"Burning Blood":0,"conspire:TopHat":19,"Replay:Rubber Ducky":9,"CCEMRelics:FestiveHat":26,"CCEMRelics:GrindingGear":0,"CultistMask":27,"hubris:TenFootPole":6,"halation:KoshaPiece":25,"Electric Blood":17,"Red Skull":8,"Unceasing Top":19},{"ReplayTheSpireMod:Ninjato":7,"Replay:WaspNest":11,"Burning Blood":0,"conspire:TopHat":9,"Replay:Rubber Ducky":5,"CCEMRelics:FestiveHat":12,"CCEMRelics:GrindingGear":0,"CultistMask":12,"hubris:TenFootPole":4,"halation:KoshaPiece":12,"Electric Blood":8,"Red Skull":5,"Unceasing Top":9},{"ReplayTheSpireMod:Ninjato":32,"Replay:WaspNest":45,"Burning Blood":0,"conspire:TopHat":41,"Replay:Rubber Ducky":25,"CCEMRelics:FestiveHat":47,"CCEMRelics:GrindingGear":0,"CultistMask":47,"hubris:TenFootPole":21,"halation:KoshaPiece":47,"Electric Blood":38,"Red Skull":25,"Unceasing Top":41}],"Burning Blood":72,"Unceasing Top":[0]},"card_choices":[{"not_picked":["Flex","ReplayTheSpireMod:Strike From Hell"],"picked":"Clash","floor":1.0},{"not_picked":["Headbutt","Spot Weakness"],"picked":"Dual Wield","floor":3.0},{"not_picked":["Spot Weakness","Clothesline"],"picked":"Demonic Infusion","floor":5.0},{"not_picked":["Twin Strike","Pummel"],"picked":"Replay:Undeath\u0027s Touch","floor":6.0},{"not_picked":["Heavy Blade","Pummel"],"picked":"Headbutt","floor":8.0},{"not_picked":["ReplayTheSpireMod:Strike From Hell","Iron Wave","Spot Weakness"],"picked":"SKIP","floor":10.0},{"not_picked":["Dark Embrace","Clothesline"],"picked":"Battle Trance","floor":13.0},{"not_picked":["Flame Barrier","Shockwave","Headbutt"],"picked":"SKIP","floor":14.0},{"not_picked":["Barricade","Limit Break"],"picked":"Offering","floor":16.0},{"not_picked":["Shockwave","Combust","Burning Pact"],"picked":"SKIP","floor":18.0},{"not_picked":["ReplayTheSpireMod:Strike From Hell+1","Anger+1","hubris:CleavingFinish"],"picked":"SKIP","floor":21.0},{"not_picked":["Intimidate","Spot Weakness+1"],"picked":"True Grit+1","floor":23},{"not_picked":["Feel No Pain","Replay:Undeath\u0027s Touch"],"picked":"Seeing Red","floor":25}],"player_experience":20795,"relics_obtained":[{"floor":6.0,"key":"hubris:TenFootPole"},{"floor":8.0,"key":"Red Skull"},{"floor":9.0,"key":"Replay:Rubber Ducky"},{"floor":14.0,"key":"ReplayTheSpireMod:Ninjato"},{"floor":23,"key":"Replay:WaspNest"},{"floor":25,"key":"halation:KoshaPiece"},{"floor":26,"key":"CCEMRelics:FestiveHat"}],"event_choices":[{"cards_removed":["Defend_R"],"damage_healed":0.0,"max_hp_gain":0.0,"max_hp_loss":0.0,"gold_gain":0.0,"event_name":"Bonfire Elementals","player_choice":"Offered Basic","floor":4.0,"gold_loss":0.0,"damage_taken":0.0},{"damage_healed":0.0,"max_hp_gain":0.0,"max_hp_loss":0.0,"gold_gain":0.0,"event_name":"Living Wall","player_choice":"Grow","floor":11.0,"gold_loss":0.0,"damage_taken":0.0,"cards_upgraded":["Demonic Infusion"]},{"damage_healed":0.0,"max_hp_gain":0.0,"max_hp_loss":0.0,"gold_gain":100.0,"event_name":"Golden Shrine","player_choice":"Pray","floor":20.0,"gold_loss":0.0,"damage_taken":0.0},{"damage_healed":0.0,"max_hp_gain":0.0,"max_hp_loss":0.0,"gold_gain":0.0,"cards_transformed":["Strike_R"],"event_name":"Transmorgrifier","player_choice":"Transformed","floor":22.0,"gold_loss":0.0,"damage_taken":0.0,"cards_obtained":["Defy Death"]},{"damage_healed":0,"gold_gain":0,"player_choice":"Trade","damage_taken":0,"relics_obtained":["CultistMask"],"max_hp_gain":0,"max_hp_loss":0,"event_name":"FaceTrader","floor":27,"gold_loss":0}],"is_beta":false,"boss_relics":[{"not_picked":["energizedSpire:DecayingSkull","halation:SmartPhone"],"picked":"Electric Blood"}],"items_purged_floors":[2],"is_endless":false,"potions_floor_spawned":[3,6,10,16,18,23],"killed_by":"Centurion and Healer","ascension_level":9}}