{"host":"llpusn9usp8rznkj","time":1607838169,"event":{"mods":["2.2 Compatiblity","BaseMod","Colored Map","Colored Powertips","Conspire","Downfall","Hubris","Minty Spire (QoL Compilation)","Rare Cards Sparkle","Replay The Spire","StSLib","The Cursed"],"gold_per_floor":[110,110,110,134,150,150,20,20,67,107,107,143,159,109,109,204,267,301,301,277,277,277],"floor_reached":21,"playtime":801,"items_purged":["Strike_R"],"score":374,"play_id":"6f92f646-c593-46aa-81b2-faa104b7b74d","local_time":"20201213004249","is_ascension_mode":true,"campfire_choices":[{"data":"Inflame","floor":6.0,"key":"SMITH"},{"data":"Iron Wave","floor":8.0,"key":"SMITH"},{"data":"Bash","floor":11,"key":"SMITH"},{"data":"Disarm","floor":15,"key":"SMITH"}],"circlet_count":0,"master_deck":["AscendersBane","Strike_R","Strike_R","Defend_R","Defend_R","Defend_R","Defend_R","Bash+1","conspire:HitWhereItHurts","Iron Wave+1","Inflame+1","Thunderclap","Pot Of Greed","Pot Of Greed+1","Cleave","Disarm+1","conspire:SpireCoStock","Berserk","Disarm","Iron Wave","Replay:Undeath\u0027s Touch"],"relics":["Burning Blood","Golden Idol","MealTicket","Orichalcum","Grinning Jar","Tiny House"],"acts_visited":["Exordium","TheCity"],"potions_floor_usage":[10,10,12,18,18],"damage_taken":[{"damage":6.0,"enemies":"Small Slimes","floor":1.0,"turns":3.0},{"damage":2.0,"enemies":"2 Louse","floor":4.0,"turns":3.0},{"damage":1.0,"enemies":"Cultist","floor":5.0,"turns":3.0},{"damage":12,"enemies":"Gremlin Nob","floor":10,"turns":4},{"damage":30,"enemies":"3 Sentries","floor":12,"turns":7},{"damage":5,"enemies":"Looter","floor":13,"turns":2},{"damage":7,"enemies":"Hexaghost","floor":16,"turns":8},{"damage":42,"enemies":"Spheric Guardian","floor":18,"turns":6},{"damage":27,"enemies":"2 Thieves","floor":20,"turns":4},{"damage":14,"enemies":"Snecko","floor":21,"turns":2}],"seed_played":"6628978556728096694","potions_obtained":[{"floor":1.0,"key":"HeartOfIron"},{"floor":5.0,"key":"Ancient Potion"},{"floor":10,"key":"BlessingOfTheForge"},{"floor":16,"key":"Energy Potion"},{"floor":17,"key":"CultistPotion"}],"is_trial":false,"path_per_floor":["M","?","?","M","M","R","$","R","T","E","R","E","M","?","R","B",null,"M","?","M","M"],"character_chosen":"IRONCLAD","items_purchased":["Thunderclap"],"campfire_rested":0,"item_purchase_floors":[7],"current_hp_per_floor":[68,42,42,46,51,51,51,51,51,45,45,21,22,22,22,21,67,31,31,10,0,0],"gold":277,"neow_bonus":"ONE_RANDOM_RARE_CARD","is_daily":false,"chose_seed":false,"campfire_upgraded":4,"win_rate":0.0,"timestamp":1607838169,"path_taken":["M","?","?","?","M","R","$","R","T","E","R","E","M","?","R","BOSS","M","?","?","M"],"items_purchased_type":["Card"],"build_version":"2020-11-30","purchased_purges":1,"victory":false,"max_hp_per_floor":[75,75,75,75,75,75,75,75,75,75,75,75,75,75,75,75,80,80,80,80,80,80],"card_choices":[{"not_picked":["Clash","Flame Barrier"],"picked":"Iron Wave","floor":1.0},{"not_picked":["Dual Wield","hubris:ReadiedAction","Reckless Charge"],"picked":"SKIP","floor":4.0},{"not_picked":["Whirlwind","Spot Weakness"],"picked":"Inflame","floor":5.0},{"not_picked":["Wild Strike","Shrug It Off","Dark Embrace"],"picked":"SKIP","floor":10},{"not_picked":["Heavy Blade","Wild Strike"],"picked":"Cleave","floor":12},{"not_picked":["Replay:Undeath\u0027s Touch","Cleave"],"picked":"Disarm","floor":13},{"not_picked":["conspire:Purge","Double Tap"],"picked":"Berserk","floor":16},{"not_picked":["Blood for Blood","Perfected Strike"],"picked":"Disarm","floor":17},{"not_picked":["Clothesline","Wild Strike"],"picked":"Iron Wave","floor":18},{"not_picked":["Iron Wave","Impervious"],"picked":"Replay:Undeath\u0027s Touch","floor":20}],"player_experience":914708,"relics_obtained":[{"floor":9.0,"key":"MealTicket"},{"floor":10,"key":"Orichalcum"},{"floor":12,"key":"Grinning Jar"}],"event_choices":[{"damage_healed":0.0,"max_hp_gain":0.0,"max_hp_loss":0.0,"gold_gain":0.0,"event_name":"Golden Idol","player_choice":"Take Damage","floor":2.0,"gold_loss":0.0,"damage_taken":26.0,"relics_obtained":["Golden Idol"]},{"cards_removed":["Strike_R"],"damage_healed":0.0,"max_hp_gain":0.0,"max_hp_loss":0.0,"gold_gain":0.0,"event_name":"Purifier","player_choice":"Purged","floor":3.0,"gold_loss":0.0,"damage_taken":0.0},{"damage_healed":0,"gold_gain":0,"player_choice":"Invest 1","damage_taken":0,"max_hp_gain":0,"max_hp_loss":0,"event_name":"conspire:Investor","floor":14,"gold_loss":0},{"cards_removed":["Strike_R"],"damage_healed":0,"gold_gain":0,"player_choice":"Purged","damage_taken":0,"max_hp_gain":0,"max_hp_loss":0,"event_name":"Purifier","floor":19,"gold_loss":0}],"is_beta":false,"boss_relics":[{"not_picked":["SacredBark","Pandora\u0027s Box"],"picked":"Tiny House"}],"items_purged_floors":[7],"is_endless":false,"potions_floor_spawned":[1,5,10,16],"killed_by":"Snecko","ascension_level":20}}