{"host":"mm0v83pkg2fvsdgl","time":1607828501,"event":{"mods":["2.2 Compatiblity","Alarm Clock","AlwaysNeverKeys","BaseMod","Beaked The Cultist","Better Altar","Better Match","Better Note","Better Sensory Stone","Better Silent Start","Better Third Choice","Clawfect","Displayed Cursed Tome","Energized Spire","Friendly Minions","Highlight Path","Ironclad Rager","Keyboard Shortcuts","Lotus Mark","Marisa????????","Marked Mod","Mimic Mod","Minty Spire (QoL Compilation)","Permanent Neow","Railgun Mod","Remove Card Discount Mod","Shade Mod","Somnambulant","Spicy Shops","StSLib","Swap Starting Deck Mod","The Construct","The Disciple","The Hierophant","TheHeartMod","TheVacant","Transform Curses","Unceasing Turn Reminder","Wandering Minibosses"],"gold_per_floor":[114,114,129,144,159,159,1,1,26,24,124,17,32,47,47,147,147,162,177,177,177],"floor_reached":20,"playtime":987,"items_purged":["beaked:Strike_Y","beaked:Strike_Y","beaked:Strike_Y","beaked:Strike_Y","beaked:Strike_Y"],"score":191,"play_id":"865a122e-e853-498d-863d-7dbe69ce3a77","local_time":"20201212220141","daily_mods":["Specialized","Red Cards","Binary"],"is_ascension_mode":false,"campfire_choices":[{"data":"beaked:BloodRitual","floor":6,"key":"SMITH"},{"data":"beaked:DesperateSwing","floor":8,"key":"SMITH"},{"data":"beaked:Foresight","floor":15,"key":"SMITH"}],"circlet_count":0,"master_deck":["beaked:Defend_Y","beaked:Defend_Y","beaked:Defend_Y","beaked:Defend_Y","beaked:Ceremony","beaked:Ceremony","beaked:Ceremony","beaked:DesperateSwing+1","beaked:DesperateSwing","beaked:DesperateSwing","beaked:DesperateSwing","beaked:DesperateSwing","beaked:Resilience","beaked:Insight","beaked:BloodRitual+1","beaked:CrazyRituals","beaked:Foresight+1","beaked:AwakenedForm","beaked:BraceForImpact+1","beaked:MaddeningMurmurs"],"relics":["beaked:MendingPlumage","Membership Card","Strawberry","beaked:FlawlessSticks"],"acts_visited":["Exordium","TheCity"],"potions_floor_usage":[19,20,20],"damage_taken":[{"damage":6,"enemies":"Small Slimes","floor":1,"turns":4},{"damage":5,"enemies":"Cultist","floor":3,"turns":4},{"damage":20,"enemies":"2 Louse","floor":4,"turns":6},{"damage":23,"enemies":"Exordium Thugs","floor":5,"turns":7},{"damage":6,"enemies":"Lots of Slimes","floor":13,"turns":4},{"damage":5,"enemies":"Looter","floor":14,"turns":4},{"damage":67,"enemies":"Slime Boss","floor":16,"turns":8},{"damage":57,"enemies":"2 Thieves","floor":18,"turns":4},{"damage":13,"enemies":"Spheric Guardian","floor":19,"turns":4},{"damage":17,"enemies":"Shelled Parasite and Fungi","floor":20,"turns":2}],"seed_played":"4834798368356638827","potions_obtained":[{"floor":1,"key":"Dexterity Potion"},{"floor":5,"key":"Swift Potion"},{"floor":16,"key":"Dexterity Potion"}],"is_trial":false,"path_per_floor":["M","?","M","M","M","R","$","R","T","$","?","$","M","M","R","B",null,"M","M","M"],"character_chosen":"BEAKED_THE_CULTIST","items_purchased":["Membership Card","beaked:CrazyRituals"],"campfire_rested":0,"item_purchase_floors":[7,12],"current_hp_per_floor":[50,50,48,41,36,36,36,36,43,43,43,43,50,57,57,7,57,12,11,0,0],"gold":177,"neow_bonus":"","is_daily":true,"chose_seed":false,"campfire_upgraded":3,"win_rate":0.0,"timestamp":1607828501,"path_taken":["M","?","?","M","M","R","$","R","T","$","?","$","M","M","R","BOSS","M","M","M"],"items_purchased_type":["Relic","Card"],"build_version":"2020-11-30","purchased_purges":5,"victory":false,"max_hp_per_floor":[50,50,50,50,50,50,50,50,57,57,57,57,57,57,57,57,57,57,57,57,57],"card_choices":[{"not_picked":["beaked:Tweet"],"picked":"beaked:Resilience","floor":1},{"not_picked":["beaked:WarriorEssence"],"picked":"beaked:Insight","floor":3},{"not_picked":["beaked:Poke","beaked:DigDeep"],"picked":"SKIP","floor":4},{"not_picked":["beaked:Resilience"],"picked":"beaked:BloodRitual","floor":5},{"not_picked":["beaked:Cower"],"picked":"beaked:Foresight","floor":13},{"not_picked":["beaked:FeelMyPain","beaked:Cower"],"picked":"SKIP","floor":14},{"not_picked":["beaked:WildInstinct"],"picked":"beaked:AwakenedForm","floor":16},{"not_picked":["beaked:Insight+1"],"picked":"beaked:BraceForImpact+1","floor":18},{"not_picked":["beaked:FeelMyPain+1"],"picked":"beaked:MaddeningMurmurs","floor":19}],"player_experience":621093,"relics_obtained":[{"floor":9,"key":"Strawberry"}],"event_choices":[{"cards_removed":["beaked:Strike_Y"],"damage_healed":0,"gold_gain":0,"player_choice":"Offered Basic","damage_taken":0,"max_hp_gain":0,"max_hp_loss":0,"event_name":"Bonfire Elementals","floor":2,"gold_loss":0},{"damage_healed":0,"gold_gain":100,"player_choice":"Gold","damage_taken":0,"max_hp_gain":0,"max_hp_loss":0,"event_name":"Wheel of Change","floor":11,"gold_loss":0}],"is_beta":false,"boss_relics":[{"not_picked":["Busted Crown","SacredBark"],"picked":"beaked:FlawlessSticks"}],"items_purged_floors":[7,7,7,7,10],"is_endless":false,"potions_floor_spawned":[1,5,16,18],"killed_by":"Shelled Parasite and Fungi","ascension_level":0}}