{"host":"1tl36azeqm6yhdgj","time":1607898802,"event":{"mods":["AchievementEnabler","BaseMod","Minty Spire (QoL Compilation)","StSLib","The IronCluck","everything is the same but u backflip on backflip"],"gold_per_floor":[217,234,409,409,425,457,427,427,427,457,457,482,494,504,504,603,603,620,1,19,31,41,41,41],"floor_reached":23,"playtime":1037,"items_purged":["Doubt"],"score":330,"play_id":"d6ddb758-23a8-4422-b0ef-bb598cf865e6","local_time":"20201213173322","is_ascension_mode":true,"campfire_choices":[{"data":"Cleave","floor":8,"key":"SMITH"},{"floor":11,"key":"RECALL"},{"data":"Barricade","floor":15,"key":"SMITH"}],"circlet_count":0,"master_deck":["AscendersBane","Strike_R","Strike_R","Strike_R","Strike_R","Strike_R","Defend_R","Defend_R","Defend_R","Defend_R","Bash","Clash","Rampage+1","Cleave+1","Dropkick","Metallicize","Barricade+1","Rage","Offering","CurseOfTheBell","Flame Barrier","Metamorphosis","Warcry","Flex+1","True Grit+1"],"relics":["Burning Blood","Ornamental Fan","Self Forming Clay","Akabeko","Strawberry","Calling Bell","Smiling Mask","StrikeDummy","Incense Burner","PreservedInsect","Mercury Hourglass"],"acts_visited":["Exordium","TheCity"],"potions_floor_usage":[6,10,12,18,20],"damage_taken":[{"damage":2,"enemies":"Jaw Worm","floor":1,"turns":3},{"damage":3,"enemies":"2 Louse","floor":2,"turns":3},{"damage":0,"enemies":"Cultist","floor":5,"turns":4},{"damage":16,"enemies":"Gremlin Nob","floor":6,"turns":3},{"damage":28,"enemies":"Lagavulin","floor":10,"turns":6},{"damage":4,"enemies":"3 Sentries","floor":12,"turns":7},{"damage":8,"enemies":"3 Louse","floor":13,"turns":4},{"damage":7,"enemies":"Gremlin Gang","floor":14,"turns":5},{"damage":38,"enemies":"Hexaghost","floor":16,"turns":14},{"damage":27,"enemies":"Shell Parasite","floor":18,"turns":6},{"damage":14,"enemies":"Chosen","floor":20,"turns":5},{"damage":34,"enemies":"Sentry and Sphere","floor":21,"turns":7},{"damage":35,"enemies":"Snake Plant","floor":22,"turns":6},{"damage":29,"enemies":"Book of Stabbing","floor":23,"turns":4}],"seed_played":"-2051192256969489990","potions_obtained":[{"floor":2,"key":"SneckoOil"},{"floor":7,"key":"Energy Potion"},{"floor":7,"key":"FearPotion"},{"floor":12,"key":"Strength Potion"},{"floor":16,"key":"FairyPotion"},{"floor":18,"key":"Regen Potion"}],"is_trial":false,"path_per_floor":["M","M","?","?","M","E","?","R","T","E","R","E","M","M","R","B",null,"M","$","M","M","M","E"],"character_chosen":"IRONCLAD","items_purchased":["PreservedInsect","Mercury Hourglass","Metamorphosis"],"campfire_rested":0,"item_purchase_floors":[19,19,19],"current_hp_per_floor":[76,79,79,79,80,70,70,70,70,48,48,57,55,54,54,22,71,50,50,56,28,26,0,0],"gold":41,"neow_bonus":"HUNDRED_GOLD","is_daily":false,"chose_seed":false,"campfire_upgraded":2,"win_rate":0.0,"timestamp":1607898802,"path_taken":["M","M","?","?","?","E","?","R","T","E","R","E","M","M","R","BOSS","M","$","?","?","M","E"],"items_purchased_type":["Relic","Relic","Card"],"build_version":"2020-11-30","purchased_purges":1,"victory":false,"max_hp_per_floor":[80,80,80,80,80,80,80,80,80,80,80,87,87,87,87,87,87,87,87,87,87,87,87,87],"card_choices":[{"not_picked":["Iron Wave","Sword Boomerang"],"picked":"Clash","floor":1},{"not_picked":["True Grit","Cleave"],"picked":"Rampage","floor":2},{"not_picked":["Headbutt","Ghostly Armor"],"picked":"Cleave","floor":5},{"not_picked":["Armaments","Cleave"],"picked":"Dropkick","floor":6},{"not_picked":["Heavy Blade","Clash"],"picked":"Metallicize","floor":10},{"not_picked":["Entrench","Thunderclap"],"picked":"Barricade","floor":12},{"not_picked":["Pommel Strike","Perfected Strike","Blood for Blood"],"picked":"SKIP","floor":13},{"not_picked":["Thunderclap","Bloodletting"],"picked":"Rage","floor":14},{"not_picked":["Brutality","Barricade"],"picked":"Offering","floor":16},{"not_picked":["Sword Boomerang+1","Flex"],"picked":"Flame Barrier","floor":18},{"not_picked":["Iron Wave","Hemokinesis"],"picked":"Warcry","floor":20},{"not_picked":["Fiend Fire","Heavy Blade+1"],"picked":"Flex+1","floor":21},{"not_picked":["Evolve","Sword Boomerang+1"],"picked":"True Grit+1","floor":22}],"player_experience":1920492,"relics_obtained":[{"floor":6,"key":"Ornamental Fan"},{"floor":9,"key":"Self Forming Clay"},{"floor":10,"key":"Akabeko"},{"floor":12,"key":"Strawberry"},{"floor":17,"key":"Smiling Mask"},{"floor":17,"key":"StrikeDummy"},{"floor":17,"key":"Incense Burner"}],"event_choices":[{"damage_healed":0,"gold_gain":175,"player_choice":"AGREE","damage_taken":0,"max_hp_gain":0,"max_hp_loss":0,"event_name":"Liars Game","floor":3,"gold_loss":0,"cards_obtained":["Doubt"]},{"damage_healed":0,"gold_gain":0,"player_choice":"Upgraded","damage_taken":0,"max_hp_gain":0,"max_hp_loss":0,"event_name":"Upgrade Shrine","floor":4,"gold_loss":0,"cards_upgraded":["Rampage"]},{"damage_healed":0,"gold_gain":0,"player_choice":"Bought 2 Potions","damage_taken":0,"max_hp_gain":0,"max_hp_loss":0,"event_name":"The Woman in Blue","floor":7,"gold_loss":0}],"is_beta":false,"boss_relics":[{"not_picked":["Ectoplasm","Fusion Hammer"],"picked":"Calling Bell"}],"items_purged_floors":[19],"is_endless":false,"potions_floor_spawned":[2,12,16,18],"killed_by":"Book of Stabbing","ascension_level":11}}