{"host":"5s7sm4h73jkd9266","time":1607871956,"event":{"mods":["AchievementEnabler","Bartender","BaseMod","Better Match","Better Vampires","BetterRewards","Colored Map","Colored Powertips","Conspire","Downfall","Energized Spire","GifTheSpireLib","Hermit","Hubris","Magitek Elite","Marisa????????","Melee Mod","Minty Spire (QoL Compilation)","Potion Indicator Mod","Rare Cards Sparkle","Relic Stats","Replay The Spire","Robot Space Explorer","Shade Mod","Shop Mod","StSLib","Stuff the Spire","The Bladedancer","The Blue Laboratory","The Cursed","The Disciple","The Dragon Tamer","The Forsaken","The Necromancer","The Servant 0.9.4","The Wild Card","The Witch","Virulent Crown","everything is the same but u backflip on backflip","slay the spire mod where everything is the same but ironclad has a cowboy hat","vexMod"],"gold_per_floor":[113,113,85,95,111,111,143,143,143,143,143,170,135,5,5,78,78,93,28,28,46,46,46,77,77,77,87,116,132,159,169,169,169,169],"floor_reached":33,"playtime":2061,"items_purged":[],"score":575,"play_id":"8878bffd-efb3-43bc-97f4-4a485c75f2e9","local_time":"20201213100556","is_ascension_mode":true,"campfire_choices":[{"floor":6.0,"key":"REST"},{"floor":8.0,"key":"REST"},{"floor":10.0,"key":"REST"},{"floor":23.0,"key":"REST"},{"floor":25.0,"key":"REST"},{"floor":32.0,"key":"REST"}],"circlet_count":0,"master_deck":["AscendersBane","Strike_B","Strike_B","Strike_B","Defend_B","Defend_B","Defend_B","Defend_B","Zap","Dualcast+1","Creative AI","Doom and Gloom","expansioncontent:HyperBeam","Capacitor","Steam+1","Go for the Eyes","Leap","Hologram","Turbo","Conserve Battery","StuffTheSpire:Innocence","Electrodynamics","Cold Snap","Crystallizer","Amplify","Double Energy","Chill","StuffTheSpire:ShieldGenerator","Go for the Eyes","Coolheaded","Defragment","Cold Snap","Lockon"],"relics":["Cracked Core","StuffTheSpire:ForceGauntlet","Bronze Scales","hubris:TinFlute","ReplayTheSpireMod:Shallot","hubris:Backtick","Mango","hubris:BallOfYels","Geode","Power_Wrist","Bag of Preparation","Emotion Chip"],"acts_visited":["Exordium","TheCity"],"potions_floor_usage":[33],"damage_taken":[{"damage":0.0,"enemies":"2 Louse","floor":1.0,"turns":1.0},{"damage":7.0,"enemies":"Jaw Worm","floor":4.0,"turns":4.0},{"damage":2.0,"enemies":"Small Slimes","floor":5.0,"turns":3.0},{"damage":24.0,"enemies":"Lagavulin","floor":7.0,"turns":6.0},{"damage":18.0,"enemies":"3 Sentries","floor":12.0,"turns":7.0},{"damage":29.0,"enemies":"The Guardian","floor":16.0,"turns":12.0},{"damage":5.0,"enemies":"2 Thieves","floor":18.0,"turns":3.0},{"damage":24.0,"enemies":"Spheric Guardian","floor":21.0,"turns":5.0},{"damage":38.0,"enemies":"Slavers","floor":24.0,"turns":4.0},{"damage":2.0,"enemies":"Centurion and Healer","floor":27.0,"turns":3.0},{"damage":39.0,"enemies":"Book of Stabbing","floor":28.0,"turns":6.0},{"damage":2.0,"enemies":"Snecko","floor":29.0,"turns":5.0},{"damage":6.0,"enemies":"Slavers","floor":30.0,"turns":5.0},{"damage":7.0,"enemies":"Shelled Parasite and Fungi","floor":31.0,"turns":5.0},{"damage":36,"enemies":"Collector","floor":33,"turns":6}],"seed_played":"2533872307128649423","potions_obtained":[{"floor":5.0,"key":"blueLaboratory:BubblePotion"},{"floor":12.0,"key":"ColorlessPotion"},{"floor":27.0,"key":"Venom Potion"},{"floor":29.0,"key":"blueLaboratory:HummingbirdPotion"},{"floor":30.0,"key":"DistilledChaos"},{"floor":31.0,"key":"Reflective Coating"}],"is_trial":false,"path_per_floor":["M","?","$","M","M","R","E","R","T","R","?","E","?","$","R_BF","B",null,"M","?","$","M","$","R","E","R","T","M","E","M","E","M","R","B"],"character_chosen":"DEFECT","items_purchased":["StuffTheSpire:ForceGauntlet","Creative AI","Doom and Gloom","expansioncontent:HyperBeam","Capacitor","Steam","Leap","Cold Snap","Crystallizer"],"campfire_rested":6,"item_purchase_floors":[0,0,0,0,0,0,3,14,14],"current_hp_per_floor":[32,32,32,25,23,44,20,41,41,62,52,34,51,51,71,42,78,73,73,73,49,49,74,36,61,61,59,20,18,12,5,30,0,0],"gold":169,"neow_bonus":"","is_daily":false,"chose_seed":false,"campfire_upgraded":0,"win_rate":0.0,"timestamp":1607871956,"path_taken":["M","?","$","M","M","R","E","R","T","R","?","E","?","?","R_BF","BOSS","M","?","$","M","$","R","E","R","T","M","E","?","E","?","R","BOSS"],"items_purchased_type":["Relic","Card","Card","Card","Card","Card","Card","Card","Card"],"build_version":"2020-11-30","purchased_purges":0,"victory":false,"max_hp_per_floor":[71,71,71,71,71,71,71,71,71,71,71,71,71,71,71,71,85,85,85,85,85,85,85,85,85,85,85,85,85,85,85,85,85,85],"relic_stats":{"Emotion Chip":[22,11,11,0,0],"counters":[15,75],"Bronze Scales":[209],"Bag of Preparation":[8],"obtain_stats":[{"hubris:BallOfYels":19,"Emotion Chip":30,"hubris:Backtick":17,"ReplayTheSpireMod:Shallot":12,"StuffTheSpire:ForceGauntlet":0,"Bronze Scales":7,"Mango":17,"Geode":24,"Bag of Preparation":28,"Cracked Core":0,"Power_Wrist":26,"hubris:TinFlute":9},{"hubris:BallOfYels":7,"Emotion Chip":13,"hubris:Backtick":6,"ReplayTheSpireMod:Shallot":5,"StuffTheSpire:ForceGauntlet":0,"Bronze Scales":4,"Mango":6,"Geode":9,"Bag of Preparation":11,"Cracked Core":0,"Power_Wrist":9,"hubris:TinFlute":4},{"hubris:BallOfYels":36,"Emotion Chip":64,"hubris:Backtick":33,"ReplayTheSpireMod:Shallot":21,"StuffTheSpire:ForceGauntlet":0,"Bronze Scales":14,"Mango":33,"Geode":45,"Bag of Preparation":54,"Cracked Core":0,"Power_Wrist":45,"hubris:TinFlute":14}]},"card_choices":[{"not_picked":["ReplayGash","Stack"],"picked":"Go for the Eyes","floor":1.0},{"not_picked":["Go for the Eyes","ReplayGash"],"picked":"Hologram","floor":4.0},{"not_picked":["Force Field","Streamline"],"picked":"Turbo","floor":5.0},{"not_picked":["Tempest","Crystallizer"],"picked":"Conserve Battery","floor":7.0},{"not_picked":["Capacitor","Rebound"],"picked":"Electrodynamics","floor":12.0},{"not_picked":["Reboot","Mirror Shield"],"picked":"Amplify","floor":16.0},{"not_picked":["Go for the Eyes","Streamline"],"picked":"Double Energy","floor":18.0},{"not_picked":["Barrage+1","Beam Cell+1"],"picked":"Chill","floor":21.0},{"not_picked":["Go for the Eyes","StuffTheSpire:LoadUp"],"picked":"StuffTheSpire:ShieldGenerator","floor":24.0},{"not_picked":["Crystallizer","ReplayTheSpireMod:System Scan"],"picked":"Go for the Eyes","floor":27.0},{"not_picked":["Turbo","Force Field"],"picked":"Coolheaded","floor":28.0},{"not_picked":["Coolheaded","Redo"],"picked":"Defragment","floor":29.0},{"not_picked":["Turbo","Rebound"],"picked":"Cold Snap","floor":30.0},{"not_picked":["Panic Button+1","Doom and Gloom"],"picked":"Lockon","floor":31.0}],"player_experience":5291145,"relics_obtained":[{"floor":7.0,"key":"Bronze Scales"},{"floor":9.0,"key":"hubris:TinFlute"},{"floor":12.0,"key":"ReplayTheSpireMod:Shallot"},{"floor":24.0,"key":"Geode"},{"floor":26.0,"key":"Power_Wrist"},{"floor":28.0,"key":"Bag of Preparation"},{"floor":30.0,"key":"Emotion Chip"}],"event_choices":[{"damage_healed":17.0,"max_hp_gain":0.0,"max_hp_loss":0.0,"gold_gain":0.0,"event_name":"The Cleric","player_choice":"Healed","floor":13.0,"gold_loss":35.0,"damage_taken":0.0},{"damage_healed":0.0,"max_hp_gain":0.0,"max_hp_loss":0.0,"gold_gain":0.0,"event_name":"WeMeetAgain","player_choice":"Paid Gold","floor":19.0,"gold_loss":65.0,"damage_taken":0.0,"relics_obtained":["hubris:BallOfYels"]}],"is_beta":false,"boss_relics":[{"not_picked":["energizedSpire:OgreHead","Coffee Dripper"],"picked":"hubris:Backtick"}],"items_purged_floors":[],"is_endless":false,"potions_floor_spawned":[5,12,27,29,30,31],"killed_by":"Collector","ascension_level":17}}