{"host":"f6tqpspb2ou2a4h5","time":1607835391,"event":{"mods":["2.2 Compatiblity","Ascension Unlocker","BaseMod","Colored Map","DeckTracker","Hermit","Highlight Path","KOR Keyword Fix","Keyboard Shortcuts","Minty Spire (QoL Compilation)","Permanent Neow","Quick Restart","Random Character Button","StSLib","SuperFastMode","The Poker Player","everything is the same but u backflip on backflip"],"gold_per_floor":[139,139,178,214,6,6,45,95,122,122,191,191,239,239,239],"floor_reached":14,"playtime":308,"items_purged":[],"score":176,"play_id":"765790ef-d90a-4b04-974a-dcdda78d8669","local_time":"20201213135631","is_ascension_mode":true,"campfire_choices":[{"data":"HandOfGreed","floor":6,"key":"SMITH"},{"data":"Bash","floor":10,"key":"SMITH"},{"floor":12,"key":"REST"}],"circlet_count":0,"master_deck":["AscendersBane","Strike_R","Strike_R","Strike_R","Strike_R","Strike_R","Defend_R","Defend_R","Defend_R","Defend_R","Bash+1","HandOfGreed+1","Shrug It Off","Dark Embrace","Fiend Fire","Cleave"],"relics":["Burning Blood","Golden Idol","Vajra","Bronze Scales","Bag of Marbles"],"acts_visited":["Exordium"],"potions_floor_usage":[11,14],"damage_taken":[{"damage":1,"enemies":"2 Louse","floor":1,"turns":2},{"damage":4,"enemies":"Cultist","floor":3,"turns":4},{"damage":11,"enemies":"Small Slimes","floor":4,"turns":4},{"damage":5,"enemies":"Red Slaver","floor":7,"turns":3},{"damage":59,"enemies":"Gremlin Nob","floor":11,"turns":5},{"damage":8,"enemies":"3 Louse","floor":13,"turns":3},{"damage":37,"enemies":"Lagavulin","floor":14,"turns":7}],"seed_played":"128801188047651237","potions_obtained":[{"floor":4,"key":"BloodPotion"},{"floor":11,"key":"ColorlessPotion"},{"floor":13,"key":"EssenceOfSteel"}],"is_trial":false,"path_per_floor":["M","?","M","M","$","R","M","?","T","R","E","R","M","E"],"character_chosen":"IRONCLAD","items_purchased":["Vajra","Dark Embrace"],"campfire_rested":1,"item_purchase_floors":[5,5],"current_hp_per_floor":[68,62,62,57,57,57,58,58,58,58,9,27,25,0,0],"gold":239,"neow_bonus":"RANDOM_COLORLESS_2","is_daily":false,"chose_seed":false,"campfire_upgraded":2,"win_rate":0.0,"timestamp":1607835391,"path_taken":["M","?","M","M","$","R","M","?","T","R","E","R","M","E"],"items_purchased_type":["Relic","Card"],"build_version":"2020-11-30","purchased_purges":0,"victory":false,"max_hp_per_floor":[68,62,62,62,62,62,62,62,62,62,62,62,62,62,62],"card_choices":[{"not_picked":["Transmutation","Violence"],"picked":"HandOfGreed","floor":0},{"not_picked":["Inflame","Headbutt"],"picked":"Shrug It Off","floor":1},{"not_picked":["Iron Wave","Clash","Ghostly Armor"],"picked":"SKIP","floor":3},{"not_picked":["Heavy Blade","Pommel Strike","Combust"],"picked":"SKIP","floor":4},{"not_picked":["Headbutt","True Grit"],"picked":"Fiend Fire","floor":7},{"not_picked":["Barricade","Rampage","Infernal Blade"],"picked":"SKIP","floor":11},{"not_picked":["Rage","Thunderclap"],"picked":"Cleave","floor":13}],"player_experience":13419,"relics_obtained":[{"floor":9,"key":"Bronze Scales"},{"floor":11,"key":"Bag of Marbles"}],"event_choices":[{"damage_healed":0,"gold_gain":0,"player_choice":"Lose Max HP","damage_taken":0,"relics_obtained":["Golden Idol"],"max_hp_gain":0,"max_hp_loss":6,"event_name":"Golden Idol","floor":2,"gold_loss":0},{"damage_healed":0,"gold_gain":50,"player_choice":"Pray","damage_taken":0,"max_hp_gain":0,"max_hp_loss":0,"event_name":"Golden Shrine","floor":8,"gold_loss":0}],"is_beta":false,"boss_relics":[],"items_purged_floors":[],"is_endless":false,"potions_floor_spawned":[4,11,13],"killed_by":"Lagavulin","ascension_level":19}}