{"host":"gg261ytdv66iw6io","time":1607902221,"event":{"mods":["BaseMod","Duelist Mod","Hermit","Hubris","Minty Spire (QoL Compilation)","Quick Restart","Replay The Spire","StSLib","SuperFastMode","The Cursed","The Jungle"],"gold_per_floor":[140,152,152,164,164,193,193,193,217,241,265,291,291,311,311,325,325],"floor_reached":16,"playtime":888,"items_purged":[],"score":129,"play_id":"2b0d053a-bb99-4829-8025-35cd4e084496","local_time":"20201213183021","is_ascension_mode":false,"campfire_choices":[{"data":"theDuelist:Graverobber","floor":8,"key":"SMITH"},{"data":"theDuelist:FeatherShot","floor":13,"key":"SMITH"},{"data":"theDuelist:FeatherShot+1","floor":15,"key":"SMITH"}],"circlet_count":0,"master_deck":["theDuelist:BeaverWarrior","theDuelist:BeaverWarrior","theDuelist:CastleWalls","theDuelist:CastleWalls","theDuelist:FinalFlame","theDuelist:GiantSoldier","theDuelist:GiantSoldier","theDuelist:ScrapFactory","theDuelist:Sparks","theDuelist:Sparks","theDuelist:MeteorDestruction","theDuelist:BigFire","theDuelist:RainbowNeos","theDuelist:Graverobber+1","theDuelist:BerserkerCrush","hubris:NaturalOne","theDuelist:GridRod","theDuelist:FeatherShot+2","theDuelist:BigKoala"],"relics":["theDuelist:MillenniumPuzzle","theDuelist:CardPoolRelic","theDuelist:CardPoolBasicRelic","theDuelist:BoosterPackPoolRelic","theDuelist:CardPoolAddRelic","theDuelist:CardPoolMinusRelic","theDuelist:CardPoolSaveRelic","theDuelist:CardPoolOptionsRelic","NeowsBlessing","hubris:Icosahedron","Paper Crane","hubris:DeckOfHolding","Replay:Bandana"],"acts_visited":["Exordium"],"potions_floor_usage":[6,16,16],"damage_taken":[{"damage":0,"enemies":"Cultist","floor":1,"turns":1},{"damage":0,"enemies":"2 Louse","floor":2,"turns":1},{"damage":0,"enemies":"Jaw Worm","floor":4,"turns":1},{"damage":0,"enemies":"3 Sentries","floor":6,"turns":5},{"damage":0,"enemies":"Exordium Wildlife","floor":10,"turns":2},{"damage":9,"enemies":"Gremlin Gang","floor":11,"turns":2},{"damage":10,"enemies":"Lots of Slimes","floor":12,"turns":3},{"damage":3,"enemies":"3 Louse","floor":14,"turns":4},{"damage":73,"enemies":"Fading Forest","floor":16,"turns":9}],"seed_played":"-1879942093626929698","potions_obtained":[{"floor":2,"key":"ColorlessPotion"},{"floor":6,"key":"theDuelist:ExtraOrbsBottle"},{"floor":10,"key":"theDuelist:SummonFuryPotion"},{"floor":14,"key":"EssenceOfSteel"}],"is_trial":false,"path_per_floor":["M","M","$","M","?","E","T","R","T","M","M","M","R","M","R","B"],"character_chosen":"THE_DUELIST","items_purchased":[],"campfire_rested":0,"item_purchase_floors":[],"current_hp_per_floor":[80,80,80,80,80,80,80,80,80,80,71,61,61,58,58,0,0],"gold":325,"neow_bonus":"THREE_ENEMY_KILL","is_daily":false,"chose_seed":false,"campfire_upgraded":3,"win_rate":0.0,"timestamp":1607902221,"path_taken":["M","M","?","M","?","E","?","R","T","M","?","M","R","?","R","BOSS"],"items_purchased_type":[],"build_version":"2020-11-30","purchased_purges":0,"victory":false,"max_hp_per_floor":[80,80,80,80,80,80,80,80,80,80,80,80,80,80,80,80,80],"card_choices":[{"not_picked":["theDuelist:SpellShatteringArrow","theDuelist:CoreBlaster","theDuelist:CombinationAttack","theDuelist:InfernoFireBlast"],"picked":"theDuelist:MeteorDestruction","floor":1},{"not_picked":["theDuelist:MeteorDestruction","theDuelist:FairyBox","theDuelist:WhiteMagicalHat","theDuelist:DeltaAttacker"],"picked":"theDuelist:BigFire","floor":2},{"not_picked":["theDuelist:Hinotama","theDuelist:Reinforcements","theDuelist:BlackPendant","theDuelist:CharcoalInpachi"],"picked":"theDuelist:RainbowNeos","floor":4},{"not_picked":["theDuelist:Wiretap","theDuelist:PsychicShockwave","theDuelist:Reinforcements","theDuelist:PineappleBlast"],"picked":"theDuelist:Graverobber","floor":6},{"not_picked":["theDuelist:MeteorDestruction","theDuelist:Hinotama","theDuelist:GravityBlaster","theDuelist:DoubleTool"],"picked":"theDuelist:BerserkerCrush","floor":10},{"not_picked":["theDuelist:Raigeki","theDuelist:ForbiddenLance","theDuelist:AmuletAmbition","theDuelist:Mathematician"],"picked":"theDuelist:GridRod","floor":11},{"not_picked":["theDuelist:YamiForm","theDuelist:InstantFusion","theDuelist:GridRod","theDuelist:AmuletAmbition"],"picked":"theDuelist:FeatherShot","floor":12},{"not_picked":["theDuelist:MythicalBeast","theDuelist:KamionTimelord","theDuelist:BattleFootballer","theDuelist:Mathematician"],"picked":"theDuelist:BigKoala","floor":14}],"player_experience":839744,"relics_obtained":[{"floor":6,"key":"Paper Crane"},{"floor":7,"key":"hubris:DeckOfHolding"},{"floor":9,"key":"Replay:Bandana"}],"event_choices":[],"is_beta":false,"boss_relics":[],"items_purged_floors":[],"is_endless":false,"potions_floor_spawned":[2,6,10,14],"killed_by":"Fading Forest","ascension_level":0}}