{"host":"8xp52u5o8fcssvzz","time":1607849875,"event":{"mods":["2.2 Compatiblity","AchievementEnabler","Act Like it!","Aspiration","BaseMod","Better Altar","Better Match","Better Note","Better Sensory Stone","Better Skull","Better Third Choice","BetterRewards","Colored Map","Conspire","Downfall","GifTheSpireLib","Googly Eyes","Halation","Hallownest","Highlight Path","Hubris","Infinite Spire","Jorbs\u0027s Wanderer Trilogy","Lobotomy","LobotomyExtend","Marisa????????","Mimic Mod","Minty Spire (QoL Compilation)","Remilia_Scarlet Moed?????·?????3.3.5","Remilia??????","Replay The Spire","Spicy Shops","StSLib","Stuff the Spire","The Administrix","The Alterego","The Blackbeard","The Bladedancer","The Cursed","The Gatherer","The Necromancer","The Runesmith","The Servant 0.9.4","TheFirefly","TheSwordswoman","Unceasing Turn Reminder","everything is the same but u backflip on backflip"],"gold_per_floor":[118,136,136,152,152,152,185,185,209,224,238,238,258,258,258,258,258],"floor_reached":16,"playtime":859,"items_purged":[],"score":127,"play_id":"fabf1eba-7cd7-453a-a900-e59bc5156116","local_time":"20201213005755","is_ascension_mode":false,"campfire_choices":[{"data":"AdministrixMod:PassageOfAges","floor":6,"key":"SMITH"},{"data":"AdministrixMod:NoblePath","floor":12,"key":"SMITH"}],"circlet_count":0,"master_deck":["AdministrixMod:Strike_Administrix","AdministrixMod:Strike_Administrix","AdministrixMod:Strike_Administrix","AdministrixMod:Strike_Administrix","AdministrixMod:RedCloak","AdministrixMod:Defend_Administrix","AdministrixMod:Defend_Administrix","AdministrixMod:Defend_Administrix","AdministrixMod:Defend_Administrix","AdministrixMod:BlueCloak","AdministrixMod:ImmortalGrace","GalaxyChild","AdministrixMod:PassageOfAges+1","MeatLantern","AdministrixMod:SeventeenArticleLaser","UniverseFragment","AdministrixMod:CenturiesAscent","Scorched","AdministrixMod:NoblePath+1","Mercenary","AdministrixMod:ImmortalPurity"],"relics":["AdministrixMod:ConductorRitualBaton","CogitoBucket","LetterFromLob","halation:RedSoulGem","aspiration:DSix","halation:LettersToHer","LuminousBracelet"],"acts_visited":["Exordium"],"potions_floor_usage":[11,11,16],"damage_taken":[{"damage":0,"enemies":"Small Slimes","floor":1,"turns":4},{"damage":0,"enemies":"2 Louse","floor":2,"turns":2},{"damage":4,"enemies":"Jaw Worm","floor":4,"turns":3},{"damage":13,"enemies":"Lagavulin","floor":7,"turns":3},{"damage":52,"enemies":"Blue Slaver","floor":10,"turns":4},{"damage":7,"enemies":"Exordium Thugs","floor":11,"turns":3},{"damage":3,"enemies":"Large Slime","floor":13,"turns":4},{"damage":95,"enemies":"Slime Boss","floor":16,"turns":6}],"seed_played":"-8977059513919633039","potions_obtained":[{"floor":1,"key":"hexamod:EctoCoolerPotion"},{"floor":4,"key":"Swift Potion"},{"floor":10,"key":"Adrenaline Potion"},{"floor":11,"key":"DuplicationPotion"},{"floor":15,"key":"DuplicationPotion"}],"is_trial":false,"path_per_floor":["M","M","$","M","?","R","E","?","T","M","M","R","M","?","R_BF","B"],"character_chosen":"TheAdministrix","items_purchased":[],"campfire_rested":0,"item_purchase_floors":[],"current_hp_per_floor":[65,65,65,65,65,65,58,63,63,17,54,54,70,70,70,0,0],"gold":258,"neow_bonus":"","is_daily":false,"chose_seed":false,"campfire_upgraded":2,"win_rate":0.0,"timestamp":1607849875,"path_taken":["M","M","$","M","?","R","E","?","T","M","M","R","M","?","R_BF","BOSS"],"items_purchased_type":[],"build_version":"2020-11-30","purchased_purges":0,"victory":false,"max_hp_per_floor":[65,65,65,65,65,65,65,70,70,70,85,85,85,85,85,85,85],"card_choices":[{"not_picked":["LaLuna","MHz"],"picked":"Woodsman","floor":1},{"not_picked":["AdministrixMod:XianArts","AdministrixMod:RegentEdict"],"picked":"AdministrixMod:ImmortalGrace","floor":1},{"not_picked":["Wellcheers","PunishingBird"],"picked":"GalaxyChild","floor":2},{"not_picked":["AdministrixMod:ExtolVirtue","AdministrixMod:RebukeDesires"],"picked":"AdministrixMod:XianArts","floor":2},{"not_picked":["AdministrixMod:FearOfDeath","AdministrixMod:TouchOfCinnabar"],"picked":"AdministrixMod:PassageOfAges","floor":4},{"not_picked":["LittlePrince","Murderer"],"picked":"MeatLantern","floor":7},{"not_picked":["AdministrixMod:Transition","AdministrixMod:Wuji"],"picked":"AdministrixMod:SeventeenArticleLaser","floor":7},{"not_picked":["SpiderBud","VoidDream"],"picked":"UniverseFragment","floor":10},{"not_picked":["AdministrixMod:PassageOfAges","AdministrixMod:NewWardrobe"],"picked":"AdministrixMod:CenturiesAscent","floor":10},{"not_picked":["SnowQueen","ShyLook"],"picked":"Scorched","floor":11},{"not_picked":["AdministrixMod:Metempsychosis","AdministrixMod:AmassedMasks"],"picked":"AdministrixMod:NoblePath","floor":11},{"not_picked":["VoidDream","WallGazer"],"picked":"Mercenary","floor":13},{"not_picked":["AdministrixMod:CenturiesAscent","AdministrixMod:Overdrive"],"picked":"AdministrixMod:ImmortalPurity","floor":13}],"player_experience":423583,"relics_obtained":[{"floor":1,"key":"LetterFromLob"},{"floor":7,"key":"aspiration:DSix"},{"floor":9,"key":"halation:LettersToHer"}],"event_choices":[{"damage_healed":0,"gold_gain":0,"player_choice":"Donut","damage_taken":0,"max_hp_gain":5,"max_hp_loss":0,"event_name":"Big Fish","floor":8,"gold_loss":0},{"cards_removed":["AdministrixMod:XianArts"],"damage_healed":0,"gold_gain":0,"player_choice":"Forget","damage_taken":0,"max_hp_gain":0,"max_hp_loss":0,"event_name":"Living Wall","floor":14,"gold_loss":0}],"is_beta":false,"boss_relics":[],"items_purged_floors":[],"is_endless":false,"potions_floor_spawned":[1,4,10,11],"killed_by":"Slime Boss","ascension_level":0}}