{"host":"kw4o7b3ro2ktmmbe","time":1607836775,"event":{"mods":["BaseMod","Gremlin Mod","Minty Spire (QoL Compilation)","StSLib","Treasure Hunter"],"gold_per_floor":[165,115,115,128,140,140,170,170,170,196,196,49,62,77,77,175,175,189,204,204,216,216,247,247,261,261,261,275,294,329,350,350,355,355],"floor_reached":33,"playtime":2719,"items_purged":[],"score":349,"play_id":"a2a7094c-4690-46f2-ab8f-092b03ed92d2","local_time":"20201213181935","is_ascension_mode":false,"campfire_choices":[{"data":"Gremlin:Unforgiving","floor":6.0,"key":"SMITH"},{"data":"Gremlin:Pinprick","floor":8.0,"key":"SMITH"},{"data":"1","floor":11.0,"key":"LIFT"},{"data":"2","floor":15.0,"key":"LIFT"},{"data":"3","floor":24,"key":"LIFT"},{"data":"Gremlin:ShadowShiv","floor":32,"key":"SMITH"}],"circlet_count":0,"master_deck":["Gremlin:Strike","Gremlin:Strike","Gremlin:Strike","Gremlin:Strike","Gremlin:Defend","Gremlin:Defend","Gremlin:Defend","Gremlin:TagTeam","Gremlin:GremlinDance","Gremlin:GremlinMeal","Gremlin:FairyDust","Gremlin:MakeshiftArmor","Gremlin:Pinprick+1","Gremlin:GremlinMeal","Gremlin:Unforgiving+1","TH:ElvenBoots","Gremlin:GremlinMeal","TH:Mimic","TH:ArmorSpikes","Gremlin:CongaLine","TH:DeckOfManyThings","Gremlin:ShadowShiv+1","Gremlin:GremlinToss+1","Gremlin:Changeo+1","TH:BikiniMail","Gremlin:CounterStrike","Gremlin:DaggerDance+1","Decay","TH:CopperCoins","Gremlin:Polish","Gremlin:Pickpocket","TH:CursedSword"],"relics":["Gremlin:GremlinKnob","NeowsBlessing","Bottled Flame","Nunchaku","Girya","Blood Vial","Cursed Key","MutagenicStrength","Enchiridion","Happy Flower","Ancient Tea Set","Akabeko"],"acts_visited":["Exordium","TheCity"],"potions_floor_usage":[21,23,30,31,33],"damage_taken":[{"damage":0.0,"enemies":"Jaw Worm","floor":1.0,"turns":1.0},{"damage":0.0,"enemies":"2 Louse","floor":4.0,"turns":1.0},{"damage":0.0,"enemies":"Cultist","floor":5.0,"turns":1.0},{"damage":0.0,"enemies":"Lagavulin","floor":7.0,"turns":5.0},{"damage":38.0,"enemies":"Gremlin Nob","floor":10.0,"turns":5.0},{"damage":0.0,"enemies":"Gremlin Gang","floor":13.0,"turns":2.0},{"damage":3.0,"enemies":"Red Slaver","floor":14.0,"turns":2.0},{"damage":8.0,"enemies":"Slime Boss","floor":16.0,"turns":6.0},{"damage":5.0,"enemies":"2 Thieves","floor":18.0,"turns":4.0},{"damage":27.0,"enemies":"3 Byrds","floor":19.0,"turns":3.0},{"damage":0,"enemies":"Snake Plant","floor":21,"turns":1},{"damage":1,"enemies":"Gremlin Leader","floor":23,"turns":4},{"damage":4,"enemies":"Chosen and Byrds","floor":25,"turns":5},{"damage":0,"enemies":"Shelled Parasite and Fungi","floor":28,"turns":2},{"damage":4,"enemies":"Snecko","floor":29,"turns":5},{"damage":33,"enemies":"Slavers","floor":30,"turns":4},{"damage":4,"enemies":"3 Cultists","floor":31,"turns":4},{"damage":16,"enemies":"Automaton","floor":33,"turns":3}],"seed_played":"-4571608643499302517","potions_obtained":[{"floor":1.0,"key":"PowerPotion"},{"floor":4.0,"key":"Energy Potion"},{"floor":10.0,"key":"DistilledChaos"},{"floor":13.0,"key":"SteroidPotion"},{"floor":18.0,"key":"FearPotion"},{"floor":21,"key":"Ancient Potion"},{"floor":29,"key":"Explosive Potion"},{"floor":30,"key":"Explosive Potion"},{"floor":31,"key":"BlessingOfTheForge"}],"is_trial":false,"path_per_floor":["M","?","?","M","M","R","E","R","T","E","R","$","M","M","R","B",null,"M","M","?","M","?","E","R","M","T","?","M","M","E","M","R","B"],"character_chosen":"GREMLIN","items_purchased":["Blood Vial"],"campfire_rested":0,"item_purchase_floors":[12],"current_hp_per_floor":[20,20,20,20,20,20,20,20,20,16,16,16,20,17,17,10,20,20,11,11,13,5,15,15,13,13,13,6,15,4,4,4,0,0],"gold":355,"neow_bonus":"THREE_ENEMY_KILL","is_daily":false,"chose_seed":false,"campfire_upgraded":3,"win_rate":0.0,"timestamp":1607836775,"path_taken":["M","?","?","?","M","R","E","R","T","E","R","$","?","M","R","BOSS","M","M","?","M","?","E","R","M","T","?","M","M","E","M","R","BOSS"],"items_purchased_type":["Relic"],"build_version":"2020-11-30","purchased_purges":0,"victory":false,"max_hp_per_floor":[20,20,20,20,20,20,20,20,20,20,20,20,20,20,20,20,20,20,20,20,20,20,20,20,20,20,20,20,20,20,20,20,20,20],"card_choices":[{"not_picked":["Gremlin:Astound","Gremlin:Kablamo"],"picked":"Gremlin:GremlinMeal","floor":1.0},{"not_picked":["Gremlin:Patsy","Gremlin:BulkUp"],"picked":"Gremlin:GremlinMeal","floor":4.0},{"not_picked":["Gremlin:Scatter","Gremlin:BubbleBarrier"],"picked":"Gremlin:Unforgiving","floor":5.0},{"not_picked":["TH:PixieDust"],"picked":"TH:ElvenBoots","floor":7.0},{"not_picked":["Gremlin:ToeStub","Gremlin:PourSalt"],"picked":"Gremlin:GremlinMeal","floor":7.0},{"not_picked":["TH:EnergyPotion"],"picked":"TH:Mimic","floor":9.0},{"not_picked":["TH:TreasureMap"],"picked":"TH:ArmorSpikes","floor":10.0},{"not_picked":["Gremlin:Glimmer","Gremlin:GremlinArms","Gremlin:Enthusiasm"],"picked":"SKIP","floor":10.0},{"not_picked":["Gremlin:Patsy","Gremlin:Revel","Gremlin:Presto"],"picked":"SKIP","floor":13.0},{"not_picked":["Gremlin:ShowOfHands","Gremlin:Kablamo"],"picked":"Gremlin:CongaLine","floor":14.0},{"not_picked":["TH:BikiniMail"],"picked":"TH:DeckOfManyThings","floor":16.0},{"not_picked":["Gremlin:ShowStopper","Gremlin:FairyDust"],"picked":"Gremlin:ShadowShiv","floor":16.0},{"not_picked":["Gremlin:Changeo","Gremlin:PourSalt"],"picked":"Gremlin:GremlinToss+1","floor":18.0},{"not_picked":["Gremlin:Mockery","Gremlin:Presto+1"],"picked":"Gremlin:Changeo+1","floor":19.0},{"not_picked":["Gremlin:PourSalt+1","Gremlin:Mockery","Gremlin:Pinprick"],"picked":"SKIP","floor":21},{"not_picked":["TH:PixieDust"],"picked":"TH:BikiniMail","floor":23},{"not_picked":["Gremlin:FanOfKnives","Gremlin:Glimmer"],"picked":"Gremlin:CounterStrike","floor":23},{"not_picked":["Gremlin:Glimmer","Gremlin:GremlinOffensive"],"picked":"Gremlin:DaggerDance+1","floor":25},{"not_picked":["TH:PixieDust"],"picked":"TH:CopperCoins","floor":26},{"not_picked":["Gremlin:BulkUp+1","Gremlin:Patsy"],"picked":"Gremlin:Polish","floor":28},{"not_picked":["Gremlin:FanOfKnives","Gremlin:Pinprick"],"picked":"Gremlin:Pickpocket","floor":29},{"not_picked":["TH:ElvenBoots"],"picked":"TH:CursedSword","floor":30},{"not_picked":["Gremlin:PartyStick","Gremlin:Changeo","Gremlin:PourSalt"],"picked":"SKIP","floor":30},{"not_picked":["Gremlin:TwistTheKnife","Gremlin:Dazzle","Gremlin:Scatter"],"picked":"SKIP","floor":31}],"player_experience":1729928,"relics_obtained":[{"floor":7.0,"key":"Bottled Flame"},{"floor":9.0,"key":"Nunchaku"},{"floor":10.0,"key":"Girya"},{"floor":22,"key":"Enchiridion"},{"floor":23,"key":"Happy Flower"},{"floor":26,"key":"Ancient Tea Set"},{"floor":30,"key":"Akabeko"}],"event_choices":[{"cards_removed":["Gremlin:Defend"],"damage_healed":0.0,"max_hp_gain":0.0,"max_hp_loss":0.0,"gold_gain":0.0,"event_name":"The Cleric","player_choice":"Card Removal","floor":2.0,"gold_loss":50.0,"damage_taken":0.0},{"damage_healed":0.0,"max_hp_gain":0.0,"max_hp_loss":0.0,"gold_gain":0.0,"event_name":"Match and Keep!","player_choice":"3 cards matched","floor":3.0,"gold_loss":0.0,"damage_taken":0.0,"cards_obtained":["Gremlin:FairyDust","Gremlin:MakeshiftArmor","Gremlin:Pinprick"]},{"damage_healed":0.0,"max_hp_gain":0.0,"max_hp_loss":0.0,"gold_gain":0.0,"event_name":"Drug Dealer","player_choice":"Inject Mutagens","floor":20.0,"gold_loss":0.0,"damage_taken":0.0,"relics_obtained":["MutagenicStrength"]},{"damage_healed":0,"gold_gain":0,"player_choice":"Obtained Book","damage_taken":8,"max_hp_gain":0,"max_hp_loss":0,"event_name":"Cursed Tome","floor":22,"gold_loss":0},{"damage_healed":0,"gold_gain":0,"player_choice":"Ignored","damage_taken":0,"max_hp_gain":0,"max_hp_loss":0,"event_name":"Ghosts","floor":27,"gold_loss":0}],"is_beta":false,"boss_relics":[{"not_picked":["Velvet Choker","Runic Dome"],"picked":"Cursed Key"}],"items_purged_floors":[],"is_endless":false,"potions_floor_spawned":[1,4,10,13,18,21,29,30,31],"killed_by":"Automaton","ascension_level":0}}