{"host":"5gc11emcm5chfr5t","time":1607889404,"event":{"mods":["2.2 Compatiblity","AchievementEnabler","BaseMod","Bestiary","Better Note","Colored Map","Colored Powertips","Downfall","Googly Eyes","Minty Spire (QoL Compilation)","Rare Cards Sparkle","Say the Spire","StSLib","The Servant 0.9.4"],"gold_per_floor":[99,99,99,99,24,24,24,24,34,68,86,105,105,119,133,133,133],"floor_reached":16,"playtime":664,"items_purged":[],"score":100,"play_id":"56223ee2-6458-4e46-b78e-78087f390771","local_time":"20201213145644","is_ascension_mode":false,"campfire_choices":[{"floor":1,"key":"RECALL"},{"data":"champ:Execute","floor":5,"key":"SMITH"}],"circlet_count":0,"master_deck":["champ:Strike","champ:Strike","champ:Strike","champ:Defend","champ:Defend","champ:Defend+1","champ:Defend","champ:Execute+1","champ:Taunt","champ:GutPunch","champ:RecklessLeap","champ:FanOfKnives","champ:Riposte+1","champ:IronFortress","champ:EnGarde","champ:ShieldWall","champ:PerfectedStrike","champ:DefensiveStyle"],"relics":["champ:ChampionCrown","downfall:HeartsMalice","downfall:HeartBlessingRed","Pear","War Paint","Kunai"],"acts_visited":["Exordium"],"potions_floor_usage":[12,15,16,16],"damage_taken":[{"damage":0,"enemies":"Jaw Worm","floor":3,"turns":1},{"damage":0,"enemies":"Cultist","floor":4,"turns":1},{"damage":0,"enemies":"2 Louse","floor":8,"turns":1},{"damage":28,"enemies":"Exordium Wildlife","floor":9,"turns":3},{"damage":82,"enemies":"Gremlin Nob","floor":10,"turns":5},{"damage":24,"enemies":"Gremlin Gang","floor":11,"turns":4},{"damage":15,"enemies":"3 Louse","floor":12,"turns":3},{"damage":11,"enemies":"Red Slaver","floor":14,"turns":5},{"damage":33,"enemies":"Large Slime","floor":15,"turns":4},{"damage":27,"enemies":"downfall:Silent","floor":16,"turns":4}],"seed_played":"3481306854472074929","potions_obtained":[{"floor":10,"key":"Fire Potion"},{"floor":11,"key":"Weak Potion"},{"floor":14,"key":"Energy Potion"},{"floor":15,"key":"Swift Potion"}],"is_trial":false,"path_per_floor":["R","?","M","M","R","T","T","M","M","E","M","M","T","M","M","B"],"character_chosen":"THE_CHAMP","items_purchased":[],"campfire_rested":0,"item_purchase_floors":[],"current_hp_per_floor":[90,90,90,90,90,90,100,100,94,42,40,27,27,21,13,0,0],"gold":133,"neow_bonus":"THREE_ENEMY_KILL","is_daily":false,"chose_seed":false,"campfire_upgraded":1,"win_rate":0.0,"timestamp":1607889404,"path_taken":["R","?","M","M","R","?","T","?","M","E","M","M","?","?","M","BOSS"],"items_purchased_type":[],"build_version":"2020-11-30","purchased_purges":0,"victory":false,"max_hp_per_floor":[90,90,90,90,90,90,100,100,100,100,100,100,100,100,100,100,100],"card_choices":[{"not_picked":["champ:FocusedGladiator","champ:CalledShot"],"picked":"champ:GutPunch","floor":3},{"not_picked":["champ:DefensiveShout","champ:Backstep"],"picked":"champ:RecklessLeap","floor":4},{"not_picked":["champ:BerserkersShout","champ:EndlessRage"],"picked":"champ:FanOfKnives","floor":8},{"not_picked":["champ:RisingSlash","champ:BladeFlurry"],"picked":"champ:Riposte","floor":9},{"not_picked":["champ:ArenaPreparation","champ:FocusedBerserking"],"picked":"champ:IronFortress","floor":10},{"not_picked":["champ:DefensiveShout","champ:TornadoPunch"],"picked":"champ:EnGarde","floor":11},{"not_picked":["champ:BerserkersShout","champ:Circumvent"],"picked":"champ:ShieldWall","floor":12},{"not_picked":["champ:AdrenalArmor","champ:FlashCut"],"picked":"champ:PerfectedStrike","floor":14},{"not_picked":["champ:PerfectedStrike","champ:DefensiveShout"],"picked":"champ:DefensiveStyle","floor":15}],"player_experience":345199,"relics_obtained":[{"floor":7,"key":"Pear"},{"floor":10,"key":"War Paint"},{"floor":13,"key":"Kunai"}],"event_choices":[],"is_beta":false,"boss_relics":[],"items_purged_floors":[],"is_endless":false,"potions_floor_spawned":[10,11,14,15],"killed_by":"downfall:Silent","ascension_level":0}}