{"host":"sav7uxregyirlf69","time":1607849764,"event":{"mods":["AchievementEnabler","BaseMod","Colored Map","DeckTracker","Hermit","Keyboard Shortcuts","Minty Spire (QoL Compilation)","READ ME - Guardian Mod","StSLib","SuperFastMode"],"gold_per_floor":[110,130,148,164,114,114,114,130,130,130,156,36,36,53,53,158,158,176,176,205,223,223,257,39,39,39,39,69,1,16,27,27,126,126,136,358,373,419,329,356,356,382,382,382,393,408,428,147,147,147,147,147,10,42,42],"floor_reached":56,"playtime":1041,"items_purged":["Defend_B","Strike_B","Defend_B"],"score":1317,"play_id":"fb847bba-d809-4b81-81f0-86765a87940a","local_time":"20201213175604","daily_mods":["Heirloom"],"is_ascension_mode":true,"campfire_choices":[{"data":"1","floor":6,"key":"LIFT"},{"data":"2","floor":10,"key":"LIFT"},{"data":"3","floor":13,"key":"LIFT"},{"data":"Loop","floor":15,"key":"SMITH"},{"data":"Defragment","floor":27,"key":"SMITH"},{"data":"Coolheaded","floor":32,"key":"SMITH"},{"data":"Creative AI","floor":41,"key":"SMITH"},{"data":"Aggregate","floor":44,"key":"SMITH"},{"floor":49,"key":"RECALL"},{"data":"Amplify","floor":52,"key":"SMITH"}],"circlet_count":0,"master_deck":["Defend_B","Dualcast","Sweeping Beam","Conserve Battery+1","Barrage","Self Repair","Loop+1","Ball Lightning","Electrodynamics","Turbo+1","Coolheaded+1","Defragment+1","Defragment+1","Undo","Biased Cognition","Capacitor","Creative AI+1","Defragment+1","Go for the Eyes+1","Coolheaded+1","Aggregate+1","Hologram+1","Amplify+1","Glacier","Defragment","Biased Cognition"],"relics":["Cracked Core","Girya","StrikeDummy","Bag of Preparation","Matryoshka","Empty Cage","Red Mask","Bronze Scales","White Beast Statue","Bottled Flame","Mummified Hand","Inserter","Ice Cream","HornCleat","Sundial","Pantograph","ClockworkSouvenir","Letter Opener"],"acts_visited":["Exordium","TheCity","TheBeyond","TheEnding"],"potions_floor_usage":[30,31,38,40,50,55,55,55],"damage_taken":[{"damage":6,"enemies":"Cultist","floor":1,"turns":3},{"damage":0,"enemies":"Small Slimes","floor":2,"turns":2},{"damage":0,"enemies":"Jaw Worm","floor":3,"turns":3},{"damage":4,"enemies":"Red Slaver","floor":4,"turns":3},{"damage":3,"enemies":"2 Fungi Beasts","floor":8,"turns":3},{"damage":16,"enemies":"Gremlin Nob","floor":11,"turns":4},{"damage":7,"enemies":"Blue Slaver","floor":14,"turns":2},{"damage":30,"enemies":"The Guardian","floor":16,"turns":9},{"damage":0,"enemies":"3 Byrds","floor":18,"turns":2},{"damage":0,"enemies":"Masked Bandits","floor":20,"turns":2},{"damage":0,"enemies":"Chosen","floor":21,"turns":3},{"damage":17,"enemies":"Slavers","floor":23,"turns":3},{"damage":2,"enemies":"Gremlin Leader","floor":28,"turns":4},{"damage":3,"enemies":"Shelled Parasite and Fungi","floor":30,"turns":3},{"damage":13,"enemies":"Snake Plant","floor":31,"turns":4},{"damage":46,"enemies":"Automaton","floor":33,"turns":7},{"damage":1,"enemies":"3 Shapes","floor":35,"turns":2},{"damage":3,"enemies":"3 Darklings","floor":37,"turns":3},{"damage":12,"enemies":"2 Orb Walkers","floor":38,"turns":3},{"damage":26,"enemies":"Nemesis","floor":40,"turns":7},{"damage":0,"enemies":"Giant Head","floor":42,"turns":6},{"damage":3,"enemies":"Writhing Mass","floor":45,"turns":4},{"damage":0,"enemies":"Sphere and 2 Shapes","floor":46,"turns":3},{"damage":0,"enemies":"Spire Growth","floor":47,"turns":3},{"damage":5,"enemies":"Donu and Deca","floor":50,"turns":5},{"damage":25,"enemies":"Shield and Spear","floor":54,"turns":5},{"damage":40,"enemies":"The Heart","floor":55,"turns":7}],"seed_played":"-5576377139785854134","potions_obtained":[{"floor":2,"key":"EssenceOfSteel"},{"floor":4,"key":"Fire Potion"},{"floor":14,"key":"Fire Potion"},{"floor":30,"key":"Dexterity Potion"},{"floor":31,"key":"Weak Potion"},{"floor":33,"key":"BlessingOfTheForge"},{"floor":38,"key":"Fire Potion"},{"floor":40,"key":"CultistPotion"},{"floor":42,"key":"BlessingOfTheForge"},{"floor":45,"key":"DuplicationPotion"},{"floor":54,"key":"FocusPotion"}],"is_trial":true,"path_per_floor":["M","M","M","M","?","R","T","M","T","R","E","$","R","M","R","B",null,"M","?","?","M","?","E","$","?","T","R","E","$","M","M","R","B",null,"M","?","M","?","?","E","R","E","T","R","M","M","M","$","R","B",null,"R","$","E","B",null],"character_chosen":"DEFECT","items_purchased":["Ball Lightning","Defragment","Undo","Capacitor","ClockworkSouvenir","Glacier","Defragment"],"campfire_rested":0,"item_purchase_floors":[12,24,24,29,48,53,53],"current_hp_per_floor":[69,69,69,65,65,65,65,62,62,62,53,53,53,53,53,30,75,75,61,68,75,75,65,65,65,65,65,70,70,74,68,68,29,80,80,80,80,68,68,49,49,56,56,56,60,67,74,74,74,80,80,80,80,62,50],"gold":42,"neow_bonus":"","is_daily":false,"chose_seed":false,"campfire_upgraded":6,"win_rate":0.0,"timestamp":1607849764,"path_taken":["M","?","M","M","?","R","?","M","T","R","E","$","R","M","R","BOSS","M","?","?","M","?","E","?","?","T","R","E","?","M","?","R","BOSS","M","?","M","?","?","E","R","E","T","R","M","?","M","$","R","BOSS","R","$","E","BOSS"],"items_purchased_type":["Card","Card","Card","Card","Relic","Card","Card"],"build_version":"2020-11-30","purchased_purges":3,"victory":true,"max_hp_per_floor":[75,75,75,75,75,75,75,75,75,75,75,75,75,75,75,75,75,75,80,80,80,80,80,80,80,80,80,80,80,80,80,80,80,80,80,80,80,80,80,80,80,80,80,80,80,80,80,80,80,80,80,80,80,80,80],"card_choices":[{"not_picked":["Rebound","Compile Driver"],"picked":"Sweeping Beam","floor":1},{"not_picked":["Steam","Turbo"],"picked":"Conserve Battery","floor":2},{"not_picked":["Conserve Battery","Blizzard"],"picked":"Barrage","floor":3},{"not_picked":["Turbo","Redo","Rebound"],"picked":"SKIP","floor":4},{"not_picked":["Ball Lightning","Rebound"],"picked":"Self Repair","floor":8},{"not_picked":["Hyperbeam","Auto Shields"],"picked":"Loop","floor":11},{"not_picked":["Leap","Force Field","Recycle"],"picked":"SKIP","floor":14},{"not_picked":["Fission","All For One"],"picked":"Electrodynamics","floor":16},{"not_picked":["Doom and Gloom","Hologram+1"],"picked":"Turbo+1","floor":18},{"not_picked":["Redo","Sweeping Beam"],"picked":"Coolheaded","floor":20},{"not_picked":["Self Repair","Coolheaded"],"picked":"Defragment+1","floor":21},{"not_picked":["Ball Lightning+1","Rebound","Reprogram"],"picked":"SKIP","floor":23},{"not_picked":["Skim","Self Repair"],"picked":"Biased Cognition","floor":28},{"not_picked":["Undo","Hello World+1","Streamline+1"],"picked":"SKIP","floor":30},{"not_picked":["Melter+1","Hello World","Blizzard"],"picked":"SKIP","floor":31},{"not_picked":["Buffer","Fission"],"picked":"Creative AI","floor":33},{"not_picked":["Hello World+1","Redo+1"],"picked":"Defragment+1","floor":35},{"not_picked":["Stack","Turbo"],"picked":"Go for the Eyes+1","floor":37},{"not_picked":["Darkness+1","Turbo+1"],"picked":"Coolheaded+1","floor":38},{"not_picked":["Darkness","Sweeping Beam+1","Gash"],"picked":"SKIP","floor":40},{"not_picked":["Redo","Chaos"],"picked":"Aggregate","floor":42},{"not_picked":["Coolheaded+1","Go for the Eyes+1"],"picked":"Hologram+1","floor":45},{"not_picked":["Stack+1","Ball Lightning"],"picked":"Amplify","floor":46},{"not_picked":["Reinforced Body","Hello World+1","Barrage"],"picked":"SKIP","floor":47},{"not_picked":["Ball Lightning+1","Beam Cell+1"],"picked":"Biased Cognition","floor":54}],"player_experience":925213,"relics_obtained":[{"floor":7,"key":"StrikeDummy"},{"floor":9,"key":"Bag of Preparation"},{"floor":11,"key":"Matryoshka"},{"floor":20,"key":"Red Mask"},{"floor":23,"key":"Bronze Scales"},{"floor":26,"key":"White Beast Statue"},{"floor":26,"key":"Bottled Flame"},{"floor":28,"key":"Mummified Hand"},{"floor":38,"key":"Ice Cream"},{"floor":40,"key":"HornCleat"},{"floor":42,"key":"Sundial"},{"floor":43,"key":"Pantograph"},{"floor":54,"key":"Letter Opener"}],"event_choices":[{"cards_removed":["Strike_B"],"damage_healed":0,"gold_gain":0,"player_choice":"Card Removal","damage_taken":0,"max_hp_gain":0,"max_hp_loss":0,"event_name":"The Cleric","floor":5,"gold_loss":50},{"damage_healed":0,"gold_gain":0,"player_choice":"Shed Blood","damage_taken":19,"max_hp_gain":5,"max_hp_loss":0,"event_name":"Forgotten Altar","floor":19,"gold_loss":0},{"damage_healed":0,"gold_gain":0,"player_choice":"Fought Bandits","damage_taken":0,"max_hp_gain":0,"max_hp_loss":0,"event_name":"Masked Bandits","floor":20,"gold_loss":0},{"damage_healed":0,"gold_gain":0,"player_choice":"Ignored","damage_taken":0,"max_hp_gain":0,"max_hp_loss":0,"event_name":"Cursed Tome","floor":22,"gold_loss":0},{"cards_removed":["Strike_B"],"damage_healed":0,"gold_gain":0,"player_choice":"Elegance","damage_taken":0,"max_hp_gain":0,"max_hp_loss":0,"event_name":"Back to Basics","floor":25,"gold_loss":0},{"damage_healed":0,"gold_gain":222,"player_choice":"Wore Mask","damage_taken":0,"max_hp_gain":0,"max_hp_loss":0,"event_name":"Tomb of Lord Red Mask","floor":36,"gold_loss":0},{"damage_healed":0,"gold_gain":0,"player_choice":"Fight","damage_taken":0,"max_hp_gain":0,"max_hp_loss":0,"event_name":"Mysterious Sphere","floor":38,"gold_loss":0},{"cards_removed":["Zap"],"damage_healed":0,"gold_gain":0,"player_choice":"Upgrade and Remove","damage_taken":0,"max_hp_gain":0,"max_hp_loss":0,"event_name":"Designer","floor":39,"gold_loss":90,"cards_upgraded":["Conserve Battery"]}],"is_beta":false,"boss_relics":[{"not_picked":["Velvet Choker","FrozenCore"],"picked":"Empty Cage"},{"not_picked":["Runic Dome","Snecko Eye"],"picked":"Inserter"}],"items_purged_floors":[12,24,48],"is_endless":false,"potions_floor_spawned":[2,4,14,21,28,30,31,33,35,37,38,40,42,45,46,47,54],"ascension_level":1}}