{"host":"2ccem01eblg14btk","time":1607887754,"event":{"mods":["BaseMod","Colored Map","Downfall","Minty Spire (QoL Compilation)","Quick Restart","StSLib"],"gold_per_floor":[0,17,17,17,17,2,50,67,81,115,133,133,149,149,162,259,259,259,291,291,291,291,311,337,362,372,372,390,401,4,73,83,83,83],"floor_reached":33,"playtime":1457,"items_purged":["Regret"],"score":287,"play_id":"a9a0a29f-bf0b-46bf-ab8f-626a25bdff65","local_time":"20201213202914","is_ascension_mode":false,"campfire_choices":[{"data":"champ:Encircle","floor":1,"key":"SMITH"},{"data":"champ:Backstep","floor":3,"key":"SMITH"},{"data":"champ:MurderStrike","floor":18,"key":"SMITH"},{"data":"champ:IgnorePain","floor":21,"key":"SMITH"},{"floor":27,"key":"REST"}],"circlet_count":0,"master_deck":["champ:Execute","champ:Taunt+1","champ:Encircle+1","champ:Backstep+1","champ:BerserkersShout","champ:AdrenalArmor","champ:Control","champ:RisingSlash","champ:RecklessLeap","champ:AdrenalArmor","Regret","champ:Shatter","champ:Encircle","champ:IgnorePain+1","champ:SwordThrow","champ:CrownThrow","champ:FalseCounter","champ:StanceDance","champ:MurderStrike+1","champ:GladiatorsShout","Writhe","champ:DefensiveStyle","champ:ArenaPreparation","champ:PerfectForm","expansioncontent:DashGenerateEvil"],"relics":["champ:ChampionCrown","downfall:ShatteredFragment","champ:LiftRelic","Oddly Smooth Stone","Eternal Feather","Pandora\u0027s Box","Gremlin Horn","Mummified Hand","downfall:RedIOU","Ancient Tea Set","Blue Candle","Toolbox","Matryoshka"],"acts_visited":["Exordium","TheCity"],"potions_floor_usage":[26,33,33,33],"damage_taken":[{"damage":10,"enemies":"Jaw Worm","floor":2,"turns":3},{"damage":24,"enemies":"downfall:FleeingMerchant","floor":6,"turns":4},{"damage":9,"enemies":"Small Slimes","floor":8,"turns":3},{"damage":7,"enemies":"Cultist","floor":9,"turns":2},{"damage":11,"enemies":"Gremlin Nob","floor":10,"turns":3},{"damage":12,"enemies":"3 Louse","floor":11,"turns":2},{"damage":35,"enemies":"Gremlin Gang","floor":13,"turns":3},{"damage":20,"enemies":"Red Slaver","floor":15,"turns":2},{"damage":70,"enemies":"downfall:Ironclad","floor":16,"turns":4},{"damage":61,"enemies":"Book of Stabbing","floor":19,"turns":4},{"damage":30,"enemies":"Chosen","floor":23,"turns":4},{"damage":61,"enemies":"Gremlin Leader","floor":25,"turns":6},{"damage":44,"enemies":"3 Byrds","floor":26,"turns":4},{"damage":53,"enemies":"Snecko","floor":28,"turns":4},{"damage":43,"enemies":"3 Cultists","floor":29,"turns":5},{"damage":35,"enemies":"downfall:FleeingMerchant","floor":30,"turns":4},{"damage":31,"enemies":"Chosen and Byrds","floor":32,"turns":2},{"damage":26,"enemies":"downfall:Silent","floor":33,"turns":5}],"seed_played":"-2878900799275749721","potions_obtained":[{"floor":9,"key":"FairyPotion"},{"floor":10,"key":"AttackPotion"},{"floor":11,"key":"DuplicationPotion"},{"floor":19,"key":"LiquidMemories"},{"floor":29,"key":"Fire Potion"}],"is_trial":false,"path_per_floor":["R","M","R","?","?","$","T","M","M","E","M","?","M","?","M","B",null,"R","E","?","R","?","M","T","E","M","R","M","M","$","T","M","B"],"character_chosen":"THE_CHAMP","items_purchased":["expansioncontent:DashGenerateEvil","Toolbox"],"campfire_rested":1,"item_purchase_floors":[30,30],"current_hp_per_floor":[90,90,90,63,63,63,63,63,63,62,55,55,53,53,53,57,90,90,67,67,79,79,69,69,54,30,69,52,40,36,36,25,0,0],"gold":83,"neow_bonus":"TRANSFORM_TWO_CARDS","is_daily":false,"chose_seed":false,"campfire_upgraded":4,"win_rate":0.0,"timestamp":1607887754,"path_taken":["R","M","R","?","?","?","T","M","?","E","M","?","M","?","M","BOSS","R","E","?","R","?","M","T","E","M","R","M","M","?","?","M","BOSS"],"items_purchased_type":["Card","Relic"],"build_version":"2020-11-30","purchased_purges":1,"victory":false,"max_hp_per_floor":[90,90,90,90,90,90,90,90,90,90,90,90,90,90,90,90,90,90,90,90,90,90,90,90,90,90,90,90,90,90,90,90,90,90],"card_choices":[{"not_picked":["champ:TornadoPunch","champ:Duel"],"picked":"champ:BerserkersShout","floor":2},{"not_picked":["champ:BerserkersShout","champ:PerfectedStrike"],"picked":"champ:AdrenalArmor","floor":6},{"not_picked":["champ:BerserkersShout","champ:FlashCut"],"picked":"champ:Control","floor":8},{"not_picked":["champ:FocusedDefense","champ:BringItOn"],"picked":"champ:RisingSlash","floor":9},{"not_picked":["champ:Haymaker","champ:GladiatorStyle"],"picked":"champ:RecklessLeap","floor":10},{"not_picked":["champ:BringItOn","champ:GladiatorsShout"],"picked":"champ:AdrenalArmor","floor":11},{"not_picked":["champ:Riposte","champ:Balance"],"picked":"champ:Shatter","floor":13},{"not_picked":["champ:Circumvent","champ:PerfectedStrike"],"picked":"champ:Encircle","floor":15},{"not_picked":["champ:SteelEdge","champ:LastStand"],"picked":"champ:IgnorePain","floor":16},{"not_picked":["champ:TornadoPunch","champ:FanOfKnives","champ:BerserkersShout"],"picked":"SKIP","floor":19},{"not_picked":["champ:RapidStrikes","champ:DeathBlow","champ:FlashCut"],"picked":"SKIP","floor":23},{"not_picked":["champ:BringItOn","champ:FlashCut","champ:Duel"],"picked":"SKIP","floor":25},{"not_picked":["champ:FlashCut","champ:TornadoPunch"],"picked":"champ:DefensiveStyle","floor":26},{"not_picked":["champ:Encircle","champ:CrookedStrike","champ:BladeFlurry"],"picked":"SKIP","floor":28},{"not_picked":["champ:Haymaker+1","champ:TornadoPunch"],"picked":"champ:ArenaPreparation","floor":29},{"not_picked":["champ:DefensiveShout","champ:Circumvent+1"],"picked":"champ:PerfectForm","floor":30},{"not_picked":["champ:FightOn","champ:BladeFlurry+1","champ:CrookedStrike"],"picked":"SKIP","floor":32}],"player_experience":116615,"relics_obtained":[{"floor":7,"key":"Oddly Smooth Stone"},{"floor":10,"key":"Bronze Scales"},{"floor":19,"key":"Gremlin Horn"},{"floor":24,"key":"Ancient Tea Set"},{"floor":25,"key":"Blue Candle"},{"floor":31,"key":"Matryoshka"}],"event_choices":[{"damage_healed":0,"gold_gain":0,"player_choice":"Box","damage_taken":0,"relics_obtained":["Eternal Feather"],"max_hp_gain":0,"max_hp_loss":0,"event_name":"Big Fish","floor":14,"gold_loss":0,"cards_obtained":["Regret"]}],"is_beta":false,"boss_relics":[{"not_picked":["Tiny House","Velvet Choker"],"picked":"Pandora\u0027s Box"}],"items_purged_floors":[30],"is_endless":false,"potions_floor_spawned":[9,10,11,13,19,29],"killed_by":"downfall:Silent","ascension_level":0}}