{"host":"dekhxjxhillho72f","time":1607857993,"event":{"mods":["AchievementEnabler","BaseMod","Better Third Choice","Block Reminder","Colored Map","Colored Powertips","Hermit","Highlight Path","Minty Spire (QoL Compilation)","Permanent Neow","Quick Restart","Rare Cards Sparkle","Relic Stats","StSLib","slay the spire mod where everything is the same but ironclad has a cowboy hat"],"gold_per_floor":[112,125,136,146,162,162,192,204,284,296,315,95,112,62,62,160,160,177,195,195,212,222,250,250,250,250,114,114,144,154,172,172,274,274,303,295,319,331,331],"floor_reached":38,"playtime":2211,"items_purged":["Strike_R","Strike_R"],"score":449,"play_id":"f4b4ebfd-d0f9-4640-813a-7d6f105bfd6f","local_time":"20201213121313","is_ascension_mode":false,"campfire_choices":[{"data":"Metallicize","floor":6,"key":"SMITH"},{"data":"Heavy Blade","floor":15,"key":"SMITH"},{"data":"Spot Weakness","floor":24,"key":"SMITH"},{"floor":32,"key":"REST"}],"circlet_count":0,"master_deck":["Strike_R","Strike_R","Defend_R","Defend_R","Defend_R","Defend_R","Bash+1","Metallicize","Heavy Blade+1","Pummel","Metallicize+1","Twin Strike","Spot Weakness+1","Shrug It Off","Armaments","Armaments","Berserk","Thunderclap","Heavy Blade+1","Headbutt+1","J.A.X.","Cleave+1","CurseOfTheBell"],"relics":["Burning Blood","Blood Vial","The Courier","Red Skull","Busted Crown","Gambling Chip","Molten Egg 2","Ice Cream","Calling Bell","MawBank","Pantograph","StoneCalendar"],"acts_visited":["Exordium","TheCity","TheBeyond"],"potions_floor_usage":[7,13,13,23,29,30,35],"damage_taken":[{"damage":1,"enemies":"Cultist","floor":1,"turns":3},{"damage":1,"enemies":"2 Louse","floor":2,"turns":3},{"damage":11,"enemies":"Jaw Worm","floor":3,"turns":4},{"damage":15,"enemies":"3 Louse","floor":4,"turns":4},{"damage":2,"enemies":"Looter","floor":5,"turns":4},{"damage":25,"enemies":"Lagavulin","floor":7,"turns":10},{"damage":7,"enemies":"Exordium Thugs","floor":8,"turns":5},{"damage":0,"enemies":"3 Louse","floor":10,"turns":5},{"damage":3,"enemies":"Looter","floor":11,"turns":4},{"damage":7,"enemies":"Blue Slaver","floor":13,"turns":2},{"damage":35,"enemies":"The Guardian","floor":16,"turns":11},{"damage":11,"enemies":"Shell Parasite","floor":18,"turns":3},{"damage":3,"enemies":"3 Byrds","floor":19,"turns":6},{"damage":20,"enemies":"Sentry and Sphere","floor":21,"turns":6},{"damage":28,"enemies":"Snecko","floor":22,"turns":5},{"damage":24,"enemies":"Gremlin Leader","floor":23,"turns":6},{"damage":21,"enemies":"Book of Stabbing","floor":29,"turns":6},{"damage":6,"enemies":"Shelled Parasite and Fungi","floor":30,"turns":4},{"damage":10,"enemies":"Snake Plant","floor":31,"turns":4},{"damage":14,"enemies":"Champ","floor":33,"turns":6},{"damage":9,"enemies":"Orb Walker","floor":35,"turns":2},{"damage":29,"enemies":"3 Darklings","floor":37,"turns":5},{"damage":65,"enemies":"4 Shapes","floor":38,"turns":3}],"seed_played":"-6371937515391756269","potions_obtained":[{"floor":3,"key":"GamblersBrew"},{"floor":4,"key":"SkillPotion"},{"floor":5,"key":"DuplicationPotion"},{"floor":7,"key":"Energy Potion"},{"floor":19,"key":"Weak Potion"},{"floor":29,"key":"DuplicationPotion"},{"floor":31,"key":"Swift Potion"},{"floor":33,"key":"LiquidMemories"},{"floor":35,"key":"BlessingOfTheForge"},{"floor":36,"key":"CultistPotion"}],"is_trial":false,"path_per_floor":["M","M","M","M","M","R","E","M","T","M","M","$","M","?","R","B",null,"M","M","?","M","M","E","R","?","T","$","?","E","M","M","R","B",null,"M","?","M","M"],"character_chosen":"IRONCLAD","items_purchased":["Armaments","Red Skull","Heavy Blade+1","Headbutt+1"],"campfire_rested":1,"item_purchase_floors":[12,12,27,27],"current_hp_per_floor":[80,80,75,66,70,70,51,52,52,60,65,65,66,66,66,39,80,75,80,80,66,46,30,30,30,30,30,30,17,19,17,41,35,80,77,77,56,0,0],"gold":331,"neow_bonus":"UPGRADE_CARD","is_daily":false,"chose_seed":false,"campfire_upgraded":3,"win_rate":0.0,"timestamp":1607857993,"path_taken":["M","M","M","M","M","R","E","M","T","M","M","$","M","?","R","BOSS","M","M","?","M","M","E","R","?","T","$","?","E","M","M","R","BOSS","M","?","M","M"],"items_purchased_type":["Card","Relic","Card","Card"],"build_version":"2020-11-30","purchased_purges":2,"victory":false,"max_hp_per_floor":[80,80,80,80,80,80,80,80,80,80,80,80,80,80,80,80,80,80,80,80,80,80,80,80,80,80,80,80,80,80,80,80,80,80,80,80,80,80,80],"relic_stats":{"Blood Vial":28,"Busted Crown":24,"counters":[23,111],"Gambling Chip":[18],"Pantograph":0,"StoneCalendar":[0],"MawBank":48,"obtain_stats":[{"Blood Vial":7,"Ice Cream":29,"Calling Bell":34,"Busted Crown":17,"Gambling Chip":23,"Pantograph":34,"Molten Egg 2":26,"StoneCalendar":34,"The Courier":9,"MawBank":34,"Burning Blood":0,"Red Skull":12},{"Blood Vial":6,"Ice Cream":17,"Calling Bell":20,"Busted Crown":11,"Gambling Chip":16,"Pantograph":20,"Molten Egg 2":16,"StoneCalendar":20,"The Courier":7,"MawBank":20,"Burning Blood":0,"Red Skull":9},{"Blood Vial":28,"Ice Cream":87,"Calling Bell":101,"Busted Crown":55,"Gambling Chip":81,"Pantograph":101,"Molten Egg 2":81,"StoneCalendar":101,"The Courier":33,"MawBank":101,"Burning Blood":0,"Red Skull":42}],"Burning Blood":122},"card_choices":[{"not_picked":["Clothesline","Havoc"],"picked":"Metallicize","floor":1},{"not_picked":["Rupture","Bloodletting","Rage"],"picked":"SKIP","floor":2},{"not_picked":["Flex","Corruption"],"picked":"Heavy Blade","floor":3},{"not_picked":["Searing Blow","Hemokinesis"],"picked":"Pummel","floor":4},{"not_picked":["Havoc","Clash"],"picked":"Metallicize","floor":5},{"not_picked":["Uppercut","Fiend Fire","Rage"],"picked":"SKIP","floor":7},{"not_picked":["Wild Strike","Second Wind"],"picked":"Twin Strike","floor":8},{"not_picked":["Anger","Feel No Pain"],"picked":"Spot Weakness","floor":10},{"not_picked":["Iron Wave","Shockwave"],"picked":"Shrug It Off","floor":11},{"not_picked":["Metallicize","Blood for Blood"],"picked":"Armaments","floor":13},{"not_picked":["Impervious","Feed"],"picked":"Berserk","floor":16},{"not_picked":["Iron Wave"],"picked":"SKIP","floor":18},{"not_picked":["Shockwave"],"picked":"SKIP","floor":19},{"not_picked":["Battle Trance"],"picked":"SKIP","floor":21},{"not_picked":["Iron Wave"],"picked":"SKIP","floor":22},{"not_picked":["Battle Trance"],"picked":"SKIP","floor":23},{"not_picked":["Feel No Pain"],"picked":"SKIP","floor":29},{"not_picked":["Carnage+1"],"picked":"SKIP","floor":30},{"not_picked":[],"picked":"Cleave+1","floor":31},{"not_picked":["Clothesline+1"],"picked":"SKIP","floor":35},{"not_picked":["Iron Wave+1"],"picked":"SKIP","floor":37}],"player_experience":255591,"relics_obtained":[{"floor":7,"key":"Blood Vial"},{"floor":9,"key":"The Courier"},{"floor":23,"key":"Gambling Chip"},{"floor":26,"key":"Molten Egg 2"},{"floor":29,"key":"Ice Cream"},{"floor":34,"key":"MawBank"},{"floor":34,"key":"Pantograph"},{"floor":34,"key":"StoneCalendar"}],"event_choices":[{"cards_removed":["Strike_R"],"damage_healed":0,"gold_gain":0,"player_choice":"Card Removal","damage_taken":0,"max_hp_gain":0,"max_hp_loss":0,"event_name":"The Cleric","floor":14,"gold_loss":50},{"damage_healed":0,"gold_gain":0,"player_choice":"Read","damage_taken":0,"max_hp_gain":0,"max_hp_loss":0,"event_name":"The Library","floor":20,"gold_loss":0,"cards_obtained":["Thunderclap"]},{"damage_healed":0,"gold_gain":0,"player_choice":"Ignored","damage_taken":0,"max_hp_gain":0,"max_hp_loss":0,"event_name":"Ghosts","floor":25,"gold_loss":0},{"damage_healed":0,"gold_gain":0,"player_choice":"Obtain J.A.X.","damage_taken":0,"max_hp_gain":0,"max_hp_loss":0,"event_name":"Drug Dealer","floor":28,"gold_loss":0,"cards_obtained":["J.A.X."]},{"damage_healed":0,"gold_gain":0,"player_choice":"Bought 1 Potion","damage_taken":0,"max_hp_gain":0,"max_hp_loss":0,"event_name":"The Woman in Blue","floor":36,"gold_loss":0}],"is_beta":false,"boss_relics":[{"not_picked":["Ectoplasm","Tiny House"],"picked":"Busted Crown"},{"not_picked":["Runic Dome","Runic Cube"],"picked":"Calling Bell"}],"items_purged_floors":[12,27],"is_endless":false,"potions_floor_spawned":[3,4,5,7,19,29,31,33,35],"killed_by":"4 Shapes","ascension_level":0}}