{"host":"e9x02d116nyd6j9y","time":1607877402,"event":{"mods":["BaseMod","Minty Spire (QoL Compilation)","SuperFastMode","everything is the same but u backflip on backflip"],"gold_per_floor":[116,68,68,128,178,178,198,214,261,261,274,77,127,196,196,196,196],"floor_reached":16,"playtime":486,"items_purged":[],"score":92,"play_id":"137a8fa0-0222-46fc-a73c-3463a6c3e76f","local_time":"20201214013642","is_ascension_mode":false,"campfire_choices":[{"data":"Flame Barrier","floor":6,"key":"SMITH"},{"floor":10,"key":"REST"},{"data":"Fiend Fire","floor":15,"key":"SMITH"}],"circlet_count":0,"master_deck":["Strike_R","Strike_R","Strike_R","Strike_R","Strike_R","Defend_R","Defend_R","Defend_R","Defend_R","Bash","Pommel Strike","Shrug It Off+1","Flame Barrier+1","Fiend Fire+1","Iron Wave"],"relics":["Burning Blood","NeowsBlessing","SsserpentHead","Anchor","HornCleat"],"acts_visited":["Exordium"],"potions_floor_usage":[16,16],"damage_taken":[{"damage":0,"enemies":"Small Slimes","floor":1,"turns":1},{"damage":0,"enemies":"Cultist","floor":4,"turns":1},{"damage":0,"enemies":"Jaw Worm","floor":7,"turns":1},{"damage":35,"enemies":"Exordium Thugs","floor":8,"turns":8},{"damage":2,"enemies":"Blue Slaver","floor":11,"turns":5},{"damage":9,"enemies":"Large Slime","floor":14,"turns":7},{"damage":81,"enemies":"Hexaghost","floor":16,"turns":16}],"seed_played":"8232812641812650053","potions_obtained":[{"floor":4,"key":"Dexterity Potion"},{"floor":8,"key":"LiquidMemories"},{"floor":14,"key":"Explosive Potion"}],"is_trial":false,"path_per_floor":["M","$","?","M","?","R","M","M","T","R","M","$","?","M","R","B"],"character_chosen":"IRONCLAD","items_purchased":["Shrug It Off","HornCleat"],"campfire_rested":1,"item_purchase_floors":[2,12],"current_hp_per_floor":[80,80,80,80,80,80,80,51,51,75,79,79,79,76,76,0,0],"gold":196,"neow_bonus":"THREE_ENEMY_KILL","is_daily":false,"chose_seed":false,"campfire_upgraded":2,"win_rate":0.0,"timestamp":1607877402,"path_taken":["M","$","?","?","?","R","M","M","T","R","M","?","?","?","R","BOSS"],"items_purchased_type":["Card","Relic"],"build_version":"2020-11-30","purchased_purges":0,"victory":false,"max_hp_per_floor":[80,80,80,80,80,80,80,80,80,80,80,80,80,80,80,80,80],"card_choices":[{"not_picked":["Heavy Blade","Headbutt"],"picked":"Pommel Strike","floor":1},{"not_picked":["Clothesline","Pommel Strike"],"picked":"Flame Barrier","floor":4},{"not_picked":["Feel No Pain","Flex","Perfected Strike"],"picked":"SKIP","floor":7},{"not_picked":["True Grit","Heavy Blade","Battle Trance"],"picked":"SKIP","floor":8},{"not_picked":["Cleave","Sword Boomerang"],"picked":"Fiend Fire","floor":11},{"not_picked":["Pommel Strike","Warcry"],"picked":"Iron Wave","floor":14}],"player_experience":14723,"relics_obtained":[{"floor":9,"key":"Anchor"}],"event_choices":[{"damage_healed":0,"gold_gain":0,"player_choice":"Trade","damage_taken":0,"relics_obtained":["SsserpentHead"],"max_hp_gain":0,"max_hp_loss":0,"event_name":"FaceTrader","floor":3,"gold_loss":0},{"damage_healed":0,"gold_gain":0,"player_choice":"Ignored","damage_taken":0,"max_hp_gain":0,"max_hp_loss":0,"event_name":"NoteForYourself","floor":5,"gold_loss":0},{"damage_healed":0,"gold_gain":0,"player_choice":"Grow","damage_taken":0,"max_hp_gain":0,"max_hp_loss":0,"event_name":"Living Wall","floor":13,"gold_loss":0,"cards_upgraded":["Shrug It Off"]}],"is_beta":false,"boss_relics":[],"items_purged_floors":[],"is_endless":false,"potions_floor_spawned":[4,8,14],"killed_by":"Hexaghost","ascension_level":0}}