{"host":"dl5mjdlimopbuch5","time":1607903666,"event":{"mods":["AchievementEnabler","BaseMod","Colored Powertips","Googly Eyes","Minty Spire (QoL Compilation)","Quick Restart"],"gold_per_floor":[118,118,133,308,308,344,33,49,49,49,29,29,48,48,48,172,172,192,45,45,66,66,79,79,79,79,102,121,134,134,134],"floor_reached":30,"playtime":629,"items_purged":[],"score":306,"play_id":"d0a49071-847b-4605-86aa-bfaf4096201f","local_time":"20201213235426","is_ascension_mode":true,"campfire_choices":[{"data":"Zap","floor":10,"key":"SMITH"},{"data":"Ball Lightning","floor":12,"key":"SMITH"},{"floor":15,"key":"REST"},{"floor":24,"key":"REST"}],"circlet_count":0,"master_deck":["Strike_B","Strike_B","Strike_B","Strike_B","Defend_B","Defend_B","Defend_B","Defend_B","Zap+1","Dualcast","Ball Lightning+1","Cold Snap","Doubt","Storm","Core Surge+1","Ball Lightning","Self Repair","Capacitor","Self Repair+1","Melter"],"relics":["Cracked Core","NeowsBlessing","Golden Idol","White Beast Statue","DataDisk","Membership Card","Boot","Philosopher\u0027s Stone","Pen Nib","Strawberry","Matryoshka","Potion Belt","Emotion Chip"],"acts_visited":["Exordium","TheCity"],"potions_floor_usage":[16,27,27,27,27,28,28,28,28,28,28,28,28,30,30,30,30],"damage_taken":[{"damage":0,"enemies":"Small Slimes","floor":1,"turns":1},{"damage":0,"enemies":"2 Louse","floor":3,"turns":1},{"damage":0,"enemies":"Gremlin Nob","floor":6,"turns":1},{"damage":7,"enemies":"Jaw Worm","floor":8,"turns":3},{"damage":10,"enemies":"Exordium Thugs","floor":13,"turns":4},{"damage":36,"enemies":"The Guardian","floor":16,"turns":12},{"damage":14,"enemies":"Chosen","floor":18,"turns":4},{"damage":23,"enemies":"2 Thieves","floor":21,"turns":4},{"damage":39,"enemies":"3 Cultists","floor":23,"turns":5},{"damage":23,"enemies":"Shelled Parasite and Fungi","floor":27,"turns":3},{"damage":0,"enemies":"Chosen and Byrds","floor":28,"turns":3},{"damage":19,"enemies":"Sentry and Sphere","floor":29,"turns":4},{"damage":16,"enemies":"Slavers","floor":30,"turns":2}],"seed_played":"-2945705900445367350","potions_obtained":[{"floor":3,"key":"SpeedPotion"},{"floor":6,"key":"Fire Potion"},{"floor":8,"key":"EntropicBrew"},{"floor":13,"key":"EntropicBrew"},{"floor":16,"key":"Dexterity Potion"},{"floor":18,"key":"DuplicationPotion"},{"floor":21,"key":"EntropicBrew"},{"floor":27,"key":"BlessingOfTheForge"},{"floor":28,"key":"Swift Potion"},{"floor":29,"key":"Dexterity Potion"}],"is_trial":false,"path_per_floor":["M","?","M","?","?","E","$","M","T","R","$","R","M","$","R","B",null,"M","$","?","M","?","M","R","T","T","M","M","M","E"],"character_chosen":"DEFECT","items_purchased":["DataDisk","Membership Card","Storm","Pen Nib","Strawberry"],"campfire_rested":2,"item_purchase_floors":[7,7,11,19,19],"current_hp_per_floor":[75,75,75,75,57,57,57,50,50,50,50,50,40,40,62,26,75,61,68,68,45,45,6,30,30,30,14,21,9,0,0],"gold":134,"neow_bonus":"THREE_ENEMY_KILL","is_daily":false,"chose_seed":false,"campfire_upgraded":2,"win_rate":0.0,"timestamp":1607903666,"path_taken":["M","?","M","?","?","E","?","?","T","R","$","R","M","$","R","BOSS","M","$","?","?","?","M","R","?","T","M","M","M","E"],"items_purchased_type":["Relic","Relic","Card","Relic","Relic"],"build_version":"2020-11-30","purchased_purges":0,"victory":false,"max_hp_per_floor":[75,75,75,75,75,75,75,75,75,75,75,75,75,75,75,75,75,75,82,82,82,82,82,82,82,82,82,82,82,82,82],"card_choices":[{"not_picked":["Turbo","Gash"],"picked":"Ball Lightning","floor":1},{"not_picked":["Turbo","Gash"],"picked":"Cold Snap","floor":3},{"not_picked":["Core Surge","Conserve Battery","Go for the Eyes"],"picked":"SKIP","floor":6},{"not_picked":["Blizzard","Leap","Stack"],"picked":"SKIP","floor":8},{"not_picked":["Compile Driver","Sweeping Beam","Blizzard"],"picked":"SKIP","floor":13},{"not_picked":["Reboot","Hyperbeam"],"picked":"Core Surge","floor":16},{"not_picked":["Sweeping Beam","Blizzard","Conserve Battery"],"picked":"SKIP","floor":18},{"not_picked":["Undo","Gash"],"picked":"Ball Lightning","floor":21},{"not_picked":["Blizzard","Conserve Battery+1"],"picked":"Self Repair","floor":23},{"not_picked":["FTL","Scrape"],"picked":"Capacitor","floor":27},{"not_picked":["Echo Form","Redo"],"picked":"Self Repair+1","floor":28},{"not_picked":["Scrape+1","Doom and Gloom"],"picked":"Melter","floor":29}],"player_experience":220753,"relics_obtained":[{"floor":6,"key":"White Beast Statue"},{"floor":9,"key":"Boot"},{"floor":25,"key":"Matryoshka"},{"floor":26,"key":"Potion Belt"},{"floor":26,"key":"Emotion Chip"}],"event_choices":[{"damage_healed":0,"gold_gain":0,"player_choice":"Ignored","damage_taken":0,"max_hp_gain":0,"max_hp_loss":0,"event_name":"Golden Wing","floor":2,"gold_loss":0},{"damage_healed":0,"gold_gain":175,"player_choice":"AGREE","damage_taken":0,"max_hp_gain":0,"max_hp_loss":0,"event_name":"Liars Game","floor":4,"gold_loss":0,"cards_obtained":["Doubt"]},{"damage_healed":0,"gold_gain":0,"player_choice":"Take Damage","damage_taken":18,"relics_obtained":["Golden Idol"],"max_hp_gain":0,"max_hp_loss":0,"event_name":"Golden Idol","floor":5,"gold_loss":0},{"damage_healed":0,"gold_gain":0,"player_choice":"Upgraded","damage_taken":0,"max_hp_gain":0,"max_hp_loss":0,"event_name":"Upgrade Shrine","floor":20,"gold_loss":0,"cards_upgraded":["Core Surge"]}],"is_beta":false,"boss_relics":[{"not_picked":["Sozu","Cursed Key"],"picked":"Philosopher\u0027s Stone"}],"items_purged_floors":[],"is_endless":false,"potions_floor_spawned":[3,6,8,13,16,18,21,23,27,28,29],"killed_by":"Slavers","ascension_level":4}}