{"host":"qljq6nt1bltq73k9","time":1607866917,"event":{"mods":["BaseMod","Colored Map","Colored Powertips","Downfall","Lobotomy","Minty Spire (QoL Compilation)","Quick Restart","Replay The Spire","StSLib"],"gold_per_floor":[99,99999,99135,99135,99145,99175,99175,99025,99058,98983,98993,97853,97871,97871,97887,97993,97993,97993,96969,97000,97000,97046,97046,97099,97132,97132,97175,96602,96634,95575,95575,95622,95729,95829,95829,95855,95895,95005,95005,95058,95058,95058,95090,95090,95133,94146,94200,93498,93534,93566,93566,93637,92644,92644,92680],"floor_reached":56,"playtime":4099,"items_purged":["hexamod:Defend","hexamod:Defend","hexamod:Strike","hexamod:Defend","hexamod:Strike","Slimebound:Icky","hexamod:Defend","hexamod:Strike","hexamod:Strike"],"score":1466,"play_id":"d8a2936d-1164-4b87-85c4-ddc8499279e8","local_time":"20201213214157","is_ascension_mode":false,"campfire_choices":[{"floor":1.0,"key":"RECALL"},{"data":"hexamod:GhostOfSpirePast","floor":8.0,"key":"SMITH"},{"data":"hexamod:GhostOfSpirePresent","floor":8.0,"key":"SMITH"},{"data":"hexamod:HexaLevel","floor":10.0,"key":"SMITH"},{"data":"hexamod:SpectralAdrenaline","floor":10.0,"key":"SMITH"},{"data":"hexamod:EtherealExpedition","floor":18.0,"key":"SMITH"},{"data":"hexamod:EtherealExpedition","floor":18.0,"key":"SMITH"},{"data":"Slimebound:CheckThePlaybook","floor":23.0,"key":"SMITH"},{"data":"Madness","floor":23.0,"key":"SMITH"},{"floor":35.0,"key":"DIG"},{"floor":44.0,"key":"REST"},{"floor":54,"key":"REST"}],"circlet_count":0,"master_deck":["hexamod:Sear","hexamod:Float","hexamod:SpectralAdrenaline+1","hexamod:BacktrackSmack","hexamod:GhostOfSpirePresent+1","Secret Technique","hexamod:GhostOfSpirePast+1","hexamod:Firestarter","hexamod:HexaLevel+1","hexamod:PhantomCloak","hexamod:RainOfEmbers","hexamod:EtherealExpedition+1","hexamod:SecondSeal","Poisoned Strike","Deep Breath","hexamod:ApocalypseNow+1","hexamod:ExtraCrispy","hexamod:EtherealExpedition+1","hexamod:ApocalypticArmor","hexamod:GhostLash+1","expansioncontent:StudyTheSpire","hexamod:TimeWarp","Thinking Ahead","Madness+1","Enlightenment","Bandage Up","hexamod:Firestarter","Slimebound:CheckThePlaybook+1","hexamod:NecessarySacrifice+1","hexamod:EtherealExpedition","hexamod:Haunt+1","hexamod:ThirdSeal","hexamod:ThirdSeal","ReplayTheSpireMod:Necrogeddon+1","hexamod:FirstSeal","hexamod:EmpoweredFlame","expansioncontent:DashGenerateEvil+1","hexamod:WildfireWeapon+1","hexamod:GhostOfSpirePresent","hexamod:UnleashSpirits+1","hexamod:TimeWarp+1","hexamod:Toasty+1","hexamod:GhostOfSpireFuture+1","hexamod:RadiantFlame","hexamod:RadiantFlame+1","hexamod:EmpoweringStance","Poisoned Strike+1","Bandage Up","hexamod:FastForward+1","hexamod:RetreatToShadows","hexamod:EmpoweredFlame+1","hexamod:ExtraCrispy","hexamod:GhostOfSpireFuture+1","hexamod:HeatCrush+1","hexamod:BacktrackSmack+1"],"relics":["hexamod:SpiritBrand","downfall:HeartsMalice","ReplayTheSpireMod:Shallot","Vajra","Akabeko","Lee\u0027s Waffle","Replay:Arrowhead","downfall:HeartBlessingRed","downfall:HeartBlessingBlue","hexamod:MatchstickCase","downfall:HeartBlessingGreen","Blue Doll","Bag of Marbles","hexamod:JarOfFuel","Replay:Bronze Core","Tiny Chest","Replay:Bandana","ReplayTheSpireMod:ShopPack","Torii","Bag of Preparation","Ancient Tea Set","TheAbacus","Strawberry","Molten Egg 2","Orrery","downfall:RedIOU","Replay:Wanted Poster","Toy Ornithopter","Blood Vial","Pet Ghost","Whetstone","DollysMirror","Bottled Lightning","Replay:Accelerometer","Ice Cream","Gremlin Horn","Iron Hammer","Guide Book","Happy Flower","Omamori","Replay:Mystery Machine","Cauldron","Toolbox","Chameleon Ring","ReplayFunnel","TungstenRod","HandDrill"],"acts_visited":["Exordium","TheCity","TheBeyond","TheEnding"],"potions_floor_usage":[55],"damage_taken":[{"damage":0.0,"enemies":"3 Sentries","floor":2.0,"turns":1.0},{"damage":0.0,"enemies":"downfall:FleeingMerchant","floor":3.0,"turns":1.0},{"damage":0.0,"enemies":"2 Louse","floor":4.0,"turns":1.0},{"damage":0.0,"enemies":"Cultist","floor":5.0,"turns":3.0},{"damage":20.0,"enemies":"Lagavulin","floor":6.0,"turns":6.0},{"damage":24.0,"enemies":"3 Sentries","floor":9.0,"turns":7.0},{"damage":0.0,"enemies":"Jaw Worm","floor":11.0,"turns":3.0},{"damage":0.0,"enemies":"downfall:FleeingMerchant","floor":12.0,"turns":4.0},{"damage":0.0,"enemies":"3 Louse","floor":13.0,"turns":3.0},{"damage":0.0,"enemies":"2 Fungi Beasts","floor":15.0,"turns":2.0},{"damage":6.0,"enemies":"downfall:Watcher","floor":16.0,"turns":5.0},{"damage":13.0,"enemies":"downfall:FleeingMerchant","floor":19.0,"turns":5.0},{"damage":11.0,"enemies":"3 Byrds","floor":20.0,"turns":4.0},{"damage":2.0,"enemies":"3 Cultists","floor":22.0,"turns":4.0},{"damage":14.0,"enemies":"Cultist and Chosen","floor":25.0,"turns":4.0},{"damage":0.0,"enemies":"Replay:Snechameleon","floor":27.0,"turns":4.0},{"damage":12.0,"enemies":"downfall:FleeingMerchant","floor":28.0,"turns":4.0},{"damage":0.0,"enemies":"Snake Plant","floor":29.0,"turns":2.0},{"damage":15.0,"enemies":"Snecko","floor":32.0,"turns":3.0},{"damage":11.0,"enemies":"downfall:Defect","floor":33.0,"turns":5.0},{"damage":14.0,"enemies":"3 Shapes","floor":36.0,"turns":3.0},{"damage":51.0,"enemies":"Reptomancer","floor":37.0,"turns":5.0},{"damage":6.0,"enemies":"R_Hoarder","floor":40.0,"turns":7.0},{"damage":6.0,"enemies":"3 Darklings","floor":43.0,"turns":2.0},{"damage":11.0,"enemies":"Transient","floor":45.0,"turns":5.0},{"damage":14.0,"enemies":"4 Shapes","floor":49.0,"turns":1.0},{"damage":35.0,"enemies":"downfall:Silent","floor":50.0,"turns":3.0},{"damage":67,"enemies":"downfall:CharBossMerchant","floor":52,"turns":6},{"damage":20,"enemies":"downfall:NeowBoss","floor":55,"turns":17}],"seed_played":"-8932490103209177285","potions_obtained":[{"floor":2.0,"key":"EntropicBrew"},{"floor":9.0,"key":"Ancient Potion"},{"floor":16.0,"key":"SpeedPotion"},{"floor":20.0,"key":"CultistPotion"},{"floor":25.0,"key":"SteroidPotion"},{"floor":33.0,"key":"FearPotion"},{"floor":36.0,"key":"DistilledChaos"},{"floor":37.0,"key":"DuplicationPotion"}],"is_trial":false,"path_per_floor":["R","E","$","M","M","E","T","R","E","R","M","$","M","?","M","B",null,"R","$","M","?","M","R","T","M","?","E","$","M","$","?","M","B",null,"R_BF","M","E","$","T","E","T","?","M","R","M","$","T","$","M","B",null,"E","$","R","B",null],"character_chosen":"THE_SPIRIT","items_purchased":["Vajra","Akabeko","Lee\u0027s Waffle","hexamod:GhostOfSpirePresent","PowerPotion","ColorlessPotion","Secret Technique","Blue Doll","Bag of Marbles","hexamod:SecondSeal","hexamod:JarOfFuel","LiquidMemories","Poisoned Strike","Deep Breath","hexamod:ApocalypseNow","Tiny Chest","Replay:Bandana","expansioncontent:StudyTheSpire","hexamod:TimeWarp","Fire Potion","ReplayTheSpireMod:ShopPack","Bandage Up","Bag of Preparation","Ancient Tea Set","TheAbacus","hexamod:ThirdSeal","ReplayTheSpireMod:Necrogeddon","Fire Potion","AttackPotion","Strawberry","Molten Egg 2","hexamod:EmpoweredFlame","expansioncontent:DashGenerateEvil+1","PowerPotion","Orrery","Pet Ghost","hexamod:EmpoweringStance","Poisoned Strike+1","Whetstone","DollysMirror","Gremlin Horn","Iron Hammer","Guide Book","FairyPotion","Omamori","Replay:Mystery Machine","Cauldron","ReplayFunnel","TungstenRod","HandDrill","EntropicBrew"],"campfire_rested":2,"item_purchase_floors":[3,3,3,3,3,3,3,12,12,12,12,12,12,12,12,19,19,19,19,19,19,19,28,28,28,28,28,28,28,30,30,30,30,30,30,38,38,38,38,38,46,46,46,46,48,48,48,53,53,53,53],"current_hp_per_floor":[70,70,77,77,77,57,57,67,58,58,58,58,58,58,58,52,87,87,74,67,67,69,69,69,59,59,63,55,59,66,66,51,44,94,94,84,42,42,42,49,49,49,45,73,76,76,76,76,64,49,94,31,31,59,61],"gold":92680,"neow_bonus":"THREE_ENEMY_KILL","is_daily":false,"chose_seed":false,"campfire_upgraded":8,"win_rate":0.0,"timestamp":1607866917,"path_taken":["R","E","$","M","M","E","T","R","E","R","M","$","M","?","M","BOSS","R","$","M","?","M","R","T","M","?","E","$","M","$","?","M","BOSS","R_BF","M","E","$","?","E","T","?","?","R","M","?","?","$","M","BOSS","E","$","R","BOSS"],"items_purchased_type":["Relic","Relic","Relic","Card","Potion","Potion","Card","Relic","Relic","Card","Relic","Potion","Card","Card","Card","Relic","Relic","Card","Card","Potion","Relic","Card","Relic","Relic","Relic","Card","Card","Potion","Potion","Relic","Relic","Card","Card","Potion","Relic","Relic","Card","Card","Relic","Relic","Relic","Relic","Relic","Potion","Relic","Relic","Relic","Relic","Relic","Relic","Potion"],"build_version":"2020-11-30","purchased_purges":9,"victory":true,"max_hp_per_floor":[70,70,77,77,77,77,77,87,87,87,87,87,87,87,87,87,87,87,87,87,87,87,87,87,87,87,87,87,87,94,94,94,94,94,94,94,94,94,94,94,94,94,94,94,94,94,94,94,94,94,94,94,94,94,94],"card_choices":[{"not_picked":["hexamod:RainOfEmbers","hexamod:NightmareStrike"],"picked":"hexamod:SpectralAdrenaline","floor":2.0},{"not_picked":["hexamod:GhostShield","hexamod:NightmareGuise"],"picked":"hexamod:BacktrackSmack","floor":3.0},{"not_picked":["hexamod:ShieldOfDarkness","hexamod:SwordOfDarkness"],"picked":"hexamod:GhostOfSpirePast","floor":4.0},{"not_picked":["hexamod:BurningTouch","hexamod:PowerFromBeyond"],"picked":"hexamod:Firestarter","floor":5.0},{"not_picked":["hexamod:Incineration","hexamod:FlamesFromBeyond"],"picked":"hexamod:HexaLevel","floor":6.0},{"not_picked":["hexamod:HauntingEcho","hexamod:Hexaguard"],"picked":"hexamod:PhantomCloak","floor":9.0},{"not_picked":["hexamod:ShieldOfDarkness","hexamod:Hexaguard"],"picked":"hexamod:RainOfEmbers","floor":11.0},{"not_picked":["hexamod:AdvancingGuard","hexamod:SpectersWail"],"picked":"hexamod:EtherealExpedition","floor":12.0},{"not_picked":["hexamod:CatchUp","hexamod:RecurringNightmare"],"picked":"hexamod:ExtraCrispy","floor":13.0},{"not_picked":["hexamod:BurningTouch","hexamod:StepThrough"],"picked":"hexamod:EtherealExpedition","floor":15.0},{"not_picked":["hexamod:SearingWound","hexamod:TimeOfNeed"],"picked":"hexamod:ApocalypticArmor","floor":16.0},{"not_picked":["hexamod:AdvancingGuard","hexamod:Firestarter"],"picked":"hexamod:GhostLash","floor":19.0},{"not_picked":["ReplayUltimateDefense","Transmutation"],"picked":"Thinking Ahead","floor":19.0},{"not_picked":["Replay:Sssssssssshield","expansioncontent:StudyTheSpire"],"picked":"Madness","floor":19.0},{"not_picked":["Replay:Bootleg Shield Generator","expansioncontent:Hexaburn"],"picked":"Enlightenment","floor":19.0},{"not_picked":["hexamod:HeatMetal","hexamod:GhostLash"],"picked":"hexamod:Firestarter","floor":20.0},{"not_picked":["hexamod:SecondSeal","hexamod:InspiringFlames","hexamod:SpectralAdrenaline"],"picked":"SKIP","floor":22.0},{"not_picked":["hexamod:PhantomFireball","hexamod:AdvancingGuard+1"],"picked":"hexamod:NecessarySacrifice+1","floor":25.0},{"not_picked":["hexamod:PhantomFireball","hexamod:DynamicBlow"],"picked":"hexamod:EtherealExpedition","floor":27.0},{"not_picked":["hexamod:GhostLash","hexamod:GhostflameBarrier"],"picked":"hexamod:Haunt+1","floor":28.0},{"not_picked":["hexamod:GhostShield+1","hexamod:ExtraCrispy"],"picked":"hexamod:FirstSeal","floor":29.0},{"not_picked":["hexamod:RainOfEmbers","hexamod:InspiringFlames","hexamod:Hexaguard+1"],"picked":"SKIP","floor":29.0},{"not_picked":["hexamod:NightmareStrike+1","hexamod:ThermalTransfer+1"],"picked":"hexamod:WildfireWeapon","floor":30.0},{"not_picked":["hexamod:NightmareGuise","hexamod:Again+1"],"picked":"hexamod:GhostOfSpirePresent","floor":30.0},{"not_picked":["hexamod:AdvancingGuard","hexamod:ThermalTransfer+1","hexamod:HeatCrush+1"],"picked":"SKIP","floor":32.0},{"not_picked":["hexamod:HexaLevel","hexamod:CrushingStance+1"],"picked":"hexamod:UnleashSpirits+1","floor":33.0},{"not_picked":["hexamod:TurnItUp","hexamod:ApocalypseNow"],"picked":"hexamod:TimeWarp+1","floor":33.0},{"not_picked":["hexamod:TurnItUp","hexamod:HexaLevel"],"picked":"hexamod:Toasty+1","floor":33.0},{"not_picked":["hexamod:NightmareGuise+1","hexamod:RainOfEmbers+1"],"picked":"hexamod:GhostOfSpireFuture+1","floor":36.0},{"not_picked":["hexamod:GhostShield","hexamod:AdvancingGuard+1","hexamod:Hexaguard+1"],"picked":"SKIP","floor":36.0},{"not_picked":["hexamod:HauntingEcho+1","hexamod:SoulSteal+1"],"picked":"hexamod:RadiantFlame","floor":37.0},{"not_picked":["hexamod:InspiringFlames","hexamod:Haunt+1"],"picked":"hexamod:RadiantFlame+1","floor":37.0},{"not_picked":["hexamod:SecondSeal","hexamod:SwordOfDarkness+1"],"picked":"hexamod:FastForward+1","floor":40.0},{"not_picked":["hexamod:GhostOfSpirePresent+1","hexamod:BurningTouch+1"],"picked":"hexamod:RetreatToShadows","floor":40.0},{"not_picked":["hexamod:GhostOfSpireFuture+1","hexamod:TimeOfNeed"],"picked":"hexamod:EmpoweredFlame+1","floor":43.0},{"not_picked":["hexamod:FastForward+1","hexamod:NightmareGuise"],"picked":"hexamod:ExtraCrispy","floor":45.0},{"not_picked":["hexamod:ShieldOfDarkness","hexamod:Hexaguard+1"],"picked":"hexamod:GhostOfSpireFuture+1","floor":49.0},{"not_picked":["hexamod:ThirdSeal","hexamod:ThermalTransfer+1"],"picked":"hexamod:HeatCrush+1","floor":52},{"not_picked":["hexamod:SpectersWail+1","hexamod:InspiringFlames+1"],"picked":"hexamod:BacktrackSmack+1","floor":52},{"not_picked":["hexamod:NightmareStrike+1","hexamod:SpectralAdrenaline","hexamod:RainOfEmbers+1"],"picked":"SKIP","floor":52}],"player_experience":373191,"relics_obtained":[{"floor":2.0,"key":"ReplayTheSpireMod:Shallot"},{"floor":6.0,"key":"Replay:Arrowhead"},{"floor":9.0,"key":"hexamod:MatchstickCase"},{"floor":24.0,"key":"Art of War"},{"floor":27.0,"key":"Torii"},{"floor":35.0,"key":"Toy Ornithopter"},{"floor":37.0,"key":"Blood Vial"},{"floor":39.0,"key":"Bottled Lightning"},{"floor":40.0,"key":"Replay:Accelerometer"},{"floor":41.0,"key":"Ice Cream"},{"floor":47.0,"key":"Happy Flower"},{"floor":52,"key":"Toolbox"},{"floor":52,"key":"Chameleon Ring"}],"event_choices":[{"damage_healed":0.0,"max_hp_gain":0.0,"max_hp_loss":0.0,"gold_gain":0.0,"event_name":"Vampires","player_choice":"Ignored","floor":26.0,"gold_loss":0.0,"damage_taken":0.0}],"is_beta":false,"boss_relics":[{"not_picked":["Snecko Eye","Empty Cage"],"picked":"Replay:Bronze Core"},{"not_picked":["Philosopher\u0027s Stone","SacredBark"],"picked":"Replay:Wanted Poster"}],"items_purged_floors":[3,12,19,28,30,38,46,48,53],"is_endless":false,"potions_floor_spawned":[2,6,9,15,16,20,25,27,33,36,37,49],"ascension_level":0}}