{"host":"ow9msrs9p2ctkx99","time":1607890267,"event":{"mods":["AchievementEnabler","BaseMod","Colored Map","Colored Powertips","Minty Spire (QoL Compilation)","Permanent Neow","Quick Restart","SuperFastMode"],"gold_per_floor":[211,211,211,226,240,266,266,279,279,309,309,5,5,16,16,121,121,132,132,147,147,147,147,76,109,156,156,156,12,12,23,23,125,125,138,138,148,68,68,68,94,24,24,38,38,72,72,101,101,101,101,101,1,32,32,32],"floor_reached":55,"playtime":3412,"items_purged":["Strike_B","Writhe"],"score":1166,"play_id":"0c652b08-81a4-48d6-a09a-1a9c81cb4e44","local_time":"20201213211107","is_ascension_mode":true,"campfire_choices":[{"floor":7.0,"key":"REST"},{"floor":11.0,"key":"REST"},{"data":"Dualcast","floor":13.0,"key":"SMITH"},{"floor":15.0,"key":"REST"},{"floor":23.0,"key":"REST"},{"data":"White Noise","floor":30.0,"key":"SMITH"},{"data":"Coolheaded","floor":32.0,"key":"SMITH"},{"floor":40.0,"key":"REST"},{"floor":45.0,"key":"REST"},{"floor":47.0,"key":"REST"},{"floor":49.0,"key":"RECALL"},{"data":"Alpha","floor":52,"key":"SMITH"}],"circlet_count":0,"master_deck":["AscendersBane","Strike_B+1","Defend_B+1","Defend_B+1","Defend_B+1","Zap","Dualcast+1","Sweeping Beam","Doom and Gloom","White Noise+1","Echo Form","Coolheaded+1","Redo","Biased Cognition+1","Bullet Time","DevaForm+1","Necronomicurse","SandsOfTime","Core Surge","Stack","Biased Cognition+1","PiercingWail","Alpha+1","Metallicize+1","Self Repair+1","Chill+1","Defragment+1","Blood for Blood+1","Rainbow","Hologram+1"],"relics":["FrozenCore","Centennial Puzzle","Frozen Egg 2","Unceasing Top","PrismaticShard","Necronomicon","Bronze Scales","Ancient Tea Set","DollysMirror","Sozu","Incense Burner","Lizard Tail","Gremlin Horn","Lantern","Bottled Tornado","Vajra"],"acts_visited":["Exordium","TheCity","TheBeyond","TheEnding"],"potions_floor_usage":[],"damage_taken":[{"damage":7.0,"enemies":"2 Louse","floor":1.0,"turns":3.0},{"damage":0.0,"enemies":"Small Slimes","floor":4.0,"turns":2.0},{"damage":12.0,"enemies":"Jaw Worm","floor":5.0,"turns":2.0},{"damage":33.0,"enemies":"Gremlin Nob","floor":6.0,"turns":5.0},{"damage":7.0,"enemies":"Looter","floor":8.0,"turns":3.0},{"damage":16.0,"enemies":"Lagavulin","floor":10.0,"turns":8.0},{"damage":4.0,"enemies":"2 Fungi Beasts","floor":14.0,"turns":4.0},{"damage":23.0,"enemies":"Hexaghost","floor":16.0,"turns":8.0},{"damage":15.0,"enemies":"2 Thieves","floor":18.0,"turns":3.0},{"damage":5.0,"enemies":"Chosen","floor":20.0,"turns":4.0},{"damage":32.0,"enemies":"Slavers","floor":25.0,"turns":5.0},{"damage":2.0,"enemies":"Centurion and Healer","floor":31.0,"turns":6.0},{"damage":52.0,"enemies":"Collector","floor":33.0,"turns":8.0},{"damage":4.0,"enemies":"Orb Walker","floor":35.0,"turns":5.0},{"damage":36.0,"enemies":"3 Darklings","floor":37.0,"turns":5.0},{"damage":19.0,"enemies":"Nemesis","floor":41.0,"turns":7.0},{"damage":22.0,"enemies":"Sphere and 2 Shapes","floor":44.0,"turns":6.0},{"damage":20.0,"enemies":"Giant Head","floor":46.0,"turns":8.0},{"damage":28.0,"enemies":"Reptomancer","floor":48.0,"turns":7.0},{"damage":31,"enemies":"Time Eater","floor":50,"turns":11},{"damage":88,"enemies":"Shield and Spear","floor":54,"turns":7},{"damage":62,"enemies":"The Heart","floor":55,"turns":2}],"seed_played":"-5954481641058699018","potions_obtained":[{"floor":4.0,"key":"Block Potion"},{"floor":5.0,"key":"FairyPotion"},{"floor":8.0,"key":"PotionOfCapacity"},{"floor":20.0,"key":"Block Potion"},{"floor":31.0,"key":"BlessingOfTheForge"},{"floor":33.0,"key":"Fire Potion"}],"is_trial":false,"path_per_floor":["M","?","?","M","M","E","R","M","T","E","R","$","R","M","R","B",null,"M","?","M","?","?","R","$","E","T","?","?","$","R","M","R","B",null,"M","?","M","$","?","R","E","$","T","M","R","E","R","E","R","B",null,"R","$","E","B"],"character_chosen":"DEFECT","items_purchased":["PrismaticShard","Biased Cognition+1","Core Surge","DollysMirror","Self Repair+1","Defragment+1"],"campfire_rested":7,"item_purchase_floors":[12,12,24,29,38,42],"current_hp_per_floor":[61,61,54,54,42,9,31,24,24,8,30,30,30,26,48,25,63,48,32,27,27,27,49,49,17,17,17,42,42,42,40,40,15,60,56,56,20,20,20,42,33,33,33,21,43,43,65,37,37,16,60,60,60,29,0,0],"gold":32,"neow_bonus":"HUNDRED_GOLD","is_daily":false,"chose_seed":false,"campfire_upgraded":4,"win_rate":0.0,"timestamp":1607890267,"path_taken":["M","?","?","M","M","E","R","M","T","E","R","?","R","M","R","BOSS","M","?","M","?","?","R","$","E","T","?","?","$","R","M","R","BOSS","M","?","?","$","?","R","E","?","T","M","R","E","R","E","R","BOSS","R","$","E","BOSS"],"items_purchased_type":["Relic","Card","Card","Relic","Card","Card"],"build_version":"2020-11-30","purchased_purges":2,"victory":false,"max_hp_per_floor":[75,75,75,75,75,75,75,75,75,75,75,75,75,75,75,75,75,75,75,75,75,75,75,75,75,75,75,75,75,75,75,75,75,75,75,75,75,75,75,75,75,75,75,75,75,75,75,75,75,75,75,75,75,75,75,75],"card_choices":[{"not_picked":["Hologram","Coolheaded"],"picked":"Sweeping Beam","floor":1.0},{"not_picked":["Ball Lightning","Chill"],"picked":"Doom and Gloom","floor":4.0},{"not_picked":["Ball Lightning","Fusion"],"picked":"White Noise","floor":5.0},{"not_picked":["Reboot","Conserve Battery"],"picked":"Echo Form","floor":6.0},{"not_picked":["Gash","Go for the Eyes"],"picked":"Coolheaded","floor":8.0},{"not_picked":["Cold Snap","Auto Shields"],"picked":"Redo","floor":10.0},{"not_picked":["WheelKick","Dagger Throw"],"picked":"Bullet Time","floor":14.0},{"not_picked":["Doppelganger","Devotion+1"],"picked":"DevaForm+1","floor":16.0},{"not_picked":["Sword Boomerang+1","PiercingWail"],"picked":"Tantrum","floor":18.0},{"not_picked":["Quick Slash+1","Clothesline"],"picked":"SandsOfTime","floor":20.0},{"not_picked":["Gash","Limit Break"],"picked":"Stack","floor":25.0},{"not_picked":["CrushJoints","Iron Wave"],"picked":"PiercingWail","floor":31.0},{"not_picked":["Tools of the Trade+1","Machine Learning+1"],"picked":"Alpha","floor":33.0},{"not_picked":["Twin Strike","Accuracy+1","Slice"],"picked":"SKIP","floor":35.0},{"not_picked":["Dagger Throw","FlyingSleeves+1"],"picked":"Metallicize+1","floor":37.0},{"not_picked":["Fire Breathing+1","SandsOfTime+1"],"picked":"Chill+1","floor":41.0},{"not_picked":["PathToVictory","True Grit","Dropkick+1"],"picked":"SKIP","floor":44.0},{"not_picked":["Thunderclap+1","White Noise+1"],"picked":"Blood for Blood+1","floor":46.0},{"not_picked":["Dagger Throw+1","EmptyFist"],"picked":"Rainbow","floor":48.0},{"not_picked":["Consecrate+1","Tactician+1"],"picked":"Hologram+1","floor":54}],"player_experience":1017689,"relics_obtained":[{"floor":6.0,"key":"Centennial Puzzle"},{"floor":9.0,"key":"Frozen Egg 2"},{"floor":10.0,"key":"Unceasing Top"},{"floor":19.0,"key":"Necronomicon"},{"floor":25.0,"key":"Ancient Tea Set"},{"floor":41.0,"key":"Lizard Tail"},{"floor":43.0,"key":"Gremlin Horn"},{"floor":46.0,"key":"Lantern"},{"floor":48.0,"key":"Bottled Tornado"},{"floor":54,"key":"Vajra"}],"event_choices":[{"cards_removed":["Strike_B"],"damage_healed":0.0,"max_hp_gain":0.0,"max_hp_loss":0.0,"gold_gain":0.0,"event_name":"Living Wall","player_choice":"Forget","floor":2.0,"gold_loss":0.0,"damage_taken":0.0},{"cards_removed":["Defend_B"],"damage_healed":0.0,"max_hp_gain":0.0,"max_hp_loss":0.0,"gold_gain":0.0,"event_name":"Golden Wing","player_choice":"Card Removal","floor":3.0,"gold_loss":0.0,"damage_taken":7.0},{"damage_healed":0.0,"max_hp_gain":0.0,"max_hp_loss":0.0,"gold_gain":0.0,"event_name":"Cursed Tome","player_choice":"Obtained Book","floor":19.0,"gold_loss":0.0,"damage_taken":16.0},{"damage_healed":0.0,"max_hp_gain":0.0,"max_hp_loss":0.0,"gold_gain":0.0,"event_name":"The Mausoleum","player_choice":"Opened","floor":21.0,"gold_loss":0.0,"damage_taken":0.0,"relics_obtained":["Bronze Scales"],"cards_obtained":["Writhe"]},{"damage_healed":0.0,"max_hp_gain":0.0,"max_hp_loss":0.0,"gold_gain":0.0,"event_name":"Vampires","player_choice":"Ignored","floor":22.0,"gold_loss":0.0,"damage_taken":0.0},{"damage_healed":0.0,"max_hp_gain":0.0,"max_hp_loss":0.0,"gold_gain":0.0,"event_name":"Back to Basics","player_choice":"Simplicity","floor":27.0,"gold_loss":0.0,"damage_taken":0.0,"cards_upgraded":["Strike_B","Strike_B","Defend_B","Defend_B","Defend_B"]},{"damage_healed":25.0,"max_hp_gain":0.0,"max_hp_loss":0.0,"gold_gain":0.0,"event_name":"The Library","player_choice":"Heal","floor":28.0,"gold_loss":0.0,"damage_taken":0.0},{"cards_removed":["Tantrum"],"damage_healed":0.0,"max_hp_gain":0.0,"max_hp_loss":0.0,"gold_gain":0.0,"event_name":"WeMeetAgain","player_choice":"Gave Card","floor":36.0,"gold_loss":0.0,"damage_taken":0.0,"relics_obtained":["Incense Burner"]},{"cards_removed":["Strike_B"],"damage_healed":0.0,"max_hp_gain":0.0,"max_hp_loss":0.0,"gold_gain":0.0,"event_name":"Falling","player_choice":"Removed Attack","floor":39.0,"gold_loss":0.0,"damage_taken":0.0}],"is_beta":false,"boss_relics":[{"not_picked":["Black Star","Philosopher\u0027s Stone"],"picked":"FrozenCore"},{"not_picked":["Coffee Dripper","Busted Crown"],"picked":"Sozu"}],"items_purged_floors":[12,53],"is_endless":false,"potions_floor_spawned":[4,5,8,20,31,33,37,48,54],"killed_by":"The Heart","ascension_level":11}}