{"host":"y30n8hbqlqxhztg8","time":1607848894,"event":{"mods":["A Magickal Journey","AchievementEnabler","BaseMod","BetterRewards","Block Reminder","Colored Map","Conspire","Downfall","GifTheSpireLib","Glutton Mod","Hubris","Infinite Spire","Koishi","Marisa????????","Minty Spire (QoL Compilation)","Prisma Mod","Replay The Spire","Shop Mod","Somnambulant","StSLib","Stuff the Spire","The Factory","The Jungle","[IsaacMod]????"],"gold_per_floor":[118,118,143,143,155,155,175,175,220,235,155,170,170,170,170,188,188,284,334,344,344,172,190,208,208,219,134,134,134,151,151,168,180,180,278,278,295,310,310,310,310],"floor_reached":40,"playtime":1111,"items_purged":[],"score":405,"play_id":"4eb2ee62-7e42-46ea-80f9-3e0194f879a7","local_time":"20201213004134","is_ascension_mode":false,"campfire_choices":[{"data":"Zap","floor":6,"key":"SMITH"},{"data":"Defend_B","floor":8,"key":"SMITH"},{"floor":13,"key":"REST"},{"floor":17,"key":"DIG"},{"floor":25,"key":"REST"},{"floor":29,"key":"REST"},{"floor":34,"key":"REST"}],"circlet_count":0,"master_deck":["Strike_B","Strike_B","Strike_B","Strike_B","Defend_B","Defend_B","Defend_B","Defend_B+1","Zap+1","Dualcast","Streamline","Doom and Gloom+1","StuffTheSpire:Plugnplay","Chaos","Ball Lightning","Fusion","Electrodynamics","Cold Snap","StuffTheSpire:Ambrosia","Storm","Redo","Darkness+1","White Noise+1","Electrodynamics+1","Loop","Loop","Fusion"],"relics":["Cracked Core","HushsDoor","NeowsBlessing","HowToJump","GnawedLeaf","BookofShadows","hubris:OldNail","Tiny House","Leech","Golden Egg"],"acts_visited":["Exordium","TheCity","TheBeyond"],"potions_floor_usage":[18,24,26,30,35,35,35],"damage_taken":[{"damage":0,"enemies":"Small Slimes","floor":1,"turns":1},{"damage":0,"enemies":"Jaw Worm","floor":5,"turns":1},{"damage":0,"enemies":"2 Louse","floor":7,"turns":1},{"damage":13,"enemies":"Red Slaver","floor":10,"turns":3},{"damage":13,"enemies":"Gremlin Gang","floor":12,"turns":3},{"damage":8,"enemies":"Large Slime","floor":16,"turns":3},{"damage":41,"enemies":"Hexaghost","floor":18,"turns":9},{"damage":35,"enemies":"2 Thieves","floor":20,"turns":3},{"damage":13,"enemies":"Chosen","floor":23,"turns":4},{"damage":16,"enemies":"Shelled Parasite and Fungi","floor":24,"turns":4},{"damage":22,"enemies":"Centurion and Healer","floor":26,"turns":6},{"damage":22,"enemies":"Snecko","floor":30,"turns":5},{"damage":0,"enemies":"Snake Plant","floor":32,"turns":3},{"damage":2,"enemies":"Sentry and Sphere","floor":33,"turns":3},{"damage":62,"enemies":"Automaton","floor":35,"turns":8},{"damage":30,"enemies":"3 Shapes","floor":37,"turns":4},{"damage":13,"enemies":"Orb Walker","floor":38,"turns":3},{"damage":59,"enemies":"3 Darklings","floor":40,"turns":3}],"seed_played":"2612133444447123283","potions_obtained":[{"floor":5,"key":"Swift Potion"},{"floor":16,"key":"Weak Potion"},{"floor":19,"key":"champ:CounterPotion"},{"floor":23,"key":"Languid Potion"},{"floor":30,"key":"Fire Potion"},{"floor":32,"key":"DistilledChaos"},{"floor":33,"key":"Milkshake"},{"floor":35,"key":"ColorlessPotion"},{"floor":39,"key":"AttackPotion"},{"floor":39,"key":"AttackPotion"}],"is_trial":false,"path_per_floor":["M","?","T","?","M","R","M","R","T","M","$","M","R","PTL","PTL","M","R_BF","B",null,"M","?","?","M","M","R","M","?","T","R","M","?","M","M","R","B",null,"M","M","?","M"],"character_chosen":"DEFECT","items_purchased":["Chaos"],"campfire_rested":4,"item_purchase_floors":[11],"current_hp_per_floor":[75,75,75,75,75,75,75,75,75,62,62,49,71,71,71,63,63,22,80,45,45,45,33,18,42,21,21,21,45,28,28,31,32,57,2,87,59,50,50,0,0],"gold":310,"neow_bonus":"THREE_ENEMY_KILL","is_daily":false,"chose_seed":false,"campfire_upgraded":2,"win_rate":0.0,"timestamp":1607848894,"path_taken":["M","?","?","?","M","R","M","R","T","M","$","?","R","PTL","PTL","?","R_BF","BOSS","M","?","?","M","?","R","M","?","T","R","M","?","M","M","R","BOSS","M","M","?","?"],"items_purchased_type":["Card"],"build_version":"2020-11-30","purchased_purges":0,"victory":false,"max_hp_per_floor":[75,75,75,75,75,75,75,75,75,75,75,75,75,75,75,75,75,75,80,80,80,80,81,82,82,83,83,83,83,84,84,85,86,86,87,87,88,89,89,90,90],"card_choices":[{"not_picked":["Steam Power","Rebound"],"picked":"Streamline","floor":1},{"not_picked":["Auto Shields","Coolheaded"],"picked":"Doom and Gloom","floor":5},{"not_picked":["StuffTheSpire:LoadUp","FTL","hubris:PowerSurge"],"picked":"SKIP","floor":7},{"not_picked":["Compile Driver","Time Bomb"],"picked":"StuffTheSpire:Plugnplay","floor":10},{"not_picked":["ReplayGash","Fan"],"picked":"Ball Lightning","floor":12},{"not_picked":["Heatsinks","Hologram"],"picked":"Fusion","floor":16},{"not_picked":["All For One","hubris:SpecializedCircuitry"],"picked":"Electrodynamics","floor":18},{"not_picked":["StuffTheSpire:Synthwave","Go for the Eyes"],"picked":"Cold Snap","floor":19},{"not_picked":["Beam Cell","Stack","StuffTheSpire:LoadUp+1"],"picked":"SKIP","floor":20},{"not_picked":["Skim","Lockon"],"picked":"Storm","floor":23},{"not_picked":["Rip and Tear+1","Go for the Eyes"],"picked":"Redo","floor":24},{"not_picked":["Consume","hubris:Ukulele+1"],"picked":"Darkness+1","floor":26},{"not_picked":["Streamline+1","conspire:Rain"],"picked":"White Noise+1","floor":30},{"not_picked":["Hologram","Stack+1","StuffTheSpire:LoadUp+1"],"picked":"SKIP","floor":32},{"not_picked":["Doom and Gloom+1","Stack"],"picked":"Loop","floor":33},{"not_picked":["Scrape+1","Streamline"],"picked":"Loop","floor":37},{"not_picked":["Distribution+1","Go for the Eyes"],"picked":"Fusion","floor":38}],"player_experience":40052,"relics_obtained":[{"floor":3,"key":"HowToJump"},{"floor":9,"key":"BookofShadows"},{"floor":17,"key":"hubris:OldNail"},{"floor":28,"key":"Golden Egg"}],"event_choices":[{"damage_healed":0,"gold_gain":0,"player_choice":"Leave","damage_taken":0,"max_hp_gain":0,"max_hp_loss":0,"event_name":"The Cleric","floor":4,"gold_loss":0},{"damage_healed":0,"gold_gain":0,"player_choice":"Obtained Relic","damage_taken":0,"relics_obtained":["Leech"],"max_hp_gain":0,"max_hp_loss":0,"event_name":"Addict","floor":27,"gold_loss":85},{"damage_healed":0,"gold_gain":0,"player_choice":"1 cards matched","damage_taken":0,"max_hp_gain":0,"max_hp_loss":0,"event_name":"Match and Keep!","floor":31,"gold_loss":0,"cards_obtained":["Electrodynamics"]},{"damage_healed":0,"gold_gain":0,"player_choice":"Got Potions","damage_taken":0,"max_hp_gain":0,"max_hp_loss":0,"event_name":"Lab","floor":39,"gold_loss":0}],"is_beta":false,"boss_relics":[{"not_picked":["Runic Dome","Painkiller Herb"],"picked":"Tiny House"},{"not_picked":[]},{"not_picked":["hubris:GrandSneckoEye","Replay:Fungal Core","StuffTheSpire:Kangaroo"]}],"items_purged_floors":[],"is_endless":false,"potions_floor_spawned":[5,16,23,30,32,33,35],"killed_by":"3 Darklings","ascension_level":0}}