{"host":"mdxxh7xrx9vr3ma8","time":1607819609,"event":{"mods":["Act Like it!","Aspiration","Bard","BaseMod","Beaked The Cultist","Better Altar","Better Match","Better Note","Better Sensory Stone","Better Skull","Better Third Choice","BetterRewards","CCEM","Challenge The Spire","Colored Map","Colored Powertips","Conspire","Downfall","Friendly Minions","GifTheSpireLib","Glutton Mod","Googly Eyes","Halation","Hallownest","Hermit","Hero for Fun","Highlight Path","Hubris","Hunter ??","Infinite Spire","Jedi Mod","Jorbs\u0027s Wanderer Trilogy","Lobotomy","Marisa????????","Mimic Mod","Minty Spire (QoL Compilation)","Rare Cards Sparkle","Relic Sorter","Replay The Spire","Shade Mod","Shop Mod","Spicy Shops","StSLib","Stuff the Spire","The Administrix","The Bug Knight","The Construct","The Cursed","The Disciple","The Hierophant","The IronCluck","The Mystic","The Necromancer","The Problem Sleuth","The Servant 0.9.4","The Spell Scribe","The Witch","everything is the same but u backflip on backflip","vexMod"],"gold_per_floor":[99,99,109,123,136,61,110,95,95,115,64,83,125,20,20,20,20],"floor_reached":16,"playtime":1905,"items_purged":[],"score":94,"play_id":"daeab9cf-6d32-4ccb-8de4-09accd512a1d","local_time":"20201212163329","is_ascension_mode":false,"campfire_choices":[{"floor":1,"key":"RECALL"},{"data":"StarDustReverie","floor":6,"key":"SMITH"},{"data":"CasketOfStar","floor":9,"key":"SMITH"}],"circlet_count":0,"master_deck":["Strike_MRS","Strike_MRS","Strike_MRS","Strike_MRS","Defend_MRS","Defend_MRS","Defend_MRS","Defend_MRS","MasterSpark+1","UpSweep","WitchLeyline","StarDustReverie+1","MagicAbsorber","CasketOfStar+1","Robbery","BlazeAway","PowerUp","PowerUp","MysteriousBeam","DoubleSpark","DoubleSpark"],"relics":["MiniHakkero","downfall:HeartBlessingRed","halation:PrussianBluePaint"],"acts_visited":["Exordium"],"potions_floor_usage":[15,16],"damage_taken":[{"damage":6,"enemies":"Jaw Worm","floor":3,"turns":2},{"damage":3,"enemies":"Cultist","floor":4,"turns":3},{"damage":0,"enemies":"2 Louse","floor":5,"turns":2},{"damage":3,"enemies":"downfall:FleeingMerchant","floor":8,"turns":4},{"damage":20,"enemies":"Exordium Wildlife","floor":10,"turns":4},{"damage":12,"enemies":"downfall:FleeingMerchant","floor":11,"turns":4},{"damage":7,"enemies":"Blue Slaver","floor":12,"turns":2},{"damage":17,"enemies":"Exordium Thugs","floor":13,"turns":4},{"damage":5,"enemies":"downfall:FleeingMerchant","floor":14,"turns":4},{"damage":0,"enemies":"Large Slime","floor":15,"turns":1},{"damage":9,"enemies":"downfall:Watcher","floor":16,"turns":4}],"seed_played":"-6777414025781027509","potions_obtained":[{"floor":3,"key":"LifebloodPotion"},{"floor":12,"key":"SpeedPotion"},{"floor":13,"key":"infinitespire:BlackPotion"}],"is_trial":false,"path_per_floor":["R","?","M","M","M","R","T","$","R","M","$","M","M","$","M","B"],"character_chosen":"MARISA","items_purchased":["PowerUp","SmokeBomb"],"campfire_rested":0,"item_purchase_floors":[11,14],"current_hp_per_floor":[82,82,76,73,73,73,73,70,70,50,38,31,14,9,9,0,0],"gold":20,"neow_bonus":"TEN_PERCENT_HP_BONUS","is_daily":false,"chose_seed":false,"campfire_upgraded":2,"win_rate":0.0,"timestamp":1607819609,"path_taken":["R","?","M","M","?","R","T","?","R","M","?","M","?","$","M","BOSS"],"items_purchased_type":["Card","Potion"],"build_version":"2020-11-30","purchased_purges":0,"victory":false,"max_hp_per_floor":[82,82,82,82,82,82,82,82,82,82,82,82,82,82,82,82,82],"card_choices":[{"not_picked":["EnergyRecoil","NonDirectionalLaser"],"picked":"WitchLeyline","floor":3},{"not_picked":["WitchOfGreed","OrrerysSun"],"picked":"StarDustReverie","floor":4},{"not_picked":["AsteroidBelt","NonDirectionalLaser"],"picked":"MagicAbsorber","floor":5},{"not_picked":["WitchOfGreed","GravityBeat"],"picked":"CasketOfStar","floor":8},{"not_picked":["Acceleration","PropBag"],"picked":"Robbery","floor":10},{"not_picked":["DarkSpark","ShootingEcho"],"picked":"BlazeAway","floor":11},{"not_picked":["AlicesGift","PulseMagic"],"picked":"MysteriousBeam","floor":12},{"not_picked":["OrrerysSun","6A"],"picked":"DoubleSpark","floor":13},{"not_picked":["Acceleration","TreasureHunter"],"picked":"DoubleSpark","floor":14}],"player_experience":111305,"relics_obtained":[{"floor":7,"key":"halation:PrussianBluePaint"}],"event_choices":[{"damage_healed":0,"gold_gain":0,"player_choice":"Upgraded","damage_taken":0,"max_hp_gain":0,"max_hp_loss":0,"event_name":"Upgrade Shrine","floor":2,"gold_loss":0,"cards_upgraded":["MasterSpark"]}],"is_beta":false,"boss_relics":[],"items_purged_floors":[],"is_endless":false,"potions_floor_spawned":[3,12,13],"killed_by":"downfall:Watcher","ascension_level":0}}