{"host":"7ttbe3gzet1mthv0","time":1607902286,"event":{"mods":["AchievementEnabler","BaseMod","CapriCore","Colored Map","Colored Powertips","Highlight Path","Jorbs\u0027s Wanderer Trilogy","Marisa????????","Minty Spire (QoL Compilation)","Rare Cards Sparkle","Relic Stats","StSLib","The Alterego","The Bug Knight"],"gold_per_floor":[109,123,137,137,137,137,154,15,88,121,140,25,25,36,36,133,133,151,167,167,167,167,167,196,196,241,274,355,386,1,20,20,116,116,133,133,133,147,166,192,192,192,192,17,17,29,47,47,47],"floor_reached":48,"playtime":3111,"items_purged":["Strike_G"],"score":523,"play_id":"cd5917b8-6006-4613-8910-611847007329","local_time":"20201214003126","is_ascension_mode":false,"campfire_choices":[{"data":"Poisoned Stab","floor":6,"key":"SMITH"},{"data":"Envenom","floor":13,"key":"SMITH"},{"data":"Leg Sweep","floor":15,"key":"SMITH"},{"floor":23,"key":"REST"},{"data":"Adrenaline","floor":25,"key":"SMITH"},{"floor":32,"key":"REST"},{"data":"Prepared","floor":45,"key":"SMITH"}],"circlet_count":0,"master_deck":["Strike_G+1","Strike_G","Defend_G","Defend_G","Defend_G","Defend_G","Defend_G","Survivor","Neutralize+1","Masterful Stab","Poisoned Stab+1","Dagger Throw+1","Backstab","Leg Sweep+1","Dagger Spray","Flying Knee","Crippling Poison","Envenom+1","Infinite Blades","Escape Plan","Blur","Flechettes","After Image","Riddle With Holes+1","Adrenaline+1","Blade Dance","Tactician","Caltrops+1","Acrobatics+1","Tools of the Trade+1","Purity","Dodge and Roll+1","Poisoned Stab+1","Eviscerate+1","Caltrops+1","Noxious Fumes+1","Prepared+1","Finisher+1","Well Laid Plans+1"],"relics":["Ring of the Serpent","Kunai","Juzu Bracelet","alterego_mod:FleetingLove","Pen Nib","Whetstone","Red Mask","Frozen Egg 2","Ornamental Fan","Calipers","Cursed Key","Oddly Smooth Stone"],"acts_visited":["Exordium","TheCity","TheBeyond"],"potions_floor_usage":[29,29,33,48,48,48],"damage_taken":[{"damage":0,"enemies":"2 Louse","floor":1,"turns":5},{"damage":0,"enemies":"Small Slimes","floor":2,"turns":3},{"damage":0,"enemies":"Cultist","floor":3,"turns":3},{"damage":0,"enemies":"Looter","floor":7,"turns":2},{"damage":12,"enemies":"Lagavulin","floor":10,"turns":7},{"damage":0,"enemies":"Exordium Wildlife","floor":11,"turns":3},{"damage":0,"enemies":"2 Fungi Beasts","floor":14,"turns":3},{"damage":18,"enemies":"Slime Boss","floor":16,"turns":9},{"damage":6,"enemies":"Shell Parasite","floor":18,"turns":7},{"damage":3,"enemies":"3 Byrds","floor":19,"turns":5},{"damage":10,"enemies":"HollowMod:Nosk","floor":24,"turns":6},{"damage":25,"enemies":"Masked Bandits","floor":27,"turns":4},{"damage":18,"enemies":"Slavers","floor":29,"turns":4},{"damage":16,"enemies":"Centurion and Healer","floor":31,"turns":6},{"damage":37,"enemies":"Automaton","floor":33,"turns":9},{"damage":0,"enemies":"Orb Walker","floor":35,"turns":3},{"damage":9,"enemies":"3 Shapes","floor":38,"turns":5},{"damage":3,"enemies":"Maw","floor":39,"turns":8},{"damage":6,"enemies":"Giant Head","floor":40,"turns":9},{"damage":13,"enemies":"Transient","floor":46,"turns":5},{"damage":20,"enemies":"4 Shapes","floor":47,"turns":5},{"damage":31,"enemies":"Reptomancer","floor":48,"turns":5}],"seed_played":"-957732211258579182","potions_obtained":[{"floor":1,"key":"SkillPotion"},{"floor":2,"key":"AttackPotion"},{"floor":11,"key":"GhostInAJar"},{"floor":29,"key":"FairyPotion"},{"floor":33,"key":"Ancient Potion"},{"floor":39,"key":"Weak Potion"}],"is_trial":false,"path_per_floor":["M","M","M","?","?","R","M","$","T","E","M","$","R","M","R","B",null,"M","M","?","?","?","R","E","R","T","?","T","E","$","M","R","B",null,"M","?","?","M","M","E","?","?","T","$","R","M","M","E"],"character_chosen":"THE_SILENT","items_purchased":["Envenom","Blur","Calipers","Caltrops+1","Noxious Fumes+1","Prepared","SpeedPotion"],"campfire_rested":2,"item_purchase_floors":[8,12,30,30,44,44,44],"current_hp_per_floor":[77,77,77,77,77,77,77,77,77,65,65,65,65,65,65,47,77,71,68,68,68,54,78,68,68,68,43,43,25,25,9,33,24,82,82,82,78,69,66,60,60,60,60,60,60,47,27,0,0],"gold":47,"neow_bonus":"TEN_PERCENT_HP_BONUS","is_daily":false,"chose_seed":false,"campfire_upgraded":5,"win_rate":0.0,"timestamp":1607902286,"path_taken":["M","M","M","?","?","R","M","$","T","E","M","$","R","M","R","BOSS","M","M","?","?","?","R","E","R","T","?","?","E","$","M","R","BOSS","M","?","?","M","M","E","?","?","T","$","R","M","M","E"],"items_purchased_type":["Card","Card","Relic","Card","Card","Card","Potion"],"build_version":"2020-11-30","purchased_purges":1,"victory":false,"max_hp_per_floor":[77,77,77,77,77,77,77,77,77,77,77,77,77,77,77,77,77,77,77,77,77,82,82,82,82,82,82,82,82,82,82,82,82,82,82,82,78,78,78,78,78,78,78,78,78,78,78,78,78],"relic_stats":{"counters":[22,116],"Ornamental Fan":[132],"Pen Nib":[17],"Juzu Bracelet":2,"Kunai":[62],"Whetstone":["Dagger Throw","Strike_G"],"Cursed Key":0,"obtain_stats":[{"Calipers":30,"Oddly Smooth Stone":40,"Pen Nib":24,"Juzu Bracelet":10,"Whetstone":26,"Frozen Egg 2":28,"Cursed Key":34,"alterego_mod:FleetingLove":20,"Ornamental Fan":29,"Red Mask":27,"Kunai":9,"Ring of the Serpent":17,"Ring of the Snake":0},{"Calipers":13,"Oddly Smooth Stone":19,"Pen Nib":11,"Juzu Bracelet":5,"Whetstone":11,"Frozen Egg 2":12,"Cursed Key":15,"alterego_mod:FleetingLove":10,"Ornamental Fan":13,"Red Mask":12,"Kunai":4,"Ring of the Serpent":8,"Ring of the Snake":0},{"Calipers":61,"Oddly Smooth Stone":101,"Pen Nib":53,"Juzu Bracelet":20,"Whetstone":53,"Frozen Egg 2":57,"Cursed Key":76,"alterego_mod:FleetingLove":47,"Ornamental Fan":61,"Red Mask":57,"Kunai":13,"Ring of the Serpent":35,"Ring of the Snake":0}]},"card_choices":[{"not_picked":["Tactician","Slice"],"picked":"Masterful Stab","floor":1},{"not_picked":["Slice","Prepared"],"picked":"Poisoned Stab","floor":2},{"not_picked":["Poisoned Stab","Dagger Throw","Sucker Punch"],"picked":"SKIP","floor":3},{"not_picked":["Sucker Punch","Deadly Poison"],"picked":"Crippling Poison","floor":7},{"not_picked":["Unload","Dodge and Roll"],"picked":"Infinite Blades","floor":10},{"not_picked":["Prepared","Slice"],"picked":"Escape Plan","floor":11},{"not_picked":["Dagger Throw","Masterful Stab"],"picked":"Flechettes","floor":14},{"not_picked":["Phantasmal Killer","Night Terror"],"picked":"After Image","floor":16},{"not_picked":["Choke","Slice+1","Flying Knee"],"picked":"SKIP","floor":18},{"not_picked":["Dodge and Roll+1","Dagger Throw"],"picked":"Riddle With Holes+1","floor":19},{"not_picked":["Malaise","Outmaneuver"],"picked":"Adrenaline","floor":24},{"not_picked":["Outmaneuver","Backflip"],"picked":"Blade Dance","floor":27},{"not_picked":["Eviscerate","Underhanded Strike"],"picked":"Tactician","floor":29},{"not_picked":["Dash","Caltrops+1"],"picked":"Acrobatics+1","floor":31},{"not_picked":["Unload","Burst"],"picked":"Tools of the Trade+1","floor":33},{"not_picked":["Sucker Punch+1","Dagger Spray+1","Slice"],"picked":"SKIP","floor":35},{"not_picked":["PanicButton","Forethought"],"picked":"Purity","floor":36},{"not_picked":["Choke+1","Acrobatics"],"picked":"Dodge and Roll+1","floor":38},{"not_picked":["PiercingWail+1","Flying Knee+1"],"picked":"Poisoned Stab+1","floor":39},{"not_picked":["Die Die Die","Quick Slash+1"],"picked":"Eviscerate+1","floor":40},{"not_picked":["Prepared+1","Deflect"],"picked":"Finisher+1","floor":46},{"not_picked":["Reflex","Prepared+1"],"picked":"Well Laid Plans+1","floor":47}],"player_experience":10403,"relics_obtained":[{"floor":9,"key":"Kunai"},{"floor":10,"key":"Juzu Bracelet"},{"floor":24,"key":"Pen Nib"},{"floor":26,"key":"Whetstone"},{"floor":27,"key":"Red Mask"},{"floor":28,"key":"Frozen Egg 2"},{"floor":29,"key":"Ornamental Fan"},{"floor":40,"key":"Oddly Smooth Stone"}],"event_choices":[{"damage_healed":0,"gold_gain":0,"player_choice":"Grow","damage_taken":0,"max_hp_gain":0,"max_hp_loss":0,"event_name":"Living Wall","floor":4,"gold_loss":0,"cards_upgraded":["Neutralize"]},{"damage_healed":0,"gold_gain":0,"player_choice":"Choice 1","damage_taken":0,"relics_obtained":["alterego_mod:FleetingLove"],"max_hp_gain":0,"max_hp_loss":0,"event_name":"Secret Garden","floor":20,"gold_loss":0},{"damage_healed":0,"gold_gain":0,"player_choice":"Got Potions","damage_taken":0,"max_hp_gain":0,"max_hp_loss":0,"event_name":"Lab","floor":21,"gold_loss":0},{"damage_healed":0,"gold_gain":0,"player_choice":"Shed Blood","damage_taken":19,"max_hp_gain":5,"max_hp_loss":0,"event_name":"Forgotten Altar","floor":22,"gold_loss":0},{"damage_healed":0,"gold_gain":0,"player_choice":"Fought Bandits","damage_taken":0,"max_hp_gain":0,"max_hp_loss":0,"event_name":"Masked Bandits","floor":27,"gold_loss":0},{"damage_healed":0,"gold_gain":0,"player_choice":"Memory 1","damage_taken":0,"max_hp_gain":0,"max_hp_loss":0,"event_name":"SensoryStone","floor":36,"gold_loss":0},{"damage_healed":0,"gold_gain":0,"player_choice":"Max HP","damage_taken":0,"max_hp_gain":0,"max_hp_loss":4,"event_name":"Winding Halls","floor":37,"gold_loss":0},{"damage_healed":0,"gold_gain":0,"cards_transformed":["Strike_G"],"player_choice":"Transformed","damage_taken":0,"max_hp_gain":0,"max_hp_loss":0,"event_name":"Transmorgrifier","floor":41,"gold_loss":0,"cards_obtained":["Caltrops"]},{"cards_removed":["Strike_G"],"damage_healed":0,"gold_gain":0,"player_choice":"Removed Attack","damage_taken":0,"max_hp_gain":0,"max_hp_loss":0,"event_name":"Falling","floor":42,"gold_loss":0}],"is_beta":false,"boss_relics":[{"not_picked":["WristBlade","HoveringKite"],"picked":"Ring of the Serpent"},{"not_picked":["Black Star","Tiny House"],"picked":"Cursed Key"}],"items_purged_floors":[12],"is_endless":false,"potions_floor_spawned":[1,2,11,16,18,24,29,33,39],"killed_by":"Reptomancer","ascension_level":0}}