{"host":"h759rl08g2j14n8x","time":1607824615,"event":{"mods":["BaseMod","Better Third Choice","Colored Powertips","Minty Spire (QoL Compilation)","Replay The Spire","StSLib"],"gold_per_floor":[113,127,127,127,147,182,182,182,182,203,226,186,199,199,199,54,54,185,185,208,229,229,504,527,527,565,565,565,586,174,193,193,119,119,119,119],"floor_reached":35,"playtime":2073,"items_purged":["Regret"],"score":277,"play_id":"bb528a82-fee0-46be-936c-1be4a11c332d","local_time":"20201212175655","is_ascension_mode":false,"campfire_choices":[{"floor":7.0,"key":"REST"},{"floor":17.0,"key":"REST"},{"floor":25,"key":"REST"},{"floor":27,"key":"RECALL"},{"floor":32,"key":"REST"},{"floor":34,"key":"REST"}],"circlet_count":0,"master_deck":["Strike_R","Strike_R","Strike_R","Strike_R","Strike_R","Defend_R","Defend_R","Defend_R","Defend_R","Bash","Headbutt","Dual Wield","Whirlwind+1","Sever Soul+1","ReplayTheSpireMod:Limb From Limb+1","Rampage+1","Cleave+1","Fiend Fire+1","Wild Strike+1","Anger+1","Clothesline+1","Immolate+1","Perfected Strike+1","Rage","Rage","Spot Weakness"],"relics":["Burning Blood","Replay:Baseball","Molten Egg 2","Golden Idol","King of Hearts","Regal Pillow","Fusion Hammer","Pear","Membership Card","Pen Nib","Onion Ring","Orichalcum"],"acts_visited":["Exordium","TheCity"],"potions_floor_usage":[26,35,35],"damage_taken":[{"damage":0.0,"enemies":"2 Louse","floor":1.0,"turns":3.0},{"damage":5.0,"enemies":"Small Slimes","floor":2.0,"turns":4.0},{"damage":0.0,"enemies":"Cultist","floor":5.0,"turns":2.0},{"damage":32.0,"enemies":"Gremlin Nob","floor":6.0,"turns":4.0},{"damage":15.0,"enemies":"Looter","floor":10.0,"turns":3.0},{"damage":19.0,"enemies":"Large Slime","floor":11.0,"turns":5.0},{"damage":1.0,"enemies":"Lots of Slimes","floor":13.0,"turns":2.0},{"damage":25.0,"enemies":"Slime Boss","floor":18.0,"turns":7.0},{"damage":30,"enemies":"Shell Parasite","floor":20,"turns":3},{"damage":0,"enemies":"Spheric Guardian","floor":21,"turns":3},{"damage":25,"enemies":"Chosen and Byrds","floor":24,"turns":5},{"damage":27,"enemies":"Replay:Snechameleon","floor":26,"turns":3},{"damage":0,"enemies":"3 Cultists","floor":29,"turns":2},{"damage":0,"enemies":"Snake Plant","floor":31,"turns":2},{"damage":92,"enemies":"Champ","floor":35,"turns":8}],"seed_played":"4927913433362824661","potions_obtained":[{"floor":2.0,"key":"Dexterity Potion"},{"floor":10.0,"key":"SkillPotion"},{"floor":11.0,"key":"LiquidMemories"},{"floor":20,"key":"ColorlessPotion"},{"floor":26,"key":"ColorlessPotion"}],"is_trial":false,"path_per_floor":["M","M","?","?","M","E","R","?","T","M","M","$","M","PTL","PTL","$","R","B",null,"M","M","?","?","M","R","E","R","T","M","$","M","R","$","R","B"],"character_chosen":"IRONCLAD","items_purchased":["Rampage+1","Regal Pillow","Membership Card","Pen Nib","Onion Ring","Rage","Orichalcum"],"campfire_rested":5,"item_purchase_floors":[12,16,30,30,30,30,33],"current_hp_per_floor":[80,80,80,80,80,54,78,58,58,49,36,36,41,41,41,41,80,61,80,56,62,62,62,43,80,69,69,69,75,75,81,90,90,90,0,0],"gold":119,"neow_bonus":"RANDOM_COMMON_RELIC","is_daily":false,"chose_seed":false,"campfire_upgraded":0,"win_rate":0.0,"timestamp":1607824615,"path_taken":["M","M","?","?","?","E","R","?","T","M","M","$","M","PTL","PTL","$","R","BOSS","M","M","?","?","?","R","E","R","T","M","$","M","R","$","R","BOSS"],"items_purchased_type":["Card","Relic","Relic","Relic","Relic","Card","Relic"],"build_version":"2020-11-30","purchased_purges":1,"victory":false,"max_hp_per_floor":[80,80,80,80,80,80,80,80,80,80,80,80,80,80,80,80,80,80,80,80,80,80,80,80,80,90,90,90,90,90,90,90,90,90,90,90],"card_choices":[{"not_picked":["ReplayTheSpireMod:Strike From Hell","Clothesline"],"picked":"Reckless Charge","floor":1.0},{"not_picked":["Anger","Reckless Charge"],"picked":"Headbutt","floor":2.0},{"not_picked":["Evolve","Body Slam"],"picked":"Dual Wield","floor":5.0},{"not_picked":["Anger+1","Body Slam+1"],"picked":"Whirlwind+1","floor":6.0},{"not_picked":["Thunderclap+1","Twin Strike+1"],"picked":"Sever Soul+1","floor":10.0},{"not_picked":["Sword Boomerang+1","Barricade"],"picked":"ReplayTheSpireMod:Limb From Limb+1","floor":11.0},{"not_picked":["Clothesline+1","Shockwave"],"picked":"Cleave+1","floor":13.0},{"not_picked":["Feed+1","Offering"],"picked":"Fiend Fire+1","floor":18.0},{"not_picked":["Dual Wield","Sever Soul+1"],"picked":"Wild Strike+1","floor":20},{"not_picked":["Entrench","Dual Wield"],"picked":"Anger+1","floor":21},{"not_picked":["Clash+1","Rupture"],"picked":"Clothesline+1","floor":24},{"not_picked":["Perfected Strike+1","Clash+1"],"picked":"Immolate+1","floor":26},{"not_picked":["Entrench","Sword Boomerang+1"],"picked":"Perfected Strike+1","floor":29},{"not_picked":["Sever Soul+1","Shrug It Off"],"picked":"Spot Weakness","floor":31}],"player_experience":603045,"relics_obtained":[{"floor":6.0,"key":"Molten Egg 2"},{"floor":9.0,"key":"King of Hearts"},{"floor":26,"key":"Pear"}],"event_choices":[{"damage_healed":0.0,"max_hp_gain":0.0,"max_hp_loss":0.0,"gold_gain":0.0,"event_name":"Golden Wing","player_choice":"Ignored","floor":3.0,"gold_loss":0.0,"damage_taken":0.0},{"cards_removed":["Reckless Charge"],"damage_healed":0.0,"max_hp_gain":0.0,"max_hp_loss":0.0,"gold_gain":0.0,"event_name":"Bonfire Elementals","player_choice":"Offered Uncommon","floor":4.0,"gold_loss":0.0,"damage_taken":0.0},{"damage_healed":0.0,"max_hp_gain":0.0,"max_hp_loss":0.0,"gold_gain":0.0,"event_name":"Golden Idol","player_choice":"Take Damage","floor":8.0,"gold_loss":0.0,"damage_taken":20.0,"relics_obtained":["Golden Idol"]},{"damage_healed":0,"gold_gain":0,"player_choice":"Ignored","damage_taken":0,"max_hp_gain":0,"max_hp_loss":0,"event_name":"Ghosts","floor":22,"gold_loss":0},{"damage_healed":0,"gold_gain":275,"player_choice":"Desecrate","damage_taken":0,"max_hp_gain":0,"max_hp_loss":0,"event_name":"Golden Shrine","floor":23,"gold_loss":0,"cards_obtained":["Regret"]}],"is_beta":false,"boss_relics":[{"not_picked":["Electric Blood","Empty Cage"],"picked":"Fusion Hammer"}],"items_purged_floors":[30],"is_endless":false,"potions_floor_spawned":[2,10,11,20,21,26],"killed_by":"Champ","ascension_level":0}}