{"host":"ilxricga2547gmyy","time":1607870239,"event":{"mods":["AchievementEnabler","BaseMod","Minty Spire (QoL Compilation)","Quick Restart","StSLib"],"gold_per_floor":[113,124,124,137,148,178,178,190,236,264,32,64,94,113,113,212,212,224,238,238,254,63,93,93,103,103,103,115,141,160,193,193,297,297,317,333,345,362,380,406,406,432,432,532,532,542,557,590,590,590],"floor_reached":51,"playtime":2517,"items_purged":["Defend_R"],"score":1202,"play_id":"2759b7e8-0580-4819-a51f-5fa6ae0fc615","local_time":"20201213153719","is_ascension_mode":true,"campfire_choices":[{"floor":7,"key":"REST"},{"floor":15,"key":"REST"},{"data":"Seeing Red","floor":24,"key":"SMITH"},{"floor":27,"key":"REST"},{"floor":32,"key":"REST"},{"floor":41,"key":"REST"},{"floor":45,"key":"REST"},{"floor":49,"key":"REST"}],"circlet_count":0,"master_deck":["Strike_R","Strike_R","Strike_R","Strike_R","Strike_R","Defend_R","Defend_R","Defend_R","Bash","Shrug It Off","Thunderclap+1","Pommel Strike","Shrug It Off","Seeing Red+1","Clothesline+1","Iron Wave","Rage","Ghostly Armor","Offering","Uppercut","Shrug It Off","Inflame","Berserk","Armaments+1","Shrug It Off+1","Offering+1","Shrug It Off+1","Body Slam+1","Iron Wave","Body Slam+1","Seeing Red+1","Body Slam","Power Through+1"],"relics":["Burning Blood","Ice Cream","Gambling Chip","Pear","Whetstone","Strawberry","Bag of Marbles","HornCleat","StoneCalendar","Philosopher\u0027s Stone","SsserpentHead","Letter Opener","MealTicket","Bag of Preparation","Toxic Egg 2","Nunchaku","Busted Crown","InkBottle","Orichalcum","Mango","Eternal Feather"],"acts_visited":["Exordium","TheCity","TheBeyond"],"potions_floor_usage":[10,12,16,19,28,29,33,39,39,50,50,50],"damage_taken":[{"damage":12,"enemies":"Jaw Worm","floor":1,"turns":5},{"damage":2,"enemies":"Small Slimes","floor":2,"turns":3},{"damage":3,"enemies":"Cultist","floor":4,"turns":4},{"damage":19,"enemies":"Large Slime","floor":5,"turns":9},{"damage":37,"enemies":"Gremlin Nob","floor":6,"turns":5},{"damage":14,"enemies":"Looter","floor":8,"turns":5},{"damage":13,"enemies":"3 Sentries","floor":10,"turns":10},{"damage":5,"enemies":"Lagavulin","floor":12,"turns":5},{"damage":0,"enemies":"Exordium Thugs","floor":14,"turns":3},{"damage":25,"enemies":"Hexaghost","floor":16,"turns":10},{"damage":6,"enemies":"Shell Parasite","floor":18,"turns":4},{"damage":16,"enemies":"2 Thieves","floor":19,"turns":4},{"damage":13,"enemies":"Snake Plant","floor":21,"turns":5},{"damage":25,"enemies":"Book of Stabbing","floor":23,"turns":6},{"damage":8,"enemies":"Shelled Parasite and Fungi","floor":25,"turns":4},{"damage":6,"enemies":"Chosen and Byrds","floor":28,"turns":4},{"damage":20,"enemies":"Slavers","floor":29,"turns":3},{"damage":6,"enemies":"Snecko","floor":30,"turns":4},{"damage":48,"enemies":"Gremlin Leader","floor":31,"turns":6},{"damage":15,"enemies":"Automaton","floor":33,"turns":9},{"damage":12,"enemies":"3 Darklings","floor":35,"turns":3},{"damage":15,"enemies":"3 Shapes","floor":36,"turns":3},{"damage":12,"enemies":"Maw","floor":37,"turns":6},{"damage":12,"enemies":"4 Shapes","floor":38,"turns":3},{"damage":14,"enemies":"Transient","floor":39,"turns":5},{"damage":19,"enemies":"Reptomancer","floor":40,"turns":5},{"damage":18,"enemies":"Giant Head","floor":42,"turns":6},{"damage":12,"enemies":"Mind Bloom Boss Battle","floor":44,"turns":3},{"damage":12,"enemies":"Jaw Worm Horde","floor":46,"turns":2},{"damage":6,"enemies":"Sphere and 2 Shapes","floor":47,"turns":1},{"damage":34,"enemies":"Nemesis","floor":48,"turns":3},{"damage":44,"enemies":"Time Eater","floor":50,"turns":7}],"seed_played":"2589726805462939366","potions_obtained":[{"floor":1,"key":"SkillPotion"},{"floor":4,"key":"Ancient Potion"},{"floor":5,"key":"ElixirPotion"},{"floor":10,"key":"Fire Potion"},{"floor":14,"key":"CultistPotion"},{"floor":16,"key":"HeartOfIron"},{"floor":21,"key":"LiquidBronze"},{"floor":23,"key":"Swift Potion"},{"floor":25,"key":"Regen Potion"},{"floor":30,"key":"PowerPotion"},{"floor":31,"key":"BloodPotion"},{"floor":38,"key":"Strength Potion"},{"floor":39,"key":"LiquidBronze"},{"floor":44,"key":"EssenceOfSteel"},{"floor":47,"key":"GamblersBrew"}],"is_trial":false,"path_per_floor":["M","M","?","M","M","E","R","M","T","E","$","E","?","M","R","B",null,"M","M","?","M","$","E","R","M","T","R","M","E","M","E","R","B",null,"M","M","M","M","M","E","R","E","T","?","R","M","M","E","R","B",null],"character_chosen":"IRONCLAD","items_purchased":["Bag of Marbles","Letter Opener"],"campfire_rested":7,"item_purchase_floors":[11,22],"current_hp_per_floor":[66,70,52,55,42,21,45,37,37,37,37,38,38,44,70,51,80,80,70,70,63,63,44,44,42,42,68,80,66,66,24,50,58,81,75,66,60,54,46,33,59,47,47,55,85,79,79,51,99,61],"gold":590,"neow_bonus":"ONE_RARE_RELIC","is_daily":false,"chose_seed":false,"campfire_upgraded":1,"win_rate":0.0,"timestamp":1607870239,"path_taken":["M","M","?","M","M","E","R","M","T","E","$","E","?","M","R","BOSS","M","M","?","M","?","E","R","M","T","R","M","E","M","E","R","BOSS","M","M","M","M","M","E","R","E","T","?","R","M","M","E","R","BOSS"],"items_purchased_type":["Relic","Relic"],"build_version":"2020-11-30","purchased_purges":1,"victory":true,"max_hp_per_floor":[72,72,72,72,72,82,82,82,82,89,89,89,89,89,89,89,89,89,89,89,89,89,89,89,89,89,89,89,89,89,89,89,89,89,89,89,89,89,89,89,89,89,89,103,103,103,103,103,103,103],"card_choices":[{"not_picked":["Blood for Blood","Rampage"],"picked":"Shrug It Off","floor":1},{"not_picked":["Shrug It Off","Havoc"],"picked":"Thunderclap","floor":2},{"not_picked":["Second Wind","Iron Wave"],"picked":"Pommel Strike","floor":4},{"not_picked":["Power Through","Sword Boomerang"],"picked":"Shrug It Off","floor":5},{"not_picked":["Wild Strike","Clash"],"picked":"Seeing Red","floor":6},{"not_picked":["Battle Trance","Perfected Strike"],"picked":"Clothesline","floor":8},{"not_picked":["Metallicize","Limit Break"],"picked":"Iron Wave","floor":10},{"not_picked":["Flex","Reckless Charge"],"picked":"Rage","floor":12},{"not_picked":["Shrug It Off","Heavy Blade"],"picked":"Ghostly Armor","floor":14},{"not_picked":["Feed","Impervious"],"picked":"Offering","floor":16},{"not_picked":["Anger+1","Clash+1"],"picked":"Uppercut","floor":18},{"not_picked":["Warcry","Clash"],"picked":"Shrug It Off","floor":19},{"not_picked":["Feel No Pain","Dark Embrace+1","Clothesline"],"picked":"SKIP","floor":21},{"not_picked":["Sentinel+1","Anger"],"picked":"Inflame","floor":23},{"not_picked":["Evolve+1","Anger"],"picked":"Berserk","floor":25},{"not_picked":["Searing Blow","Rage+1"],"picked":"Armaments+1","floor":28},{"not_picked":["Warcry","True Grit"],"picked":"Shrug It Off+1","floor":29},{"not_picked":["Twin Strike","Anger","Whirlwind"],"picked":"SKIP","floor":30},{"not_picked":["Heavy Blade+1","Armaments+1","Sword Boomerang"],"picked":"SKIP","floor":31},{"not_picked":["Bludgeon","Impervious+1"],"picked":"Offering+1","floor":33},{"not_picked":["Iron Wave"],"picked":"SKIP","floor":35},{"not_picked":["Wild Strike+1"],"picked":"SKIP","floor":36},{"not_picked":[],"picked":"Shrug It Off+1","floor":37},{"not_picked":[],"picked":"Body Slam+1","floor":38},{"not_picked":["Clash"],"picked":"SKIP","floor":39},{"not_picked":[],"picked":"Iron Wave","floor":40},{"not_picked":[],"picked":"Body Slam+1","floor":42},{"not_picked":[],"picked":"Seeing Red+1","floor":44},{"not_picked":[],"picked":"Body Slam","floor":46},{"not_picked":["Thunderclap"],"picked":"SKIP","floor":47},{"not_picked":[],"picked":"Power Through+1","floor":48}],"player_experience":210729,"relics_obtained":[{"floor":6,"key":"Pear"},{"floor":9,"key":"Whetstone"},{"floor":10,"key":"Strawberry"},{"floor":12,"key":"HornCleat"},{"floor":23,"key":"MealTicket"},{"floor":26,"key":"Bag of Preparation"},{"floor":29,"key":"Toxic Egg 2"},{"floor":31,"key":"Nunchaku"},{"floor":40,"key":"InkBottle"},{"floor":42,"key":"Orichalcum"},{"floor":44,"key":"Mango"},{"floor":48,"key":"Eternal Feather"}],"event_choices":[{"damage_healed":0,"gold_gain":0,"player_choice":"Success","damage_taken":18,"relics_obtained":["Gambling Chip"],"max_hp_gain":0,"max_hp_loss":0,"event_name":"Scrap Ooze","floor":3,"gold_loss":0},{"damage_healed":0,"gold_gain":30,"player_choice":"Searched \u00273\u0027 times","damage_taken":0,"relics_obtained":["StoneCalendar"],"max_hp_gain":0,"max_hp_loss":0,"event_name":"Dead Adventurer","floor":13,"gold_loss":0},{"damage_healed":0,"gold_gain":0,"player_choice":"Trade","damage_taken":0,"relics_obtained":["SsserpentHead"],"max_hp_gain":0,"max_hp_loss":0,"event_name":"FaceTrader","floor":20,"gold_loss":0},{"damage_healed":0,"gold_gain":0,"player_choice":"Fight","damage_taken":0,"max_hp_gain":0,"max_hp_loss":0,"event_name":"MindBloom","floor":44,"gold_loss":0}],"is_beta":false,"boss_relics":[{"not_picked":["Runic Cube","Sozu"],"picked":"Philosopher\u0027s Stone"},{"not_picked":["SlaversCollar","SacredBark"],"picked":"Busted Crown"}],"items_purged_floors":[11],"is_endless":false,"potions_floor_spawned":[1,4,5,10,14,16,21,23,25,30,31,38,39,44,47,48],"ascension_level":7}}