{"host":"0rxdudjy6rylha1k","time":1607838975,"event":{"mods":["Aspiration","BaseMod","Colored Map","Colored Powertips","Downfall","Highlight Path","Hubris","Minty Spire (QoL Compilation)","StSLib"],"gold_per_floor":[99,114,139,139,42,60,137,62,89,89,26,45,45,45,60,159,159,159,159,159,172,205,305,305,305,337,337,337,337,352,369,386,485,485,485,500,535,535,581,581,605,651,651,651,651,198,198,216,230,230],"floor_reached":51,"playtime":5247,"items_purged":[],"score":978,"play_id":"7a77356b-cbfd-4109-9e3e-4584e2903129","local_time":"20201212225615","is_ascension_mode":true,"campfire_choices":[{"floor":1.0,"key":"RECALL"},{"floor":8.0,"key":"REST"},{"data":"hexamod:EmpoweredFlame","floor":10.0,"key":"SMITH"},{"data":"hexamod:EmpoweringStance","floor":18.0,"key":"SMITH"},{"data":"hexamod:SwordOfDarkness","floor":20.0,"key":"SMITH"},{"data":"J.A.X.","floor":25.0,"key":"SMITH"},{"data":"hexamod:TimeOfNeed","floor":27.0,"key":"SMITH"},{"data":"hexamod:WildfireWeapon","floor":35.0,"key":"SMITH"},{"floor":40.0,"key":"REST"},{"data":"Bite","floor":44.0,"key":"SMITH"}],"circlet_count":0,"master_deck":["hexamod:Defend","hexamod:Defend","hexamod:Defend","hexamod:Defend","hexamod:Sear+1","hexamod:Float+1","expansioncontent:DefensiveStance+1","hexamod:EmpoweredFlame+1","hexamod:SwordOfDarkness+1","hexamod:Hexaguard","hexamod:ShieldOfDarkness","hexamod:Firestarter+1","hexamod:EmpoweringStance+1","J.A.X.+1","hexamod:GhostflameBarrier","hexamod:TimeOfNeed+1","Bite+1","Bite+1","Bite+1","Bite","Bite","hexamod:ThermalTransfer+1","hexamod:WildfireWeapon+1","hexamod:PhantomFireball","hexamod:GiftsFromTheDead","Shrug It Off+1","hexamod:SpectersWail+1","expansioncontent:YouAreMine","expansioncontent:CaCaw","expansioncontent:Chronoboost","Shockwave"],"relics":["hexamod:SpiritBrand","sneckomod:BlankCard","aspiration:HummingbirdHeart","downfall:HeartBlessingRed","Bottled Tornado","hexamod:TheBrokenSeal","hexamod:TheBrokenSeal","hubris:ScarierMask","Akabeko","MutagenicStrength","hexamod:InflammatoryLetter","Pen Nib","hubris:Icosahedron","aspiration:IroncladSkillbook","Pear","hubris:TenFootPole","Whetstone","hubris:MedicalManual","Medical Kit","Darkstone Periapt"],"acts_visited":["Exordium","TheCity","TheBeyond"],"potions_floor_usage":[48,49,50],"damage_taken":[{"damage":10.0,"enemies":"Small Slimes","floor":2.0,"turns":5.0},{"damage":48.0,"enemies":"3 Sentries","floor":3.0,"turns":13.0},{"damage":0.0,"enemies":"downfall:FleeingMerchant","floor":5.0,"turns":4.0},{"damage":4.0,"enemies":"Cultist","floor":6.0,"turns":6.0},{"damage":37.0,"enemies":"Lagavulin","floor":9.0,"turns":9.0},{"damage":1.0,"enemies":"downfall:FleeingMerchant","floor":11.0,"turns":4.0},{"damage":19.0,"enemies":"2 Louse","floor":12.0,"turns":5.0},{"damage":0.0,"enemies":"Gremlin Gang","floor":15.0,"turns":3.0},{"damage":0.0,"enemies":"downfall:Watcher","floor":16.0,"turns":9.0},{"damage":0.0,"enemies":"Chosen","floor":19.0,"turns":1.0},{"damage":0.0,"enemies":"Shell Parasite","floor":21.0,"turns":3.0},{"damage":0.0,"enemies":"Slavers","floor":22.0,"turns":5.0},{"damage":0.0,"enemies":"downfall:Augmenter","floor":23.0,"turns":4.0},{"damage":11.0,"enemies":"Book of Stabbing","floor":26.0,"turns":7.0},{"damage":3.0,"enemies":"Snake Plant","floor":30.0,"turns":4.0},{"damage":3.0,"enemies":"Chosen and Byrds","floor":31.0,"turns":3.0},{"damage":0.0,"enemies":"3 Cultists","floor":32.0,"turns":3.0},{"damage":33.0,"enemies":"downfall:Ironclad","floor":33.0,"turns":8.0},{"damage":0.0,"enemies":"3 Darklings","floor":36.0,"turns":4.0},{"damage":100.0,"enemies":"Giant Head","floor":37.0,"turns":10.0},{"damage":0.0,"enemies":"2 Orb Walkers","floor":42.0,"turns":2.0},{"damage":3,"enemies":"downfall:FleeingMerchant","floor":46,"turns":4},{"damage":8,"enemies":"3 Shapes","floor":48,"turns":3},{"damage":16,"enemies":"Spire Growth","floor":49,"turns":5},{"damage":40,"enemies":"downfall:Silent","floor":50,"turns":9}],"seed_played":"-7106985005341320999","potions_obtained":[{"floor":2.0,"key":"FearPotion"},{"floor":3.0,"key":"Fruit Juice"},{"floor":9.0,"key":"hexamod:DoubleChargePotion"},{"floor":11.0,"key":"sneckomod:MuddlingPotion"},{"floor":12.0,"key":"SteroidPotion"},{"floor":21.0,"key":"Slimebound:ThreeZeroPotion"},{"floor":22.0,"key":"Regen Potion"},{"floor":26.0,"key":"sneckomod:MuddlingPotion"},{"floor":33.0,"key":"ColorlessPotion"},{"floor":36.0,"key":"SteroidPotion"},{"floor":37.0,"key":"Regen Potion"},{"floor":49,"key":"AttackPotion"}],"is_trial":false,"path_per_floor":["R","M","E","?","$","M","T","R","E","R","$","M","?","?","M","B",null,"R","M","R","M","E","?","T","R","E","R","?","?","M","M","M","B",null,"R","M","E","?","?","R","T","?","?","R","?","$","?","M","M","B",null],"character_chosen":"THE_SPIRIT","items_purchased":["expansioncontent:DefensiveStance","hexamod:ShieldOfDarkness","Medical Kit","Darkstone Periapt","Dexterity Potion"],"campfire_rested":2,"item_purchase_floors":[5,11,46,46,46],"current_hp_per_floor":[70,60,19,19,33,43,43,70,40,40,53,95,95,95,95,95,95,95,95,95,95,95,95,95,95,92,92,92,66,65,66,66,46,61,61,66,28,31,31,54,54,67,67,67,62,75,71,79,73,55],"gold":230,"neow_bonus":"ONE_RANDOM_RARE_CARD","is_daily":false,"chose_seed":false,"campfire_upgraded":7,"win_rate":0.0,"timestamp":1607838975,"path_taken":["R","M","E","?","?","?","T","R","E","R","$","M","?","?","M","BOSS","R","M","R","M","E","?","T","R","E","R","?","?","M","M","M","BOSS","R","M","E","?","?","R","T","?","?","R","?","?","?","?","M","BOSS"],"items_purchased_type":["Card","Card","Relic","Relic","Potion"],"build_version":"2020-11-30","purchased_purges":0,"victory":true,"max_hp_per_floor":[70,70,70,70,70,70,70,75,75,75,75,95,95,95,95,95,95,95,95,95,95,95,95,95,95,95,95,95,66,66,66,66,66,66,66,66,76,79,79,79,79,79,79,79,79,79,79,79,79,79],"card_choices":[{"not_picked":["hexamod:FourthSeal","hexamod:FifthSeal"],"picked":"hexamod:FirstSeal","floor":2.0},{"not_picked":["hexamod:HeatCrush","hexamod:ChargedBarrage","hexamod:InspiringFlames"],"picked":"SKIP","floor":2.0},{"not_picked":["hexamod:FastForward","hexamod:NightmareStrike"],"picked":"hexamod:FirstSeal","floor":3.0},{"not_picked":["hexamod:ApocalypticArmor","hexamod:EtherealExpedition","hexamod:InspiringFlames"],"picked":"SKIP","floor":5.0},{"not_picked":["hexamod:FifthSeal","hexamod:SecondSeal"],"picked":"hexamod:FourthSeal","floor":6.0},{"not_picked":["hexamod:HauntingEcho","hexamod:ShieldOfDarkness"],"picked":"hexamod:ThirdSeal","floor":6.0},{"not_picked":["hexamod:FirstSeal","hexamod:FifthSeal"],"picked":"hexamod:SixthSeal","floor":9.0},{"not_picked":["hexamod:SpectersWail","hexamod:BacktrackSmack"],"picked":"hexamod:EmpoweredFlame","floor":9.0},{"not_picked":["hexamod:Hexaguard","hexamod:ChargedBarrage"],"picked":"hexamod:RecurringNightmare","floor":9.0},{"not_picked":["hexamod:ThirdSeal","hexamod:FirstSeal"],"picked":"hexamod:SecondSeal","floor":11.0},{"not_picked":["hexamod:SpectersWail","hexamod:NightmareStrike"],"picked":"hexamod:SwordOfDarkness","floor":11.0},{"not_picked":["hexamod:EtherealExpedition","hexamod:NecessarySacrifice"],"picked":"hexamod:Hexaguard","floor":11.0},{"not_picked":["hexamod:GhostLash","hexamod:UnleashSpirits"],"picked":"hexamod:Firestarter","floor":12.0},{"not_picked":["hexamod:GhostShield","hexamod:SwordOfDarkness","hexamod:GhostLash"],"picked":"SKIP","floor":15.0},{"not_picked":["hexamod:UnleashSpirits","hexamod:TimeOfNeed"],"picked":"hexamod:EmpoweringStance","floor":16.0},{"not_picked":["hexamod:NightmareStrike","hexamod:HauntingEcho","hexamod:GhostflameBarrier"],"picked":"SKIP","floor":19.0},{"not_picked":["hexamod:NightmareGuise+1","hexamod:Hexaguard","hexamod:SkipABeat+1"],"picked":"SKIP","floor":21.0},{"not_picked":["hexamod:AdvancingGuard","hexamod:ThirdSeal","hexamod:ShieldOfDarkness+1"],"picked":"SKIP","floor":22.0},{"not_picked":[],"picked":"J.A.X.","floor":23.0},{"not_picked":["hexamod:InspiringFlames","hexamod:FlamesFromBeyond","hexamod:Hexaguard"],"picked":"SKIP","floor":26.0},{"not_picked":["hexamod:FourthSeal","hexamod:AdvancingGuard"],"picked":"hexamod:ThermalTransfer+1","floor":30.0},{"not_picked":["hexamod:GhostLash+1","hexamod:FastForward"],"picked":"hexamod:WildfireWeapon","floor":31.0},{"not_picked":["hexamod:PowerFromBeyond","hexamod:Hexaguard+1"],"picked":"hexamod:PhantomFireball","floor":32.0},{"not_picked":["hexamod:ParanormalForm","hexamod:UnleashSpirits"],"picked":"hexamod:GiftsFromTheDead","floor":33.0},{"not_picked":["hexamod:BacktrackSmack","hexamod:FourthSeal","Clash"],"picked":"Shrug It Off+1","floor":36.0},{"not_picked":["hexamod:GhostOfSpirePast","Thunderclap+1","hexamod:GhostflameInferno","hexamod:SkipABeat"],"picked":"SKIP","floor":37.0},{"not_picked":["hexamod:BacktrackSmack+1","hexamod:Hexaguard+1","hexamod:NecessarySacrifice"],"picked":"hexamod:SpectersWail+1","floor":42.0},{"not_picked":["expansioncontent:Collect","expansioncontent:DonusPower","expansioncontent:AwakenDeath"],"picked":"expansioncontent:YouAreMine","floor":45.0},{"not_picked":["expansioncontent:ManipulateTime","expansioncontent:YouAreMine","expansioncontent:LastStand"],"picked":"expansioncontent:CaCaw","floor":45.0},{"not_picked":["expansioncontent:TimeRipple","expansioncontent:DefensiveMode","expansioncontent:BronzeBeam"],"picked":"expansioncontent:Chronoboost","floor":45.0},{"not_picked":["hubris:SharpeningStone","hexamod:DynamicBlow+1","Rampage","Twin Strike"],"picked":"SKIP","floor":46},{"not_picked":["hexamod:AdvancingGuard","Anger","hexamod:GhostOfSpirePresent"],"picked":"Shockwave","floor":48},{"not_picked":["Heavy Blade","hexamod:HauntingEcho+1","Thunderclap","hexamod:BurningTouch"],"picked":"SKIP","floor":49}],"player_experience":2188887,"relics_obtained":[{"floor":3.0,"key":"sneckomod:BlankCard"},{"floor":7.0,"key":"aspiration:HummingbirdHeart"},{"floor":9.0,"key":"Bottled Tornado"},{"floor":22.0,"key":"Akabeko"},{"floor":23.0,"key":"MutagenicStrength"},{"floor":24.0,"key":"hexamod:InflammatoryLetter"},{"floor":26.0,"key":"Pen Nib"},{"floor":37.0,"key":"Pear"},{"floor":39.0,"key":"hubris:TenFootPole"},{"floor":41.0,"key":"Whetstone"},{"floor":42.0,"key":"hubris:MedicalManual"}],"event_choices":[{"damage_healed":0.0,"max_hp_gain":0.0,"max_hp_loss":0.0,"gold_gain":0.0,"event_name":"Accursed Blacksmith","player_choice":"Forge","floor":4.0,"gold_loss":0.0,"damage_taken":0.0,"cards_upgraded":["hexamod:Float"]},{"cards_removed":["hexamod:Strike"],"damage_healed":0.0,"max_hp_gain":0.0,"max_hp_loss":0.0,"gold_gain":0.0,"event_name":"Purifier","player_choice":"Purged","floor":14.0,"gold_loss":0.0,"damage_taken":0.0},{"damage_healed":0.0,"max_hp_gain":0.0,"max_hp_loss":29.0,"gold_gain":0.0,"event_name":"Vampires","player_choice":"Became a vampire","floor":29.0,"gold_loss":0.0,"damage_taken":0.0,"cards_obtained":["Bite","Bite","Bite","Bite","Bite"]},{"damage_healed":0.0,"max_hp_gain":0.0,"max_hp_loss":0.0,"gold_gain":0.0,"event_name":"Mysterious Sphere","player_choice":"Fight","floor":42.0,"gold_loss":0.0,"damage_taken":0.0}],"is_beta":false,"boss_relics":[{"not_picked":["aspiration:RunicSpoon","Astrolabe"],"picked":"hubris:ScarierMask"},{"not_picked":["hexamod:IceCube","Runic Pyramid"],"picked":"aspiration:IroncladSkillbook"}],"items_purged_floors":[],"is_endless":false,"potions_floor_spawned":[2,3,12,21,22,26,33,36,37,49],"ascension_level":5}}