{"host":"hfvpa4llnnjpeawn","time":1607844459,"event":{"mods":["2.2 Compatiblity","Act Like it!","BaseMod","Better Skull","Better Third Choice","BetterRewards","CapriCore","Conspire","Downfall","Elementarium","Hermit","Hubris","Koishi","Lobotomy","Mad Scientist","Minty Spire (QoL Compilation)","Replay The Spire","Shade Mod","Somnambulant","StSLib","The Bladedancer","The Factory","The Jungle","Waifu the Spire"],"gold_per_floor":[365,365,381,76,91,116,135,135,135,151,151,168,178,49,49,154,154,174,174,58,278,296,329,329,348,402,402,416,436,129,148,148,243,243,257,272,290,306,306,306,158,186,186,186,215,229,63,96,96,96,96],"floor_reached":50,"playtime":3842,"items_purged":["Clumsy","Defend_B"],"score":651,"play_id":"89638274-fa62-4226-bd9c-fa5e4b830811","local_time":"20201213022739","is_ascension_mode":false,"campfire_choices":[{"floor":8,"key":"REST"},{"data":"Loop","floor":15,"key":"SMITH"},{"floor":24,"key":"REST"},{"floor":27,"key":"REST"},{"data":"hubris:EnhanceAbility","floor":32,"key":"SMITH"},{"floor":40,"key":"REST"},{"data":"Amplify","floor":44,"key":"SMITH"},{"data":"ReplayTheSpireMod:Dual Polarity","floor":49,"key":"SMITH"}],"circlet_count":0,"master_deck":["Strike_B","Strike_B","Strike_B","Strike_B","Defend_B","Defend_B","Defend_B","Zap","Dualcast","Ball Lightning","ReplayTheSpireMod:Dual Polarity+1","hubris:PowerSurge","Loop+1","Panic Button","Turbo","Rebound","Seek","Leap+1","BasicCrystalCard+1","Aggregate+1","Machine Learning","Genetic Algorithm+1","Heatsinks+1","Electrodynamics","Biased Cognition","hubris:EnhanceAbility+1","Conserve Battery+1","Amplify+1","White Noise+1","ReplayTheSpireMod:Reroute Power","Consume","Turbo","Compile Driver+1","Buffer","hubris:Ukulele","hubris:Insight","Panic Button+1"],"relics":["Cracked Core","PreservedInsect","ClockworkSouvenir","Dream Catcher","ReplayTheSpireMod:Shallot","conspire:SpecialSausage","ReplayTheSpireMod:CursedCoin","Bag of Preparation","Vajra","ReplayTheSpireMod:Lightbulb","BargainBundle","Elementarium:ElementariumTrophy","hubris:Backtick","Lantern","Mummified Hand","ReplayTheSpireMod:TigerMarble","Replay:Rubber Ducky","hubris:BundleOfHerbs","Carrot","Replay:Wax Seal","Smiling Mask"],"acts_visited":["Exordium","Exordium","TheBeyond"],"potions_floor_usage":[7,13,18,23,31,33,33,37,45,46,50],"damage_taken":[{"damage":0,"enemies":"2 Louse","floor":1,"turns":1},{"damage":1,"enemies":"Cultist","floor":3,"turns":3},{"damage":12,"enemies":"Small Slimes","floor":5,"turns":3},{"damage":17,"enemies":"3 Sentries","floor":6,"turns":6},{"damage":15,"enemies":"Exordium Thugs","floor":7,"turns":2},{"damage":8,"enemies":"3 Louse","floor":10,"turns":3},{"damage":0,"enemies":"Exordium Wildlife","floor":12,"turns":3},{"damage":0,"enemies":"Exordium Thugs","floor":13,"turns":2},{"damage":21,"enemies":"The Guardian","floor":16,"turns":9},{"damage":8,"enemies":"Elementarium:VoidCorruption","floor":18,"turns":4},{"damage":0,"enemies":"Elementarium:MUD_AND_TAR_GOLEMS","floor":22,"turns":4},{"damage":35,"enemies":"Elementarium:FIRE_NOBILITY","floor":23,"turns":7},{"damage":0,"enemies":"Elementarium:RubyGolem","floor":25,"turns":2},{"damage":8,"enemies":"Elementarium:VoidBeast","floor":28,"turns":4},{"damage":1,"enemies":"Elementarium:CYCLONE_AND_LIVING_STORMCLOUD","floor":29,"turns":3},{"damage":0,"enemies":"Elementarium:VOID_CORRUPTION_AND_ORB_OF_FIRE","floor":31,"turns":4},{"damage":41,"enemies":"Elementarium:GolemEmperor","floor":33,"turns":10},{"damage":0,"enemies":"3 Shapes","floor":35,"turns":1},{"damage":0,"enemies":"Orb Walker","floor":36,"turns":2},{"damage":0,"enemies":"Transient","floor":37,"turns":5},{"damage":35,"enemies":"Writhing Mass","floor":38,"turns":7},{"damage":0,"enemies":"R_Hoarder","floor":42,"turns":3},{"damage":0,"enemies":"Nemesis","floor":45,"turns":5},{"damage":0,"enemies":"Sphere and 2 Shapes","floor":46,"turns":3},{"damage":0,"enemies":"conspire:MimicChest","floor":48,"turns":2},{"damage":69,"enemies":"Awakened One","floor":50,"turns":6}],"seed_played":"-4950721795007202368","potions_obtained":[{"floor":6,"key":"PowerPotion"},{"floor":10,"key":"Reflective Coating"},{"floor":16,"key":"BlessingOfTheForge"},{"floor":22,"key":"Venom Potion"},{"floor":25,"key":"Block Potion"},{"floor":28,"key":"Guardian:BlockOnCardUsePotion"},{"floor":36,"key":"Swift Potion"},{"floor":38,"key":"champ:CounterPotion"},{"floor":42,"key":"Swift Potion"},{"floor":45,"key":"sneckomod:MuddlingPotion"}],"is_trial":false,"path_per_floor":["M","?","M","$","M","E","M","R","T","M","?","M","M","$","R","B",null,"M","?","$","?","M","E","R","M","T","R","M","M","$","M","R","B",null,"M","M","M","M","T","R","$","E","T","R","E","M","$","?","R","B"],"character_chosen":"DEFECT","items_purchased":["PreservedInsect","ClockworkSouvenir","Panic Button","Turbo","Rebound","BasicCrystalCard+1","ReplayTheSpireMod:CursedCoin","Bag of Preparation","BargainBundle","SteroidPotion","Block Potion","Biased Cognition","hubris:EnhanceAbility","ReplayTheSpireMod:TigerMarble","Replay:Wax Seal","hubris:Insight"],"campfire_rested":4,"item_purchase_floors":[4,4,14,14,14,20,20,20,30,30,30,30,30,41,47,47],"current_hp_per_floor":[68,68,67,67,55,38,23,43,43,35,68,68,68,68,68,47,68,60,68,68,54,54,19,41,41,41,63,55,54,54,54,54,13,76,76,76,76,41,41,63,63,63,63,63,63,63,63,63,63,0,0],"gold":96,"neow_bonus":"TWO_FIFTY_GOLD","is_daily":false,"chose_seed":false,"campfire_upgraded":4,"win_rate":0.0,"timestamp":1607844459,"path_taken":["M","?","M","$","M","E","M","R","T","?","?","?","M","$","R","BOSS","M","?","$","?","M","E","R","?","T","R","M","M","$","?","R","BOSS","M","?","M","M","?","R","$","E","T","R","E","M","$","?","R","BOSS"],"items_purchased_type":["Relic","Relic","Card","Card","Card","Card","Relic","Relic","Relic","Potion","Potion","Card","Card","Relic","Relic","Card"],"build_version":"2020-11-30","purchased_purges":2,"victory":false,"max_hp_per_floor":[68,68,68,68,68,68,68,68,68,68,68,68,68,68,68,68,68,68,76,76,76,76,76,76,76,76,76,76,76,76,76,76,76,76,76,76,76,76,76,76,76,76,76,76,76,76,76,76,76,76,76],"card_choices":[{"not_picked":["Coolheaded","Sweeping Beam","ReplaySolidLightProjector"],"picked":"SKIP","floor":1},{"not_picked":["Loop","Sweeping Beam"],"picked":"Crystallizer","floor":3},{"not_picked":["ReplayTheSpireMod:System Scan","Compile Driver"],"picked":"Ball Lightning","floor":5},{"not_picked":["Self Repair","BootSequence"],"picked":"ReplayTheSpireMod:Dual Polarity","floor":6},{"not_picked":["Doom and Gloom","Steam","ReplayTheSpireMod:GoodbyeWorld"],"picked":"SKIP","floor":7},{"not_picked":["Barrage","Sweeping Beam","Rebound"],"picked":"SKIP","floor":10},{"not_picked":["Doom and Gloom","Streamline"],"picked":"hubris:PowerSurge","floor":12},{"not_picked":["Compile Driver","BasicCrystalCard"],"picked":"Loop","floor":13},{"not_picked":["Rainbow","ReplayRNGCard"],"picked":"Seek","floor":16},{"not_picked":["Turbo+1","Panic Button"],"picked":"Leap+1","floor":18},{"not_picked":["Darkness","Redo"],"picked":"Aggregate+1","floor":22},{"not_picked":["Capacitor","Crystallizer"],"picked":"Machine Learning","floor":23},{"not_picked":["BasicCrystalCard","Conserve Battery"],"picked":"Genetic Algorithm+1","floor":25},{"not_picked":["ReplayTheSpireMod:Dual Polarity","BasicCrystalCard"],"picked":"Heatsinks+1","floor":27},{"not_picked":["Ball Lightning+1","Leap+1","Gash+1"],"picked":"SKIP","floor":28},{"not_picked":["Chill","Steam"],"picked":"Electrodynamics","floor":29},{"not_picked":["Turbo","Redo"],"picked":"Conserve Battery+1","floor":31},{"not_picked":["hubris:Prefetch","Hyperbeam"],"picked":"Amplify","floor":33},{"not_picked":["Rebound","Sweeping Beam+1"],"picked":"White Noise+1","floor":35},{"not_picked":["Leap+1","Chaos+1"],"picked":"ReplayTheSpireMod:Reroute Power","floor":36},{"not_picked":["Hologram","Capacitor+1"],"picked":"Consume","floor":37},{"not_picked":["ReplayTheSpireMod:System Scan","Beam Cell+1"],"picked":"Turbo","floor":38},{"not_picked":["Leap+1","conspire:SharedLibrary"],"picked":"Compile Driver+1","floor":40},{"not_picked":["Capacitor","FIFO Queue"],"picked":"Buffer","floor":42},{"not_picked":["Gash+1","Go for the Eyes+1"],"picked":"hubris:Ukulele","floor":45},{"not_picked":["Compile Driver","Conserve Battery+1","Steam"],"picked":"SKIP","floor":46},{"not_picked":["Gash","Stack"],"picked":"Panic Button+1","floor":48}],"player_experience":184502,"relics_obtained":[{"floor":6,"key":"Dream Catcher"},{"floor":9,"key":"ReplayTheSpireMod:Shallot"},{"floor":23,"key":"Vajra"},{"floor":26,"key":"ReplayTheSpireMod:Lightbulb"},{"floor":39,"key":"Mummified Hand"},{"floor":42,"key":"Replay:Rubber Ducky"},{"floor":43,"key":"hubris:BundleOfHerbs"},{"floor":45,"key":"Carrot"},{"floor":48,"key":"Smiling Mask"}],"event_choices":[{"damage_healed":0,"gold_gain":0,"player_choice":"Ignored","damage_taken":0,"max_hp_gain":0,"max_hp_loss":0,"event_name":"NoteForYourself","floor":2,"gold_loss":0},{"cards_removed":["Crystallizer"],"damage_healed":33,"gold_gain":0,"player_choice":"Offered Uncommon","damage_taken":0,"max_hp_gain":0,"max_hp_loss":0,"event_name":"Bonfire Elementals","floor":11,"gold_loss":0},{"damage_healed":0,"gold_gain":0,"player_choice":"Graft","damage_taken":0,"max_hp_gain":8,"max_hp_loss":0,"event_name":"Elementarium:SculptureGarden","floor":19,"gold_loss":0},{"damage_healed":0,"gold_gain":220,"player_choice":"GO GO ","damage_taken":16,"relics_obtained":[],"max_hp_gain":0,"max_hp_loss":0,"event_name":"betterSkull:BetterSkull","floor":21,"gold_loss":0,"cards_upgraded":[]}],"is_beta":false,"boss_relics":[{"not_picked":["FrozenCore","hubris:HollowSoul"],"picked":"conspire:SpecialSausage"},{"not_picked":["Busted Crown","Replay:Bronze Core"],"picked":"hubris:Backtick"}],"items_purged_floors":[20,30],"is_endless":false,"potions_floor_spawned":[6,10,13,16,22,25,28,36,38,42,45],"killed_by":"Awakened One","ascension_level":0}}