{"host":"1dny1q6uquk6isnr","time":1607848580,"event":{"mods":["BaseMod","Curses Come First","Minty Spire (QoL Compilation)","Relic Stats","StSLib","The Dragon Tamer"],"gold_per_floor":[113,130,150,24,24,24,50,60,60,75,88,98,98,116,116,215,215,228,105,120,133,133,165,165,176,176,209,209,309,320,334,334,429,429,439,449,449,449,359,386,386,414,414,429,439,59,71,71,71,71,71,71],"floor_reached":50,"playtime":3867,"items_purged":["DTMod:Strike","DTMod:Strike","DTMod:Strike"],"score":573,"play_id":"321b5bd7-5d78-47df-8d2b-bf80e15e8371","local_time":"20201213003620","is_ascension_mode":false,"metric_token":403,"campfire_choices":[{"data":"DTMod:BlazingStrike","floor":6,"key":"SMITH"},{"data":"DTMod:SwitchingTactic","floor":13,"key":"SMITH"},{"data":"DTMod:DragonDance","floor":15,"key":"SMITH"},{"data":"DTMod:CleansingStrike","floor":24,"key":"SMITH"},{"data":"DTMod:BreakAttack","floor":28,"key":"SMITH"},{"data":"DTMod:BurningForce","floor":32,"key":"SMITH"},{"data":"DTMod:DoubleHit","floor":41,"key":"SMITH"},{"floor":49,"key":"RECALL"}],"dtmod_dragon_data":[0,50,1,1,8,8],"circlet_count":0,"master_deck":["DTMod:DoubleHit+1","DTMod:TargetDefense","DTMod:TargetDefense+1","DTMod:TargetDefense","DTMod:TargetDefense","DTMod:SwitchingTactic+1","DTMod:BalancedStrike","DTMod:HeatWave+1","DTMod:Feint","DTMod:BlazingStrike+1","DTMod:Multitask","DTMod:DragonDance+1","DTMod:BlueScale","DTMod:BreakAttack+1","DTMod:FlameSlash","DTMod:Prediction","DTMod:BreakAttack","DTMod:Hide","DTMod:FlameSlash","DTMod:BurningForce+1","DTMod:CleansingStrike+1","DTMod:InvisibleFlame","DTMod:BuildUp+1","DTMod:TriAttack+1","DTMod:PurifyingFlame+1","DTMod:Weaken","Parasite","DTMod:Cover+1","DTMod:QuickFly+1"],"relics":["DTMod:MagicStone","Ice Cream","Pear","Sozu","Darkstone Periapt","MealTicket","Molten Egg 2","TungstenRod","Eternal Feather","Lantern","Regal Pillow","Bottled Flame"],"acts_visited":["Exordium","TheCity","TheBeyond"],"potions_floor_usage":[23,29],"damage_taken":[{"damage":0,"enemies":"2 Louse","floor":1,"turns":3},{"damage":0,"enemies":"Cultist","floor":2,"turns":5},{"damage":0,"enemies":"Jaw Worm","floor":3,"turns":3},{"damage":6,"enemies":"Gremlin Nob","floor":7,"turns":4},{"damage":0,"enemies":"3 Louse","floor":8,"turns":3},{"damage":2,"enemies":"Exordium Wildlife","floor":10,"turns":4},{"damage":0,"enemies":"Looter","floor":11,"turns":2},{"damage":0,"enemies":"Exordium Thugs","floor":12,"turns":6},{"damage":0,"enemies":"Large Slime","floor":14,"turns":3},{"damage":5,"enemies":"The Guardian","floor":16,"turns":8},{"damage":0,"enemies":"Shell Parasite","floor":18,"turns":4},{"damage":0,"enemies":"3 Byrds","floor":20,"turns":6},{"damage":0,"enemies":"Centurion and Healer","floor":21,"turns":5},{"damage":9,"enemies":"Slavers","floor":23,"turns":4},{"damage":0,"enemies":"Chosen and Byrds","floor":25,"turns":4},{"damage":0,"enemies":"Gremlin Leader","floor":27,"turns":6},{"damage":0,"enemies":"Colosseum Slavers","floor":29,"turns":3},{"damage":0,"enemies":"Colosseum Nobs","floor":29,"turns":4},{"damage":12,"enemies":"Shelled Parasite and Fungi","floor":30,"turns":4},{"damage":16,"enemies":"Cultist and Chosen","floor":31,"turns":6},{"damage":3,"enemies":"Champ","floor":33,"turns":10},{"damage":5,"enemies":"3 Shapes","floor":35,"turns":5},{"damage":0,"enemies":"Orb Walker","floor":36,"turns":3},{"damage":16,"enemies":"Reptomancer","floor":40,"turns":5},{"damage":33,"enemies":"Nemesis","floor":42,"turns":7},{"damage":18,"enemies":"Writhing Mass","floor":44,"turns":7},{"damage":17,"enemies":"Maw","floor":45,"turns":6},{"damage":4,"enemies":"4 Shapes","floor":47,"turns":6},{"damage":0,"enemies":"Time Eater","floor":50,"turns":4}],"seed_played":"-2754810116031728764","potions_obtained":[{"floor":1,"key":"FearPotion"},{"floor":2,"key":"Ancient Potion"},{"floor":14,"key":"Strength Potion"}],"is_trial":false,"path_per_floor":["M","M","M","$","?","R","E","M","T","M","M","M","R","M","R","B",null,"M","$","M","M","?","E","R","M","T","E","R","?","M","M","R","B",null,"M","M","?","?","?","E","R","E","T","M","M","$","M","?","R","B"],"character_chosen":"THE_DT","items_purchased":["DTMod:BlazingStrike","DTMod:Hide","Bottled Flame"],"campfire_rested":0,"item_purchase_floors":[4,19,46],"current_hp_per_floor":[49,49,49,49,49,49,43,43,53,51,51,51,51,51,51,46,59,59,59,59,59,59,50,50,50,50,50,50,50,38,22,37,34,59,54,59,56,56,56,40,55,23,23,18,8,23,26,54,54,54,54,54],"gold":71,"neow_bonus":"TEN_PERCENT_HP_BONUS","is_daily":false,"chose_seed":false,"campfire_upgraded":7,"win_rate":0.0,"timestamp":1607848580,"path_taken":["M","M","M","$","?","R","E","M","T","M","M","M","R","M","R","BOSS","M","$","?","M","?","E","R","M","T","E","R","?","M","M","R","BOSS","M","M","?","?","?","E","R","E","T","M","M","$","?","?","R","BOSS"],"items_purchased_type":["Card","Card","Relic"],"build_version":"2020-11-30","purchased_purges":3,"victory":false,"max_hp_per_floor":[49,49,49,49,49,49,49,49,59,59,59,59,59,59,59,59,59,59,59,59,59,59,59,59,59,59,59,59,59,59,59,59,59,59,59,59,56,56,56,56,56,56,56,62,62,62,62,54,54,54,54,54],"relic_stats":{"Sozu":8,"Darkstone Periapt":6,"Regal Pillow":0,"counters":[29,140],"MealTicket":15,"Eternal Feather":30,"obtain_stats":[{"Ice Cream":7,"Darkstone Periapt":23,"Lantern":40,"Regal Pillow":42,"Pear":9,"Eternal Feather":29,"Sozu":17,"Bottled Flame":46,"DTMod:PactStone":0,"MealTicket":26,"Molten Egg 2":27,"DTMod:MagicStone":34,"TungstenRod":29},{"Ice Cream":4,"Darkstone Periapt":14,"Lantern":24,"Regal Pillow":25,"Pear":5,"Eternal Feather":18,"Sozu":10,"Bottled Flame":27,"DTMod:PactStone":0,"MealTicket":15,"Molten Egg 2":16,"DTMod:MagicStone":21,"TungstenRod":18},{"Ice Cream":15,"Darkstone Periapt":60,"Lantern":110,"Regal Pillow":117,"Pear":18,"Eternal Feather":77,"Sozu":41,"Bottled Flame":130,"DTMod:PactStone":0,"MealTicket":64,"Molten Egg 2":70,"DTMod:MagicStone":97,"TungstenRod":77}],"TungstenRod":25},"card_choices":[{"not_picked":["DTMod:BlueScale","DTMod:Observe"],"picked":"DTMod:BalancedStrike","floor":1},{"not_picked":["DTMod:Cover","DTMod:Training"],"picked":"DTMod:HeatWave","floor":2},{"not_picked":["DTMod:Cover","DTMod:Shift"],"picked":"DTMod:Feint","floor":3},{"not_picked":["DTMod:CrossStep","DTMod:TauntingStrike"],"picked":"DTMod:Multitask","floor":7},{"not_picked":["DTMod:Punisher","DTMod:GhostSkin"],"picked":"DTMod:DragonDance","floor":8},{"not_picked":["DTMod:BizarreTactic","DTMod:BurningEnergy"],"picked":"DTMod:BlueScale","floor":10},{"not_picked":["DTMod:BurningEnergy","DTMod:DragonDance"],"picked":"DTMod:BreakAttack","floor":11},{"not_picked":["DTMod:Conduct","DTMod:DarkBreath"],"picked":"DTMod:FlameSlash","floor":12},{"not_picked":["DTMod:RecklessFlurry","DTMod:DarkBreath","DTMod:Feint"],"picked":"SKIP","floor":14},{"not_picked":["DTMod:OpeningTactic","DTMod:StunTrap"],"picked":"DTMod:Prediction","floor":16},{"not_picked":["DTMod:WarmUp","DTMod:CalculatedDefense"],"picked":"DTMod:BreakAttack","floor":18},{"not_picked":["DTMod:LowKick+1","DTMod:Cover"],"picked":"DTMod:FlameSlash","floor":20},{"not_picked":["DTMod:Hide","DTMod:QuickFly"],"picked":"DTMod:BurningForce","floor":21},{"not_picked":["DTMod:ComboAttack","DTMod:CalculatedDefense"],"picked":"DTMod:CleansingStrike","floor":23},{"not_picked":["DTMod:MasterPlan","DTMod:BurningEnergy","DTMod:OpeningTactic"],"picked":"SKIP","floor":25},{"not_picked":["DTMod:RunningTactic","DTMod:BuildUp+1"],"picked":"DTMod:InvisibleFlame","floor":27},{"not_picked":["DTMod:RecklessFlurry+1","DTMod:DarkBreath+1"],"picked":"DTMod:BuildUp+1","floor":29},{"not_picked":["DTMod:BizarreTactic","DTMod:InvisibleFlame","DTMod:BurningEnergy"],"picked":"SKIP","floor":30},{"not_picked":["DTMod:BuildUp+1","DTMod:BizarreTactic","DTMod:Cover"],"picked":"SKIP","floor":31},{"not_picked":["DTMod:GearUp","DTMod:ShadowImage"],"picked":"DTMod:TriAttack+1","floor":33},{"not_picked":["DTMod:BuildUp+1","DTMod:MagicField+1","DTMod:Feint+1"],"picked":"SKIP","floor":35},{"not_picked":["DTMod:TagTeam+1","DTMod:RunningTactic+1"],"picked":"DTMod:PurifyingFlame+1","floor":36},{"not_picked":["DTMod:Cover+1","DTMod:Harmonize","DTMod:Coolant"],"picked":"SKIP","floor":40},{"not_picked":["DTMod:Cover","DTMod:TagTeam"],"picked":"DTMod:Weaken","floor":42},{"not_picked":["DTMod:CleansingStrike+1","DTMod:Weaken"],"picked":"DTMod:Cover+1","floor":44},{"not_picked":["DTMod:ExcessFootwork","DTMod:PurifyingFlame+1","DTMod:BurningEnergy"],"picked":"SKIP","floor":45},{"not_picked":["DTMod:Feint+1","DTMod:FlameSlash+1"],"picked":"DTMod:QuickFly+1","floor":47}],"player_experience":326867,"relics_obtained":[{"floor":7,"key":"Ice Cream"},{"floor":9,"key":"Pear"},{"floor":23,"key":"Darkstone Periapt"},{"floor":26,"key":"MealTicket"},{"floor":27,"key":"Molten Egg 2"},{"floor":29,"key":"TungstenRod"},{"floor":29,"key":"Eternal Feather"},{"floor":40,"key":"Lantern"},{"floor":42,"key":"Regal Pillow"}],"event_choices":[{"damage_healed":0,"gold_gain":0,"player_choice":"Forge","damage_taken":0,"max_hp_gain":0,"max_hp_loss":0,"event_name":"Accursed Blacksmith","floor":5,"gold_loss":0,"cards_upgraded":["DTMod:HeatWave"]},{"damage_healed":0,"gold_gain":0,"player_choice":"Ignored","damage_taken":0,"max_hp_gain":0,"max_hp_loss":0,"event_name":"Vampires","floor":22,"gold_loss":0},{"damage_healed":0,"gold_gain":0,"player_choice":"Fight","damage_taken":0,"max_hp_gain":0,"max_hp_loss":0,"event_name":"Colosseum","floor":29,"gold_loss":0},{"damage_healed":0,"gold_gain":0,"player_choice":"Fought Nobs","damage_taken":0,"max_hp_gain":0,"max_hp_loss":0,"event_name":"Colosseum","floor":29,"gold_loss":0},{"damage_healed":0,"gold_gain":0,"player_choice":"Max HP","damage_taken":0,"max_hp_gain":0,"max_hp_loss":3,"event_name":"Winding Halls","floor":37,"gold_loss":0},{"damage_healed":0,"gold_gain":0,"player_choice":"Ignored","damage_taken":0,"max_hp_gain":0,"max_hp_loss":0,"event_name":"Tomb of Lord Red Mask","floor":38,"gold_loss":0},{"cards_removed":["DTMod:Strike"],"damage_healed":0,"gold_gain":0,"player_choice":"Upgrade and Remove","damage_taken":0,"max_hp_gain":0,"max_hp_loss":0,"event_name":"Designer","floor":39,"gold_loss":90,"cards_upgraded":["DTMod:TargetDefense"]},{"damage_healed":54,"gold_gain":0,"player_choice":"Heal","damage_taken":0,"max_hp_gain":0,"max_hp_loss":8,"event_name":"The Moai Head","floor":48,"gold_loss":0}],"is_beta":false,"boss_relics":[{"not_picked":["Astrolabe","Velvet Choker"],"picked":"Sozu"},{"not_picked":["SacredBark","DTMod:TheChair"],"picked":"DTMod:MagicStone"}],"items_purged_floors":[4,19,46],"is_endless":false,"potions_floor_spawned":[1,2,14,16,18,25,27,29,31,36,40,45],"killed_by":"Time Eater","ascension_level":0}}