{"host":"qwttrqaysb380yri","time":1607882154,"event":{"mods":["BaseMod","Custom Start","Minty Spire (QoL Compilation)","Puzzle Mod","Relic Stats","StSLib","The Cursed","The Hierophant"],"gold_per_floor":[113,131,144,155,173,200,200,165,246,280,280,292,324,324,324,445,445,458,478,478,498,26,26,65,65,91,141,153,189,242,254,266,403,415,442,454,114,129,129,169,169,502,502,502,502,502],"floor_reached":45,"playtime":2046,"items_purged":["Strike_P","Prostrate+1"],"score":895,"play_id":"a0e361f2-f9fc-4acc-8f6e-ca412630acb5","local_time":"20201213185554","is_ascension_mode":true,"campfire_choices":[{"data":"Eruption","floor":7.0,"key":"SMITH"},{"floor":15.0,"key":"REST"},{"floor":23.0,"key":"REST"},{"data":"Ragnarok","floor":25.0,"key":"SMITH"},{"data":"Devotion","floor":28.0,"key":"SMITH"},{"floor":32.0,"key":"REST"},{"data":"Wireheading","floor":41,"key":"SMITH"},{"data":"Swivel","floor":44,"key":"SMITH"}],"circlet_count":0,"master_deck":["AscendersBane","Strike_P","Defend_P","Defend_P","Defend_P","Eruption+1","Vigilance","FollowUp","FearNoEvil","Ragnarok+1","Swivel+1","WindmillStrike","Consecrate","InnerPeace","Establishment","ThirdEye","Devotion+1","Scrawl","CutThroughFate","Wireheading+1","Perseverance","DeceiveReality","FearNoEvil+1","Halt+1","Adaptation","Prostrate+1","Ragnarok+1","WheelKick+1","Protect+1","TalkToTheHand+1"],"relics":["HolyWater","Eternal Feather","Letter Opener","Lizard Tail","Nunchaku","Molten Egg 2","Toxic Egg 2","MawBank","Vajra","Bird Faced Urn","Enchiridion","Snecko Eye","HornCleat","Ancient Tea Set","Strawberry"],"acts_visited":["Exordium","TheCity","TheBeyond"],"potions_floor_usage":[],"damage_taken":[{"damage":0.0,"enemies":"Cultist","floor":1.0,"turns":2.0},{"damage":1.0,"enemies":"2 Louse","floor":2.0,"turns":4.0},{"damage":7.0,"enemies":"Small Slimes","floor":3.0,"turns":4.0},{"damage":9.0,"enemies":"Red Slaver","floor":4.0,"turns":2.0},{"damage":0.0,"enemies":"2 Fungi Beasts","floor":5.0,"turns":3.0},{"damage":26.0,"enemies":"3 Sentries","floor":6.0,"turns":6.0},{"damage":25.0,"enemies":"Lagavulin","floor":10.0,"turns":4.0},{"damage":11.0,"enemies":"Looter","floor":12.0,"turns":2.0},{"damage":7.0,"enemies":"3 Sentries","floor":13.0,"turns":4.0},{"damage":36.0,"enemies":"Slime Boss","floor":16.0,"turns":6.0},{"damage":45.0,"enemies":"Chosen","floor":18.0,"turns":6.0},{"damage":15.0,"enemies":"3 Byrds","floor":19.0,"turns":5.0},{"damage":3.0,"enemies":"3 Cultists","floor":21.0,"turns":4.0},{"damage":26.0,"enemies":"Gremlin Leader","floor":24.0,"turns":6.0},{"damage":22.0,"enemies":"Book of Stabbing","floor":27.0,"turns":4.0},{"damage":17.0,"enemies":"Snake Plant","floor":29.0,"turns":3.0},{"damage":0.0,"enemies":"Gremlin Leader","floor":30.0,"turns":4.0},{"damage":17.0,"enemies":"Champ","floor":33.0,"turns":7.0},{"damage":26.0,"enemies":"Orb Walker","floor":35.0,"turns":3.0},{"damage":0.0,"enemies":"3 Darklings","floor":38.0,"turns":1.0},{"damage":16,"enemies":"Nemesis","floor":40,"turns":5},{"damage":30,"enemies":"Giant Head","floor":45,"turns":5}],"seed_played":"6298839624933016642","potions_obtained":[{"floor":4.0,"key":"SkillPotion"},{"floor":6.0,"key":"Ancient Potion"},{"floor":12.0,"key":"SpeedPotion"},{"floor":16.0,"key":"SteroidPotion"},{"floor":19.0,"key":"SkillPotion"},{"floor":24.0,"key":"Explosive Potion"},{"floor":27.0,"key":"CultistPotion"},{"floor":30.0,"key":"Explosive Potion"},{"floor":35.0,"key":"Explosive Potion"}],"is_trial":false,"path_per_floor":["M","M","M","M","M","E","R","?","T","E","?","M","E","?","R","B",null,"M","M","?","M","$","R","E","R","T","E","R","M","E","?","R","B",null,"M","?","$","M","?","E","R","?","T","R","E"],"character_chosen":"WATCHER","items_purchased":["DeceiveReality","Molten Egg 2","FearNoEvil+1","HornCleat"],"campfire_rested":3,"item_purchase_floors":[22,22,22,37],"current_hp_per_floor":[72,71,64,55,55,29,38,57,57,32,32,21,14,14,47,11,58,13,36,36,33,33,66,40,52,52,30,45,28,28,12,48,41,65,45,45,45,49,49,41,59,59,66,76,52,52],"gold":502,"neow_bonus":"TEN_PERCENT_HP_BONUS","is_daily":false,"chose_seed":false,"campfire_upgraded":5,"win_rate":0.0,"timestamp":1607882154,"path_taken":["M","M","M","?","M","E","R","?","T","E","?","?","E","?","R","BOSS","M","M","?","M","$","R","E","R","T","E","R","M","E","?","R","BOSS","M","?","$","M","?","E","R","?","T","R","E"],"items_purchased_type":["Card","Relic","Card","Relic"],"build_version":"2020-11-30","purchased_purges":2,"victory":false,"max_hp_per_floor":[79,79,79,79,79,79,79,79,79,79,79,79,79,73,73,73,73,73,73,73,73,73,73,73,73,73,73,73,73,73,73,73,73,73,73,69,69,69,69,69,69,69,76,76,76,76],"relic_stats":{"Lizard Tail":36,"Nunchaku":[12],"counters":[22,90],"Bird Faced Urn":[34],"Snecko Eye":[26,28,26,24],"Eternal Feather":103,"Letter Opener":[147],"MawBank":132,"obtain_stats":[{"Golden Idol":14,"Vajra":27,"Enchiridion":31,"Eternal Feather":6,"Letter Opener":9,"MawBank":26,"Ancient Tea Set":40,"Lizard Tail":10,"Nunchaku":13,"HornCleat":37,"Bird Faced Urn":30,"Strawberry":43,"HolyWater":17,"Snecko Eye":34,"Molten Egg 2":22,"PureWater":0,"Toxic Egg 2":24},{"Golden Idol":9,"Vajra":15,"Enchiridion":17,"Eternal Feather":6,"Letter Opener":6,"MawBank":14,"Ancient Tea Set":21,"Lizard Tail":7,"Nunchaku":9,"HornCleat":19,"Bird Faced Urn":17,"Strawberry":21,"HolyWater":10,"Snecko Eye":18,"Molten Egg 2":13,"PureWater":0,"Toxic Egg 2":14},{"Golden Idol":31,"Vajra":62,"Enchiridion":69,"Eternal Feather":21,"Letter Opener":21,"MawBank":58,"Ancient Tea Set":85,"Lizard Tail":25,"Nunchaku":31,"HornCleat":79,"Bird Faced Urn":69,"Strawberry":85,"HolyWater":37,"Snecko Eye":76,"Molten Egg 2":52,"PureWater":0,"Toxic Egg 2":58}]},"card_choices":[{"not_picked":["Crescendo","ThirdEye"],"picked":"FollowUp","floor":1.0},{"not_picked":["CrushJoints","Prostrate"],"picked":"FearNoEvil","floor":2.0},{"not_picked":["SignatureMove","PathToVictory"],"picked":"Ragnarok","floor":3.0},{"not_picked":["Conclude","Prostrate"],"picked":"Swivel","floor":4.0},{"not_picked":["Indignation","CrushJoints"],"picked":"WindmillStrike","floor":5.0},{"not_picked":["EmptyBody","Crescendo"],"picked":"Consecrate","floor":6.0},{"not_picked":["EmptyBody","WaveOfTheHand"],"picked":"InnerPeace","floor":10.0},{"not_picked":["Prostrate","EmptyFist"],"picked":"ThirdEye","floor":12.0},{"not_picked":["JustLucky","Crescendo"],"picked":"Devotion","floor":13.0},{"not_picked":["DevaForm","SpiritShield"],"picked":"Scrawl","floor":16.0},{"not_picked":["Consecrate","FlyingSleeves"],"picked":"CutThroughFate","floor":18.0},{"not_picked":["Consecrate","Collect","FollowUp"],"picked":"SKIP","floor":19.0},{"not_picked":["MentalFortress","Collect","Nirvana"],"picked":"SKIP","floor":21.0},{"not_picked":["EmptyMind+1","FlyingSleeves+1"],"picked":"Prostrate+1","floor":24.0},{"not_picked":["Halt+1","Crescendo+1","Alpha+1"],"picked":"SKIP","floor":27.0},{"not_picked":["Crescendo+1","Alpha+1"],"picked":"Halt+1","floor":27.0},{"not_picked":["MentalFortress+1","FollowUp+1"],"picked":"Adaptation","floor":29.0},{"not_picked":["JustLucky+1","Protect+1"],"picked":"Prostrate+1","floor":30.0},{"not_picked":["ConjureBlade+1","Scrawl+1"],"picked":"Ragnarok+1","floor":33.0},{"not_picked":["JustLucky+1","SashWhip+1"],"picked":"WheelKick+1","floor":35.0},{"not_picked":["Evaluate+1","Crescendo+1"],"picked":"Protect+1","floor":38.0},{"not_picked":["DeceiveReality+1","Swivel+1"],"picked":"TalkToTheHand+1","floor":40}],"player_experience":1824748,"relics_obtained":[{"floor":6.0,"key":"Eternal Feather"},{"floor":9.0,"key":"Letter Opener"},{"floor":10.0,"key":"Lizard Tail"},{"floor":13.0,"key":"Nunchaku"},{"floor":24.0,"key":"Toxic Egg 2"},{"floor":26.0,"key":"MawBank"},{"floor":27.0,"key":"Vajra"},{"floor":30.0,"key":"Bird Faced Urn"},{"floor":31.0,"key":"Enchiridion"},{"floor":40,"key":"Ancient Tea Set"},{"floor":43,"key":"Strawberry"}],"event_choices":[{"damage_healed":19.0,"max_hp_gain":0.0,"max_hp_loss":0.0,"gold_gain":0.0,"event_name":"The Cleric","player_choice":"Healed","floor":8.0,"gold_loss":35.0,"damage_taken":0.0},{"damage_healed":0.0,"max_hp_gain":0.0,"max_hp_loss":0.0,"gold_gain":0.0,"cards_transformed":["Strike_P"],"event_name":"Transmorgrifier","player_choice":"Transformed","floor":11.0,"gold_loss":0.0,"damage_taken":0.0,"cards_obtained":["Establishment"]},{"damage_healed":0.0,"max_hp_gain":0.0,"max_hp_loss":6.0,"gold_gain":0.0,"event_name":"Golden Idol","player_choice":"Lose Max HP","floor":14.0,"gold_loss":0.0,"damage_taken":0.0,"relics_obtained":["Golden Idol"]},{"damage_healed":0.0,"max_hp_gain":0.0,"max_hp_loss":0.0,"gold_gain":0.0,"cards_transformed":["Strike_P","Defend_P"],"event_name":"Drug Dealer","player_choice":"Became Test Subject","floor":20.0,"gold_loss":0.0,"damage_taken":0.0,"cards_obtained":["Wireheading","Perseverance"]},{"damage_healed":0.0,"max_hp_gain":0.0,"max_hp_loss":0.0,"gold_gain":0.0,"event_name":"Cursed Tome","player_choice":"Obtained Book","floor":31.0,"gold_loss":0.0,"damage_taken":16.0},{"damage_healed":0.0,"max_hp_gain":0.0,"max_hp_loss":4.0,"gold_gain":0.0,"event_name":"Winding Halls","player_choice":"Max HP","floor":36.0,"gold_loss":0.0,"damage_taken":0.0},{"damage_healed":0,"gold_gain":0,"player_choice":"Ignored","damage_taken":0,"max_hp_gain":0,"max_hp_loss":0,"event_name":"Mysterious Sphere","floor":39,"gold_loss":0},{"damage_healed":0,"gold_gain":333,"player_choice":"Gave Idol","damage_taken":0,"max_hp_gain":0,"max_hp_loss":0,"event_name":"The Moai Head","floor":42,"relics_lost":["Golden Idol"],"gold_loss":0}],"is_beta":false,"boss_relics":[{"not_picked":["Coffee Dripper","Black Star"],"picked":"HolyWater"},{"not_picked":["Runic Dome","SlaversCollar"],"picked":"Snecko Eye"}],"items_purged_floors":[22,37],"is_endless":false,"potions_floor_spawned":[4,6,12,16,19,24,27,30,35,40],"killed_by":"Giant Head","ascension_level":12}}