{"host":"2s5c6uii15wgtvvf","time":1607895000,"event":{"mods":["Bard","BaseMod","Bestiary","CapriCore","Downfall","Friendly Minions","Hermit","HololiveMod","Jorbs\u0027s Wanderer Trilogy","Lobotomy","LobotomyExtend","Marisa????????","Minty Spire (QoL Compilation)","Remilia??????","Robot Space Explorer","Shade Mod","StSLib","Td1madao Mod","The Animator","The Cursed","The Gatherer","The Hayseed","The Hierophant","The Immortal","The Mystic","The Necromancer","The Runesmith","The Senshi","The Servant 0.9.4","TheHeartMod","WarShipGirlsR/????R mod","Yohane!","??????REMEMod"],"gold_per_floor":[116,116,116,126,140,166,166,185,210,222,222,222,176,236,236,236,236],"floor_reached":16,"playtime":751,"items_purged":[],"score":100,"play_id":"93e8f36f-07c2-43f7-b3d5-b708c8998e83","local_time":"20201213213000","is_ascension_mode":false,"campfire_choices":[{"data":"TheSimpletonMod:BumperCrop","floor":7,"key":"SMITH"},{"floor":11,"key":"REST"},{"floor":15,"key":"REST"}],"circlet_count":0,"master_deck":["TheSimpletonMod:Strike_TheSimpleton","TheSimpletonMod:Strike_TheSimpleton","TheSimpletonMod:Strike_TheSimpleton","TheSimpletonMod:Defend_TheSimpleton+1","TheSimpletonMod:Defend_TheSimpleton","TheSimpletonMod:Haymaker","TheSimpletonMod:ReapAndSow+1","BeautyBeast","TheSimpletonMod:ControlledBurn","HappyTeddy","TheSimpletonMod:Thresh","OSAHOGD","TheSimpletonMod:BumperCrop+1","TheSimpletonMod:Corn","Wellcheers","TheSimpletonMod:Ferment","Murderer","TheSimpletonMod:Aerate","TheSimpletonMod:DoubleBarrel"],"relics":["TheSimpletonMod:SpudOfTheInnocent","TheSimpletonMod:NightSoil","TheSimpletonMod:TheHarvester","REME_ComplimentaryCards","CogitoBucket","LetterFromLob","Pen Nib","Theresia"],"acts_visited":["Exordium"],"potions_floor_usage":[6,10],"damage_taken":[{"damage":2,"enemies":"Cultist","floor":1,"turns":5},{"damage":0,"enemies":"Small Slimes","floor":4,"turns":3},{"damage":0,"enemies":"Jaw Worm","floor":5,"turns":3},{"damage":18,"enemies":"Lagavulin","floor":6,"turns":7},{"damage":19,"enemies":"3 Louse","floor":8,"turns":5},{"damage":33,"enemies":"Looter","floor":10,"turns":5},{"damage":52,"enemies":"Slime Boss","floor":16,"turns":7}],"seed_played":"6861237627985593879","potions_obtained":[{"floor":1,"key":"Block Potion"},{"floor":5,"key":"Energy Potion"}],"is_trial":false,"path_per_floor":["M","?","?","M","M","E","R","M","T","M","R","E","$","?","R","B"],"character_chosen":"THE_SIMPLETON","items_purchased":["TheSimpletonMod:DoubleBarrel"],"campfire_rested":2,"item_purchase_floors":[13],"current_hp_per_floor":[73,58,58,62,62,48,48,33,33,4,26,26,26,26,48,0,0],"gold":236,"neow_bonus":"","is_daily":false,"chose_seed":false,"campfire_upgraded":1,"win_rate":0.0,"timestamp":1607895000,"path_taken":["M","?","?","M","M","E","R","M","T","M","R","E","$","?","R","BOSS"],"items_purchased_type":["Card"],"build_version":"2020-11-30","purchased_purges":0,"victory":false,"max_hp_per_floor":[75,75,75,75,75,75,75,75,75,75,75,75,75,75,75,75,75],"card_choices":[{"not_picked":["Laetitia","LaLuna"],"picked":"BeautyBeast","floor":1},{"not_picked":["TheSimpletonMod:ToughenUp","TheSimpletonMod:Rake"],"picked":"TheSimpletonMod:ControlledBurn","floor":1},{"not_picked":["OSAHOGD","CherryBlossoms"],"picked":"HappyTeddy","floor":4},{"not_picked":["TheSimpletonMod:SaltTheEarth","TheSimpletonMod:StockTheCellar"],"picked":"TheSimpletonMod:Thresh","floor":4},{"not_picked":["WhitesApple","VoidDream"],"picked":"OSAHOGD","floor":5},{"not_picked":["TheSimpletonMod:DigIn","TheSimpletonMod:Rake"],"picked":"TheSimpletonMod:BumperCrop","floor":5},{"not_picked":["TheSimpletonMod:KeenEdge","TheSimpletonMod:Rototilling"],"picked":"TheSimpletonMod:Corn","floor":6},{"not_picked":["UniverseFragment","PunishingBird"],"picked":"Wellcheers","floor":8},{"not_picked":["TheSimpletonMod:Corn","TheSimpletonMod:VolatileFumes"],"picked":"TheSimpletonMod:Ferment","floor":8},{"not_picked":["Scorched","Scarecrow"],"picked":"Murderer","floor":10},{"not_picked":["TheSimpletonMod:Potatoes","TheSimpletonMod:Ferment"],"picked":"TheSimpletonMod:Aerate","floor":10}],"player_experience":100634,"relics_obtained":[{"floor":1,"key":"LetterFromLob"},{"floor":9,"key":"Pen Nib"}],"event_choices":[{"damage_healed":0,"gold_gain":0,"player_choice":"Entered Light","damage_taken":15,"max_hp_gain":0,"max_hp_loss":0,"event_name":"Shining Light","floor":2,"gold_loss":0,"cards_upgraded":["TheSimpletonMod:ReapAndSow","TheSimpletonMod:Defend_TheSimpleton"]},{"cards_removed":["TheSimpletonMod:Strike_TheSimpleton"],"damage_healed":0,"gold_gain":0,"player_choice":"Forget","damage_taken":0,"max_hp_gain":0,"max_hp_loss":0,"event_name":"Living Wall","floor":3,"gold_loss":0},{"damage_healed":0,"gold_gain":60,"player_choice":"Gained Gold","damage_taken":0,"max_hp_gain":0,"max_hp_loss":0,"event_name":"Golden Wing","floor":14,"gold_loss":0}],"is_beta":false,"boss_relics":[],"items_purged_floors":[],"is_endless":false,"potions_floor_spawned":[1,5],"killed_by":"Slime Boss","ascension_level":0}}