{"host":"rxlazyja0fsq2vfk","time":1607894660,"event":{"mods":["2.2 Compatiblity","AchievementEnabler","Act Like it!","AlwaysNeverKeys","Aspiration","BaseMod","Bestiary","Better Match","Better Sensory Stone","Better Skull","Better Third Choice","BetterRewards","Colored Map","Colored Powertips","Defuse TimeMaze Blight","Disable Question Mark Monsters","GifTheSpireLib","Halation","Hubris","Jedi Mod","Minty Spire (QoL Compilation)","Permanent Neow","Quick Restart","Random Character Button","Random Character Mod","Relic Sorter","Replay The Spire","Shop Mod","StSLib","The Construct","Transform Curses","Unknown Chances","Wandering Minibosses","egg","everything is the same but u backflip on backflip","vexMod"],"gold_per_floor":[112,112,128,144,164,164,8,20,44,56,56,56,77,117,117,241,241,257,172,22,22,48,48,48,48,71,107,107,77,77,102,102,242,242,275,315,315,24,89,89,89,148,219,144,144,144,3,37,37,52],"floor_reached":51,"playtime":3002,"items_purged":["construct:Strike_Gold"],"score":1112,"play_id":"7f451599-f37e-4b6d-9e60-953919e9aca0","local_time":"20201213162420","is_ascension_mode":true,"campfire_choices":[{"data":"construct:VentSteam+1","floor":6.0,"key":"SMITH"},{"data":"construct:Synchronize","floor":11.0,"key":"SMITH"},{"floor":15.0,"key":"REST"},{"floor":23.0,"key":"REST"},{"data":"construct:Synchronize+1","floor":25.0,"key":"SMITH"},{"data":"construct:SpinDrive","floor":28.0,"key":"SMITH"},{"data":"construct:SpinDrive+1","floor":30.0,"key":"SMITH"},{"floor":32.0,"key":"REST"},{"data":"construct:Stasis","floor":37.0,"key":"SMITH"},{"data":"construct:Stasis+1","floor":40.0,"key":"SMITH"},{"data":"construct:ChargeShot","floor":45.0,"key":"SMITH"},{"data":"construct:BatteryCore","floor":49,"key":"SMITH"}],"circlet_count":0,"master_deck":["construct:Strike_Gold","construct:Strike_Gold","construct:Strike_Gold","construct:Strike_Gold","construct:Defend_Gold","construct:Defend_Gold","construct:Defend_Gold","construct:Defend_Gold","construct:Defend_Gold","construct:AttackMode","construct:DefenseMode","construct:VentSteam+2","construct:Synchronize+2","Master of Strategy","construct:MetalShell","construct:SyphonStrike","construct:Stasis+2","construct:Backup","construct:SpinDrive+2","construct:ChargeShot+1","Buffer","construct:BatteryCore+1","Heel Hook+1"],"relics":["construct:ClockworkPhoenix","vexMod:HeadHunter","hubris:64BitClover","jedi:arcanewood","Bronze Scales","Golden Idol","Vajra","Juzu Bracelet","Busted Crown","hubris:ToyBattleship","Replay:Bandana","PrismaticShard","hubris:SlimyHat","Replay:Rubber Ducky","construct:WeddingRing","Pen Nib","jedi:kaleidoscope","halation:Trompette","halation:PapillonHeart","jedi:crownofsimplicity","Pantograph","halation:EternalFortune","wanderingMiniBosses:AbyssPearl"],"acts_visited":["Exordium","TheCity","TheBeyond"],"potions_floor_usage":[50,50],"damage_taken":[{"damage":2.0,"enemies":"Small Slimes","floor":1.0,"turns":3.0},{"damage":4.0,"enemies":"Cultist","floor":3.0,"turns":4.0},{"damage":1.0,"enemies":"2 Louse","floor":4.0,"turns":3.0},{"damage":7.0,"enemies":"Blue Slaver","floor":5.0,"turns":4.0},{"damage":12.0,"enemies":"2 Fungi Beasts","floor":8.0,"turns":2.0},{"damage":23.0,"enemies":"Red Slaver","floor":10.0,"turns":5.0},{"damage":19.0,"enemies":"Exordium Thugs","floor":13.0,"turns":4.0},{"damage":12.0,"enemies":"Gremlin Nob","floor":14.0,"turns":3.0},{"damage":8.0,"enemies":"The Guardian","floor":16.0,"turns":8.0},{"damage":16.0,"enemies":"Shell Parasite","floor":18.0,"turns":3.0},{"damage":34.0,"enemies":"Spheric Guardian","floor":22.0,"turns":6.0},{"damage":25.0,"enemies":"Slavers","floor":27.0,"turns":2.0},{"damage":5.0,"enemies":"Shelled Parasite and Fungi","floor":31.0,"turns":3.0},{"damage":0.0,"enemies":"Collector","floor":33.0,"turns":11.0},{"damage":0.0,"enemies":"3 Darklings","floor":35.0,"turns":3.0},{"damage":6.0,"enemies":"3 Shapes","floor":36.0,"turns":3.0},{"damage":28.0,"enemies":"2 Orb Walkers","floor":39.0,"turns":5.0},{"damage":3.0,"enemies":"R_Hoarder","floor":42.0,"turns":4.0},{"damage":0,"enemies":"Maw","floor":48,"turns":5},{"damage":41,"enemies":"Donu and Deca","floor":50,"turns":4}],"seed_played":"1111891355048764183","potions_obtained":[{"floor":1.0,"key":"Explosive Potion"},{"floor":2.0,"key":"SkillPotion"},{"floor":5.0,"key":"jedi:holywater"},{"floor":13.0,"key":"BlessingOfTheForge"},{"floor":29.0,"key":"jedi:holywater"},{"floor":29.0,"key":"Venom Potion"},{"floor":31.0,"key":"Weak Potion"},{"floor":48,"key":"LiquidMemories"}],"is_trial":false,"path_per_floor":["M","?","M","M","M","R","$","M","T","M","R","?","M","E","R","B",null,"M","?","$","?","M","R","?","R","T","E","R","?","R","M","R","B",null,"M","M","R","$","?","R","?","E","T","?","R","?","$","M","R","B",null],"character_chosen":"THE_CONSTRUCT_MOD","items_purchased":["vexMod:HeadHunter","construct:VentSteam+1","construct:Synchronize","Master of Strategy","Fire Potion","jedi:arcanewood","Replay:Bandana","jedi:kaleidoscope","construct:BatteryCore"],"campfire_rested":3,"item_purchase_floors":[0,0,0,0,0,7,20,38,47],"current_hp_per_floor":[83,83,79,78,71,71,71,59,59,36,36,36,17,5,28,20,79,63,63,63,55,21,44,44,44,44,19,19,19,19,14,37,37,79,79,73,73,73,45,45,45,42,42,42,42,45,45,45,45,29],"gold":52,"neow_bonus":"","is_daily":false,"chose_seed":false,"campfire_upgraded":9,"win_rate":0.0,"timestamp":1607894660,"path_taken":["M","?","?","M","?","R","$","M","T","?","R","?","M","E","R","BOSS","M","?","$","?","M","R","?","R","T","E","R","?","R","M","R","BOSS","M","M","?","?","?","R","?","E","T","?","R","?","$","M","R","BOSS"],"items_purchased_type":["Relic","Card","Card","Card","Potion","Relic","Relic","Relic","Card"],"build_version":"2020-11-30","purchased_purges":1,"victory":true,"max_hp_per_floor":[85,85,85,85,85,85,85,85,85,85,85,79,79,79,79,79,79,79,79,79,79,79,79,79,79,79,79,79,79,79,79,79,79,79,79,79,79,79,79,79,75,75,75,75,75,78,78,78,78,78],"card_choices":[{"not_picked":["construct:Backfire","construct:Disrupt"],"picked":"construct:MetalShell","floor":1.0},{"not_picked":["construct:SaveState","construct:Hazardproof","construct:SweepLaser"],"picked":"SKIP","floor":3.0},{"not_picked":["construct:Forcefield","construct:OneWayMirror"],"picked":"construct:SyphonStrike","floor":4.0},{"not_picked":["construct:Failsafe","construct:Reinforce"],"picked":"construct:Stasis","floor":5.0},{"not_picked":["construct:QuickAttack","construct:Reinforce","construct:SaveState"],"picked":"SKIP","floor":8.0},{"not_picked":["construct:Tumble","construct:HeavyBolt"],"picked":"construct:Backup","floor":10.0},{"not_picked":["construct:Versatility","construct:OmegaCannon","construct:HyperBeam"],"picked":"SKIP","floor":13.0},{"not_picked":["construct:ClockworkEgg","construct:Bunker"],"picked":"construct:SpinDrive","floor":14.0},{"not_picked":["construct:Backfire","construct:SweepLaser","construct:HeavyBolt"],"picked":"SKIP","floor":14.0},{"not_picked":[],"picked":"construct:ChargeShot","floor":18.0},{"not_picked":["construct:Autoturret"],"picked":"SKIP","floor":22.0},{"not_picked":["construct:HastyRepair"],"picked":"SKIP","floor":27.0},{"not_picked":["Body Slam+1"],"picked":"SKIP","floor":27.0},{"not_picked":["construct:ElectricArmor"],"picked":"SKIP","floor":31.0},{"not_picked":[],"picked":"Buffer","floor":33.0},{"not_picked":["Beam Cell"],"picked":"SKIP","floor":35.0},{"not_picked":["BowlingBash+1"],"picked":"SKIP","floor":36.0},{"not_picked":["construct:ShieldGenerator"],"picked":"SKIP","floor":42.0},{"not_picked":["construct:VentSteam+1"],"picked":"SKIP","floor":42.0},{"not_picked":[],"picked":"Heel Hook+1","floor":48}],"player_experience":480359,"relics_obtained":[{"floor":9.0,"key":"Bronze Scales"},{"floor":13.0,"key":"Vajra"},{"floor":14.0,"key":"Juzu Bracelet"},{"floor":21.0,"key":"PrismaticShard"},{"floor":26.0,"key":"hubris:SlimyHat"},{"floor":27.0,"key":"Replay:Rubber Ducky"},{"floor":36.0,"key":"Pen Nib"},{"floor":39.0,"key":"halation:Trompette"},{"floor":42.0,"key":"jedi:crownofsimplicity"},{"floor":43.0,"key":"Pantograph"},{"floor":48,"key":"wanderingMiniBosses:AbyssPearl"}],"event_choices":[{"damage_healed":0.0,"max_hp_gain":0.0,"max_hp_loss":0.0,"gold_gain":0.0,"event_name":"Lab","player_choice":"Got Potions","floor":2.0,"gold_loss":0.0,"damage_taken":0.0},{"damage_healed":0.0,"max_hp_gain":0.0,"max_hp_loss":6.0,"gold_gain":0.0,"event_name":"Golden Idol","player_choice":"Lose Max HP","floor":12.0,"gold_loss":0.0,"damage_taken":0.0,"relics_obtained":["Golden Idol"]},{"damage_healed":0.0,"max_hp_gain":0.0,"max_hp_loss":0.0,"gold_gain":0.0,"event_name":"Addict","player_choice":"Obtained Relic","floor":19.0,"gold_loss":85.0,"damage_taken":0.0,"relics_obtained":["hubris:ToyBattleship"]},{"damage_healed":0.0,"max_hp_gain":0.0,"max_hp_loss":0.0,"gold_gain":0.0,"event_name":"The Woman in Blue","player_choice":"Bought 2 Potions","floor":29.0,"gold_loss":0.0,"damage_taken":0.0},{"damage_healed":0.0,"max_hp_gain":0.0,"max_hp_loss":0.0,"gold_gain":0.0,"event_name":"Mysterious Sphere","player_choice":"Fight","floor":39.0,"gold_loss":0.0,"damage_taken":0.0},{"damage_healed":0.0,"max_hp_gain":0.0,"max_hp_loss":0.0,"gold_gain":0.0,"event_name":"betterMatch:BetterMatch","player_choice":"2","floor":44.0,"gold_loss":0.0,"damage_taken":0.0,"cards_obtained":["betterMatch:RareCard","betterMatch:CommonCard"]}],"is_beta":false,"boss_relics":[{"not_picked":["Snecko Heart","Replay:Wanted Poster"],"picked":"Busted Crown"},{"not_picked":["halation:LoveArrow","Empty Cage"],"picked":"construct:WeddingRing"}],"items_purged_floors":[0],"is_endless":false,"potions_floor_spawned":[1,5,10,13,31,35,48],"ascension_level":1}}