{"host":"7k2a2omxz3voj5ax","time":1607876392,"event":{"mods":["BaseMod","Marisa£¨ìFÓê¡¡Ä§ÀíÉ³£©","Minty Spire (QoL Compilation)","Quick Restart","Spicy Shops","StSLib","Starting Relic: Pandora\u0027s Box","óô»ðÖ¸ÄÏ"],"gold_per_floor":[119,119,135,145,145,478,2551,2586,2667,2698,2709,1789,1822,966,621,723,723,743,653,431,447,458,485,97,123,146,166,201,211,211,229,229,331,358,377,392,392,404,453,453,482,482,551,583,595,86,128,140,152,164,176,188,55,95,95],"floor_reached":56,"playtime":2254,"items_purged":["Aggregate","Gash","Dualcast","Beam Cell","Aggregate","Stack"],"score":2458,"play_id":"e2dd5a42-1c68-499e-afc1-d3e78b4d2de5","local_time":"20201214011952","is_ascension_mode":true,"campfire_choices":[{"data":"Loop","floor":30.0,"key":"SMITH"},{"floor":32.0,"key":"RECALL"},{"data":"Buffer","floor":40.0,"key":"SMITH"},{"data":"Reinforced Body","floor":42.0,"key":"SMITH"},{"data":"Double Energy","floor":49,"key":"SMITH"},{"data":"Turbo","floor":52,"key":"SMITH"}],"circlet_count":0,"master_deck":["Reinforced Body+1","Doom and Gloom+1","Turbo+1","Loop+1","Multi-Cast+1","Double Energy","Core Surge+1","Buffer+1","Double Energy+1","Amplify+1","Coolheaded+1","Loop+1","Defragment+1"],"relics":["Black Star","Old Coin","MealTicket","Blue Candle","Molten Egg 2","OrangePellets","Lantern","Bottled Flame","Pantograph","Dream Catcher","Kunai","Medical Kit","Cables","Orrery","Anchor","Unceasing Top","Letter Opener","Centennial Puzzle","Art of War","ClockworkSouvenir","Chemical X","Runic Pyramid","Torii","Mummified Hand","PrismaticShard","CeramicFish","Whetstone","Bronze Scales","War Paint","Astrolabe","CatCart","Potion Belt","Pear","Singing Bowl","Question Card","MawBank","DollysMirror","Omamori","Juzu Bracelet","Strange Spoon","Lizard Tail","Ice Cream","Bag of Preparation","Mercury Hourglass","Gambling Chip"],"acts_visited":["Exordium","TheCity","TheBeyond","TheEnding"],"potions_floor_usage":[55],"damage_taken":[{"damage":0.0,"enemies":"Small Slimes","floor":1.0,"turns":3.0},{"damage":2.0,"enemies":"Jaw Worm","floor":3.0,"turns":3.0},{"damage":6.0,"enemies":"Cultist","floor":4.0,"turns":4.0},{"damage":32.0,"enemies":"Gremlin Nob","floor":6.0,"turns":5.0},{"damage":18.0,"enemies":"Lagavulin","floor":8.0,"turns":6.0},{"damage":8.0,"enemies":"3 Sentries","floor":10.0,"turns":7.0},{"damage":0.0,"enemies":"Looter","floor":11.0,"turns":2.0},{"damage":0.0,"enemies":"Lagavulin","floor":13.0,"turns":2.0},{"damage":0.0,"enemies":"Slime Boss","floor":16.0,"turns":5.0},{"damage":0.0,"enemies":"Shell Parasite","floor":18.0,"turns":3.0},{"damage":0.0,"enemies":"3 Byrds","floor":21.0,"turns":2.0},{"damage":0.0,"enemies":"Centurion and Healer","floor":22.0,"turns":3.0},{"damage":0.0,"enemies":"Slavers","floor":23.0,"turns":2.0},{"damage":0.0,"enemies":"Gremlin Leader","floor":25.0,"turns":2.0},{"damage":0.0,"enemies":"Sentry and Sphere","floor":27.0,"turns":2.0},{"damage":0.0,"enemies":"Book of Stabbing","floor":28.0,"turns":2.0},{"damage":0.0,"enemies":"Snake Plant","floor":29.0,"turns":2.0},{"damage":0.0,"enemies":"Champ","floor":33.0,"turns":3.0},{"damage":0.0,"enemies":"Orb Walker","floor":35.0,"turns":2.0},{"damage":0.0,"enemies":"3 Darklings","floor":36.0,"turns":2.0},{"damage":0.0,"enemies":"Maw","floor":38.0,"turns":3.0},{"damage":0.0,"enemies":"Orin","floor":39.0,"turns":4.0},{"damage":0.0,"enemies":"Nemesis","floor":41.0,"turns":1.0},{"damage":0.0,"enemies":"Giant Head","floor":44.0,"turns":3.0},{"damage":0.0,"enemies":"Nemesis","floor":47.0,"turns":3.0},{"damage":0,"enemies":"Awakened One","floor":50,"turns":6},{"damage":0,"enemies":"Shield and Spear","floor":54,"turns":2},{"damage":10,"enemies":"The Heart","floor":55,"turns":8}],"seed_played":"4143555314068052469","potions_obtained":[{"floor":1.0,"key":"FearPotion"},{"floor":3.0,"key":"SpeedPotion"},{"floor":8.0,"key":"GamblersBrew"},{"floor":11.0,"key":"FearPotion"},{"floor":13.0,"key":"EssenceOfSteel"},{"floor":27.0,"key":"DistilledChaos"}],"is_trial":false,"path_per_floor":["M","?","M","M","?","E","R","E","T","E","M","$","E","$","R","B",null,"M","?","$","M","M","E","$","E","T","M","E","M","R","?","R","B",null,"M","M","?","M","?","R","E","R","T","E","?","R","E","$","R","B",null,"R","$","E","B",null],"character_chosen":"DEFECT","items_purchased":["Blue Candle","Loop","Molten Egg 2","OrangePellets","Medical Kit","Cables","Orrery","Anchor","Centennial Puzzle","Core Surge+1","Art of War","ClockworkSouvenir","Chemical X","Double Energy","Mummified Hand","PrismaticShard","DollysMirror","Omamori","Juzu Bracelet","Strange Spoon","Bag of Preparation"],"campfire_rested":0,"item_purchase_floors":[7,7,7,7,12,12,12,12,14,14,14,14,15,20,24,24,46,46,46,46,53],"current_hp_per_floor":[68,68,66,60,65,33,33,15,15,7,7,22,22,37,37,62,76,76,76,80,80,80,80,80,80,80,80,80,80,80,80,80,80,80,80,80,76,76,76,76,86,86,86,88,88,88,90,90,90,90,90,90,90,90,80],"gold":95,"neow_bonus":"BOSS_RELIC","is_daily":false,"chose_seed":false,"campfire_upgraded":5,"win_rate":0.0,"timestamp":1607876392,"path_taken":["M","?","M","M","?","E","R","E","T","E","?","$","E","$","R","BOSS","M","?","$","M","M","E","?","E","T","M","E","M","R","?","R","BOSS","M","M","?","M","?","R","E","R","T","E","?","R","E","?","R","BOSS","R","$","E","BOSS"],"items_purchased_type":["Relic","Card","Relic","Relic","Relic","Relic","Relic","Relic","Relic","Card","Relic","Relic","Relic","Card","Relic","Relic","Relic","Relic","Relic","Relic","Relic"],"build_version":"2020-11-30","purchased_purges":6,"victory":true,"max_hp_per_floor":[75,75,75,75,80,80,80,80,80,80,80,80,80,80,80,80,80,80,80,80,80,80,80,80,80,80,80,80,80,80,80,80,80,80,80,80,76,76,76,76,86,86,86,88,88,88,90,90,90,90,90,90,90,90,90],"card_choices":[{"not_picked":["Melter","Gash"],"picked":"Coolheaded","floor":1.0},{"not_picked":["Reinforced Body","Hello World","Coolheaded"],"picked":"SKIP","floor":3.0},{"not_picked":["Blizzard","Gash"],"picked":"Turbo","floor":4.0},{"not_picked":["Rainbow","Doom and Gloom","Auto Shields"],"picked":"SKIP","floor":6.0},{"not_picked":["Scrape+1","Stack"],"picked":"Multi-Cast","floor":8.0},{"not_picked":["Capacitor","Reprogram","Compile Driver+1"],"picked":"SKIP","floor":10.0},{"not_picked":["Turbo","Barrage+1","Steam"],"picked":"SKIP","floor":11.0},{"not_picked":["Compile Driver+1","FTL+1"],"picked":"Defragment","floor":12.0},{"not_picked":["Leap","Tempest"],"picked":"Double Energy","floor":12.0},{"not_picked":["Genetic Algorithm","Cold Snap+1","Turbo"],"picked":"SKIP","floor":13.0},{"not_picked":["Creative AI","Thunder Strike+1"],"picked":"Buffer","floor":16.0},{"not_picked":["Streamline+1","Heatsinks","Consume+1"],"picked":"SKIP","floor":18.0},{"not_picked":["Streamline+1","Ball Lightning+1","Leap"],"picked":"SKIP","floor":21.0},{"not_picked":["Beam Cell+1","Stack","Redo+1"],"picked":"SKIP","floor":22.0},{"not_picked":["Leap","Barrage+1","Meteor Strike+1"],"picked":"SKIP","floor":23.0},{"not_picked":["LuminesStrike+1","SporeBomb","AbsoluteMagnitude+1"],"picked":"SKIP","floor":25.0},{"not_picked":["DoubleSpark+1","Acceleration","OrrerysSun"],"picked":"SKIP","floor":27.0},{"not_picked":["Go for the Eyes+1","ThirdEye","Forethought"],"picked":"SKIP","floor":28.0},{"not_picked":["Prostrate","Dodge and Roll+1","Capacitor"],"picked":"SKIP","floor":29.0},{"not_picked":["DarkSpark+1","Pummel+1","JustLucky+1"],"picked":"SKIP","floor":35.0},{"not_picked":["IllusionStar+1","Battle Trance+1","Cleave+1"],"picked":"SKIP","floor":36.0},{"not_picked":["Compile Driver+1","OneTimeOff","Intimidate+1"],"picked":"SKIP","floor":38.0},{"not_picked":["ManaRampage","Beam Cell+1","Hologram"],"picked":"SKIP","floor":41.0},{"not_picked":["Sucker Punch+1","Occultation+1","ThirdEye"],"picked":"Singing Bowl","floor":44.0},{"not_picked":["Steam","Thunderclap+1","PulseMagic","Pommel Strike+1"],"picked":"Singing Bowl","floor":47.0},{"not_picked":["LessonLearned+1","EmptyBody+1","Genetic Algorithm"],"picked":"Defragment+1","floor":54}],"player_experience":336891,"relics_obtained":[{"floor":6.0,"key":"Old Coin"},{"floor":6.0,"key":"MealTicket"},{"floor":8.0,"key":"Lantern"},{"floor":8.0,"key":"Bottled Flame"},{"floor":9.0,"key":"Pantograph"},{"floor":10.0,"key":"Dream Catcher"},{"floor":10.0,"key":"Kunai"},{"floor":13.0,"key":"Unceasing Top"},{"floor":13.0,"key":"Letter Opener"},{"floor":23.0,"key":"Torii"},{"floor":25.0,"key":"CeramicFish"},{"floor":25.0,"key":"Whetstone"},{"floor":28.0,"key":"Bronze Scales"},{"floor":28.0,"key":"War Paint"},{"floor":39.0,"key":"CatCart"},{"floor":41.0,"key":"Potion Belt"},{"floor":41.0,"key":"Pear"},{"floor":43.0,"key":"Singing Bowl"},{"floor":44.0,"key":"Question Card"},{"floor":44.0,"key":"MawBank"},{"floor":47.0,"key":"Lizard Tail"},{"floor":47.0,"key":"Ice Cream"},{"floor":54,"key":"Mercury Hourglass"},{"floor":54,"key":"Gambling Chip"}],"event_choices":[{"damage_healed":0.0,"max_hp_gain":0.0,"max_hp_loss":0.0,"gold_gain":0.0,"event_name":"Liars Game","player_choice":"Ignored","floor":2.0,"gold_loss":0.0,"damage_taken":0.0},{"damage_healed":0.0,"max_hp_gain":5.0,"max_hp_loss":0.0,"gold_gain":0.0,"event_name":"Big Fish","player_choice":"Donut","floor":5.0,"gold_loss":0.0,"damage_taken":0.0},{"cards_removed":["Zap"],"damage_healed":0.0,"max_hp_gain":0.0,"max_hp_loss":0.0,"gold_gain":0.0,"event_name":"Designer","player_choice":"Upgrade and Remove","floor":19.0,"gold_loss":90.0,"damage_taken":0.0,"cards_upgraded":["Coolheaded"]},{"damage_healed":0.0,"max_hp_gain":0.0,"max_hp_loss":0.0,"gold_gain":0.0,"cards_transformed":["Coolheaded","Defragment"],"event_name":"Drug Dealer","player_choice":"Became Test Subject","floor":31.0,"gold_loss":0.0,"damage_taken":0.0,"cards_obtained":["Loop","Ball Lightning"]},{"damage_healed":0.0,"max_hp_gain":0.0,"max_hp_loss":4.0,"gold_gain":0.0,"event_name":"Winding Halls","player_choice":"Max HP","floor":37.0,"gold_loss":0.0,"damage_taken":0.0},{"damage_healed":0.0,"max_hp_gain":0.0,"max_hp_loss":0.0,"gold_gain":0.0,"event_name":"OrinTheCat","player_choice":"Fight","floor":39.0,"gold_loss":0.0,"damage_taken":0.0},{"cards_removed":["Machine Learning"],"damage_healed":0.0,"max_hp_gain":0.0,"max_hp_loss":0.0,"gold_gain":0.0,"event_name":"Falling","player_choice":"Removed Power","floor":45.0,"gold_loss":0.0,"damage_taken":0.0}],"is_beta":false,"boss_relics":[{"not_picked":["SlaversCollar","Cursed Key"],"picked":"Runic Pyramid"},{"not_picked":["Snecko Eye","Velvet Choker"],"picked":"Astrolabe"}],"items_purged_floors":[7,12,12,14,14,15],"is_endless":false,"potions_floor_spawned":[1,3,8,11,13,18,22,25,27,35,39],"ascension_level":9}}