{"host":"zi8o4akxlgxypwgb","time":1607836893,"event":{"mods":["BaseMod","Minty Spire (QoL Compilation)","Replay The Spire","StSLib","SuperFastMode"],"gold_per_floor":[112,112,37,112,131,163,163,163,163,189,189,218,28,87,87,188,188,208,208,218,21,31,31,31,59,59,75,75,75],"floor_reached":28,"playtime":984,"items_purged":["Regret","Strike_R"],"score":307,"play_id":"90b4f4cf-fa41-4456-b97f-0cc4e309a198","local_time":"20201213132133","is_ascension_mode":true,"campfire_choices":[{"data":"Run Through","floor":7.0,"key":"SMITH"},{"data":"Eclipse","floor":15.0,"key":"SMITH"},{"data":"ReplayTheSpireMod:Stacked","floor":23,"key":"SMITH"}],"circlet_count":0,"master_deck":["Strike_R","Strike_R","Strike_R","Strike_R","Defend_R","Defend_R","Defend_R","Bash","Clash","Iron Wave","Run Through+1","Massacre+1","Perfected Strike","Voices","Eclipse+1","Warcry+1","Pommel Strike","Corruption","Wild Strike","Dual Wield+1","Metallicize","Dual Wield","ReplayTheSpireMod:Stacked+1","Iron Wave","Heavy Blade","Mind Blast","Disarm+1","Searing Blow+1","Second Wind+1","Impatience","Good Instincts","Good Instincts","Discovery","Good Instincts"],"relics":["Burning Blood","NeowsBlessing","Blue Candle","Juzu Bracelet","Letter Opener","Replay:Kaleidoscope","Ring of Searing","ReplayTheSpireMod:Ring of Challenge","Replay:Towering Pillar of Hats","Strange Spoon","ChewingGum","Ornamental Fan","BargainBundle","Iron Hammer","Bronze Scales","Sundial"],"acts_visited":["Exordium","TheCity"],"potions_floor_usage":[],"damage_taken":[{"damage":0.0,"enemies":"Jaw Worm","floor":1.0,"turns":1.0},{"damage":0.0,"enemies":"2 Louse","floor":5.0,"turns":1.0},{"damage":0.0,"enemies":"Replay:BlueRogue","floor":6.0,"turns":1.0},{"damage":19.0,"enemies":"Lagavulin","floor":10.0,"turns":5.0},{"damage":16.0,"enemies":"Replay:BlueRogue","floor":12.0,"turns":4.0},{"damage":17.0,"enemies":"Cultist","floor":14.0,"turns":4.0},{"damage":40.0,"enemies":"Hexaghost","floor":16.0,"turns":8.0},{"damage":11,"enemies":"Spheric Guardian","floor":18,"turns":3},{"damage":34,"enemies":"3 Byrds","floor":20,"turns":4},{"damage":12,"enemies":"Centurion and Healer","floor":22,"turns":9},{"damage":17,"enemies":"Book of Stabbing","floor":25,"turns":5},{"damage":16,"enemies":"Cultist and Chosen","floor":27,"turns":5}],"seed_played":"7664522297698337660","potions_obtained":[{"floor":1.0,"key":"Reflective Coating"},{"floor":5.0,"key":"EssenceOfSteel"},{"floor":10.0,"key":"Adrenaline Potion"},{"floor":14.0,"key":"Milkshake"}],"is_trial":false,"path_per_floor":["M","?","$","?","M","E","R","?","T","E","?","E","$","M","R","B",null,"M","?","M","$","M","R","T","E","T","M","?"],"character_chosen":"IRONCLAD","items_purchased":["Strange Spoon","Warcry+1","BargainBundle","Metallicize","Dual Wield","ReplayTheSpireMod:Stacked","Iron Wave","Heavy Blade","Mind Blast","FairyPotion"],"campfire_rested":0,"item_purchase_floors":[13,13,21,21,21,21,21,21,21,21],"current_hp_per_floor":[80,80,80,69,75,80,80,80,80,67,67,57,57,46,46,12,80,75,75,47,47,41,41,41,30,30,20,0,0],"gold":75,"neow_bonus":"THREE_ENEMY_KILL","is_daily":false,"chose_seed":false,"campfire_upgraded":3,"win_rate":0.0,"timestamp":1607836893,"path_taken":["M","?","$","?","M","E","R","?","T","E","?","E","$","M","R","BOSS","M","?","M","$","M","R","?","E","T","M","?"],"items_purchased_type":["Relic","Card","Relic","Card","Card","Card","Card","Card","Card","Potion"],"build_version":"2020-11-30","purchased_purges":2,"victory":false,"max_hp_per_floor":[80,80,80,80,80,80,80,80,80,80,80,80,80,80,80,80,80,80,80,80,80,80,80,80,80,80,80,80,80],"card_choices":[{"not_picked":["Defy Death","Feel No Pain"],"picked":"Clash","floor":1.0},{"not_picked":["True Grit","Havoc"],"picked":"Iron Wave","floor":5.0},{"not_picked":["Barricade","ReplayTheSpireMod:LeadingStrike"],"picked":"Run Through","floor":6.0},{"not_picked":["Replay:Undeath\u0027s Touch","Sword Boomerang"],"picked":"Perfected Strike","floor":10.0},{"not_picked":["Sword Boomerang","Bloodletting"],"picked":"Eclipse","floor":12.0},{"not_picked":["Thunderclap","ReplayTheSpireMod:Corrosion Curse"],"picked":"Pommel Strike","floor":14.0},{"not_picked":["Immolate","Hemogenesis"],"picked":"Corruption","floor":16.0},{"not_picked":["Intimidate","Replay:Undeath\u0027s Touch"],"picked":"Wild Strike","floor":18},{"not_picked":["Flex","True Grit"],"picked":"Dual Wield+1","floor":20},{"not_picked":["Entrench+1","Havoc"],"picked":"Disarm+1","floor":22},{"not_picked":["Rupture+1","Reckless Charge"],"picked":"Searing Blow+1","floor":25},{"not_picked":["Sever Soul","Replay:Undeath\u0027s Touch"],"picked":"Second Wind+1","floor":27}],"player_experience":292342,"relics_obtained":[{"floor":6.0,"key":"Juzu Bracelet"},{"floor":9.0,"key":"Letter Opener"},{"floor":10.0,"key":"Replay:Kaleidoscope"},{"floor":11.0,"key":"Ring of Searing"},{"floor":11.0,"key":"ReplayTheSpireMod:Ring of Challenge"},{"floor":12.0,"key":"Replay:Towering Pillar of Hats"},{"floor":24,"key":"Iron Hammer"},{"floor":25,"key":"Bronze Scales"},{"floor":26,"key":"Sundial"}],"event_choices":[{"damage_healed":0.0,"max_hp_gain":0.0,"max_hp_loss":0.0,"gold_gain":0.0,"event_name":"Big Fish","player_choice":"Box","floor":2.0,"gold_loss":0.0,"damage_taken":0.0,"relics_obtained":["Blue Candle"],"cards_obtained":["Regret"]},{"damage_healed":0.0,"max_hp_gain":0.0,"max_hp_loss":0.0,"gold_gain":75.0,"event_name":"World of Goop","player_choice":"Gather Gold","floor":4.0,"gold_loss":0.0,"damage_taken":11.0}],"is_beta":false,"boss_relics":[{"not_picked":["SacredBark","Astrolabe"],"picked":"ChewingGum"}],"items_purged_floors":[3,21],"is_endless":false,"potions_floor_spawned":[1,5,10,14,25,27],"ascension_level":2}}