{"host":"6q3xrfxx8iswq9mh","time":1607835052,"event":{"mods":["BaseMod","Colored Powertips","Downfall","Lobotomy","Marisa£®ÏF”Í°°ƒß¿Ì…≥£©","Minty Spire (QoL Compilation)","Quick Restart","Remilia£®¿Ÿ√◊¿Ú—«£©","Replay The Spire","StSLib","The Bug Knight","The Cursed","The Runesmith","The Servant 0.9.4"],"gold_per_floor":[113,113,188,202,202,202,229,239,262,273,273,302,302,314,314,415,415,435,445,360,360,376,411,411,443,443,459,470,470,53,65,65,163,213,233,253,253,97,97,123,62,62,62,76,90,110,110,120,120,120,120],"floor_reached":50,"playtime":2073,"items_purged":["Strike_R"],"score":705,"play_id":"e276da90-c9a3-4713-8c30-d869fbefbc60","local_time":"20201213125052","is_ascension_mode":true,"campfire_choices":[{"floor":6.0,"key":"REST"},{"data":"Spot Weakness","floor":11.0,"key":"SMITH"},{"data":"Pot Of Greed","floor":15.0,"key":"SMITH"},{"floor":24.0,"key":"REST"},{"floor":29.0,"key":"REST"},{"floor":32.0,"key":"REST"},{"floor":42.0,"key":"REST"},{"floor":47.0,"key":"REST"},{"floor":49,"key":"REST"}],"circlet_count":0,"master_deck":["Strike_R","Strike_R","Strike_R","Defend_R","Defend_R","Defend_R","Defend_R+1","Bash","Heavy Blade+1","Sword Boomerang","Spot Weakness+1","Blood for Blood","Pot Of Greed+1","Pot Of Greed","Pommel Strike+1","Intimidate","Twin Strike","Feed","Sword Boomerang","Demon Form","Double Tap","Bloodletting","Offering","Armaments","Inflame+1","Pot Of Greed","Decay","Madness","Madness","Heavy Blade","Inflame","Inflame"],"relics":["Black Blood","Replay:Wax Seal","Grinning Jar","Another Sword","Toy Ornithopter","FaceOfCleric","Replay:PocketPolymizer","Red Mask","PreservedInsect","TungstenRod","Tiny House","Juzu Bracelet","Bag of Marbles","HollowMod:LifeEnderRelic"],"acts_visited":["Exordium","TheCity","TheBeyond"],"potions_floor_usage":[50,50,50],"damage_taken":[{"damage":6.0,"enemies":"Jaw Worm","floor":1.0,"turns":5.0},{"damage":0.0,"enemies":"Small Slimes","floor":4.0,"turns":3.0},{"damage":3.0,"enemies":"HollowMod:MossKnight","floor":7.0,"turns":3.0},{"damage":1.0,"enemies":"2 Louse","floor":8.0,"turns":3.0},{"damage":0.0,"enemies":"Large Slime","floor":10.0,"turns":3.0},{"damage":11.0,"enemies":"Replay:BlueRogue","floor":12.0,"turns":4.0},{"damage":5.0,"enemies":"Red Slaver","floor":14.0,"turns":4.0},{"damage":22.0,"enemies":"The Guardian","floor":16.0,"turns":8.0},{"damage":22.0,"enemies":"Shell Parasite","floor":18.0,"turns":4.0},{"damage":6.0,"enemies":"3 Byrds","floor":19.0,"turns":3.0},{"damage":42.0,"enemies":"Shelled Parasite and Fungi","floor":22.0,"turns":4.0},{"damage":55.0,"enemies":"Slavers","floor":23.0,"turns":5.0},{"damage":21.0,"enemies":"Masked Bandits","floor":25.0,"turns":4.0},{"damage":39.0,"enemies":"Snake Plant","floor":27.0,"turns":4.0},{"damage":23.0,"enemies":"Centurion and Healer","floor":28.0,"turns":5.0},{"damage":19.0,"enemies":"Chosen and Byrds","floor":31.0,"turns":5.0},{"damage":43.0,"enemies":"Automaton","floor":33.0,"turns":6.0},{"damage":7.0,"enemies":"Orb Walker","floor":35.0,"turns":3.0},{"damage":49.0,"enemies":"3 Darklings","floor":36.0,"turns":4.0},{"damage":52.0,"enemies":"Giant Head","floor":40.0,"turns":6.0},{"damage":27.0,"enemies":"Jaw Worm Horde","floor":44.0,"turns":4.0},{"damage":29.0,"enemies":"Writhing Mass","floor":45.0,"turns":4.0},{"damage":54.0,"enemies":"Sphere and 2 Shapes","floor":46.0,"turns":5.0},{"damage":23,"enemies":"Maw","floor":48,"turns":6},{"damage":110,"enemies":"Time Eater","floor":50,"turns":6}],"seed_played":"4129685477510737214","potions_obtained":[{"floor":0.0,"key":"LiquidBronze"},{"floor":0.0,"key":"SteroidPotion"},{"floor":0.0,"key":"FairyPotion"},{"floor":4.0,"key":"Fire Potion"},{"floor":7.0,"key":"Fire Potion"},{"floor":10.0,"key":"Guardian:BlockOnCardUsePotion"},{"floor":13.0,"key":"EntropicBrew"},{"floor":19.0,"key":"Block Potion"},{"floor":22.0,"key":"Adrenaline Potion"},{"floor":23.0,"key":"Strength Potion"},{"floor":27.0,"key":"Reflective Coating"},{"floor":34.0,"key":"Doom Potion"},{"floor":44.0,"key":"champ:CounterPotion"},{"floor":46.0,"key":"Weak Potion"}],"is_trial":false,"path_per_floor":["M","?","?","M","?","R","E","M","T","M","R","E","?","M","R","B",null,"M","M","?","?","M","E","R","?","T","M","M","R","$","M","R","B",null,"M","M","?","$","?","E","$","R","T","M","M","M","R","M","R","B"],"character_chosen":"IRONCLAD","items_purchased":["TungstenRod","PowerPotion","Juzu Bracelet","Inflame"],"campfire_rested":7,"item_purchase_floors":[30,30,38,41],"current_hp_per_floor":[72,65,54,60,44,68,71,76,76,80,80,75,75,76,76,60,75,65,74,74,74,53,19,46,43,43,20,18,48,48,50,81,51,97,106,70,70,70,57,18,18,52,52,48,32,32,67,57,93,0,0],"gold":120,"neow_bonus":"THREE_SMALL_POTIONS","is_daily":false,"chose_seed":false,"campfire_upgraded":2,"win_rate":0.0,"timestamp":1607835052,"path_taken":["M","?","?","M","?","R","E","M","T","M","R","E","?","M","R","BOSS","M","M","?","?","?","E","R","?","T","M","M","R","$","M","R","BOSS","M","M","?","?","?","E","$","R","T","M","M","M","R","M","R","BOSS"],"items_purchased_type":["Relic","Potion","Relic","Card"],"build_version":"2020-11-30","purchased_purges":1,"victory":false,"max_hp_per_floor":[80,80,80,80,80,80,80,80,80,80,80,80,80,80,80,80,80,80,83,83,83,87,91,91,92,92,96,100,100,100,104,104,105,110,114,115,115,115,115,116,116,116,116,117,118,119,119,120,120,120,120],"card_choices":[{"not_picked":["Burning Pact","Iron Wave"],"picked":"Heavy Blade","floor":1.0},{"not_picked":["Perfected Strike","Intimidate"],"picked":"Sword Boomerang","floor":4.0},{"not_picked":["Flame Barrier","ReplayTheSpireMod:Strike From Hell"],"picked":"Spot Weakness","floor":7.0},{"not_picked":["Rage","Shockwave"],"picked":"Blood for Blood","floor":8.0},{"not_picked":["Seeing Red","Corruption"],"picked":"Pommel Strike","floor":10.0},{"not_picked":["Reckless Charge","Second Wind"],"picked":"Intimidate","floor":12.0},{"not_picked":["Perfected Strike","Havoc"],"picked":"Twin Strike","floor":14.0},{"not_picked":["Corruption","Impervious"],"picked":"Feed","floor":16.0},{"not_picked":["Pommel Strike","Abandon"],"picked":"Sword Boomerang","floor":18.0},{"not_picked":["Shrug It Off","Pommel Strike+1","Ghostly Armor+1"],"picked":"SKIP","floor":19.0},{"not_picked":["Rupture","Dark Embrace+1"],"picked":"Demon Form","floor":22.0},{"not_picked":["Metallicize","Abandon","Warcry"],"picked":"SKIP","floor":23.0},{"not_picked":["Heavy Blade","Body Slam"],"picked":"Double Tap","floor":25.0},{"not_picked":["Rupture","Abandon"],"picked":"Bloodletting","floor":27.0},{"not_picked":["Disarm","Feel No Pain","Body Slam"],"picked":"SKIP","floor":28.0},{"not_picked":["Ghostly Armor","Replay:Undeath\u0027s Touch","Sword Boomerang"],"picked":"SKIP","floor":31.0},{"not_picked":["Hemogenesis","Immolate"],"picked":"Offering","floor":33.0},{"not_picked":["Thunderclap","Warcry"],"picked":"Armaments","floor":34.0},{"not_picked":["Power Through","Thunderclap+1"],"picked":"Inflame+1","floor":35.0},{"not_picked":["Sword Boomerang+1","Twin Strike","ReplayTheSpireMod:Strike From Hell+1"],"picked":"SKIP","floor":36.0},{"not_picked":["Berserk","Clash"],"picked":"Heavy Blade","floor":40.0},{"not_picked":["ReplayTheSpireMod:Strike From Hell+1","Sword Boomerang+1","Entrench"],"picked":"SKIP","floor":44.0},{"not_picked":["Carnage+1","Havoc","Body Slam"],"picked":"SKIP","floor":45.0},{"not_picked":["Rupture+1","Burning Pact","Bloodletting"],"picked":"SKIP","floor":46.0},{"not_picked":["Power Through+1","Sword Boomerang+1","Blood for Blood+1"],"picked":"SKIP","floor":48}],"player_experience":282060,"relics_obtained":[{"floor":7.0,"key":"Replay:Wax Seal"},{"floor":9.0,"key":"Grinning Jar"},{"floor":12.0,"key":"Another Sword"},{"floor":23.0,"key":"Replay:PocketPolymizer"},{"floor":25.0,"key":"Red Mask"},{"floor":26.0,"key":"PreservedInsect"},{"floor":40.0,"key":"Bag of Marbles"},{"floor":43.0,"key":"HollowMod:LifeEnderRelic"}],"event_choices":[{"cards_removed":["Strike_R"],"damage_healed":0.0,"max_hp_gain":0.0,"max_hp_loss":0.0,"gold_gain":0.0,"event_name":"Golden Wing","player_choice":"Card Removal","floor":2.0,"gold_loss":0.0,"damage_taken":7.0},{"damage_healed":0.0,"max_hp_gain":0.0,"max_hp_loss":0.0,"gold_gain":75.0,"event_name":"World of Goop","player_choice":"Gather Gold","floor":3.0,"gold_loss":0.0,"damage_taken":11.0},{"damage_healed":0.0,"max_hp_gain":0.0,"max_hp_loss":0.0,"gold_gain":0.0,"event_name":"Shining Light","player_choice":"Entered Light","floor":5.0,"gold_loss":0.0,"damage_taken":16.0,"cards_upgraded":["Defend_R","Heavy Blade"]},{"damage_healed":0.0,"max_hp_gain":0.0,"max_hp_loss":0.0,"gold_gain":0.0,"event_name":"Lab","player_choice":"Got Potions","floor":13.0,"gold_loss":0.0,"damage_taken":0.0},{"damage_healed":0.0,"max_hp_gain":0.0,"max_hp_loss":0.0,"gold_gain":0.0,"event_name":"Addict","player_choice":"Obtained Relic","floor":20.0,"gold_loss":85.0,"damage_taken":0.0,"relics_obtained":["Toy Ornithopter"]},{"damage_healed":0.0,"max_hp_gain":0.0,"max_hp_loss":0.0,"gold_gain":0.0,"event_name":"FaceTrader","player_choice":"Trade","floor":21.0,"gold_loss":0.0,"damage_taken":0.0,"relics_obtained":["FaceOfCleric"]},{"damage_healed":0.0,"max_hp_gain":0.0,"max_hp_loss":0.0,"gold_gain":0.0,"event_name":"Masked Bandits","player_choice":"Fought Bandits","floor":25.0,"gold_loss":0.0,"damage_taken":0.0},{"damage_healed":0.0,"max_hp_gain":0.0,"max_hp_loss":0.0,"gold_gain":0.0,"event_name":"Wheel of Change","player_choice":"Cursed","floor":37.0,"gold_loss":0.0,"damage_taken":0.0,"cards_obtained":["Decay"]},{"damage_healed":0.0,"max_hp_gain":0.0,"max_hp_loss":0.0,"gold_gain":0.0,"event_name":"Winding Halls","player_choice":"Embrace Madness","floor":39.0,"gold_loss":0.0,"damage_taken":14.0,"cards_obtained":["Madness","Madness"]}],"is_beta":false,"boss_relics":[{"not_picked":["Sozu","Empty Cage"],"picked":"Black Blood"},{"not_picked":["Calling Bell","Astrolabe"],"picked":"Tiny House"}],"items_purged_floors":[30],"is_endless":false,"potions_floor_spawned":[4,7,10,16,19,22,23,27,40,44,46],"killed_by":"Time Eater","ascension_level":6}}