{"host":"2s5c6uii15wgtvvf","time":1607888746,"event":{"mods":["Bard","BaseMod","Bestiary","CapriCore","Downfall","Friendly Minions","Hermit","HololiveMod","Jorbs\u0027s Wanderer Trilogy","Lobotomy","LobotomyExtend","Marisa????????","Minty Spire (QoL Compilation)","Remilia??????","Robot Space Explorer","Shade Mod","StSLib","Td1madao Mod","The Animator","The Cursed","The Gatherer","The Hayseed","The Hierophant","The Immortal","The Mystic","The Necromancer","The Runesmith","The Senshi","The Servant 0.9.4","TheHeartMod","WarShipGirlsR/????R mod","Yohane!","??????REMEMod"],"gold_per_floor":[118,118,135,150,166,166,166,166,192,192,202,202,215,233,233,233,233,233],"floor_reached":16,"playtime":796,"items_purged":[],"score":94,"play_id":"2371df96-dbbd-40b4-aa3c-875695afed8f","local_time":"20201213194546","is_ascension_mode":false,"metric_token":2129,"campfire_choices":[{"floor":6,"key":"RECALL"},{"data":"Gatherer:EnergyBasket","floor":8,"key":"SMITH"},{"data":"Gatherer:FlowerBeam","floor":10,"key":"SMITH"},{"data":"expansioncontent:Collect","floor":12,"key":"SMITH"},{"floor":15,"key":"REST"}],"circlet_count":0,"master_deck":["Gatherer:Strike_Gatherer","Gatherer:Strike_Gatherer","Gatherer:Strike_Gatherer","Gatherer:Strike_Gatherer","Gatherer:Strike_Gatherer","Gatherer:Defend_Gatherer","Gatherer:Defend_Gatherer","Gatherer:Defend_Gatherer","Gatherer:Defend_Gatherer","Gatherer:Defend_Gatherer","Gatherer:Centralize","Gatherer:FlowerWhip","Gatherer:FlowerBeam+1","MeatLantern","Gatherer:SaveValuables","UniverseFragment","WallGazer","Gatherer:EnergyBasket+1","expansioncontent:Collect+1","Scarecrow","Gatherer:WoolGloves","Wellcheers","Gatherer:FlowerBeam","Laetitia","Gatherer:PotentialSlash"],"relics":["Gatherer:AlchemyBag","REME_ComplimentaryCards","CogitoBucket","LetterFromLob","Gatherer:MistGenerator","BehaviorAdjustment"],"acts_visited":["Exordium"],"potions_floor_usage":[16,16],"damage_taken":[{"damage":2,"enemies":"2 Louse","floor":1,"turns":2},{"damage":0,"enemies":"Jaw Worm","floor":3,"turns":3},{"damage":0,"enemies":"Small Slimes","floor":4,"turns":2},{"damage":0,"enemies":"Looter","floor":5,"turns":3},{"damage":2,"enemies":"Large Slime","floor":11,"turns":4},{"damage":3,"enemies":"Exordium Thugs","floor":13,"turns":4},{"damage":49,"enemies":"3 Louse","floor":14,"turns":3},{"damage":69,"enemies":"Hexaghost","floor":16,"turns":3}],"seed_played":"7561396862785628380","potions_obtained":[{"floor":1,"key":"BlessingOfTheForge"},{"floor":5,"key":"Regen Potion"},{"floor":11,"key":"SkillPotion"},{"floor":13,"key":"BottledMiracle"}],"is_trial":false,"path_per_floor":["M","?","M","M","M","R","?","R","T","R","M","R","M","M","R","B"],"character_chosen":"THE_GATHERER","items_purchased":[],"campfire_rested":1,"item_purchase_floors":[],"current_hp_per_floor":[70,72,72,72,72,72,72,72,72,72,70,70,71,29,50,0,0,0],"gold":233,"neow_bonus":"","is_daily":false,"chose_seed":false,"campfire_upgraded":3,"win_rate":0.0,"timestamp":1607888746,"path_taken":["M","?","M","M","M","R","?","R","T","R","M","R","M","M","R","BOSS"],"items_purchased_type":[],"build_version":"2020-11-30","purchased_purges":0,"victory":false,"max_hp_per_floor":[72,72,72,72,72,72,72,72,72,72,72,72,72,72,72,72,72,72],"card_choices":[{"not_picked":["Gatherer:Misfortune","Gatherer:GlowingPlant"],"picked":"Gatherer:FlowerBeam","floor":1},{"not_picked":["Bloodbath","MHz"],"picked":"MeatLantern","floor":1},{"not_picked":["Gatherer:PotentialSlash","Gatherer:FragileHammer"],"picked":"Gatherer:SaveValuables","floor":3},{"not_picked":["SnowQueen","WhitesApple"],"picked":"UniverseFragment","floor":3},{"not_picked":["Gatherer:FragileHammer","Gatherer:AcidicSpray"],"picked":"Gatherer:GrowBook","floor":4},{"not_picked":["Bloodbath","OldLady"],"picked":"WallGazer","floor":5},{"not_picked":["Gatherer:GatherMaterial","Gatherer:TacticalStrike"],"picked":"Gatherer:EnergyBasket","floor":5},{"not_picked":["BeautyBeast","ShyLook"],"picked":"Scarecrow","floor":11},{"not_picked":["Gatherer:AromaProtection","Gatherer:BomberForm"],"picked":"Gatherer:WoolGloves","floor":11},{"not_picked":["GreedKing","LaLuna"],"picked":"Wellcheers","floor":13},{"not_picked":["Gatherer:TreeGrowth","Gatherer:GatherMaterial"],"picked":"Gatherer:FlowerBeam","floor":13},{"not_picked":["PunishingBird","SnowQueen"],"picked":"Laetitia","floor":14},{"not_picked":["Gatherer:EnergyBasket","Gatherer:Snatch"],"picked":"Gatherer:PotentialSlash","floor":14}],"player_experience":95328,"relics_obtained":[{"floor":1,"key":"LetterFromLob"},{"floor":9,"key":"Gatherer:MistGenerator"}],"event_choices":[{"damage_healed":0,"gold_gain":0,"player_choice":"Ignored","damage_taken":0,"max_hp_gain":0,"max_hp_loss":0,"event_name":"Golden Wing","floor":7,"gold_loss":0}],"is_beta":false,"boss_relics":[],"items_purged_floors":[],"is_endless":false,"potions_floor_spawned":[1,5,11,13],"killed_by":"Hexaghost","ascension_level":0}}