{"host":"9tzam4717zt8ei1o","time":1607850489,"event":{"mods":["BaseMod","Colored Map","Keyboard Shortcuts","Minty Spire (QoL Compilation)","Quick Restart","StSLib","SuperFastMode"],"gold_per_floor":[113,45,45,57,73,98,98,118,118,43,70,70,70,90,90,187,187,205,205,205,130,30,30,50,50,50,50,66,81,81,95,95,192,192,206,219,219,219,219,219,60,90,117,117,117,46,46,56,56,56],"floor_reached":51,"playtime":1245,"items_purged":["Strike_G","Blade Dance","Dagger Spray"],"score":1154,"play_id":"c425ee12-9519-464c-87ef-c99e8b38e3be","local_time":"20201213180809","is_ascension_mode":true,"campfire_choices":[{"data":"Noxious Fumes","floor":7.0,"key":"SMITH"},{"data":"Blur","floor":15.0,"key":"SMITH"},{"floor":23.0,"key":"REST"},{"data":"Backflip","floor":27.0,"key":"SMITH"},{"data":"Malaise","floor":32.0,"key":"SMITH"},{"data":"Venomology","floor":40.0,"key":"SMITH"},{"floor":45.0,"key":"REST"},{"floor":49,"key":"REST"}],"circlet_count":0,"master_deck":["AscendersBane","Survivor","Neutralize+1","Bouncing Flask+1","Noxious Fumes+1","Blur","Caltrops+1","Blur+1","Footwork+1","Malaise+1","Wraith Form v2+1","Venomology+1","Reflex","Prepared","Backflip+1","Outmaneuver","Acrobatics+1","Catalyst+1","Footwork+1","Deadly Poison+1"],"relics":["Ring of the Snake","NeowsBlessing","Frozen Egg 2","White Beast Statue","Mercury Hourglass","Pandora\u0027s Box","InkBottle","SacredBark","Molten Egg 2","Juzu Bracelet","Whetstone"],"acts_visited":["Exordium","TheCity","TheBeyond"],"potions_floor_usage":[47,48,50,50,50,50],"damage_taken":[{"damage":0.0,"enemies":"Small Slimes","floor":1.0,"turns":1.0},{"damage":0.0,"enemies":"Cultist","floor":4.0,"turns":1.0},{"damage":0.0,"enemies":"Jaw Worm","floor":5.0,"turns":1.0},{"damage":30.0,"enemies":"Gremlin Nob","floor":6.0,"turns":4.0},{"damage":2.0,"enemies":"Exordium Wildlife","floor":8.0,"turns":6.0},{"damage":20.0,"enemies":"3 Sentries","floor":11.0,"turns":6.0},{"damage":0.0,"enemies":"3 Louse","floor":14.0,"turns":2.0},{"damage":0.0,"enemies":"Hexaghost","floor":16.0,"turns":8.0},{"damage":8.0,"enemies":"Chosen","floor":18.0,"turns":5.0},{"damage":1.0,"enemies":"Shell Parasite","floor":24.0,"turns":5.0},{"damage":0.0,"enemies":"Shelled Parasite and Fungi","floor":28.0,"turns":7.0},{"damage":1.0,"enemies":"Cultist and Chosen","floor":29.0,"turns":5.0},{"damage":0.0,"enemies":"Centurion and Healer","floor":31.0,"turns":8.0},{"damage":3.0,"enemies":"Champ","floor":33.0,"turns":14.0},{"damage":5.0,"enemies":"3 Darklings","floor":35.0,"turns":9.0},{"damage":9.0,"enemies":"Orb Walker","floor":36.0,"turns":4.0},{"damage":29.0,"enemies":"Nemesis","floor":42.0,"turns":9.0},{"damage":0,"enemies":"Reptomancer","floor":47,"turns":1},{"damage":22,"enemies":"Sphere and 2 Shapes","floor":48,"turns":5},{"damage":16,"enemies":"Donu and Deca","floor":50,"turns":12}],"seed_played":"-6264152233736233422","potions_obtained":[{"floor":1.0,"key":"Explosive Potion"},{"floor":8.0,"key":"CultistPotion"},{"floor":11.0,"key":"EntropicBrew"},{"floor":16.0,"key":"AttackPotion"},{"floor":18.0,"key":"SkillPotion"},{"floor":24.0,"key":"Poison Potion"},{"floor":28.0,"key":"Energy Potion"},{"floor":29.0,"key":"CunningPotion"},{"floor":31.0,"key":"PowerPotion"},{"floor":35.0,"key":"BlessingOfTheForge"},{"floor":36.0,"key":"Ancient Potion"},{"floor":48,"key":"Dexterity Potion"}],"is_trial":false,"path_per_floor":["M","$","?","M","M","E","R","M","T","$","E","?","?","M","R","B",null,"M","?","?","?","$","R","M","?","T","R","M","M","$","M","R","B",null,"M","M","?","?","T","R","$","E","T","?","R","$","E","M","R","B",null],"character_chosen":"THE_SILENT","items_purchased":["Noxious Fumes","Footwork+1","Regen Potion"],"campfire_rested":3,"item_purchase_floors":[2,41,46],"current_hp_per_floor":[63,63,63,63,63,33,33,31,31,31,11,11,11,11,11,11,55,47,34,34,34,34,56,55,55,55,55,55,54,54,54,54,51,69,64,55,55,55,55,55,55,26,26,26,47,47,47,25,46,71],"gold":56,"neow_bonus":"THREE_ENEMY_KILL","is_daily":false,"chose_seed":false,"campfire_upgraded":5,"win_rate":0.0,"timestamp":1607850489,"path_taken":["M","$","?","M","M","E","R","M","T","?","E","?","?","?","R","BOSS","M","?","?","?","?","R","M","?","T","R","M","M","$","M","R","BOSS","M","M","?","?","?","R","$","E","T","?","R","$","E","M","R","BOSS"],"items_purchased_type":["Card","Card","Potion"],"build_version":"2020-11-30","purchased_purges":3,"victory":true,"max_hp_per_floor":[70,70,70,70,70,70,70,70,70,70,70,70,70,70,70,70,70,70,75,75,75,75,75,75,75,75,75,75,75,75,75,75,75,75,75,75,75,71,71,71,71,71,71,71,71,71,71,71,71,71],"card_choices":[{"not_picked":["Outmaneuver","Flechettes"],"picked":"Bouncing Flask","floor":1.0},{"not_picked":["Choke","Predator","Poisoned Stab"],"picked":"SKIP","floor":4.0},{"not_picked":["Slice","Deadly Poison"],"picked":"Blur","floor":5.0},{"not_picked":["Crippling Poison","Endless Agony"],"picked":"Caltrops+1","floor":6.0},{"not_picked":["Prepared","Backstab"],"picked":"PiercingWail","floor":8.0},{"not_picked":["Acrobatics","Dodge and Roll"],"picked":"Blur","floor":11.0},{"not_picked":["Reflex","PiercingWail"],"picked":"Footwork+1","floor":14.0},{"not_picked":["Doppelganger","Glass Knife"],"picked":"Malaise","floor":16.0},{"not_picked":["Sucker Punch","Distraction","Prepared"],"picked":"SKIP","floor":18.0},{"not_picked":["Underhanded Strike","Sucker Punch","Bane"],"picked":"SKIP","floor":24.0},{"not_picked":["Glass Knife","Flying Knee","PiercingWail"],"picked":"SKIP","floor":28.0},{"not_picked":["Skewer","Poisoned Stab","Flying Knee"],"picked":"SKIP","floor":29.0},{"not_picked":["Outmaneuver+1","Dagger Throw"],"picked":"Acrobatics+1","floor":31.0},{"not_picked":["Leg Sweep","Endless Agony","Slice+1"],"picked":"SKIP","floor":35.0},{"not_picked":["Accuracy+1","Quick Slash+1"],"picked":"Catalyst+1","floor":36.0},{"not_picked":["Blur","Expertise+1","Caltrops+1"],"picked":"SKIP","floor":42.0},{"not_picked":["Blade Dance","Deadly Poison+1","Accuracy+1"],"picked":"SKIP","floor":48},{"not_picked":["Blade Dance","Accuracy+1"],"picked":"Deadly Poison+1","floor":48}],"player_experience":67339,"relics_obtained":[{"floor":6.0,"key":"Frozen Egg 2"},{"floor":9.0,"key":"White Beast Statue"},{"floor":11.0,"key":"Mercury Hourglass"},{"floor":26.0,"key":"InkBottle"},{"floor":39.0,"key":"Molten Egg 2"},{"floor":42.0,"key":"Juzu Bracelet"},{"floor":43.0,"key":"Whetstone"}],"event_choices":[{"damage_healed":0.0,"max_hp_gain":0.0,"max_hp_loss":0.0,"gold_gain":0.0,"event_name":"Accursed Blacksmith","player_choice":"Forge","floor":3.0,"gold_loss":0.0,"damage_taken":0.0,"cards_upgraded":["Bouncing Flask"]},{"damage_healed":0.0,"max_hp_gain":0.0,"max_hp_loss":0.0,"gold_gain":0.0,"event_name":"Shining Light","player_choice":"Ignored","floor":12.0,"gold_loss":0.0,"damage_taken":0.0},{"damage_healed":0.0,"max_hp_gain":0.0,"max_hp_loss":0.0,"gold_gain":0.0,"event_name":"Upgrade Shrine","player_choice":"Upgraded","floor":13.0,"gold_loss":0.0,"damage_taken":0.0,"cards_upgraded":["Neutralize"]},{"damage_healed":0.0,"max_hp_gain":5.0,"max_hp_loss":0.0,"gold_gain":0.0,"event_name":"Forgotten Altar","player_choice":"Shed Blood","floor":19.0,"gold_loss":0.0,"damage_taken":18.0},{"damage_healed":0.0,"max_hp_gain":0.0,"max_hp_loss":0.0,"gold_gain":0.0,"event_name":"Vampires","player_choice":"Ignored","floor":20.0,"gold_loss":0.0,"damage_taken":0.0},{"cards_removed":["Finisher"],"damage_healed":0.0,"max_hp_gain":0.0,"max_hp_loss":0.0,"gold_gain":0.0,"event_name":"Beggar","player_choice":"Gave Gold","floor":21.0,"gold_loss":75.0,"damage_taken":0.0},{"damage_healed":0.0,"max_hp_gain":0.0,"max_hp_loss":0.0,"gold_gain":0.0,"cards_transformed":["Grand Finale","Distraction"],"event_name":"Drug Dealer","player_choice":"Became Test Subject","floor":25.0,"gold_loss":0.0,"damage_taken":0.0,"cards_obtained":["Backflip","Outmaneuver"]},{"damage_healed":0.0,"max_hp_gain":0.0,"max_hp_loss":0.0,"gold_gain":0.0,"event_name":"Tomb of Lord Red Mask","player_choice":"Ignored","floor":37.0,"gold_loss":0.0,"damage_taken":0.0},{"damage_healed":0.0,"max_hp_gain":0.0,"max_hp_loss":4.0,"gold_gain":0.0,"event_name":"Winding Halls","player_choice":"Max HP","floor":38.0,"gold_loss":0.0,"damage_taken":0.0},{"cards_removed":["PiercingWail"],"damage_healed":0.0,"max_hp_gain":0.0,"max_hp_loss":0.0,"gold_gain":0.0,"event_name":"Falling","player_choice":"Removed Skill","floor":44.0,"gold_loss":0.0,"damage_taken":0.0}],"is_beta":false,"boss_relics":[{"not_picked":["Fusion Hammer","Ring of the Serpent"],"picked":"Pandora\u0027s Box"},{"not_picked":["Astrolabe","Velvet Choker"],"picked":"SacredBark"}],"items_purged_floors":[10,22,41],"is_endless":false,"potions_floor_spawned":[1,8,11,14,16,18,24,28,29,31,33,35,36,42,47,48],"ascension_level":10}}