{"host":"l85rtarfuh0ld3b1","time":1607861924,"event":{"mods":["Act Like it!","BaseMod","BetterRewards","CapriCore","Chen","Decade(王小明)","Gensokyo","KinomotoSakuraMod(木之本樱)","Koishi","Marisa（F雨　魔理沙）","Minty Spire (QoL Compilation)","Nova Terra(诺娃・泰拉)","Permanent Neow","Reimu（博丽灵梦）","Remilia（蕾米莉亚）","Shop Mod","StSLib","TestMod","The Administrix","The Immortal","The Servant 0.9.4","【东方二次创作】八云紫mod"],"gold_per_floor":[115,132,2868,2885,2885,2885,2913,2923,2948,2973,3027,2774,2786,2802,2802,2911,2911,2928,2928,2710,2720,2720,2746,2696,2576,2650,2672,2466,2474,2508,2521,2521,2631,2680,2698,2698,2716,2613,0,0,38,87,112,124,309,309,318,347,347,347,347,347,272,297,297],"floor_reached":56,"playtime":2568,"items_purged":["Strike_MRS","Strike_MRS","Strike_MRS","Strike_MRS","Defend_MRS","Defend_MRS","Defend_MRS","UpSweep+1","MasterSpark","Defend_MRS+1","Defend_MRS","Defend_MRS+1","Defend_MRS+1","Defend_MRS+1","Defend_MRS+1","MasterSpark","After Image","JA+1","TreasureHunter"],"score":2781,"play_id":"84758d9c-5b67-49c5-94f3-f1b9420a51d5","local_time":"20201213201844","is_ascension_mode":true,"campfire_choices":[{"data":"Flash of Steel","floor":6,"key":"SMITH"},{"data":"JA","floor":15,"key":"SMITH"},{"floor":32,"key":"RECALL"},{"data":"Orbital","floor":40,"key":"SMITH"},{"data":"CasketOfStar","floor":46,"key":"SMITH"},{"data":"MysteriousBeam","floor":49,"key":"SMITH"},{"data":"SatelliteIllusion","floor":52,"key":"SMITH"}],"circlet_count":0,"master_deck":["Orbital+1","Human_Monster_Realm_purple+1","Moondial+1","WitchLeyline+1","ClowCardTheFly+1","AdministrixMod:GuanyinBlessing+1","Flash of Steel+1","Boundary_LifeAndDeath_purple+1","Adrenaline+1","Orbital+1","Finesse+1","After Image+1","ShootTheMoon","Panache+1","CasketOfStar+1","ManaConvection+1","MysteriousBeam+1","SatelliteIllusion+1"],"relics":["MiniHakkero","testmod-TestBox","testmod-ObsoleteBoomerang","MerchantsRug","testmod-CyclicPeriapt","Happy Flower","testmod-InfectionSource","testmod-DragonStarHat","ClockworkSouvenir","Gungnir","Juzu Bracelet","Membership Card","MagicBroom","RuthlessExorcism:ReiMu","KSMOD_TomoyosHeart","Omamori","Medical Kit","Mummified Hand","SimpleLauncher","Tough Bandages","Turnip","testmod-Charity","CeramicFish","testmod-AssaultLearning","Tiny Chest","Blue Candle","Paper Frog","Dream Catcher","Memoryfragments_purpleEX","Toy Ornithopter","Chemical X","testmod-Alchemist","Prayer Wheel","Bottled Lightning","Ice Cream","Thread and Needle","Du-Vu Doll","testmod-OneHitWonder","testmod-BatchProcessingSystem","testmod-CrystalShield","Frozen Eye","Smiling Mask","Toxic Egg 2","AmplifyWand","Gensokyo:FoxMask","InkBottle","Strawberry","testmod-Hope","Ancient Tea Set","Bronze Scales","Sundial","Anchor","HandDrill","Red Mask","MealTicket","testmod-IntensifyImprint","Blood Vial","Cauldron","Oddly Smooth Stone","Shovel","PreservedInsect","Sling","testmod-Antiphasic"],"acts_visited":["Exordium","Gensokyo:Gensokyoer","TheBeyond","TheEnding"],"potions_floor_usage":[0,0,0,0,0,0,16,50,55],"damage_taken":[{"damage":0,"enemies":"Cultist","floor":1,"turns":1},{"damage":0,"enemies":"Small Slimes","floor":2,"turns":1},{"damage":0,"enemies":"Jaw Worm","floor":4,"turns":1},{"damage":59,"enemies":"Gremlin Nob","floor":7,"turns":1},{"damage":0,"enemies":"Looter","floor":8,"turns":1},{"damage":26,"enemies":"Lagavulin","floor":10,"turns":1},{"damage":0,"enemies":"Exordium Thugs","floor":13,"turns":1},{"damage":0,"enemies":"2 Fungi Beasts","floor":14,"turns":1},{"damage":0,"enemies":"Hexaghost","floor":16,"turns":1},{"damage":0,"enemies":"Gensokyo:3_Dogs","floor":18,"turns":1},{"damage":0,"enemies":"Gensokyo:2_Gloops","floor":21,"turns":1},{"damage":62,"enemies":"Gensokyo:Reisen","floor":23,"turns":1},{"damage":0,"enemies":"Gensokyo:Wraith","floor":27,"turns":1},{"damage":54,"enemies":"Gensokyo:Koishi","floor":30,"turns":1},{"damage":0,"enemies":"Gensokyo:3_Gloops","floor":31,"turns":1},{"damage":0,"enemies":"Gensokyo:Eternal_Rivals","floor":33,"turns":1},{"damage":0,"enemies":"Orb Walker","floor":35,"turns":1},{"damage":0,"enemies":"3 Shapes","floor":37,"turns":1},{"damage":0,"enemies":"Nemesis","floor":41,"turns":1},{"damage":0,"enemies":"2 Orb Walkers","floor":42,"turns":1},{"damage":0,"enemies":"Jaw Worm Horde","floor":44,"turns":1},{"damage":0,"enemies":"Writhing Mass","floor":47,"turns":1},{"damage":0,"enemies":"Giant Head","floor":48,"turns":1},{"damage":0,"enemies":"Donu and Deca","floor":50,"turns":1},{"damage":0,"enemies":"Shield and Spear","floor":54,"turns":1},{"damage":0,"enemies":"The Heart","floor":55,"turns":2}],"seed_played":"1293111677515101943","potions_obtained":[{"floor":0,"key":"FearPotion"},{"floor":0,"key":"ZuzhouPotion:ReiMu"},{"floor":0,"key":"SneckoOil"},{"floor":0,"key":"LiquidMemories"},{"floor":0,"key":"Swift Potion"},{"floor":4,"key":"PowerPotion"},{"floor":8,"key":"Strength Potion"},{"floor":10,"key":"Fruit Juice"},{"floor":14,"key":"testmod-SpacePotion"},{"floor":18,"key":"SkillPotion"},{"floor":27,"key":"Block Potion"},{"floor":30,"key":"SpeedPotion"},{"floor":34,"key":"Energy Potion"},{"floor":41,"key":"testmod-SpacePotion"},{"floor":42,"key":"PowerPotion"},{"floor":45,"key":"SpeedPotion"},{"floor":45,"key":"Fire Potion"},{"floor":45,"key":"Fire Potion"},{"floor":45,"key":"Fruit Juice"},{"floor":45,"key":"Regen Potion"},{"floor":48,"key":"FearPotion"}],"is_trial":false,"path_per_floor":["M","M","$","M","?","R","E","M","T","E","?","$","M","M","R","B",null,"M","?","$","M","T","E","?","?","T","M","$","?","E","M","R","B",null,"M","T","M","$","?","R","E","?","T","M","$","R","M","E","R","B",null,"R","$","E","B",null],"character_chosen":"MARISA","items_purchased":["MerchantsRug","Pear","OrangePellets","Potion Belt","ScarletDevilRocket","testmod-Register","Fruit Juice","Orbital","Orichalcum","testmod-HeartOfDaVinci","Toolbox","testmod-Fortitude","TentaclePot:ReiMu","Ornamental Fan","testmod-Antiphasic","TheEssenceOfRealm","Centennial Puzzle","testmod-CyclicPeriapt","Pan","Ancient Tea Set","Happy Flower","testmod-IWantAll","JA","testmod-InfectionSource","testmod-DragonStarHat","ClockworkSouvenir","Red Skull","TwistedFunnel","WitchLeyline","KneeBrace","Toxic Egg 2","KSMOD_TouyasBicycle","Self Forming Clay","Frozen Eye","Gungnir","Juzu Bracelet","Membership Card","MagicBroom","Whetstone","testmod-MagicalMallet","Regal Pillow","HandDrill","AdministrixMod:KeyOfKings","Flash of Steel","RuthlessExorcism:ReiMu","TheAbacus","PreservedInsect","Sundial","CheatingSign:ReiMu","Pantograph","Lee\u0027s Waffle","KSMOD_TomoyosHeart","Omamori","StrikeDummy","Cauldron","Parasol_purpleEX","Medical Kit","Mummified Hand","Akabeko","HornCleat","testmod-ArcanaOfDestiny","SimpleLauncher","Ninja Scroll","Oddly Smooth Stone","Tough Bandages","Turnip","Bag of Preparation","testmod-Charity","Shuriken","DollysMirror","Boot","CeramicFish","testmod-Hope","Strange Spoon","testmod-AssaultLearning","Tiny Chest","Blue Candle","EntropicBrew","Vajra","Paper Frog","Sling","Dream Catcher","PrismaticShard","Memoryfragments_purpleEX","Toy Ornithopter","testmod-OneHitWonder","Chemical X","testmod-Alchemist","Frozen Egg 2","Finesse+1","KSMOD_SealedWand","BreadOfAWashokuLover","testmod-SpacePotion","Prayer Wheel","Bottled Lightning","Anchor","EntropicBrew","Pen Nib","Ice Cream","Thread and Needle","Matryoshka","Fruit Juice","Ring of the Snake","EntropicBrew","testmod-Justice","testmod-Muramasa","Gremlin Horn","Blood Vial","ShootTheMoon","Panache+1","Du-Vu Doll","Torii","Regal Pillow","Shuriken","testmod-IWantAll","testmod-CrystalShield","Frozen Eye","Strawberry","testmod-Hope","Sundial","Anchor","HandDrill","Cauldron","Oddly Smooth Stone","Shovel","Sling"],"campfire_rested":0,"item_purchase_floors":[0,0,0,0,0,0,0,0,0,0,0,0,0,0,0,0,0,0,0,0,0,0,0,0,0,0,0,0,0,0,0,0,0,0,0,0,0,0,0,0,0,0,0,0,0,0,0,0,0,0,0,0,0,0,0,0,0,0,0,0,0,0,0,0,0,0,0,0,0,0,0,0,0,0,0,0,0,0,0,0,0,0,0,0,0,0,0,0,0,0,0,0,0,0,0,0,0,0,0,0,0,0,0,0,0,0,0,0,0,0,0,0,12,12,12,20,20,28,28,38,38,38,45,45,45,53],"current_hp_per_floor":[131,132,194,195,195,195,137,139,140,115,116,118,126,133,133,148,203,205,205,205,207,207,147,154,154,155,171,178,179,126,127,127,129,233,234,234,235,243,243,243,245,246,247,250,281,281,289,297,297,304,307,307,308,314,324],"gold":297,"neow_bonus":"","is_daily":false,"chose_seed":false,"campfire_upgraded":6,"win_rate":0.0,"timestamp":1607861924,"path_taken":["M","M","$","M","?","R","E","M","T","E","?","$","M","M","R","BOSS","M","?","$","M","?","E","?","?","T","M","$","?","E","M","R","BOSS","M","?","M","$","?","R","E","?","T","M","$","R","M","E","R","BOSS","R","$","E","BOSS"],"items_purchased_type":["Relic","Relic","Relic","Relic","Relic","Relic","Potion","Card","Relic","Relic","Relic","Relic","Relic","Relic","Relic","Relic","Relic","Relic","Relic","Relic","Relic","Relic","Card","Relic","Relic","Relic","Relic","Relic","Card","Relic","Relic","Relic","Relic","Relic","Relic","Relic","Relic","Relic","Relic","Relic","Relic","Relic","Relic","Card","Relic","Relic","Relic","Relic","Relic","Relic","Relic","Relic","Relic","Relic","Relic","Relic","Relic","Relic","Relic","Relic","Relic","Relic","Relic","Relic","Relic","Relic","Relic","Relic","Relic","Relic","Relic","Relic","Relic","Relic","Relic","Relic","Relic","Potion","Relic","Relic","Relic","Relic","Relic","Relic","Relic","Relic","Relic","Relic","Relic","Card","Relic","Relic","Potion","Relic","Relic","Relic","Potion","Relic","Relic","Relic","Relic","Potion","Relic","Potion","Relic","Relic","Relic","Relic","Card","Card","Relic","Relic","Relic","Relic","Relic","Relic","Relic","Relic","Relic","Relic","Relic","Relic","Relic","Relic","Relic","Relic"],"build_version":"2020-11-30","purchased_purges":19,"victory":true,"max_hp_per_floor":[131,132,194,195,195,195,196,197,198,199,200,202,208,214,214,221,221,222,222,222,223,223,224,231,231,232,247,254,255,256,257,257,259,265,266,266,267,275,275,275,277,278,279,280,296,296,302,308,308,308,308,308,308,314,324],"card_choices":[{"not_picked":["UnarmedAttack8","Leap+1","NovaMod:Detonation"],"picked":"SKIP","floor":1},{"not_picked":["AdministrixMod:XianArts+1","FearNoEvil","Havoc+1"],"picked":"SKIP","floor":1},{"not_picked":["Scrape","Dropkick","Clothesline"],"picked":"SKIP","floor":2},{"not_picked":["Chen:Honk+1","NovaMod:Thor","Perseverance+1"],"picked":"SKIP","floor":2},{"not_picked":["DragonMeteor","ShootTheMoon","LuminesStrike"],"picked":"SKIP","floor":4},{"not_picked":["SporeBomb","OpenUniverse","ChargingUp"],"picked":"SKIP","floor":4},{"not_picked":["Singularity","GalacticHalo","GravityBeat"],"picked":"SKIP","floor":7},{"not_picked":["IllusionStar","GravityBeat","EventHorizon"],"picked":"SKIP","floor":8},{"not_picked":["GravityBeat","DoubleSpark","JA"],"picked":"SKIP","floor":8},{"not_picked":["AsteroidBelt","JA","Orbital"],"picked":"SKIP","floor":10},{"not_picked":["DarkMatter","LuminesStrike","Robbery"],"picked":"SKIP","floor":13},{"not_picked":["EnergyFlow","ShootingEcho","GravityBeat"],"picked":"SKIP","floor":13},{"not_picked":["MachineGunSpark","ShootingEcho","StarBarrage"],"picked":"SKIP","floor":14},{"not_picked":["AsteroidBelt","GravityBeat","MagicAbsorber"],"picked":"SKIP","floor":14},{"not_picked":["FinalSpark","CollectingQuirk"],"picked":"CasketOfStar","floor":16},{"not_picked":["DC","GalacticHalo+1","GrandCross"],"picked":"SKIP","floor":18},{"not_picked":["OrrerysSun","DoubleSpark","PowerUp"],"picked":"SKIP","floor":18},{"not_picked":["Acceleration","UnstableBomb+1","LuminesStrike"],"picked":"SKIP","floor":21},{"not_picked":["DC","Singularity","OpenUniverse+1"],"picked":"SKIP","floor":21},{"not_picked":["GalacticHalo+1","MagicChant+1","UnstableBomb+1"],"picked":"SKIP","floor":23},{"not_picked":["MagicAbsorber+1","Acceleration+1"],"picked":"ManaConvection+1","floor":27},{"not_picked":["PropBag+1","GravityBeat+1","MillisecondPulsars"],"picked":"SKIP","floor":27},{"not_picked":["GravityBeat","LuminesStrike","EnergyFlow"],"picked":"SKIP","floor":30},{"not_picked":["IllusionStar+1","AsteroidBelt+1","AlicesGift+1"],"picked":"SKIP","floor":31},{"not_picked":["GalacticHalo+1","AsteroidBelt+1","Acceleration+1"],"picked":"SKIP","floor":31},{"not_picked":["SatelliteIllusion","MillisecondPulsars"],"picked":"TreasureHunter","floor":33},{"not_picked":["MachineGunSpark+1","FairyDestructionRay","IllusionStar+1"],"picked":"SKIP","floor":35},{"not_picked":["EventHorizon+1","GrandCross+1","EarthLightRay+1"],"picked":"SKIP","floor":35},{"not_picked":["ChargeUpSpray+1","WitchOfGreed+1","AsteroidBelt+1"],"picked":"SKIP","floor":37},{"not_picked":["MachineGunSpark","Singularity+1","StarBarrage+1"],"picked":"SKIP","floor":37},{"not_picked":["GalacticHalo+1","UnstableBomb+1"],"picked":"SatelliteIllusion","floor":41},{"not_picked":["WitchOfGreed","AsteroidBelt+1","ChargingUp+1"],"picked":"SKIP","floor":44},{"not_picked":["DeepEcoloBomb","DoubleSpark+1","GasGiant+1"],"picked":"SKIP","floor":44},{"not_picked":["GalacticHalo+1","GasGiant+1","WitchLeyline+1"],"picked":"SKIP","floor":47},{"not_picked":["EnergyFlow+1","SporeBomb+1","BigCrunch+1"],"picked":"SKIP","floor":47},{"not_picked":["6A","PowerUp+1","AlicesGift+1"],"picked":"SKIP","floor":48},{"not_picked":["Robbery","JA","NonDirectionalLaser+1"],"picked":"SKIP","floor":54}],"player_experience":575417,"relics_obtained":[{"floor":7,"key":"testmod-OneHitWonder"},{"floor":9,"key":"testmod-Motorcycle"},{"floor":10,"key":"testmod-FatalChain"},{"floor":22,"key":"Smiling Mask"},{"floor":22,"key":"Toxic Egg 2"},{"floor":23,"key":"AmplifyWand"},{"floor":26,"key":"InkBottle"},{"floor":30,"key":"Ancient Tea Set"},{"floor":36,"key":"Bronze Scales"},{"floor":41,"key":"MealTicket"},{"floor":42,"key":"testmod-IntensifyImprint"},{"floor":43,"key":"Blood Vial"},{"floor":48,"key":"PreservedInsect"},{"floor":54,"key":"testmod-Antiphasic"}],"event_choices":[{"damage_healed":0,"gold_gain":0,"player_choice":"Upgraded","damage_taken":0,"max_hp_gain":0,"max_hp_loss":0,"event_name":"Upgrade Shrine","floor":5,"gold_loss":0,"cards_upgraded":["Moondial"]},{"damage_healed":0,"gold_gain":55,"player_choice":"Gained Gold","damage_taken":0,"max_hp_gain":0,"max_hp_loss":0,"event_name":"Golden Wing","floor":11,"gold_loss":0},{"damage_healed":0,"gold_gain":0,"player_choice":"Paid","damage_taken":0,"relics_obtained":["Red Mask"],"max_hp_gain":0,"max_hp_loss":0,"event_name":"Tomb of Lord Red Mask","floor":39,"gold_loss":2613},{"damage_healed":0,"gold_gain":0,"player_choice":"Fight","damage_taken":0,"max_hp_gain":0,"max_hp_loss":0,"event_name":"Mysterious Sphere","floor":42,"gold_loss":0}],"is_beta":false,"boss_relics":[{"not_picked":["Velvet Choker","testmod-StringDisintegrator"],"picked":"testmod-BatchProcessingSystem"},{"not_picked":["Empty Cage","Pandora\u0027s Box"],"picked":"Tiny House"}],"items_purged_floors":[0,0,0,0,0,0,0,0,0,0,0,0,0,0,0,0,0,38,45],"is_endless":false,"potions_floor_spawned":[4,8,10,14,18,27,30,41,42,48],"ascension_level":9}}