{"host":"y3h3n3f7seyagppx","time":1607822482,"event":{"mods":["AlwaysNeverKeys","BaseMod","Better Vampires","Colored Powertips","DeckTracker","Emptier Cage","Minty Spire (QoL Compilation)","Permanent Neow","Quick Restart","Rare Cards Sparkle","Relic Sorter","Relic Stats","StSLib","Transform Curses"],"gold_per_floor":[10,10,31,52,75,75,109,109,109,144,180,180,180,195,195,290,290,310,335,335,353,369,369,369,369],"floor_reached":24,"playtime":4975,"items_purged":[],"score":416,"play_id":"cac8f435-b4c5-49b3-b4ee-0ee4814f6f1d","local_time":"20201212202122","is_ascension_mode":true,"campfire_choices":[{"data":"Bash","floor":6,"key":"SMITH"},{"data":"Demon Form","floor":8,"key":"SMITH"},{"data":"Shrug It Off","floor":13,"key":"SMITH"},{"data":"Uppercut","floor":15,"key":"SMITH"},{"data":"Pommel Strike","floor":23,"key":"SMITH"}],"circlet_count":0,"master_deck":["AscendersBane","Strike_R","Strike_R","Defend_R","Defend_R","Defend_R","Defend_R","Bash+1","Pommel Strike+1","Shrug It Off+1","Battle Trance","Demon Form+1","Uppercut+1","Sword Boomerang+1","Burning Pact"],"relics":["Burning Blood","Golden Idol","HornCleat","Sundial","Pantograph","Odd Mushroom","Philosopher\u0027s Stone"],"acts_visited":["Exordium","TheCity"],"potions_floor_usage":[7,11,22,24,24],"damage_taken":[{"damage":3,"enemies":"2 Louse","floor":1,"turns":4},{"damage":2,"enemies":"Small Slimes","floor":3,"turns":3},{"damage":1,"enemies":"Cultist","floor":4,"turns":5},{"damage":0,"enemies":"3 Louse","floor":5,"turns":4},{"damage":45,"enemies":"3 Sentries","floor":7,"turns":9},{"damage":7,"enemies":"Lagavulin","floor":10,"turns":6},{"damage":1,"enemies":"The Mushroom Lair","floor":11,"turns":5},{"damage":0,"enemies":"2 Fungi Beasts","floor":14,"turns":5},{"damage":23,"enemies":"The Guardian","floor":16,"turns":10},{"damage":12,"enemies":"2 Thieves","floor":18,"turns":4},{"damage":0,"enemies":"Shell Parasite","floor":19,"turns":4},{"damage":13,"enemies":"Centurion and Healer","floor":21,"turns":5},{"damage":4,"enemies":"Snecko","floor":22,"turns":5},{"damage":69,"enemies":"Slavers","floor":24,"turns":5}],"seed_played":"-1037069283150811799","potions_obtained":[{"floor":3,"key":"SkillPotion"},{"floor":7,"key":"SpeedPotion"},{"floor":10,"key":"DistilledChaos"},{"floor":18,"key":"BloodPotion"},{"floor":19,"key":"Block Potion"},{"floor":22,"key":"EssenceOfSteel"}],"is_trial":false,"path_per_floor":["M","?","M","M","M","R","E","R","T","E","?","?","R","M","R","B",null,"M","M","?","M","M","R","E"],"character_chosen":"IRONCLAD","items_purchased":[],"campfire_rested":0,"item_purchase_floors":[],"current_hp_per_floor":[71,68,68,68,68,68,29,29,29,28,33,33,33,39,39,47,63,57,63,63,56,68,68,0,0],"gold":369,"neow_bonus":"REMOVE_TWO","is_daily":false,"chose_seed":false,"campfire_upgraded":5,"win_rate":0.0,"timestamp":1607822482,"path_taken":["M","?","M","M","M","R","E","R","T","E","?","?","R","?","R","BOSS","M","M","?","M","M","R","E"],"items_purchased_type":[],"build_version":"2020-11-30","purchased_purges":0,"victory":false,"max_hp_per_floor":[75,68,68,68,68,68,68,68,68,68,68,68,68,68,68,68,68,68,68,68,68,68,68,68,68],"relic_stats":{"counters":[14,74],"Golden Idol":72,"Sundial":[16],"Pantograph":25,"obtain_stats":[{"HornCleat":7,"Golden Idol":2,"Sundial":9,"Pantograph":10,"Philosopher\u0027s Stone":17,"Odd Mushroom":11,"Burning Blood":0},{"HornCleat":5,"Golden Idol":1,"Sundial":5,"Pantograph":6,"Philosopher\u0027s Stone":9,"Odd Mushroom":7,"Burning Blood":0},{"HornCleat":25,"Golden Idol":4,"Sundial":25,"Pantograph":31,"Philosopher\u0027s Stone":51,"Odd Mushroom":36,"Burning Blood":0}],"Burning Blood":63},"card_choices":[{"not_picked":["Shockwave","Armaments"],"picked":"Pommel Strike","floor":1},{"not_picked":["True Grit","Headbutt"],"picked":"Shrug It Off","floor":3},{"not_picked":["Sentinel","Perfected Strike"],"picked":"Battle Trance","floor":4},{"not_picked":["Fire Breathing","Sever Soul"],"picked":"Demon Form","floor":5},{"not_picked":["Pummel","Dropkick","Headbutt"],"picked":"SKIP","floor":7},{"not_picked":["Second Wind","Burning Pact","Limit Break"],"picked":"SKIP","floor":10},{"not_picked":["Flame Barrier","Headbutt"],"picked":"Uppercut","floor":14},{"not_picked":["Cleave","Pommel Strike"],"picked":"Sword Boomerang+1","floor":18},{"not_picked":["Heavy Blade","Anger","Headbutt"],"picked":"SKIP","floor":19},{"not_picked":["Thunderclap","Heavy Blade","Warcry"],"picked":"SKIP","floor":21},{"not_picked":["Clash","Wild Strike"],"picked":"Burning Pact","floor":22}],"player_experience":19958316,"relics_obtained":[{"floor":7,"key":"HornCleat"},{"floor":9,"key":"Sundial"},{"floor":10,"key":"Pantograph"},{"floor":11,"key":"Odd Mushroom"}],"event_choices":[{"damage_healed":0,"gold_gain":0,"player_choice":"Lose Max HP","damage_taken":0,"relics_obtained":["Golden Idol"],"max_hp_gain":0,"max_hp_loss":7,"event_name":"Golden Idol","floor":2,"gold_loss":0},{"damage_healed":0,"gold_gain":0,"player_choice":"Fought Mushrooms","damage_taken":0,"max_hp_gain":0,"max_hp_loss":0,"event_name":"Mushrooms","floor":11,"gold_loss":0},{"cards_removed":["Strike_R"],"damage_healed":0,"gold_gain":0,"player_choice":"Offered Basic","damage_taken":0,"max_hp_gain":0,"max_hp_loss":0,"event_name":"Bonfire Elementals","floor":12,"gold_loss":0},{"damage_healed":0,"gold_gain":0,"player_choice":"Ignored","damage_taken":0,"max_hp_gain":0,"max_hp_loss":0,"event_name":"Ghosts","floor":20,"gold_loss":0}],"is_beta":false,"boss_relics":[{"not_picked":["Mark of Pain","SlaversCollar"],"picked":"Philosopher\u0027s Stone"}],"items_purged_floors":[],"is_endless":false,"potions_floor_spawned":[3,7,10,18,19,22],"killed_by":"Slavers","ascension_level":20}}