{"host":"n3m8t1cx3fx4grvs","time":1607863991,"event":{"mods":["BaseMod","Colored Powertips","Minty Spire (QoL Compilation)","Quick Restart","Rare Cards Sparkle","StSLib"],"gold_per_floor":[117,137,155,172,189,222,252,252,252,284,304,314,342,404,404,404,404],"floor_reached":16,"playtime":638,"items_purged":[],"score":211,"play_id":"f2cca086-91d0-49da-b4e2-2fa966e6a50b","local_time":"20201213195311","is_ascension_mode":true,"campfire_choices":[{"data":"Bash","floor":8.0,"key":"SMITH"},{"data":"Berserk","floor":15.0,"key":"SMITH"}],"circlet_count":0,"master_deck":["AscendersBane","Strike_R","Strike_R","Strike_R","Strike_R","Strike_R","Defend_R","Defend_R","Defend_R","Defend_R","Bash+1","Twin Strike","Whirlwind","Thunderclap","Reckless Charge","Armaments","Cleave","Flex","Body Slam","Rampage","Berserk+1","Body Slam"],"relics":["Burning Blood","Anchor","Odd Mushroom","Pear","Strawberry","Peace Pipe"],"acts_visited":[],"potions_floor_usage":[16,16],"damage_taken":[{"damage":17.0,"enemies":"Small Slimes","floor":1.0,"turns":4.0},{"damage":2.0,"enemies":"Jaw Worm","floor":2.0,"turns":3.0},{"damage":6.0,"enemies":"Cultist","floor":3.0,"turns":3.0},{"damage":0.0,"enemies":"Lots of Slimes","floor":4.0,"turns":1.0},{"damage":18.0,"enemies":"Red Slaver","floor":5.0,"turns":3.0},{"damage":5.0,"enemies":"Gremlin Nob","floor":6.0,"turns":3.0},{"damage":0.0,"enemies":"The Mushroom Lair","floor":7.0,"turns":2.0},{"damage":48.0,"enemies":"Lagavulin","floor":10.0,"turns":7.0},{"damage":4.0,"enemies":"3 Louse","floor":11.0,"turns":2.0},{"damage":0.0,"enemies":"2 Fungi Beasts","floor":12.0,"turns":2.0},{"damage":31.0,"enemies":"Gremlin Nob","floor":13.0,"turns":4.0},{"damage":36,"enemies":"The Guardian","floor":16,"turns":5}],"seed_played":"1036663714616223535","potions_obtained":[{"floor":1.0,"key":"Strength Potion"},{"floor":4.0,"key":"Fire Potion"},{"floor":7.0,"key":"FearPotion"},{"floor":10.0,"key":"BlessingOfTheForge"}],"is_trial":false,"path_per_floor":["M","M","M","M","M","E","?","R","T","E","M","M","E","?","R","B"],"character_chosen":"IRONCLAD","items_purchased":[],"campfire_rested":0,"item_purchase_floors":[],"current_hp_per_floor":[69,73,73,79,67,68,74,74,84,49,51,57,32,32,32,0,0],"gold":404,"neow_bonus":"TEN_PERCENT_HP_BONUS","is_daily":false,"chose_seed":false,"campfire_upgraded":2,"win_rate":0.0,"timestamp":1607863991,"path_taken":["M","M","M","M","M","E","?","R","T","E","M","M","E","?","R","BOSS"],"items_purchased_type":[],"build_version":"2020-11-30","purchased_purges":0,"victory":false,"max_hp_per_floor":[88,88,88,88,88,88,88,88,98,105,105,105,105,105,105,105,105],"card_choices":[{"not_picked":["Sentinel","Iron Wave"],"picked":"Twin Strike","floor":1.0},{"not_picked":["Clothesline","Inflame"],"picked":"Whirlwind","floor":2.0},{"not_picked":["True Grit","Headbutt"],"picked":"Thunderclap","floor":3.0},{"not_picked":["Clash","True Grit"],"picked":"Reckless Charge","floor":4.0},{"not_picked":["Rampage","Sever Soul"],"picked":"Armaments","floor":5.0},{"not_picked":["Impervious","Armaments"],"picked":"Cleave","floor":6.0},{"not_picked":["Intimidate","Sentinel"],"picked":"Flex","floor":7.0},{"not_picked":["Warcry","Armaments"],"picked":"Body Slam","floor":10.0},{"not_picked":["Thunderclap","Evolve"],"picked":"Rampage","floor":11.0},{"not_picked":["Flex","Bloodletting"],"picked":"Berserk","floor":12.0},{"not_picked":["Sentinel","Clash"],"picked":"Body Slam","floor":13.0}],"player_experience":437868,"relics_obtained":[{"floor":6.0,"key":"Anchor"},{"floor":7.0,"key":"Odd Mushroom"},{"floor":9.0,"key":"Pear"},{"floor":10.0,"key":"Strawberry"},{"floor":13.0,"key":"Peace Pipe"}],"event_choices":[{"damage_healed":0.0,"max_hp_gain":0.0,"max_hp_loss":0.0,"gold_gain":0.0,"event_name":"Mushrooms","player_choice":"Fought Mushrooms","floor":7.0,"gold_loss":0.0,"damage_taken":0.0},{"damage_healed":0.0,"max_hp_gain":0.0,"max_hp_loss":0.0,"gold_gain":62.0,"event_name":"Golden Wing","player_choice":"Gained Gold","floor":14.0,"gold_loss":0.0,"damage_taken":0.0}],"is_beta":false,"boss_relics":[],"items_purged_floors":[],"is_endless":false,"potions_floor_spawned":[1,4,7,10],"killed_by":"The Guardian","ascension_level":10}}