{"host":"dl5mjdlimopbuch5","time":1607903007,"event":{"mods":["AchievementEnabler","BaseMod","Colored Powertips","Googly Eyes","Minty Spire (QoL Compilation)","Quick Restart"],"gold_per_floor":[116,127,139,159,159,159,159,159,183,195,233,256,268,307,319,430,442,469,481,493,208,208,208,208,208,254,271,290,389,405,415,415,515,515,527,527,378,378,392,392,412,412,412,440,184,198,213,225,225,225,225],"floor_reached":50,"playtime":1204,"items_purged":[],"score":593,"play_id":"e0b76d69-03ed-4538-a8bd-c5e9d7238949","local_time":"20201213234327","is_ascension_mode":true,"campfire_choices":[{"data":"BattleHymn","floor":6,"key":"SMITH"},{"data":"Eruption","floor":8,"key":"SMITH"},{"data":"Tantrum","floor":10,"key":"SMITH"},{"data":"FearNoEvil","floor":15,"key":"SMITH"},{"data":"DeusExMachina","floor":23,"key":"SMITH"},{"data":"Vigilance","floor":25,"key":"SMITH"},{"floor":32,"key":"REST"},{"data":"WheelKick","floor":40,"key":"SMITH"},{"floor":42,"key":"REST"},{"floor":49,"key":"REST"}],"circlet_count":0,"master_deck":["Strike_P+1","Strike_P+1","Strike_P+1","Strike_P+1","Defend_P+1","Defend_P+1","Defend_P+1","Eruption+1","Vigilance+1","Tantrum+1","BattleHymn+1","FearNoEvil+1","WheelKick+1","DeusExMachina+1","Blasphemy","Prostrate+1","BattleHymn+1"],"relics":["HolyWater","NeowsBlessing","GremlinMask","MawBank","Orichalcum","Strawberry","SlaversCollar","Damaru","Strange Spoon","Bag of Marbles","Happy Flower","Sundial","Turnip","DollysMirror"],"acts_visited":["Exordium","TheCity","TheBeyond"],"potions_floor_usage":[11,16,16,27,30,45,47,48,50,50],"damage_taken":[{"damage":0,"enemies":"Cultist","floor":1,"turns":1},{"damage":0,"enemies":"2 Louse","floor":2,"turns":1},{"damage":0,"enemies":"Jaw Worm","floor":3,"turns":1},{"damage":0,"enemies":"Exordium Wildlife","floor":4,"turns":3},{"damage":12,"enemies":"Lagavulin","floor":11,"turns":3},{"damage":0,"enemies":"2 Fungi Beasts","floor":12,"turns":2},{"damage":35,"enemies":"The Guardian","floor":16,"turns":5},{"damage":19,"enemies":"Chosen","floor":18,"turns":2},{"damage":0,"enemies":"Shell Parasite","floor":27,"turns":3},{"damage":3,"enemies":"Centurion and Healer","floor":28,"turns":3},{"damage":0,"enemies":"Snecko","floor":30,"turns":2},{"damage":16,"enemies":"Snake Plant","floor":31,"turns":2},{"damage":26,"enemies":"Automaton","floor":33,"turns":5},{"damage":18,"enemies":"3 Shapes","floor":35,"turns":3},{"damage":0,"enemies":"Orb Walker","floor":39,"turns":2},{"damage":31,"enemies":"Sphere and 2 Shapes","floor":41,"turns":4},{"damage":20,"enemies":"Reptomancer","floor":44,"turns":4},{"damage":6,"enemies":"Spire Growth","floor":46,"turns":3},{"damage":32,"enemies":"Jaw Worm Horde","floor":47,"turns":4},{"damage":5,"enemies":"Transient","floor":48,"turns":5},{"damage":40,"enemies":"Donu and Deca","floor":50,"turns":4}],"seed_played":"-6646285123183342486","potions_obtained":[{"floor":1,"key":"DuplicationPotion"},{"floor":2,"key":"AttackPotion"},{"floor":12,"key":"ColorlessPotion"},{"floor":18,"key":"Fire Potion"},{"floor":27,"key":"Fruit Juice"},{"floor":33,"key":"BottledMiracle"},{"floor":44,"key":"StancePotion"},{"floor":46,"key":"BlessingOfTheForge"},{"floor":47,"key":"Weak Potion"},{"floor":48,"key":"DistilledChaos"}],"is_trial":false,"path_per_floor":["M","M","M","M","$","R","?","R","T","R","E","M","?","T","R","B",null,"M","?","?","$","?","R","?","R","T","M","M","?","M","M","R","B",null,"M","?","$","?","M","R","M","R","T","E","$","M","M","M","R","B"],"character_chosen":"WATCHER","items_purchased":["Damaru","Strange Spoon","Happy Flower","Fruit Juice","DollysMirror"],"campfire_rested":3,"item_purchase_floors":[21,21,37,45,45],"current_hp_per_floor":[72,72,72,72,72,72,72,72,72,72,60,60,60,67,67,32,79,60,60,45,45,73,73,73,73,73,78,75,75,75,59,85,59,89,71,71,71,71,71,71,40,65,65,45,50,44,12,7,34,0,0],"gold":225,"neow_bonus":"THREE_ENEMY_KILL","is_daily":false,"chose_seed":false,"campfire_upgraded":7,"win_rate":0.0,"timestamp":1607903007,"path_taken":["M","?","?","M","?","R","?","R","T","R","E","?","?","?","R","BOSS","M","?","?","$","?","R","?","R","T","M","M","?","M","M","R","BOSS","M","?","$","?","M","R","?","R","T","E","?","M","M","M","R","BOSS"],"items_purchased_type":["Relic","Relic","Relic","Potion","Relic"],"build_version":"2020-11-30","purchased_purges":0,"victory":false,"max_hp_per_floor":[72,72,72,72,72,72,72,72,72,72,72,72,72,79,79,79,79,79,79,84,84,84,84,84,84,84,89,89,89,89,89,89,89,89,89,89,89,85,85,85,85,85,85,85,90,90,90,90,90,90,90],"card_choices":[{"not_picked":["ThirdEye","Study"],"picked":"Tantrum","floor":1},{"not_picked":["PathToVictory","Protect"],"picked":"BattleHymn","floor":2},{"not_picked":["Crescendo","BowlingBash"],"picked":"FearNoEvil","floor":3},{"not_picked":["CutThroughFate","FearNoEvil","Fasting2"],"picked":"SKIP","floor":4},{"not_picked":["PathToVictory","Wireheading"],"picked":"WheelKick","floor":11},{"not_picked":["Adaptation","CrushJoints","WindmillStrike"],"picked":"SKIP","floor":12},{"not_picked":["Establishment","Omniscience"],"picked":"DeusExMachina","floor":16},{"not_picked":["Fasting2","FearNoEvil+1","Evaluate"],"picked":"SKIP","floor":18},{"not_picked":["JustLucky","EmptyBody","Wireheading"],"picked":"SKIP","floor":27},{"not_picked":["Collect","FlurryOfBlows","Worship"],"picked":"SKIP","floor":28},{"not_picked":["Vengeance","FearNoEvil","Crescendo+1"],"picked":"SKIP","floor":30},{"not_picked":["PathToVictory","Consecrate","WheelKick+1"],"picked":"SKIP","floor":31},{"not_picked":["Wish","Establishment"],"picked":"Blasphemy","floor":33},{"not_picked":["Swivel","PathToVictory","ThirdEye+1"],"picked":"SKIP","floor":35},{"not_picked":["Worship+1","TalkToTheHand"],"picked":"Prostrate+1","floor":39},{"not_picked":["EmptyMind+1","PathToVictory","TalkToTheHand"],"picked":"SKIP","floor":41},{"not_picked":["WreathOfFlame+1","Prostrate","Halt+1"],"picked":"SKIP","floor":44},{"not_picked":["EmptyFist","FlyingSleeves+1","TalkToTheHand+1"],"picked":"SKIP","floor":46},{"not_picked":["WindmillStrike+1","Halt","EmptyBody+1"],"picked":"SKIP","floor":47},{"not_picked":["FlurryOfBlows+1","Prostrate+1","CutThroughFate+1"],"picked":"SKIP","floor":48}],"player_experience":218345,"relics_obtained":[{"floor":9,"key":"MawBank"},{"floor":11,"key":"Orichalcum"},{"floor":14,"key":"Strawberry"},{"floor":26,"key":"Bag of Marbles"},{"floor":43,"key":"Sundial"},{"floor":44,"key":"Turnip"}],"event_choices":[{"damage_healed":0,"gold_gain":0,"player_choice":"Trade","damage_taken":0,"relics_obtained":["GremlinMask"],"max_hp_gain":0,"max_hp_loss":0,"event_name":"FaceTrader","floor":7,"gold_loss":0},{"damage_healed":0,"gold_gain":0,"player_choice":"Leave","damage_taken":0,"max_hp_gain":0,"max_hp_loss":0,"event_name":"The Cleric","floor":13,"gold_loss":0},{"damage_healed":0,"gold_gain":0,"player_choice":"Simplicity","damage_taken":0,"max_hp_gain":0,"max_hp_loss":0,"event_name":"Back to Basics","floor":19,"gold_loss":0,"cards_upgraded":["Strike_P","Strike_P","Strike_P","Strike_P","Defend_P","Defend_P","Defend_P","Defend_P"]},{"damage_healed":0,"gold_gain":0,"player_choice":"Shed Blood","damage_taken":20,"max_hp_gain":5,"max_hp_loss":0,"event_name":"Forgotten Altar","floor":20,"gold_loss":0},{"damage_healed":28,"gold_gain":0,"player_choice":"Heal","damage_taken":0,"max_hp_gain":0,"max_hp_loss":0,"event_name":"The Library","floor":22,"gold_loss":0},{"damage_healed":0,"gold_gain":0,"player_choice":"Ignored","damage_taken":0,"max_hp_gain":0,"max_hp_loss":0,"event_name":"Beggar","floor":24,"gold_loss":0},{"damage_healed":0,"gold_gain":99,"player_choice":"Stole From Cult","damage_taken":0,"max_hp_gain":0,"max_hp_loss":0,"event_name":"Nest","floor":29,"gold_loss":0},{"cards_removed":["Defend_P"],"damage_healed":0,"gold_gain":0,"player_choice":"Removed Skill","damage_taken":0,"max_hp_gain":0,"max_hp_loss":0,"event_name":"Falling","floor":36,"gold_loss":0},{"damage_healed":0,"gold_gain":0,"player_choice":"Max HP","damage_taken":0,"max_hp_gain":0,"max_hp_loss":4,"event_name":"Winding Halls","floor":38,"gold_loss":0}],"is_beta":false,"boss_relics":[{"not_picked":["Philosopher\u0027s Stone","Snecko Eye"],"picked":"SlaversCollar"},{"not_picked":["SacredBark","Busted Crown"],"picked":"HolyWater"}],"items_purged_floors":[],"is_endless":false,"potions_floor_spawned":[1,2,12,18,27,33,44,46,47,48],"killed_by":"Donu and Deca","ascension_level":3}}