{"host":"udzsrhbqdxqtlypj","time":1607893698,"event":{"mods":["BaseMod","Minty Spire (QoL Compilation)","Relic Stats"],"gold_per_floor":[20,20,40,40,54,87,87,116,116,132,163,52,52,65,65,160,160,171,270,270,270,287,287,297,325,350,364,364,696,709,743,743,843,843,856,535,551,567,587,620,620,651,730,776,776,776,322,352,352,352,352,352,5,40,40],"floor_reached":56,"playtime":4319,"items_purged":["Strike_G"],"score":1857,"play_id":"d505f080-acea-4c56-9d71-d3475845b65c","local_time":"20201213150818","is_ascension_mode":true,"campfire_choices":[{"data":"Wraith Form v2","floor":7,"key":"SMITH"},{"data":"Acrobatics","floor":13,"key":"SMITH"},{"data":"Eviscerate","floor":15,"key":"SMITH"},{"data":"Calculated Gamble","floor":23,"key":"SMITH"},{"floor":28,"key":"REST"},{"data":"Adrenaline","floor":32,"key":"SMITH"},{"floor":41,"key":"REST"},{"floor":46,"key":"RECALL"},{"data":"Catalyst","floor":49,"key":"SMITH"},{"data":"Burst","floor":52,"key":"SMITH"}],"circlet_count":0,"master_deck":["AscendersBane","Survivor+1","Neutralize","Poisoned Stab+1","Wraith Form v2+1","Caltrops+1","Acrobatics+1","Well Laid Plans+1","Eviscerate+1","Noxious Fumes+1","Corpse Explosion+1","Die Die Die","Envenom+1","Corpse Explosion","Malaise","Tactician","Backstab","Calculated Gamble+1","Adrenaline+1","Envenom+1","Acrobatics","Slice","Adrenaline","Backflip","Backflip","Tools of the Trade+1","Burst+1","Dodge and Roll+1","Corpse Explosion+1","Malaise+1","Calculated Gamble+1","Catalyst+1","Footwork+1","Underhanded Strike","Acrobatics+1","Deadly Poison+1","Leg Sweep+1","Underhanded Strike","Tactician","After Image+1","Backflip"],"relics":["Ring of the Snake","Tingsha","Vajra","Mercury Hourglass","Frozen Egg 2","HornCleat","Regal Pillow","Nloth\u0027s Gift","Torii","Dream Catcher","Old Coin","Blood Vial","Astrolabe","TwistedFunnel","War Paint","Boot","CaptainsWheel","Tough Bandages","PreservedInsect","Bottled Lightning","Bronze Scales"],"acts_visited":["Exordium","TheCity","TheBeyond","TheEnding"],"potions_floor_usage":[11,14,16,30,33,37,37,39,44,50,50,55,55,55],"damage_taken":[{"damage":8,"enemies":"Jaw Worm","floor":1,"turns":7},{"damage":0,"enemies":"Small Slimes","floor":3,"turns":3},{"damage":0,"enemies":"Cultist","floor":5,"turns":3},{"damage":10,"enemies":"Gremlin Nob","floor":6,"turns":3},{"damage":11,"enemies":"Lagavulin","floor":8,"turns":6},{"damage":0,"enemies":"2 Fungi Beasts","floor":10,"turns":3},{"damage":3,"enemies":"3 Sentries","floor":11,"turns":7},{"damage":0,"enemies":"3 Louse","floor":14,"turns":2},{"damage":3,"enemies":"Slime Boss","floor":16,"turns":6},{"damage":0,"enemies":"3 Byrds","floor":18,"turns":2},{"damage":0,"enemies":"Shell Parasite","floor":22,"turns":1},{"damage":3,"enemies":"Shelled Parasite and Fungi","floor":24,"turns":2},{"damage":9,"enemies":"Gremlin Leader","floor":25,"turns":4},{"damage":9,"enemies":"Centurion and Healer","floor":27,"turns":2},{"damage":0,"enemies":"Slavers","floor":29,"turns":1},{"damage":0,"enemies":"Snecko","floor":30,"turns":3},{"damage":20,"enemies":"Gremlin Leader","floor":31,"turns":5},{"damage":5,"enemies":"Champ","floor":33,"turns":8},{"damage":0,"enemies":"Orb Walker","floor":35,"turns":3},{"damage":0,"enemies":"3 Darklings","floor":37,"turns":1},{"damage":0,"enemies":"Spire Growth","floor":38,"turns":5},{"damage":0,"enemies":"4 Shapes","floor":39,"turns":1},{"damage":18,"enemies":"Nemesis","floor":40,"turns":7},{"damage":14,"enemies":"Reptomancer","floor":42,"turns":6},{"damage":0,"enemies":"2 Orb Walkers","floor":44,"turns":2},{"damage":3,"enemies":"Nemesis","floor":48,"turns":5},{"damage":34,"enemies":"Time Eater","floor":50,"turns":9},{"damage":3,"enemies":"Shield and Spear","floor":54,"turns":6},{"damage":7,"enemies":"The Heart","floor":55,"turns":8}],"seed_played":"5461510437126686830","potions_obtained":[{"floor":1,"key":"LiquidMemories"},{"floor":3,"key":"CunningPotion"},{"floor":8,"key":"Explosive Potion"},{"floor":14,"key":"Dexterity Potion"},{"floor":25,"key":"Explosive Potion"},{"floor":29,"key":"Energy Potion"},{"floor":31,"key":"Swift Potion"},{"floor":33,"key":"SmokeBomb"},{"floor":37,"key":"FearPotion"},{"floor":38,"key":"Energy Potion"},{"floor":40,"key":"Block Potion"},{"floor":48,"key":"Energy Potion"}],"is_trial":false,"path_per_floor":["M","?","M","?","M","E","R","E","T","M","E","$","R","M","R","B",null,"M","?","?","?","M","R","M","E","T","M","R","E","M","E","R","B",null,"M","$","M","M","M","E","R","E","T","?","?","R","$","E","R","B",null,"R","$","E","B",null],"character_chosen":"THE_SILENT","items_purchased":["Eviscerate","TwistedFunnel","Catalyst","Footwork+1","Underhanded Strike","Tough Bandages","LiquidBronze","Tactician","Bottled Lightning","SkillPotion","Strength Potion"],"campfire_rested":2,"item_purchase_floors":[12,36,36,36,36,47,47,47,53,53,53],"current_hp_per_floor":[55,55,55,48,48,38,38,27,27,27,24,24,24,24,24,21,58,58,58,58,58,58,58,55,46,46,37,70,70,70,50,50,47,64,66,66,68,70,70,52,70,56,56,58,58,58,58,57,57,25,56,56,56,55,50],"gold":40,"neow_bonus":"ONE_RARE_RELIC","is_daily":false,"chose_seed":false,"campfire_upgraded":7,"win_rate":0.0,"timestamp":1607893698,"path_taken":["M","?","M","?","M","E","R","E","T","M","E","$","R","M","R","BOSS","M","?","?","?","M","R","M","E","T","M","R","E","?","E","R","BOSS","M","$","M","M","M","E","R","E","T","?","?","R","$","E","R","BOSS","R","$","E","BOSS"],"items_purchased_type":["Card","Relic","Card","Card","Card","Relic","Potion","Card","Relic","Potion","Potion"],"build_version":"2020-11-30","purchased_purges":1,"victory":true,"max_hp_per_floor":[70,70,70,70,70,70,70,70,70,70,70,70,70,70,70,70,70,70,70,70,70,70,70,70,70,70,70,70,70,70,70,70,70,70,70,70,70,70,70,70,70,70,70,70,66,66,66,66,66,66,66,66,66,66,66],"relic_stats":{"Regal Pillow":12,"Torii":30,"counters":[29,120],"Astrolabe":["Dodge and Roll","Corpse Explosion","Malaise"],"Tingsha":[525],"PreservedInsect":77,"War Paint":["Survivor","Corpse Explosion"],"Boot":[6],"Mercury Hourglass":[415],"Blood Vial":18,"Dream Catcher":2,"Tough Bandages":[132],"Bronze Scales":[117],"Nloth\u0027s Gift":2,"obtain_stats":[{"TwistedFunnel":36,"Regal Pillow":11,"Torii":25,"Astrolabe":34,"Vajra":4,"Tingsha":0,"PreservedInsect":48,"Frozen Egg 2":8,"War Paint":40,"Boot":42,"Mercury Hourglass":6,"Old Coin":29,"Blood Vial":31,"Dream Catcher":26,"CaptainsWheel":44,"Tough Bandages":47,"HornCleat":9,"Bronze Scales":54,"Pandora\u0027s Box":17,"Nloth\u0027s Gift":21,"Bottled Lightning":53,"Ring of the Snake":0},{"TwistedFunnel":19,"Regal Pillow":7,"Torii":13,"Astrolabe":18,"Vajra":2,"Tingsha":0,"PreservedInsect":26,"Frozen Egg 2":5,"War Paint":23,"Boot":24,"Mercury Hourglass":4,"Old Coin":15,"Blood Vial":17,"Dream Catcher":13,"CaptainsWheel":25,"Tough Bandages":25,"HornCleat":5,"Bronze Scales":28,"Pandora\u0027s Box":9,"Nloth\u0027s Gift":10,"Bottled Lightning":27,"Ring of the Snake":0},{"TwistedFunnel":71,"Regal Pillow":32,"Torii":49,"Astrolabe":68,"Vajra":10,"Tingsha":0,"PreservedInsect":97,"Frozen Egg 2":22,"War Paint":85,"Boot":90,"Mercury Hourglass":16,"Old Coin":52,"Blood Vial":60,"Dream Catcher":49,"CaptainsWheel":92,"Tough Bandages":92,"HornCleat":22,"Bronze Scales":112,"Pandora\u0027s Box":40,"Nloth\u0027s Gift":42,"Bottled Lightning":106,"Ring of the Snake":0}],"Ring of the Snake":[58]},"card_choices":[{"not_picked":["Riddle With Holes","Deadly Poison"],"picked":"Poisoned Stab","floor":1},{"not_picked":["Quick Slash","Skewer"],"picked":"Dagger Throw","floor":3},{"not_picked":["Sucker Punch","Flying Knee"],"picked":"Dagger Throw","floor":5},{"not_picked":["Acrobatics","Concentrate"],"picked":"Wraith Form v2","floor":6},{"not_picked":["Sucker Punch","Deflect"],"picked":"Caltrops+1","floor":8},{"not_picked":["Slice","PiercingWail"],"picked":"Acrobatics","floor":10},{"not_picked":["Choke","Backflip"],"picked":"Well Laid Plans+1","floor":11},{"not_picked":["Cloak And Dagger","Eviscerate"],"picked":"Noxious Fumes+1","floor":14},{"not_picked":["Storm of Steel","Bullet Time"],"picked":"Corpse Explosion","floor":16},{"not_picked":["Bouncing Flask+1","Slice"],"picked":"Calculated Gamble","floor":18},{"not_picked":["Blade Dance+1","Backstab"],"picked":"Acrobatics","floor":22},{"not_picked":["Acrobatics","Outmaneuver+1"],"picked":"Slice","floor":24},{"not_picked":["Blade Dance","Blur+1"],"picked":"Adrenaline","floor":25},{"not_picked":["Sucker Punch","Dagger Spray+1","Skewer"],"picked":"SKIP","floor":27},{"not_picked":["PiercingWail","Escape Plan"],"picked":"Backflip","floor":29},{"not_picked":["Eviscerate","Quick Slash"],"picked":"Backflip","floor":30},{"not_picked":["Caltrops+1","Dodge and Roll+1"],"picked":"Tools of the Trade+1","floor":31},{"not_picked":["Venomology","Die Die Die"],"picked":"Burst","floor":33},{"not_picked":["Poisoned Stab+1","Quick Slash+1"],"picked":"Calculated Gamble+1","floor":35},{"not_picked":["Caltrops+1","Flying Knee+1"],"picked":"Acrobatics+1","floor":37},{"not_picked":["Flechettes+1","Cloak And Dagger","Deflect"],"picked":"SKIP","floor":38},{"not_picked":["Flying Knee+1","Expertise+1","Dodge and Roll"],"picked":"SKIP","floor":39},{"not_picked":["Die Die Die","Flying Knee+1"],"picked":"Deadly Poison+1","floor":40},{"not_picked":["All Out Attack","Dagger Throw+1"],"picked":"Leg Sweep+1","floor":42},{"not_picked":["Dagger Throw","Noxious Fumes+1"],"picked":"Underhanded Strike","floor":44},{"not_picked":["Acrobatics","Die Die Die"],"picked":"After Image+1","floor":48},{"not_picked":["Flying Knee","Skewer+1"],"picked":"Backflip","floor":54}],"player_experience":2610306,"relics_obtained":[{"floor":6,"key":"Mercury Hourglass"},{"floor":8,"key":"Frozen Egg 2"},{"floor":9,"key":"HornCleat"},{"floor":11,"key":"Regal Pillow"},{"floor":25,"key":"Torii"},{"floor":26,"key":"Dream Catcher"},{"floor":29,"key":"Old Coin"},{"floor":31,"key":"Blood Vial"},{"floor":40,"key":"War Paint"},{"floor":42,"key":"Boot"},{"floor":44,"key":"CaptainsWheel"},{"floor":48,"key":"PreservedInsect"},{"floor":54,"key":"Bronze Scales"}],"event_choices":[{"damage_healed":0,"gold_gain":0,"player_choice":"Grow","damage_taken":0,"max_hp_gain":0,"max_hp_loss":0,"event_name":"Living Wall","floor":2,"gold_loss":0,"cards_upgraded":["Poisoned Stab"]},{"damage_healed":0,"gold_gain":0,"player_choice":"Success","damage_taken":7,"relics_obtained":["Vajra"],"max_hp_gain":0,"max_hp_loss":0,"event_name":"Scrap Ooze","floor":4,"gold_loss":0},{"damage_healed":0,"gold_gain":99,"player_choice":"Stole From Cult","damage_taken":0,"max_hp_gain":0,"max_hp_loss":0,"event_name":"Nest","floor":19,"gold_loss":0},{"damage_healed":0,"gold_gain":0,"cards_transformed":["Sucker Punch","Blade Dance"],"player_choice":"Became Test Subject","damage_taken":0,"max_hp_gain":0,"max_hp_loss":0,"event_name":"Drug Dealer","floor":20,"gold_loss":0,"cards_obtained":["Adrenaline","Envenom"]},{"damage_healed":0,"gold_gain":0,"player_choice":"Traded Relic","damage_taken":0,"relics_obtained":["Nloth\u0027s Gift"],"max_hp_gain":0,"max_hp_loss":0,"event_name":"N\u0027loth","floor":21,"relics_lost":["Pandora\u0027s Box"],"gold_loss":0},{"damage_healed":0,"gold_gain":0,"player_choice":"Fight","damage_taken":0,"max_hp_gain":0,"max_hp_loss":0,"event_name":"Mysterious Sphere","floor":44,"gold_loss":0},{"damage_healed":0,"gold_gain":0,"player_choice":"Max HP","damage_taken":0,"max_hp_gain":0,"max_hp_loss":4,"event_name":"Winding Halls","floor":45,"gold_loss":0}],"is_beta":false,"boss_relics":[{"not_picked":["Ectoplasm","SlaversCollar"],"picked":"Pandora\u0027s Box"},{"not_picked":["WristBlade","Tiny House"],"picked":"Astrolabe"}],"items_purged_floors":[12],"is_endless":false,"potions_floor_spawned":[1,3,8,10,14,25,29,31,33,37,38,40,48],"ascension_level":10}}