{"host":"0lnx88jdgcrh6gmr","time":1607891969,"event":{"mods":["2.2 Compatiblity","AchievementEnabler","BaseMod","Beaked The Cultist","Better Note","Better Skull","Better Third Choice","Block Reminder","Colored Map","Displayed Cursed Tome","Glutton Mod","Googly Eyes","Hermit","Highlight Path","Minty Spire (QoL Compilation)","Rare Cards Sparkle","Relic Stats","Shade Mod","Spicy Shops","StSLib","The Construct","The Cursed","The Disciple","The Mystic","The Servant 0.9.4","Unceasing Turn Reminder","everything is the same but u backflip on backflip","slay the spire mod where everything is the same but ironclad has a cowboy hat"],"gold_per_floor":[119,119,138,156,156,187,202,218,218,36,36,55,69,23,23,120,170,183,183,151,162,17,17,17,17,40,40,58,78,91,138,138,233,233,251,265,265,265,16,16,16,16,96,116,116,116,132,149,149,149,149,149,67,67,67],"floor_reached":54,"playtime":3050,"items_purged":[],"score":691,"play_id":"234a2b44-4ebd-49b8-96c5-4fd80fe16f8d","local_time":"20201213133929","is_ascension_mode":false,"campfire_choices":[{"data":"Shrug It Off","floor":11.0,"key":"SMITH"},{"data":"Armaments","floor":15.0,"key":"SMITH"},{"data":"Shrug It Off","floor":23,"key":"SMITH"},{"floor":27,"key":"REST"},{"floor":32,"key":"REST"},{"floor":40,"key":"RECALL"},{"data":"Ghostly Armor","floor":42,"key":"SMITH"},{"floor":49,"key":"REST"},{"data":"Defend_R","floor":52,"key":"SMITH"}],"circlet_count":0,"master_deck":["Strike_R","Strike_R","Strike_R","Strike_R","Defend_R+1","Defend_R","Defend_R+1","Bash+1","Feed","Intimidate+1","Anger","Cleave","Ghostly Armor+1","Shrug It Off+1","Battle Trance","Pommel Strike","Shrug It Off+1","Armaments+1","Impervious","Dropkick","Iron Wave+1","Core Surge","Inflame+1","Uppercut+1","Inflame","Body Slam","Rampage","Bludgeon","Clash+1","Flex+1","Bandage Up","Madness","Madness","Armaments+1","Metallicize","Iron Wave+1","Good Instincts"],"relics":["Burning Blood","Kunai","Orichalcum","Toy Ornithopter","Lee\u0027s Waffle","Tiny House","Bag of Preparation","Enchiridion","War Paint","Pen Nib","Meat on the Bone"],"acts_visited":["Exordium","TheCity","TheBeyond","TheEnding"],"potions_floor_usage":[33,33,33,50,54],"damage_taken":[{"damage":2.0,"enemies":"Small Slimes","floor":1.0,"turns":5.0},{"damage":1.0,"enemies":"2 Louse","floor":3.0,"turns":3.0},{"damage":0.0,"enemies":"Cultist","floor":4.0,"turns":4.0},{"damage":51.0,"enemies":"Lagavulin","floor":6.0,"turns":8.0},{"damage":2.0,"enemies":"Red Slaver","floor":7.0,"turns":4.0},{"damage":9.0,"enemies":"Exordium Wildlife","floor":8.0,"turns":6.0},{"damage":7.0,"enemies":"Exordium Thugs","floor":12.0,"turns":5.0},{"damage":2.0,"enemies":"2 Fungi Beasts","floor":13.0,"turns":3.0},{"damage":12.0,"enemies":"The Guardian","floor":16.0,"turns":19.0},{"damage":13,"enemies":"Shell Parasite","floor":18,"turns":8},{"damage":11,"enemies":"2 Thieves","floor":20,"turns":5},{"damage":22,"enemies":"Snake Plant","floor":21,"turns":5},{"damage":57,"enemies":"Cultist and Chosen","floor":28,"turns":6},{"damage":12,"enemies":"3 Cultists","floor":29,"turns":5},{"damage":5,"enemies":"Shelled Parasite and Fungi","floor":30,"turns":7},{"damage":87,"enemies":"Automaton","floor":33,"turns":11},{"damage":2,"enemies":"Orb Walker","floor":35,"turns":3},{"damage":1,"enemies":"3 Shapes","floor":36,"turns":6},{"damage":30,"enemies":"Sphere and 2 Shapes","floor":44,"turns":7},{"damage":37,"enemies":"Maw","floor":47,"turns":10},{"damage":53,"enemies":"Transient","floor":48,"turns":5},{"damage":138,"enemies":"Time Eater","floor":50,"turns":15},{"damage":145,"enemies":"Shield and Spear","floor":54,"turns":8}],"seed_played":"8901251559285993076","potions_obtained":[{"floor":1.0,"key":"PowerPotion"},{"floor":3.0,"key":"construct:ShiftPotion"},{"floor":7.0,"key":"PowerPotion"},{"floor":17,"key":"Fire Potion"},{"floor":28,"key":"Weak Potion"},{"floor":35,"key":"Regen Potion"},{"floor":36,"key":"construct:ShiftPotion"},{"floor":48,"key":"FairyPotion"}],"is_trial":false,"path_per_floor":["M","?","M","M","?","E","M","M","T","$","R","M","M","$","R","B",null,"M","?","M","M","$","R","?","?","T","R","M","M","M","T","R","B",null,"M","M","?","?","$","R","?","R","T","M","?","?","M","M","R","B",null,"R","$","E"],"character_chosen":"IRONCLAD","items_purchased":["Lee\u0027s Waffle","Pommel Strike","Armaments","Bag of Preparation","Meat on the Bone","Good Instincts"],"campfire_rested":3,"item_purchase_floors":[10,10,14,22,39,53],"current_hp_per_floor":[83,76,84,89,89,44,48,48,48,99,99,101,105,105,105,103,114,107,107,102,86,86,86,86,70,70,104,56,53,57,57,93,27,123,123,126,126,126,126,126,110,110,110,90,90,90,79,48,87,32,130,130,130,0,0],"gold":67,"neow_bonus":"TRANSFORM_CARD","is_daily":false,"chose_seed":false,"campfire_upgraded":5,"win_rate":0.0,"timestamp":1607891969,"path_taken":["M","?","M","M","?","E","M","M","T","$","R","M","?","?","R","BOSS","M","?","M","M","$","R","?","?","T","R","M","M","M","?","R","BOSS","M","M","?","?","$","R","?","R","T","M","?","?","M","M","R","BOSS","R","$","E"],"items_purchased_type":["Relic","Card","Card","Relic","Relic","Card"],"build_version":"2020-11-30","purchased_purges":0,"victory":false,"max_hp_per_floor":[83,83,86,89,89,89,89,92,92,99,99,102,105,105,105,109,114,114,114,114,114,114,114,114,114,114,114,117,120,123,123,123,123,123,123,126,126,126,126,126,126,126,126,126,126,126,130,130,130,130,130,130,130,130,130],"relic_stats":{"Lee\u0027s Waffle":51,"counters":[23,158],"Pen Nib":[12],"Bag of Preparation":[22],"Kunai":[38],"Orichalcum":[114],"War Paint":["Intimidate","Defend_R"],"obtain_stats":[{"Lee\u0027s Waffle":10,"Tiny House":17,"Enchiridion":25,"Pen Nib":31,"Bag of Preparation":22,"Kunai":2,"Orichalcum":6,"War Paint":26,"Burning Blood":0,"Toy Ornithopter":9,"Meat on the Bone":39},{"Lee\u0027s Waffle":6,"Tiny House":9,"Enchiridion":12,"Pen Nib":15,"Bag of Preparation":12,"Kunai":1,"Orichalcum":4,"War Paint":12,"Burning Blood":0,"Toy Ornithopter":6,"Meat on the Bone":18},{"Lee\u0027s Waffle":30,"Tiny House":57,"Enchiridion":75,"Pen Nib":93,"Bag of Preparation":75,"Kunai":5,"Orichalcum":20,"War Paint":75,"Burning Blood":0,"Toy Ornithopter":30,"Meat on the Bone":113}],"Burning Blood":112,"Toy Ornithopter":25,"Meat on the Bone":36},"card_choices":[{"not_picked":["Sever Soul","Perfected Strike"],"picked":"Intimidate","floor":1.0},{"not_picked":["Flex","Flame Barrier"],"picked":"Anger","floor":3.0},{"not_picked":["Disarm","Wild Strike"],"picked":"Cleave","floor":4.0},{"not_picked":["Rupture","Sword Boomerang"],"picked":"Ghostly Armor","floor":6.0},{"not_picked":["Pommel Strike","Metallicize"],"picked":"Shrug It Off","floor":7.0},{"not_picked":["Warcry","Metallicize"],"picked":"Battle Trance","floor":8.0},{"not_picked":["Ghostly Armor","True Grit","Intimidate"],"picked":"SKIP","floor":12.0},{"not_picked":["Pommel Strike","Dual Wield"],"picked":"Shrug It Off","floor":13.0},{"not_picked":["Reaper","Offering"],"picked":"Impervious","floor":16.0},{"not_picked":["Burning Pact","Body Slam"],"picked":"Dropkick","floor":17},{"not_picked":["Fire Breathing","Heavy Blade+1"],"picked":"Iron Wave+1","floor":18},{"not_picked":["Body Slam","Pommel Strike"],"picked":"Inflame+1","floor":20},{"not_picked":["Shrug It Off","Twin Strike+1"],"picked":"Uppercut+1","floor":21},{"not_picked":["Dark Embrace","Rage"],"picked":"Inflame","floor":28},{"not_picked":["Clothesline","Twin Strike"],"picked":"Body Slam","floor":29},{"not_picked":["Flex+1","Combust+1"],"picked":"Rampage","floor":30},{"not_picked":["Exhume","Double Tap"],"picked":"Bludgeon","floor":33},{"not_picked":["Sever Soul","Fire Breathing+1"],"picked":"Clash+1","floor":35},{"not_picked":["Pommel Strike+1","Spot Weakness+1"],"picked":"Flex+1","floor":36},{"not_picked":["Apotheosis","Finesse"],"picked":"Bandage Up","floor":38},{"not_picked":["Wild Strike","Intimidate+1"],"picked":"Armaments+1","floor":44},{"not_picked":["Clash+1","Havoc"],"picked":"Metallicize","floor":47},{"not_picked":["Clothesline+1","Anger+1"],"picked":"Iron Wave+1","floor":48}],"player_experience":186288,"relics_obtained":[{"floor":6.0,"key":"Orichalcum"},{"floor":9.0,"key":"Toy Ornithopter"},{"floor":26,"key":"War Paint"},{"floor":31,"key":"Pen Nib"}],"event_choices":[{"damage_healed":0.0,"max_hp_gain":0.0,"max_hp_loss":0.0,"gold_gain":0.0,"event_name":"betterThird:BetterScrap","player_choice":"Relic ","floor":2.0,"gold_loss":0.0,"damage_taken":7.0,"cards_obtained":["Electrodynamics"]},{"damage_healed":0.0,"max_hp_gain":0.0,"max_hp_loss":0.0,"gold_gain":0.0,"event_name":"Wheel of Change","player_choice":"Full Heal","floor":5.0,"gold_loss":0.0,"damage_taken":0.0},{"cards_removed":["Feed"],"damage_healed":0,"gold_gain":0,"player_choice":"Take \u0026 Give","damage_taken":0,"max_hp_gain":0,"max_hp_loss":0,"event_name":"betterNote:BetterNote","floor":19,"gold_loss":0,"cards_obtained":["Core Surge"]},{"damage_healed":0,"gold_gain":0,"player_choice":"Ignored","damage_taken":0,"max_hp_gain":0,"max_hp_loss":0,"event_name":"The Mausoleum","floor":24,"gold_loss":0},{"damage_healed":0,"gold_gain":0,"player_choice":"Obtained Book","damage_taken":16,"max_hp_gain":0,"max_hp_loss":0,"event_name":"Cursed Tome","floor":25,"gold_loss":0},{"damage_healed":0,"gold_gain":0,"player_choice":"Ignored","damage_taken":0,"max_hp_gain":0,"max_hp_loss":0,"event_name":"Tomb of Lord Red Mask","floor":37,"gold_loss":0},{"damage_healed":0,"gold_gain":0,"player_choice":"Memory 1","damage_taken":0,"max_hp_gain":0,"max_hp_loss":0,"event_name":"SensoryStone","floor":38,"gold_loss":0},{"damage_healed":0,"gold_gain":0,"player_choice":"Embrace Madness","damage_taken":16,"max_hp_gain":0,"max_hp_loss":0,"event_name":"Winding Halls","floor":41,"gold_loss":0,"cards_obtained":["Madness","Madness"]},{"damage_healed":0,"gold_gain":0,"player_choice":"Ignored","damage_taken":0,"max_hp_gain":0,"max_hp_loss":0,"event_name":"Mysterious Sphere","floor":45,"gold_loss":0},{"cards_removed":["Defend_R"],"damage_healed":0,"gold_gain":0,"player_choice":"Removed Skill","damage_taken":0,"max_hp_gain":0,"max_hp_loss":0,"event_name":"Falling","floor":46,"gold_loss":0}],"is_beta":false,"boss_relics":[{"not_picked":["SacredBark","Fusion Hammer"],"picked":"Tiny House"},{"not_picked":["Astrolabe","Runic Pyramid","Mark of Pain"]}],"items_purged_floors":[],"is_endless":false,"potions_floor_spawned":[1,3,7,28,30,35,36,48],"killed_by":"Shield and Spear","ascension_level":0}}