{"host":"bf1tnxyvjw6wp3cl","time":1607829778,"event":{"mods":["AchievementEnabler","BaseMod","Block Reminder","Colored Powertips","Minty Spire (QoL Compilation)","Quick Restart","Relic Stats","StSLib","SuperFastMode"],"gold_per_floor":[118,118,118,131,7,7,39,39,39,58,58,68,68,68,68,166,166,181,181,181,181,201,201,201,201],"floor_reached":24,"playtime":840,"items_purged":[],"score":192,"play_id":"0fc437c1-0312-4c33-9b31-04c8a51f4196","local_time":"20201212222258","is_ascension_mode":false,"campfire_choices":[{"data":"Weave","floor":6,"key":"SMITH"},{"data":"Eruption","floor":8,"key":"SMITH"},{"data":"EmptyMind","floor":11,"key":"SMITH"},{"data":"Nirvana","floor":13,"key":"SMITH"},{"data":"JustLucky","floor":15,"key":"SMITH"}],"circlet_count":0,"master_deck":["Strike_P+1","Strike_P+1","Strike_P+1","Strike_P+1","Defend_P+1","Defend_P+1","Defend_P+1","Eruption+1","Vigilance","EmptyMind+1","InnerPeace","Conclude","JustLucky","Weave+1","InnerPeace","JustLucky+1","Nirvana+1","Blasphemy","CutThroughFate","LikeWater"],"relics":["PureWater","MealTicket","Pantograph","Runic Pyramid","Shovel","GremlinMask"],"acts_visited":["Exordium","TheCity"],"potions_floor_usage":[16,24],"damage_taken":[{"damage":1,"enemies":"Jaw Worm","floor":1,"turns":4},{"damage":6,"enemies":"Cultist","floor":4,"turns":3},{"damage":18,"enemies":"Gremlin Nob","floor":7,"turns":4},{"damage":0,"enemies":"2 Louse","floor":10,"turns":2},{"damage":11,"enemies":"Red Slaver","floor":12,"turns":4},{"damage":33,"enemies":"The Guardian","floor":16,"turns":14},{"damage":19,"enemies":"Shell Parasite","floor":18,"turns":7},{"damage":2,"enemies":"Spheric Guardian","floor":22,"turns":3},{"damage":100052,"enemies":"Slavers","floor":24,"turns":6}],"seed_played":"7407341457962870518","potions_obtained":[{"floor":1,"key":"Fire Potion"},{"floor":7,"key":"Regen Potion"},{"floor":10,"key":"DuplicationPotion"},{"floor":16,"key":"Block Potion"}],"is_trial":false,"path_per_floor":["M","$","?","M","$","R","E","R","T","M","R","M","R","?","R","B",null,"M","T","?","?","M","?","E"],"character_chosen":"WATCHER","items_purchased":["JustLucky","Weave"],"campfire_rested":0,"item_purchase_floors":[5,5],"current_hp_per_floor":[78,78,78,72,72,72,54,54,54,54,54,43,43,43,43,35,79,60,60,60,60,58,58,0,0],"gold":201,"neow_bonus":"TEN_PERCENT_HP_BONUS","is_daily":false,"chose_seed":false,"campfire_upgraded":5,"win_rate":0.0,"timestamp":1607829778,"path_taken":["M","$","?","M","$","R","E","R","T","M","R","?","R","?","R","BOSS","M","?","?","?","M","?","E"],"items_purchased_type":["Card","Card"],"build_version":"2020-11-30","purchased_purges":0,"victory":false,"max_hp_per_floor":[79,79,79,79,79,79,79,79,79,79,79,79,79,79,79,79,79,79,79,79,79,79,79,79,79],"relic_stats":{"Shovel":0,"counters":[9,46],"Pantograph":25,"MealTicket":0,"obtain_stats":[{"Shovel":19,"Pantograph":9,"MealTicket":7,"GremlinMask":23,"PureWater":0,"Runic Pyramid":17},{"Shovel":7,"Pantograph":3,"MealTicket":3,"GremlinMask":8,"PureWater":0,"Runic Pyramid":6},{"Shovel":38,"Pantograph":11,"MealTicket":11,"GremlinMask":41,"PureWater":0,"Runic Pyramid":31}]},"card_choices":[{"not_picked":["Wallop","BowlingBash"],"picked":"EmptyMind","floor":1},{"not_picked":["Perseverance","Protect"],"picked":"Conclude","floor":4},{"not_picked":["Indignation","ThirdEye"],"picked":"InnerPeace","floor":7},{"not_picked":["EmptyBody","PathToVictory"],"picked":"JustLucky","floor":10},{"not_picked":["Pray","Halt"],"picked":"Nirvana","floor":12},{"not_picked":["Brilliance","Judgement"],"picked":"Blasphemy","floor":16},{"not_picked":["BowlingBash","Collect"],"picked":"CutThroughFate","floor":18},{"not_picked":["EmptyBody","Halt"],"picked":"LikeWater","floor":22}],"player_experience":148137,"relics_obtained":[{"floor":7,"key":"MealTicket"},{"floor":9,"key":"Pantograph"},{"floor":19,"key":"Shovel"}],"event_choices":[{"damage_healed":0,"gold_gain":0,"cards_transformed":["Defend_P"],"player_choice":"Transformed","damage_taken":0,"max_hp_gain":0,"max_hp_loss":0,"event_name":"Transmorgrifier","floor":3,"gold_loss":0,"cards_obtained":["InnerPeace"]},{"damage_healed":0,"gold_gain":0,"player_choice":"Bought 0 Potions","damage_taken":0,"max_hp_gain":0,"max_hp_loss":0,"event_name":"The Woman in Blue","floor":14,"gold_loss":0},{"damage_healed":0,"gold_gain":0,"player_choice":"Simplicity","damage_taken":0,"max_hp_gain":0,"max_hp_loss":0,"event_name":"Back to Basics","floor":20,"gold_loss":0,"cards_upgraded":["Strike_P","Strike_P","Strike_P","Strike_P","Defend_P","Defend_P","Defend_P"]},{"damage_healed":0,"gold_gain":0,"player_choice":"Ignored","damage_taken":0,"max_hp_gain":0,"max_hp_loss":0,"event_name":"Ghosts","floor":21,"gold_loss":0},{"damage_healed":0,"gold_gain":0,"player_choice":"Trade","damage_taken":0,"relics_obtained":["GremlinMask"],"max_hp_gain":0,"max_hp_loss":0,"event_name":"FaceTrader","floor":23,"gold_loss":0}],"is_beta":false,"boss_relics":[{"not_picked":["Astrolabe","Calling Bell"],"picked":"Runic Pyramid"}],"items_purged_floors":[],"is_endless":false,"potions_floor_spawned":[1,7,10,16,18],"killed_by":"Slavers","ascension_level":0}}