{"host":"nmjik3bzoelmmajy","time":1607849066,"event":{"mods":["BaseMod","Better Third Choice","Colored Map","DeckTracker","Minty Spire (QoL Compilation)","Quick Restart","Say the Spire","StSLib","SuperFastMode"],"gold_per_floor":[118,118,118,44,54,54,85,85,85,116,135,135,163,163,163,234,234,250,267,290,72,82,82,96,116,116,116,59,72,72,72],"floor_reached":30,"playtime":1400,"items_purged":["Regret"],"score":446,"play_id":"d9d8e570-01eb-417c-a977-744471c325bf","local_time":"20201213174426","is_ascension_mode":true,"campfire_choices":[{"data":"Apotheosis","floor":6,"key":"SMITH"},{"data":"Footwork","floor":8,"key":"SMITH"},{"floor":12,"key":"REST"},{"data":"Neutralize","floor":15,"key":"SMITH"},{"data":"Calculated Gamble","floor":23,"key":"SMITH"},{"floor":27,"key":"REST"}],"circlet_count":0,"master_deck":["AscendersBane","Strike_G+1","Strike_G","Strike_G","Strike_G+1","Strike_G","Defend_G","Defend_G","Defend_G","Defend_G","Defend_G","Survivor","Neutralize+1","Dash","Apotheosis+1","Footwork+1","Flying Knee","Prepared","Well Laid Plans+1","PiercingWail","Venomology","CurseOfTheBell","Footwork","Cloak And Dagger","Accuracy","Backflip","Calculated Gamble+1","Backflip","Acrobatics","After Image"],"relics":["Ring of the Snake","Whetstone","Blue Candle","InkBottle","Singing Bowl","The Specimen","Pear","Calling Bell","Bag of Marbles","Ninja Scroll","Calipers","Orichalcum","Darkstone Periapt"],"acts_visited":["TheCity"],"potions_floor_usage":[7,10,18,19,22,22,24,24,25,30,30],"damage_taken":[{"damage":9,"enemies":"2 Louse","floor":1,"turns":6},{"damage":1,"enemies":"Small Slimes","floor":5,"turns":4},{"damage":17,"enemies":"3 Sentries","floor":7,"turns":8},{"damage":11,"enemies":"Gremlin Nob","floor":10,"turns":5},{"damage":0,"enemies":"Cultist","floor":11,"turns":4},{"damage":2,"enemies":"Lagavulin","floor":13,"turns":7},{"damage":4,"enemies":"Slime Boss","floor":16,"turns":12},{"damage":4,"enemies":"Shell Parasite","floor":18,"turns":8},{"damage":12,"enemies":"2 Thieves","floor":19,"turns":5},{"damage":7,"enemies":"Cultist and Chosen","floor":22,"turns":10},{"damage":25,"enemies":"Sentry and Sphere","floor":24,"turns":8},{"damage":7,"enemies":"Snake Plant","floor":25,"turns":5},{"damage":2,"enemies":"Snecko","floor":29,"turns":8},{"damage":39,"enemies":"Slavers","floor":30,"turns":4}],"seed_played":"-8270225025215277961","potions_obtained":[{"floor":1,"key":"Ancient Potion"},{"floor":5,"key":"LiquidBronze"},{"floor":16,"key":"SteroidPotion"},{"floor":25,"key":"CultistPotion"}],"is_trial":false,"path_per_floor":["M","?","?","$","M","R","E","R","T","E","M","R","E","?","R","B",null,"M","M","T","$","M","R","M","M","T","R","$","M","E"],"character_chosen":"THE_SILENT","items_purchased":["Footwork","Accuracy","Backflip","Acrobatics"],"campfire_rested":2,"item_purchase_floors":[4,21,21,28],"current_hp_per_floor":[50,50,50,50,49,49,32,32,32,21,21,40,48,48,48,44,68,64,52,52,52,45,45,20,15,15,38,38,36,0,0],"gold":72,"neow_bonus":"RANDOM_COMMON_RELIC","is_daily":false,"chose_seed":false,"campfire_upgraded":4,"win_rate":0.0,"timestamp":1607849066,"path_taken":["M","?","?","$","M","R","E","R","T","E","M","R","E","?","R","BOSS","M","M","?","$","M","R","M","M","T","R","$","?","E"],"items_purchased_type":["Card","Card","Card","Card"],"build_version":"2020-11-30","purchased_purges":1,"victory":false,"max_hp_per_floor":[66,66,66,66,66,66,66,66,66,66,66,66,76,76,76,76,76,76,76,76,76,76,76,76,78,78,78,78,78,78,78],"card_choices":[{"not_picked":["Distraction","Quick Slash"],"picked":"Dash","floor":1},{"not_picked":["Dodge and Roll","Slice"],"picked":"Flying Knee","floor":5},{"not_picked":["Dagger Throw","Bane","Quick Slash"],"picked":"SKIP","floor":7},{"not_picked":["Malaise","Bane"],"picked":"Prepared","floor":10},{"not_picked":["Dodge and Roll","Slice"],"picked":"Well Laid Plans","floor":11},{"not_picked":["Deflect","Night Terror"],"picked":"PiercingWail","floor":13},{"not_picked":["Night Terror","A Thousand Cuts"],"picked":"Venomology","floor":16},{"not_picked":["Bane","Concentrate"],"picked":"Footwork","floor":18},{"not_picked":["Quick Slash","Dodge and Roll"],"picked":"Cloak And Dagger","floor":19},{"not_picked":["Endless Agony","Slice"],"picked":"Calculated Gamble","floor":22},{"not_picked":["Dagger Spray+1","Prepared"],"picked":"Backflip","floor":24},{"not_picked":["Dagger Spray","Underhanded Strike","Skewer"],"picked":"Singing Bowl","floor":25},{"not_picked":["Underhanded Strike","Poisoned Stab"],"picked":"After Image","floor":29}],"player_experience":803224,"relics_obtained":[{"floor":7,"key":"InkBottle"},{"floor":9,"key":"Singing Bowl"},{"floor":10,"key":"The Specimen"},{"floor":13,"key":"Pear"},{"floor":17,"key":"Bag of Marbles"},{"floor":17,"key":"Ninja Scroll"},{"floor":17,"key":"Calipers"},{"floor":20,"key":"Orichalcum"},{"floor":26,"key":"Darkstone Periapt"}],"event_choices":[{"damage_healed":50,"gold_gain":0,"player_choice":"Embrace","damage_taken":0,"max_hp_gain":0,"max_hp_loss":66,"event_name":"betterThird:BetterShining","floor":2,"gold_loss":0},{"damage_healed":0,"gold_gain":0,"player_choice":"Box","damage_taken":0,"relics_obtained":["Blue Candle"],"max_hp_gain":0,"max_hp_loss":0,"event_name":"Big Fish","floor":3,"gold_loss":0,"cards_obtained":["Regret"]},{"damage_healed":0,"gold_gain":0,"player_choice":"Upgraded","damage_taken":0,"max_hp_gain":0,"max_hp_loss":0,"event_name":"Upgrade Shrine","floor":14,"gold_loss":0,"cards_upgraded":["Well Laid Plans"]}],"is_beta":false,"boss_relics":[{"not_picked":["SlaversCollar","WristBlade"],"picked":"Calling Bell"}],"items_purged_floors":[21],"is_endless":false,"potions_floor_spawned":[1,5,16,25,29],"killed_by":"Slavers","ascension_level":16}}