{"host":"99ad87xtd5ypi7ii","time":1607902979,"event":{"mods":["BaseMod","Hermit","Highlight Path","Marisa????????","Minty Spire (QoL Compilation)","Robot Space Explorer","StSLib","The Bladedancer","The Construct","The Cursed","The Disciple","The Elementalist","The Gatherer","The Hierophant","The Runesmith","The Servant 0.9.4","TheVacant"],"gold_per_floor":[118,43,43,43,56,56,84,84],"floor_reached":7,"playtime":274,"items_purged":["Writhe"],"score":59,"play_id":"1f6816b0-1e0e-40cb-abb7-73fb39549a42","local_time":"20201214004259","is_ascension_mode":true,"campfire_choices":[{"floor":6,"key":"REST"}],"circlet_count":0,"master_deck":["blademaster:Strike","blademaster:Strike","blademaster:Strike","blademaster:Defend","blademaster:Defend","blademaster:Defend","blademaster:Defend","blademaster:RagingBlow","blademaster:HighVoltage","Secret Weapon","blademaster:DaggerAndCloak","blademaster:DancingEdge","blademaster:Sharpen"],"relics":["blademaster:DancersAmulet","Gremlin Horn","Nunchaku"],"acts_visited":["Exordium"],"potions_floor_usage":[7],"damage_taken":[{"damage":7,"enemies":"Jaw Worm","floor":1,"turns":3},{"damage":0,"enemies":"Small Slimes","floor":5,"turns":3},{"damage":28,"enemies":"Gremlin Nob","floor":7,"turns":4}],"seed_played":"-5079618996683500120","potions_obtained":[{"floor":5,"key":"SteroidPotion"}],"is_trial":false,"path_per_floor":["M","$","?","?","M","R","E"],"character_chosen":"THE_BLADEMASTER","items_purchased":[],"campfire_rested":1,"item_purchase_floors":[],"current_hp_per_floor":[68,68,61,36,36,58,30,30],"gold":84,"neow_bonus":"RANDOM_COLORLESS_2","is_daily":false,"chose_seed":false,"campfire_upgraded":0,"win_rate":0.0,"timestamp":1607902979,"path_taken":["M","$","?","?","M","R","E"],"items_purchased_type":[],"build_version":"2020-11-30","purchased_purges":1,"victory":false,"max_hp_per_floor":[75,75,75,75,75,75,75,75],"card_choices":[{"not_picked":["Transmutation","The Bomb"],"picked":"Secret Weapon","floor":0},{"not_picked":["blademaster:ParryingStrike","blademaster:AspectOfLightning"],"picked":"blademaster:DaggerAndCloak","floor":1},{"not_picked":["blademaster:ChargingUp","blademaster:AspectOfWind"],"picked":"blademaster:DancingEdge","floor":5},{"not_picked":["blademaster:BladeCross","blademaster:Havoc"],"picked":"blademaster:Sharpen","floor":7}],"player_experience":726571,"relics_obtained":[{"floor":7,"key":"Nunchaku"},{"floor":7,"key":"blademaster:BonusComboPerk"}],"event_choices":[{"cards_removed":["blademaster:Strike"],"damage_healed":0,"gold_gain":0,"player_choice":"Card Removal","damage_taken":7,"max_hp_gain":0,"max_hp_loss":0,"event_name":"Golden Wing","floor":3,"gold_loss":0},{"damage_healed":0,"gold_gain":0,"player_choice":"Success","damage_taken":25,"relics_obtained":["Gremlin Horn"],"max_hp_gain":0,"max_hp_loss":0,"event_name":"Scrap Ooze","floor":4,"gold_loss":0}],"is_beta":false,"boss_relics":[],"items_purged_floors":[2],"is_endless":false,"potions_floor_spawned":[5],"killed_by":"Gremlin Nob","ascension_level":4}}