{"host":"nj06ypb01n3s9mn8","time":1607851958,"event":{"mods":["2.2 Compatiblity","BaseMod","Colored Map","Downfall","Highlight Path","Marisa????????","Minty Spire (QoL Compilation)","Replay The Spire","StSLib","The Animator","The Bug Knight","The Necromancer","The Servant 0.9.4","Waifu the Spire"],"gold_per_floor":[99,99,99,111,123,151,198,212,228,228,228],"floor_reached":10,"playtime":712,"items_purged":[],"score":68,"play_id":"b541ec8c-d67c-47af-9dca-a291cca9f3c0","local_time":"20201213063238","is_ascension_mode":false,"campfire_choices":[{"data":"hexamod:Float","floor":1,"key":"SMITH"}],"circlet_count":0,"master_deck":["hexamod:Strike+1","hexamod:Strike+1","hexamod:Strike","hexamod:Strike","hexamod:Defend","hexamod:Defend","hexamod:Defend","hexamod:Defend","hexamod:Sear","hexamod:Float+1","hexamod:RadiantFlame","hexamod:ThirdSeal","hexamod:GhostflameInferno","hexamod:HeatShield","hexamod:GhostOfSpirePresent"],"relics":["hexamod:SpiritBrand","Divine Protection","Ice Cream","Whetstone"],"acts_visited":["Exordium"],"potions_floor_usage":[10,10,10],"damage_taken":[{"damage":0,"enemies":"Small Slimes","floor":4,"turns":3},{"damage":0,"enemies":"Jaw Worm","floor":5,"turns":3},{"damage":55,"enemies":"Gremlin Nob","floor":6,"turns":6},{"damage":0,"enemies":"Cultist","floor":8,"turns":3},{"damage":0,"enemies":"Exordium Wildlife","floor":9,"turns":4},{"damage":6,"enemies":"3 Sentries","floor":10,"turns":4}],"seed_played":"3629836436289165821","potions_obtained":[{"floor":6,"key":"Swift Potion"},{"floor":8,"key":"LiquidMemories"},{"floor":9,"key":"champ:CounterPotion"}],"is_trial":false,"path_per_floor":["R","?","T","M","M","E","T","M","M","E"],"character_chosen":"THE_SPIRIT","items_purchased":[],"campfire_rested":0,"item_purchase_floors":[],"current_hp_per_floor":[77,59,59,59,59,4,4,4,4,0,0],"gold":228,"neow_bonus":"TEN_PERCENT_HP_BONUS","is_daily":false,"chose_seed":false,"campfire_upgraded":1,"win_rate":0.0,"timestamp":1607851958,"path_taken":["R","?","?","M","M","E","T","M","?","E"],"items_purchased_type":[],"build_version":"2020-11-29","purchased_purges":0,"victory":false,"max_hp_per_floor":[77,77,77,77,77,77,77,77,77,77,77],"card_choices":[{"not_picked":["hexamod:BacktrackSmack","hexamod:RainOfEmbers"],"picked":"hexamod:RadiantFlame","floor":4},{"not_picked":["hexamod:DynamicBlow","hexamod:SwordOfDarkness"],"picked":"hexamod:ThirdSeal","floor":5},{"not_picked":["hexamod:NightmareGuise","hexamod:DynamicBlow"],"picked":"hexamod:GhostflameInferno","floor":6},{"not_picked":["hexamod:SpectersWail","hexamod:SpectralAdrenaline","hexamod:GhostOfSpirePast"],"picked":"SKIP","floor":6},{"not_picked":["hexamod:SpectersWail","hexamod:EtherealExpedition"],"picked":"hexamod:HeatShield","floor":8},{"not_picked":["hexamod:HauntingEcho","hexamod:SpectralAdrenaline","hexamod:PhantomFireball"],"picked":"SKIP","floor":8},{"not_picked":["hexamod:GhostOfSpireFuture","hexamod:SpectersWail"],"picked":"hexamod:GhostOfSpirePresent","floor":9},{"not_picked":["hexamod:RainOfEmbers","hexamod:PhantomFireball","hexamod:HeatShield"],"picked":"SKIP","floor":9}],"player_experience":25652,"relics_obtained":[{"floor":3,"key":"Ice Cream"},{"floor":6,"key":"Whetstone"}],"event_choices":[{"damage_healed":0,"gold_gain":0,"player_choice":"Success","damage_taken":18,"relics_obtained":["Divine Protection"],"max_hp_gain":0,"max_hp_loss":0,"event_name":"Scrap Ooze","floor":2,"gold_loss":0}],"is_beta":false,"boss_relics":[],"items_purged_floors":[],"is_endless":false,"potions_floor_spawned":[6,8,9],"killed_by":"3 Sentries","ascension_level":0}}