{"host":"mmvmlqmvbrlj5jge","time":1607831296,"event":{"mods":["Act Like it!","BaseMod","Dota2Spire","Gensokyo","Hallownest","Koishi","Lobotomy","Mari Mod (Legacy)","Mari\u0027s V1 Patch","Minty Spire (QoL Compilation)","MostiFishMod","Pale of the Ancients","Quick Restart","RumiaBox-露米娅的神秘盒子","Spicy Shops","StSLib","TestMod","The Bug Knight","【功能Mod】混沌之环修复补丁","【遗物卡牌】REMEMod","篝火指南"],"gold_per_floor":[113,113,129,129,230,230,230],"floor_reached":6,"playtime":352,"items_purged":[],"score":34,"play_id":"5bf608ce-2e65-4f85-a015-6b3208a9e926","local_time":"20201213114816","is_ascension_mode":false,"campfire_choices":[],"circlet_count":0,"master_deck":["HollowMod:NailStrikeStart","HollowMod:NailStrikeStart","HollowMod:NailStrikeStart","HollowMod:NailStrikeStart","HollowMod:QuickDashStart","HollowMod:QuickDashStart","HollowMod:QuickDashStart","HollowMod:QuickDashStart","HollowMod:FocusHealStart","HollowMod:PogoStrike","testmod-PerfectCombo","MostiFishMod:NightSea","HollowMod:InfectedAttack","testmod-RepeatForm"],"relics":["HollowMod:VesselMask","DaveBox","testmod-TestBox","REME_ComplimentaryCards","PatriotShield","testmod-BouquetWithThorns","Question Card","PrismaticShard","AddBug","SecretRecord"],"acts_visited":["Hallownest:Greenpath","Hallownest:CityofTears"],"potions_floor_usage":[],"damage_taken":[{"damage":0,"enemies":"Hallownest:2_MossCreeps","floor":1,"turns":3},{"damage":0,"enemies":"Hallownest:monsterHuskGuard","floor":3,"turns":1},{"damage":57,"enemies":"Hallownest:BossHornet","floor":5,"turns":4}],"seed_played":"5331720269608386819","potions_obtained":[{"floor":3,"key":"Strength Potion"}],"is_trial":false,"path_per_floor":["M","?","M","?","B",null],"character_chosen":"THE_BUGKNIGHT","items_purchased":[],"campfire_rested":0,"item_purchase_floors":[],"current_hp_per_floor":[75,75,75,75,25,75,75],"gold":230,"neow_bonus":"RANDOM_COLORLESS","is_daily":false,"chose_seed":false,"campfire_upgraded":0,"win_rate":0.0,"timestamp":1607831296,"path_taken":["M","?","?","?","BOSS"],"items_purchased_type":[],"build_version":"2020-11-30","purchased_purges":0,"victory":false,"max_hp_per_floor":[75,75,75,75,75,75,75],"card_choices":[{"not_picked":["testmod-Bloodthirsty","Flash of Steel"],"picked":"testmod-PerfectCombo","floor":0},{"not_picked":["HollowMod:TaintedHusks","HollowMod:ShadowDash"],"picked":"HollowMod:InfectedAttack","floor":1},{"not_picked":["Blur","White Noise","HollowMod:NewLittleFool","Slice"],"picked":"SKIP","floor":3},{"not_picked":["testmod-Collector","MostiFishMod:UltimateDefense","MariMod:Mari_From_Zero"],"picked":"testmod-RepeatForm","floor":5}],"player_experience":88352,"relics_obtained":[{"floor":1,"key":"Question Card"},{"floor":1,"key":"PrismaticShard"},{"floor":1,"key":"AddBug"}],"event_choices":[],"is_beta":false,"boss_relics":[{"not_picked":["testmod-StringDisintegrator","NightmareShop"],"picked":"BirthdayGift-Icosahedron"}],"items_purged_floors":[],"is_endless":false,"potions_floor_spawned":[3],"ascension_level":0}}