{"host":"5uvzo7moqy5vd63g","time":1607900589,"event":{"mods":["Aspiration","BaseMod","Conspire","Dio Mod","Downfall","Hermit","Hubris","Jedi Mod","Jorbs\u0027s Wanderer Trilogy","Mimic Mod","Minty Spire (QoL Compilation)","Replay The Spire","StSLib","The Animator","Wandering Minibosses"],"gold_per_floor":[112,112,37,57,67,99,49,49,75,75,110,122,157,157,157,174,174,277,277,297,309,209,209],"floor_reached":22,"playtime":1420,"items_purged":["Regret","Pain"],"score":255,"play_id":"ae3ba4cc-264c-4dcd-ab0e-391215276fa2","local_time":"20201213180309","is_ascension_mode":true,"campfire_choices":[{"data":"animator:Pride","floor":8,"key":"SMITH"}],"circlet_count":0,"master_deck":["animator:Strike_TenSura","animator:Defend_TenSura","animator:Strike","animator:Strike","animator:Defend","animator:Defend","animator:Defend","animator:Benimaru","animator:Shuna+1","animator:RoyMustang","animator:RoyMustang","animator:WinryRockbell","animator:Pride+1","animator:ElricAlphonse","animator:ElricEdward","animator:MaesHughes","animator:Gluttony","animator:DolaStephanie+1"],"relics":["animator:LivingPicture","animator:TheMissingPiece","animator:PurgingStone","jedi:matchstick","Paper Frog","WarpedTongs","Dream Catcher","ReplayTheSpireMod:Lightbulb","hubris:VirtuousBlindfold","Philosopher\u0027s Stone"],"acts_visited":["Exordium","TheCity"],"potions_floor_usage":[6,18,18],"damage_taken":[{"damage":0,"enemies":"conspire:RoseBush","floor":1,"turns":4},{"damage":4,"enemies":"Small Slimes","floor":4,"turns":3},{"damage":0,"enemies":"Cultist","floor":5,"turns":3},{"damage":19,"enemies":"3 Sentries","floor":6,"turns":3},{"damage":8,"enemies":"Replay:BlueRogue","floor":11,"turns":5},{"damage":0,"enemies":"Large Slime","floor":12,"turns":4},{"damage":17,"enemies":"Lagavulin","floor":13,"turns":5},{"damage":5,"enemies":"Looter","floor":16,"turns":3},{"damage":37,"enemies":"The Guardian","floor":18,"turns":8},{"damage":21,"enemies":"Spheric Guardian","floor":20,"turns":5},{"damage":14,"enemies":"2 Thieves","floor":21,"turns":3}],"seed_played":"5727848685388506425","potions_obtained":[{"floor":1,"key":"champ:CounterPotion"},{"floor":4,"key":"sneckomod:MuddlingPotion"},{"floor":12,"key":"AttackPotion"},{"floor":13,"key":"SpeedPotion"},{"floor":20,"key":"LiquidBronze"},{"floor":21,"key":"Reflective Coating"}],"is_trial":false,"path_per_floor":["M","?","$","M","M","E","?","R","T","?","E","M","E","PTL","PTL","M","R","B",null,"M","M","$"],"character_chosen":"THE_ANIMATOR","items_purchased":[],"campfire_rested":0,"item_purchase_floors":[],"current_hp_per_floor":[72,72,72,68,68,49,49,49,49,49,41,41,24,24,24,19,40,7,56,20,10,10,10],"gold":209,"neow_bonus":"TEN_PERCENT_HP_BONUS","is_daily":false,"chose_seed":false,"campfire_upgraded":1,"win_rate":0.0,"timestamp":1607900589,"path_taken":["M","?","$","M","M","E","?","R","T","?","E","M","E","PTL","PTL","M","R","BOSS","M","?","$"],"items_purchased_type":[],"build_version":"2020-11-30","purchased_purges":2,"victory":false,"max_hp_per_floor":[72,72,72,72,72,72,72,72,72,72,72,72,72,72,72,72,72,72,72,41,41,41,41],"card_choices":[{"not_picked":["animator:Evileye","animator:Layla"],"picked":"animator:RoyMustang","floor":1},{"not_picked":["animator:Pride","animator:Viivi"],"picked":"animator:RoyMustang","floor":4},{"not_picked":["animator:Darkness","animator:LeleiLaLalena"],"picked":"animator:WinryRockbell","floor":5},{"not_picked":["animator:Gluttony","animator:Scar"],"picked":"animator:Pride","floor":6},{"not_picked":["animator:Biyorigo","animator:FielNirvalen"],"picked":"animator:ElricAlphonse","floor":11},{"not_picked":["animator:ChaikaBohdan","animator:Sebas"],"picked":"animator:ElricEdward","floor":12},{"not_picked":["animator:Sloth","animator:RoyMustang"],"picked":"animator:MaesHughes","floor":13},{"not_picked":["animator:Sloth","animator:WinryRockbell"],"picked":"animator:Gluttony","floor":16},{"not_picked":["animator:Shizu","animator:PinaCoLada"],"picked":"animator:Father","floor":18},{"not_picked":["animator:Kaijin","animator:TsurugaMeisai+1"],"picked":"animator:DolaStephanie+1","floor":20},{"not_picked":["animator:DolaSchwi+1","animator:Kuribayashi","animator:Souei"],"picked":"SKIP","floor":21}],"player_experience":1278674,"relics_obtained":[{"floor":6,"key":"Paper Frog"},{"floor":11,"key":"Dream Catcher"},{"floor":13,"key":"ReplayTheSpireMod:Lightbulb"}],"event_choices":[{"damage_healed":0,"gold_gain":0,"player_choice":"Box","damage_taken":0,"relics_obtained":["jedi:matchstick"],"max_hp_gain":0,"max_hp_loss":0,"event_name":"Big Fish","floor":2,"gold_loss":0,"cards_obtained":["Regret"]},{"cards_removed":["animator:Strike"],"damage_healed":0,"gold_gain":0,"player_choice":"Card Removal","damage_taken":0,"max_hp_gain":0,"max_hp_loss":0,"event_name":"The Cleric","floor":7,"gold_loss":50},{"damage_healed":0,"gold_gain":0,"player_choice":"Rummage","damage_taken":0,"relics_obtained":["WarpedTongs"],"max_hp_gain":0,"max_hp_loss":0,"event_name":"Accursed Blacksmith","floor":10,"gold_loss":0,"cards_obtained":["Pain"]}],"is_beta":false,"boss_relics":[{"not_picked":["ReplayTheSpireMod:DimensionalGlitch","aspiration:SecretTechniqueScroll"],"picked":"hubris:VirtuousBlindfold"}],"items_purged_floors":[3,22],"is_endless":false,"potions_floor_spawned":[1,4,12,13,16,20,21],"ascension_level":5}}