{"host":"i9wanet4r0ff4t9y","time":1607866866,"event":{"mods":["2.2 Compatiblity","Act Like it!","BaseMod","Better Altar","Better Match","Better Note","Better Sensory Stone","Better Skull","Better Third Choice","Better Vampires","BetterRewards","CapriCore","Downfall","Minty Spire (QoL Compilation)","READ ME - Guardian Mod","READ ME - Snecko Mod","Relic Stats","Replay The Spire","Spicy Shops","StSLib","The Disciple","Waifu the Spire"],"gold_per_floor":[110,110,110,110,38,38,67,67,67,67,79,79,95,115,115,219,219,236,236,252,31,31,60,60,60,60,70,70,98,110,128,128,229,229,245,265,283,299,318,336,336,347,347,377,397,408,15,32,32,32,32,32,6,40,40],"floor_reached":56,"playtime":2398,"items_purged":[],"score":1673,"play_id":"ec921fb2-6583-420a-bfdf-2a4318c3d243","local_time":"20201213144106","is_ascension_mode":false,"campfire_choices":[{"data":"Accuracy","floor":6,"key":"SMITH"},{"floor":8,"key":"REST"},{"data":"Catalyst","floor":12,"key":"SMITH"},{"floor":15,"key":"REST"},{"floor":24,"key":"RECALL"},{"data":"Adrenaline","floor":28,"key":"SMITH"},{"data":"Blade Dance","floor":32,"key":"SMITH"},{"data":"Cloak And Dagger","floor":41,"key":"SMITH"},{"floor":49,"key":"REST"},{"data":"Replay:SS_hec_1","floor":52,"key":"SMITH"}],"circlet_count":0,"master_deck":["Strike_G","Strike_G","Strike_G","Strike_G","Strike_G","Defend_G","Defend_G+1","Defend_G","Defend_G+1","Defend_G","Neutralize","Footwork+1","Cloak And Dagger+1","m_Survivalism","Accuracy+1","Envenom+1","Catalyst+1","Bouncing Flask","Adrenaline+1","Cloak And Dagger+1","Cloak And Dagger+1","Draining Mist+1","Terror","Apotheosis+1","Corpse Explosion","Blade Dance+1","Flying Knee+1","Atom Bomb","Infinite Blades+1","Footwork+1","Catalyst","Cloak And Dagger+1","Well Laid Plans+1","Toxin Wave+1","Accuracy","Replay:SS_hec_1+1","Toxin Wave","Regret"],"relics":["Ring of the Serpent","Dead Branch","Tough Bandages","HandDrill","ReplayTheSpireMod:Shallot","Turnip","Singing Bowl","ReplayTheSpireMod:TigerMarble","Membership Card","Lizard Tail","War Paint","Garlic","Painkiller Herb","Bag of Marbles","Counterbalance","TwistedFunnel","Anchor","Medical Kit","StoneCalendar","Onion Ring"],"acts_visited":["Exordium","TheCity","TheBeyond","TheEnding"],"potions_floor_usage":[7,27,33,37,37,40,44,50,50,50,55,55],"damage_taken":[{"damage":0.0,"enemies":"Jaw Worm","floor":1.0,"turns":4.0},{"damage":13,"enemies":"Gremlin Nob","floor":7,"turns":5},{"damage":7,"enemies":"2 Louse","floor":11,"turns":2},{"damage":0,"enemies":"Small Slimes","floor":13,"turns":3},{"damage":0,"enemies":"Blue Slaver","floor":14,"turns":3},{"damage":18,"enemies":"Fading Forest","floor":16,"turns":11},{"damage":1,"enemies":"3 Byrds","floor":18,"turns":5},{"damage":0,"enemies":"Chosen","floor":20,"turns":1},{"damage":0,"enemies":"Gremlin Leader","floor":23,"turns":6},{"damage":5,"enemies":"3 Cultists","floor":27,"turns":4},{"damage":2,"enemies":"Book of Stabbing","floor":29,"turns":5},{"damage":0,"enemies":"Snake Plant","floor":30,"turns":3},{"damage":5,"enemies":"Chosen and Byrds","floor":31,"turns":6},{"damage":0,"enemies":"Automaton","floor":33,"turns":5},{"damage":8,"enemies":"3 Darklings","floor":35,"turns":3},{"damage":0,"enemies":"3 Shapes","floor":36,"turns":2},{"damage":0,"enemies":"Writhing Mass","floor":37,"turns":4},{"damage":0,"enemies":"Jaw Worm Horde","floor":38,"turns":4},{"damage":0,"enemies":"3 Darklings","floor":39,"turns":2},{"damage":9,"enemies":"Spire Growth","floor":40,"turns":3},{"damage":0,"enemies":"Jaw Worm Horde","floor":42,"turns":4},{"damage":16,"enemies":"Reptomancer","floor":44,"turns":4},{"damage":0,"enemies":"Maw","floor":45,"turns":6},{"damage":0,"enemies":"Sphere and 2 Shapes","floor":46,"turns":2},{"damage":3,"enemies":"Writhing Mass","floor":48,"turns":4},{"damage":25,"enemies":"Donu and Deca","floor":50,"turns":6},{"damage":4,"enemies":"Shield and Spear","floor":54,"turns":3},{"damage":49,"enemies":"The Heart","floor":55,"turns":9}],"seed_played":"-9175268248297732095","potions_obtained":[{"floor":1.0,"key":"Block Potion"},{"floor":16,"key":"FearPotion"},{"floor":23,"key":"Strength Potion"},{"floor":31,"key":"Energy Potion"},{"floor":35,"key":"Energy Potion"},{"floor":36,"key":"Ancient Potion"},{"floor":39,"key":"EssenceOfSteel"},{"floor":40,"key":"Toxic Potion"},{"floor":42,"key":"Elixir"},{"floor":48,"key":"Swift Potion"},{"floor":54,"key":"champ:CounterPotion"}],"is_trial":false,"path_per_floor":["M","?","?","?","$","R","E","R","T","?","M","R","M","M","R","B",null,"M","?","M","$","$","E","R","?","T","M","R","E","M","M","R","B",null,"?","?","?","?","?","?","T","?","T","E","?","?","T","?","T","B",null,"T","T","E","B",null],"character_chosen":"THE_SILENT","items_purchased":["Dead Branch","Tough Bandages","HandDrill","ReplayTheSpireMod:Shallot","Footwork","Accuracy","Membership Card","Draining Mist+1","Counterbalance","TwistedFunnel","Accuracy","Replay:SS_hec_1","Toxin Wave","Anchor","Medical Kit","StoneCalendar","Energy Potion"],"campfire_rested":3,"item_purchase_floors":[0,0,0,0,0,5,21,21,47,47,47,47,47,47,47,53,53],"current_hp_per_floor":[39,39,39,39,39,39,26,47,47,40,33,33,33,35,56,48,72,71,71,71,71,71,71,71,71,71,66,66,64,64,61,61,61,74,66,66,68,70,70,61,61,61,61,47,49,49,49,48,73,48,84,84,84,82,33],"gold":40,"neow_bonus":"","is_daily":false,"chose_seed":false,"campfire_upgraded":6,"win_rate":0.0,"timestamp":1607866866,"path_taken":["M","?","?","?","?","R","E","R","T","?","?","R","M","M","R","BOSS","M","?","M","?","$","E","R","?","T","M","R","E","M","M","R","BOSS","?","?","?","?","?","?","T","?","T","E","?","?","T","?","T","BOSS","T","T","E","BOSS"],"items_purchased_type":["Relic","Relic","Relic","Relic","Card","Card","Relic","Card","Relic","Relic","Card","Card","Card","Relic","Relic","Relic","Potion"],"build_version":"2020-11-30","purchased_purges":0,"victory":true,"max_hp_per_floor":[70,70,70,70,70,70,70,70,70,70,70,70,70,72,72,72,72,72,72,72,72,72,72,72,72,72,72,72,72,72,74,74,74,74,74,74,76,78,78,78,78,78,78,80,82,82,82,84,84,84,84,84,84,86,86],"relic_stats":{"Tough Bandages":[294],"Lizard Tail":0,"Singing Bowl":16,"counters":[154,556],"Dead Branch":[343],"StoneCalendar":[89],"Turnip":[10],"HandDrill":[92],"War Paint":["Defend_G","Defend_G"],"Medical Kit":[4],"obtain_stats":[{"TwistedFunnel":0,"Replay:Accelerometer":42,"Whetstone":24,"Sling":0,"Boot":23,"Replay:Wanted Poster":17,"Sundial":43,"Replay:Bronze Core":17,"MealTicket":7,"Replay:Bottled Flurry":27,"HandDrill":30,"Pear":44,"ReplayTheSpireMod:Ring of Addiction":46,"Counterbalance":47,"Pen Nib":37,"Akabeko":13,"Ring of the Serpent":17,"Singing Bowl":9,"Painkiller Herb":34,"StoneCalendar":53,"Bag of Preparation":6,"Replay:Multitool":27,"Ancient Tea Set":25,"Cursed Key":34,"Smiling Mask":45,"Pet Ghost":9,"BranchBurnRelic":15,"Ring of Fangs":46,"Matryoshka":27,"WristBlade":17,"Ninja Scroll":21,"Chemical X":37,"Ring of Panic":5,"InkBottle":44,"Ring of the Snake":0,"Lee\u0027s Waffle":0,"NeowsBlessing":0,"Circlet":0,"Thread and Needle":26,"betterThird:NestCultRelic":21,"The Courier":45,"Omamori":9,"Frozen Egg 2":26,"MawBank":2,"Ornamental Fan":36,"betterThird:SlimedRelic":2,"Turnip":7,"Art of War":26,"Garlic":29,"ReplayTheSpireMod:Onyx Gauntlets":17,"Toy Ornithopter":46,"Tiny House":34,"CeramicFish":8,"Vajra":22,"Centennial Puzzle":43,"Lizard Tail":47,"Strawberry":37,"Honey Jar":34,"Philosopher\u0027s Stone":17,"Prayer Wheel":0,"Toxic Egg 2":26,"Happy Flower":43,"ReplayTheSpireMod:CursedCoin":24,"Dead Branch":0,"Replay:Grab Bag":17,"Oddly Smooth Stone":20,"Ring of Chaos":34,"Replay:Kaleidoscope":0,"War Paint":26,"WarpedTongs":29,"Replay:Baseball":11,"Bottled Flame":30,"ReplayTheSpireMod:Shallot":11,"Shuriken":9,"Onion Ring":40,"Black Star":17,"ReplayTheSpireMod:TigerMarble":0,"Pocketwatch":44,"Darkstone Periapt":0,"SacredBark":46,"Snake Skull":25,"Juzu Bracelet":0,"Incense Burner":28,"ClockworkSouvenir":25,"Nunchaku":9,"Replay:Bandana":43,"Tough Bandages":0,"Chameleon Ring":0,"Mummified Hand":37,"Pantograph":37,"Gambling Chip":36,"Tiny Chest":0,"Red Mask":19,"Gremlin Food":30,"BargainBundle":53,"ReplayTheSpireMod:Ninjato":7,"Guide Book":37,"Quantum Egg":30,"Replay:WaspNest":37,"Orichalcum":5,"Odd Mushroom":10,"Medical Kit":47,"Anchor":23,"CaptainsWheel":37,"Pondfish Scales":54,"Bag of Marbles":44,"Membership Card":0,"ReplayTheSpireMod:ShopPack":0},{"TwistedFunnel":76,"Replay:Accelerometer":122,"Whetstone":61,"Sling":26,"Boot":113,"Replay:Wanted Poster":84,"Sundial":70,"Replay:Bronze Core":34,"MealTicket":53,"Replay:Bottled Flurry":39,"HandDrill":41,"Pear":71,"ReplayTheSpireMod:Ring of Addiction":48,"Counterbalance":150,"Pen Nib":66,"Akabeko":7,"Ring of the Serpent":132,"Singing Bowl":128,"Painkiller Herb":140,"StoneCalendar":152,"Bag of Preparation":3,"Replay:Multitool":39,"Ancient Tea Set":15,"Cursed Key":18,"Smiling Mask":97,"Pet Ghost":105,"BranchBurnRelic":33,"Ring of Fangs":48,"Matryoshka":89,"WristBlade":58,"Ninja Scroll":59,"Chemical X":66,"Ring of Panic":104,"InkBottle":71,"Ring of the Snake":0,"Lee\u0027s Waffle":49,"NeowsBlessing":0,"Circlet":0,"Thread and Needle":37,"betterThird:NestCultRelic":36,"The Courier":48,"Omamori":4,"Frozen Egg 2":88,"MawBank":1,"Ornamental Fan":93,"betterThird:SlimedRelic":102,"Turnip":128,"Art of War":15,"Garlic":137,"ReplayTheSpireMod:Onyx Gauntlets":58,"Toy Ornithopter":48,"Tiny House":43,"CeramicFish":80,"Vajra":12,"Centennial Puzzle":22,"Lizard Tail":24,"Strawberry":45,"Honey Jar":117,"Philosopher\u0027s Stone":9,"Prayer Wheel":49,"Toxic Egg 2":113,"Happy Flower":122,"ReplayTheSpireMod:CursedCoin":113,"Dead Branch":26,"Replay:Grab Bag":58,"Oddly Smooth Stone":110,"Ring of Chaos":92,"Replay:Kaleidoscope":26,"War Paint":135,"WarpedTongs":62,"Replay:Baseball":31,"Bottled Flame":90,"ReplayTheSpireMod:Shallot":31,"Shuriken":80,"Onion Ring":69,"Black Star":58,"ReplayTheSpireMod:TigerMarble":101,"Pocketwatch":23,"Darkstone Periapt":49,"SacredBark":48,"Snake Skull":37,"Juzu Bracelet":26,"Incense Burner":40,"ClockworkSouvenir":37,"Nunchaku":30,"Replay:Bandana":97,"Tough Bandages":126,"Chameleon Ring":76,"Mummified Hand":66,"Pantograph":66,"Gambling Chip":119,"Tiny Chest":76,"Red Mask":11,"Gremlin Food":41,"BargainBundle":75,"ReplayTheSpireMod:Ninjato":80,"Guide Book":45,"Quantum Egg":63,"Replay:WaspNest":119,"Orichalcum":28,"Odd Mushroom":31,"Medical Kit":150,"Anchor":13,"CaptainsWheel":20,"Pondfish Scales":76,"Bag of Marbles":148,"Membership Card":26,"ReplayTheSpireMod:ShopPack":101},{"TwistedFunnel":283,"Replay:Accelerometer":422,"Whetstone":237,"Sling":101,"Boot":394,"Replay:Wanted Poster":313,"Sundial":265,"Replay:Bronze Core":127,"MealTicket":209,"Replay:Bottled Flurry":144,"HandDrill":153,"Pear":268,"ReplayTheSpireMod:Ring of Addiction":186,"Counterbalance":534,"Pen Nib":253,"Akabeko":19,"Ring of the Serpent":465,"Singing Bowl":446,"Painkiller Herb":500,"StoneCalendar":544,"Bag of Preparation":3,"Replay:Multitool":144,"Ancient Tea Set":54,"Cursed Key":66,"Smiling Mask":346,"Pet Ghost":367,"BranchBurnRelic":118,"Ring of Fangs":186,"Matryoshka":324,"WristBlade":230,"Ninja Scroll":232,"Chemical X":253,"Ring of Panic":365,"InkBottle":268,"Ring of the Snake":0,"Lee\u0027s Waffle":194,"NeowsBlessing":0,"Circlet":0,"Thread and Needle":137,"betterThird:NestCultRelic":133,"The Courier":186,"Omamori":7,"Frozen Egg 2":320,"MawBank":1,"Ornamental Fan":335,"betterThird:SlimedRelic":361,"Turnip":446,"Art of War":54,"Garlic":486,"ReplayTheSpireMod:Onyx Gauntlets":230,"Toy Ornithopter":186,"Tiny House":164,"CeramicFish":298,"Vajra":42,"Centennial Puzzle":78,"Lizard Tail":88,"Strawberry":173,"Honey Jar":408,"Philosopher\u0027s Stone":30,"Prayer Wheel":194,"Toxic Egg 2":394,"Happy Flower":422,"ReplayTheSpireMod:CursedCoin":394,"Dead Branch":101,"Replay:Grab Bag":230,"Oddly Smooth Stone":381,"Ring of Chaos":332,"Replay:Kaleidoscope":101,"War Paint":477,"WarpedTongs":240,"Replay:Baseball":114,"Bottled Flame":326,"ReplayTheSpireMod:Shallot":114,"Shuriken":298,"Onion Ring":262,"Black Star":230,"ReplayTheSpireMod:TigerMarble":360,"Pocketwatch":83,"Darkstone Periapt":194,"SacredBark":186,"Snake Skull":137,"Juzu Bracelet":101,"Incense Burner":148,"ClockworkSouvenir":137,"Nunchaku":111,"Replay:Bandana":346,"Tough Bandages":437,"Chameleon Ring":283,"Mummified Hand":253,"Pantograph":253,"Gambling Chip":415,"Tiny Chest":283,"Red Mask":38,"Gremlin Food":153,"BargainBundle":280,"ReplayTheSpireMod:Ninjato":298,"Guide Book":173,"Quantum Egg":243,"Replay:WaspNest":415,"Orichalcum":106,"Odd Mushroom":114,"Medical Kit":534,"Anchor":46,"CaptainsWheel":72,"Pondfish Scales":283,"Bag of Marbles":526,"Membership Card":101,"ReplayTheSpireMod:ShopPack":360}]},"card_choices":[{"not_picked":["Hidden Blade","Outmaneuver"],"picked":"Cloak And Dagger","floor":1.0},{"not_picked":["PiercingWail","Underhanded Strike"],"picked":"Envenom","floor":7},{"not_picked":["Predator","Fluid Movement"],"picked":"Catalyst","floor":11},{"not_picked":["Quick Slash","Backflip"],"picked":"Bouncing Flask","floor":13},{"not_picked":["Slice","Acrobatics","Backflip"],"picked":"Singing Bowl","floor":14},{"not_picked":["Tools of the Trade","A Thousand Cuts"],"picked":"Adrenaline","floor":16},{"not_picked":["ReplayTheSpireMod:Tripwire","Distraction"],"picked":"Cloak And Dagger+1","floor":18},{"not_picked":["Flechettes","ReplayTheSpireMod:Exploit Weakness"],"picked":"Cloak And Dagger","floor":20},{"not_picked":["Underhanded Strike","Sneak Up+1"],"picked":"Terror","floor":23},{"not_picked":["Dagger Throw","Quick Slash+1"],"picked":"Corpse Explosion","floor":27},{"not_picked":["Dodge and Roll","ReplayTheSpireMod:Tripwire"],"picked":"Blade Dance","floor":29},{"not_picked":["Concentrate+1","Backflip"],"picked":"Flying Knee+1","floor":30},{"not_picked":["Dagger Throw","Backflip+1","Slice"],"picked":"Singing Bowl","floor":31},{"not_picked":["Venomology","A Thousand Cuts"],"picked":"Atom Bomb","floor":33},{"not_picked":["Dash","Dagger Throw"],"picked":"Infinite Blades+1","floor":35},{"not_picked":["Dodge and Roll","Bane"],"picked":"Footwork+1","floor":36},{"not_picked":["Underhanded Strike+1","Dodge and Roll+1","Terror+1"],"picked":"Singing Bowl","floor":37},{"not_picked":["PiercingWail","Sucker Punch+1","Deadly Poison+1"],"picked":"Singing Bowl","floor":38},{"not_picked":["Tools of the Trade","Acrobatics+1"],"picked":"Catalyst","floor":39},{"not_picked":["Outmaneuver+1","Flying Knee+1"],"picked":"Cloak And Dagger+1","floor":40},{"not_picked":["Acrobatics","Deflect+1"],"picked":"Well Laid Plans+1","floor":42},{"not_picked":["Phantasmal Killer","Dagger Spray","Replay:Poison Smokescreen+1"],"picked":"Singing Bowl","floor":44},{"not_picked":["Sucker Punch","Prepared+1","Dagger Throw"],"picked":"Singing Bowl","floor":45},{"not_picked":["Outmaneuver","Eviscerate"],"picked":"Toxin Wave+1","floor":46},{"not_picked":["Underhanded Strike+1","Malaise","Hidden Blade"],"picked":"Singing Bowl","floor":48},{"not_picked":["Deadly Poison+1","Slice","Dodge and Roll"],"picked":"Singing Bowl","floor":54}],"player_experience":339246,"relics_obtained":[{"floor":7,"key":"Turnip"},{"floor":9,"key":"Singing Bowl"},{"floor":23,"key":"Lizard Tail"},{"floor":26,"key":"War Paint"},{"floor":29,"key":"Garlic"},{"floor":44,"key":"Bag of Marbles"},{"floor":54,"key":"Onion Ring"}],"event_choices":[{"damage_healed":0.0,"max_hp_gain":0.0,"max_hp_loss":0.0,"gold_gain":0.0,"event_name":"Living Wall","player_choice":"Grow","floor":2.0,"gold_loss":0.0,"damage_taken":0.0,"cards_upgraded":["Cloak And Dagger"]},{"damage_healed":0,"gold_gain":0,"player_choice":"Relic ","damage_taken":7,"max_hp_gain":0,"max_hp_loss":0,"event_name":"betterThird:BetterScrap","floor":10,"gold_loss":0,"cards_obtained":["Tempest"]},{"damage_healed":0,"gold_gain":0,"player_choice":"Upgraded","damage_taken":0,"max_hp_gain":0,"max_hp_loss":0,"event_name":"Upgrade Shrine","floor":19,"gold_loss":0,"cards_upgraded":["Envenom"]},{"cards_removed":["Envenom"],"damage_healed":0,"gold_gain":0,"player_choice":"Take \u0026 Give","damage_taken":0,"max_hp_gain":0,"max_hp_loss":0,"event_name":"betterNote:BetterNote","floor":25,"gold_loss":0,"cards_obtained":["Apotheosis"]}],"is_beta":false,"boss_relics":[{"not_picked":["Replay:Wanted Poster","Astrolabe"],"picked":"Ring of the Serpent"},{"not_picked":["Sozu","Snecko Eye"],"picked":"Painkiller Herb"}],"items_purged_floors":[],"is_endless":false,"potions_floor_spawned":[1,16,23,31,35,36,39,40,42,48,54],"ascension_level":0}}