{"host":"cxizwatl5v7zq6a5","time":1607825815,"event":{"mods":["AchievementEnabler","Act Like it!","BaseMod","Colored Map","Colored Powertips","Downfall","Friendly Minions","Gensokyo","Hermit","Hubris","Infinite Spire","Marisa????????","Minty Spire (QoL Compilation)","Quick Restart","READ ME - Guardian Mod","Rare Cards Sparkle","Remilia??????","Replay The Spire","StSLib","The Cursed","The Jungle","The Servant 0.9.4"],"gold_per_floor":[117,134,219,244,244,279,279,306,306,306,316,316,316,316,316,21,21,122,122,141,121,121,138,138,138,138,138],"floor_reached":26,"playtime":864,"items_purged":[],"score":235,"play_id":"66c58b21-f7fc-435a-8547-5ab5eb2971d5","local_time":"20201213101655","is_ascension_mode":false,"campfire_choices":[{"floor":10,"key":"DIG"},{"floor":12,"key":"REST"},{"floor":15,"key":"DIG"},{"data":"hermit:FullyLoaded","floor":17,"key":"SMITH"},{"floor":25,"key":"REST"}],"circlet_count":0,"master_deck":["hermit:Strike_Hermit","hermit:Strike_Hermit","hermit:Strike_Hermit+1","hermit:Strike_Hermit","hermit:Defend_Hermit","hermit:Defend_Hermit","hermit:Defend_Hermit","hermit:Defend_Hermit","hermit:Snapshot","hermit:Covet","hermit:Spite","hermit:FlashPowder","hermit:Headshot","hermit:HoleUp","hermit:SprayPray","hermit:CalledShot","hermit:Desperado","hermit:FullyLoaded+1","hermit:TakeAim","hermit:RoundhouseKick","hermit:Ricochet+1","hermit:Cheat"],"relics":["hermit:Momento","NeowsBlessing","Happy Flower","hubris:Icosahedron","infinitespire:FocusingShard","Shovel","Gambling Chip","hubris:OldNail","Counterbalance","infinitespire:WardingShard","Black Star","hubris:Towel"],"acts_visited":["Exordium","TheCity"],"potions_floor_usage":[18,18],"damage_taken":[{"damage":0,"enemies":"Jaw Worm","floor":1,"turns":1},{"damage":0,"enemies":"2 Louse","floor":2,"turns":1},{"damage":0,"enemies":"3 Sentries","floor":6,"turns":2},{"damage":31,"enemies":"Gremlin Nob","floor":8,"turns":4},{"damage":5,"enemies":"Small Slimes","floor":11,"turns":2},{"damage":55,"enemies":"Fading Forest","floor":18,"turns":11},{"damage":36,"enemies":"Shell Parasite","floor":20,"turns":5},{"damage":12,"enemies":"Chosen","floor":23,"turns":7},{"damage":49,"enemies":"Snake Plant","floor":26,"turns":5}],"seed_played":"4407554911890259722","potions_obtained":[{"floor":1,"key":"DistilledChaos"},{"floor":8,"key":"Strength Potion"},{"floor":21,"key":"Guardian:BlockOnCardUsePotion"},{"floor":23,"key":"sneckomod:MuddlingPotion"}],"is_trial":false,"path_per_floor":["M","M","?","T","?","E","?","E","T","R","M","R","PTL","PTL","R","$","R","B",null,"M","?","$","M","?","R","M"],"character_chosen":"HERMIT","items_purchased":["hermit:TakeAim","infinitespire:WardingShard"],"campfire_rested":2,"item_purchase_floors":[16,16],"current_hp_per_floor":[75,75,75,75,75,75,75,44,44,44,39,61,61,61,61,61,61,24,75,39,39,39,27,27,49,0,0],"gold":138,"neow_bonus":"THREE_ENEMY_KILL","is_daily":false,"chose_seed":false,"campfire_upgraded":1,"win_rate":0.0,"timestamp":1607825815,"path_taken":["M","M","?","?","?","E","?","E","T","R","M","R","PTL","PTL","R","$","R","BOSS","M","?","?","M","?","R","M"],"items_purchased_type":["Card","Relic"],"build_version":"2020-11-30","purchased_purges":0,"victory":false,"max_hp_per_floor":[75,75,75,75,75,75,75,75,75,75,75,75,75,75,75,75,75,75,75,75,75,75,75,75,75,75,75],"card_choices":[{"not_picked":["hermit:WideOpen","hermit:HoleUp"],"picked":"hermit:Spite","floor":1},{"not_picked":["hermit:Roulette","hermit:Feint"],"picked":"hermit:FlashPowder","floor":2},{"not_picked":["hermit:Feint","hermit:TrackingShot"],"picked":"hermit:Headshot","floor":3},{"not_picked":["hermit:WideOpen","hermit:Midnight"],"picked":"hermit:HoleUp","floor":3},{"not_picked":["hermit:Snipe","hermit:Feint"],"picked":"hermit:SprayPray","floor":3},{"not_picked":["hermit:Manifest","hermit:SprayPray"],"picked":"hermit:CalledShot","floor":6},{"not_picked":["hermit:TrackingShot","hermit:GoldenBullet"],"picked":"hermit:Desperado","floor":8},{"not_picked":["hermit:Enervate","hermit:Virtue"],"picked":"hermit:FullyLoaded","floor":11},{"not_picked":["hermit:FinalCanter","hermit:BlackWind"],"picked":"hermit:RoundhouseKick","floor":18},{"not_picked":["hermit:HighCaliber","hermit:Deadeye"],"picked":"hermit:Ricochet+1","floor":20},{"not_picked":["hermit:Manifest","hermit:ShadowCloak"],"picked":"hermit:Cheat","floor":23}],"player_experience":102822,"relics_obtained":[{"floor":4,"key":"Happy Flower"},{"floor":6,"key":"infinitespire:FocusingShard"},{"floor":8,"key":"Shovel"},{"floor":9,"key":"Gambling Chip"},{"floor":10,"key":"hubris:OldNail"},{"floor":15,"key":"Counterbalance"}],"event_choices":[{"damage_healed":0,"gold_gain":0,"player_choice":"Upgraded","damage_taken":0,"max_hp_gain":0,"max_hp_loss":0,"event_name":"Upgrade Shrine","floor":7,"gold_loss":0,"cards_upgraded":["hermit:Strike_Hermit"]},{"damage_healed":0,"gold_gain":0,"player_choice":"Bought 1 Potion","damage_taken":0,"max_hp_gain":0,"max_hp_loss":0,"event_name":"The Woman in Blue","floor":21,"gold_loss":0}],"is_beta":false,"boss_relics":[{"not_picked":["Replay:Fungal Core","hubris:Stopwatch"],"picked":"Black Star"}],"items_purged_floors":[],"is_endless":false,"potions_floor_spawned":[1,8,23],"killed_by":"Snake Plant","ascension_level":0}}