{"host":"6z6y4ky8uzsz1dpj","time":1607818506,"event":{"mods":["2.2 Compatiblity","BaseMod","BetterRewards","Challenge The Spire","Colored Map","Hubris","Minty Spire (QoL Compilation)","Quick Restart","Replay The Spire","StSLib","The Construct","The Cursed","The Hierophant","The Necromancer","The Poker Player","The Servant 0.9.4"],"gold_per_floor":[119,28,39,114,124,149,163,188,188,206,220,220,220,252,252,348,348,367,9,41,60,60,89,89,124,124,177,234,280,338,394,394,426,426],"floor_reached":33,"playtime":2183,"items_purged":["Strike_G","Strike_G"],"score":593,"play_id":"c9c02b6e-0a6e-4828-9b90-c323a2e5c99f","local_time":"20201212191506","is_ascension_mode":true,"campfire_choices":[{"floor":13.0,"key":"REST"},{"data":"Prepared","floor":15.0,"key":"SMITH"},{"data":"After Image","floor":24.0,"key":"SMITH"},{"data":"Infinite Blades","floor":32,"key":"SMITH"}],"circlet_count":0,"master_deck":["Strike_G","Strike_G","Strike_G","Defend_G","Defend_G","Defend_G","Defend_G","Defend_G","Survivor","Neutralize","Blade Dance","Underhanded Strike","Dagger Throw","Blade Dance","Blade Dance","Prepared+1","Dodge and Roll","hubris:SlightOfHand","hubris:Sniper","Acrobatics","Prepared","After Image+1","Blade Dance","Hidden Blade","Escape Plan+1","ReplayTheSpireMod:Shiv Toss+1","Infinite Blades+1","Burst"],"relics":["Ring of the Snake","Tough Bandages","hubris:DeckOfHolding","Replay:WaspNest","Byrd Skull","hubris:Icosahedron","Anchor","construct:ClawGrip","Ninja Scroll","Red Mask","hubris:BottledHeart","construct:FoamFinger","Replay:Bandana","Torii","Tiny Chest"],"acts_visited":["Exordium","TheCity"],"potions_floor_usage":[],"damage_taken":[{"damage":0.0,"enemies":"Jaw Worm","floor":1.0,"turns":2.0},{"damage":3.0,"enemies":"2 Louse","floor":3.0,"turns":2.0},{"damage":12.0,"enemies":"Small Slimes","floor":5.0,"turns":3.0},{"damage":13.0,"enemies":"3 Sentries","floor":6.0,"turns":9.0},{"damage":0.0,"enemies":"Exordium Wildlife","floor":7.0,"turns":3.0},{"damage":20.0,"enemies":"Lagavulin","floor":8.0,"turns":8.0},{"damage":3.0,"enemies":"2 Fungi Beasts","floor":10.0,"turns":3.0},{"damage":0.0,"enemies":"Gremlin Gang","floor":11.0,"turns":2.0},{"damage":6.0,"enemies":"Gremlin Nob","floor":14.0,"turns":3.0},{"damage":3.0,"enemies":"Fading Forest","floor":16.0,"turns":11.0},{"damage":0.0,"enemies":"Spheric Guardian","floor":18.0,"turns":3.0},{"damage":21.0,"enemies":"Masked Bandits","floor":20.0,"turns":5.0},{"damage":0.0,"enemies":"3 Byrds","floor":21.0,"turns":5.0},{"damage":0.0,"enemies":"Gremlin Leader","floor":23.0,"turns":7.0},{"damage":0.0,"enemies":"Slavers","floor":25.0,"turns":6.0},{"damage":0.0,"enemies":"Snecko","floor":27.0,"turns":4.0},{"damage":0.0,"enemies":"Gremlin Leader","floor":28.0,"turns":6.0},{"damage":0,"enemies":"Centurion and Healer","floor":29,"turns":3},{"damage":0,"enemies":"Chosen and Byrds","floor":30,"turns":4},{"damage":0,"enemies":"3 Cultists","floor":31,"turns":5},{"damage":9,"enemies":"hubris:MusketHawk","floor":33,"turns":6}],"seed_played":"2526391333398046891","potions_obtained":[{"floor":6.0,"key":"SpeedPotion"},{"floor":7.0,"key":"EssenceOfSteel"},{"floor":8.0,"key":"Explosive Potion"},{"floor":14.0,"key":"Poison Potion"},{"floor":16.0,"key":"Fruit Juice"},{"floor":20.0,"key":"DuplicationPotion"},{"floor":23.0,"key":"Weak Potion"},{"floor":27.0,"key":"Toxic Potion"},{"floor":30,"key":"EssenceOfSteel"}],"is_trial":false,"path_per_floor":["M","$","M","?","M","E","M","E","T","M","M","?","R","E","R","B",null,"M","$","?","M","?","E","R","E","T","M","E","M","M","M","R","B"],"character_chosen":"THE_SILENT","items_purchased":["Blade Dance","Underhanded Strike","Dagger Throw","Blade Dance","Ninja Scroll"],"campfire_rested":1,"item_purchase_floors":[0,0,2,2,19],"current_hp_per_floor":[70,70,67,56,44,31,31,11,11,8,8,8,29,23,23,20,58,58,58,42,42,1,1,1,1,1,1,1,1,1,1,1,0,0],"gold":426,"neow_bonus":"","is_daily":false,"chose_seed":false,"campfire_upgraded":3,"win_rate":0.0,"timestamp":1607818506,"path_taken":["M","$","M","?","M","E","M","E","T","M","M","?","R","E","R","BOSS","M","$","?","M","?","E","R","E","T","M","E","M","M","M","R","BOSS"],"items_purchased_type":["Card","Card","Card","Card","Relic"],"build_version":"2020-11-30","purchased_purges":2,"victory":false,"max_hp_per_floor":[70,70,70,70,70,70,70,70,70,70,70,70,70,70,70,70,70,70,70,75,75,1,1,1,1,1,1,1,1,1,1,1,1,1],"card_choices":[{"not_picked":["Replay:Poison Smokescreen","Outmaneuver","Deadly Poison"],"picked":"SKIP","floor":1.0},{"not_picked":["Backstab","Dagger Spray"],"picked":"Prepared","floor":3.0},{"not_picked":["Fluid Movement","Slice"],"picked":"Dodge and Roll","floor":5.0},{"not_picked":["Deflect","Wraith Form v2","Poisoned Stab"],"picked":"SKIP","floor":6.0},{"not_picked":["Setup","Dodge and Roll"],"picked":"hubris:SlightOfHand","floor":7.0},{"not_picked":["Blade Dance","Dagger Spray"],"picked":"hubris:Sniper","floor":8.0},{"not_picked":["Cloak And Dagger","Dagger Spray"],"picked":"Acrobatics","floor":10.0},{"not_picked":["Deflect","Outmaneuver"],"picked":"Prepared","floor":11.0},{"not_picked":["Caltrops","Bane","Sucker Punch"],"picked":"SKIP","floor":14.0},{"not_picked":["Envenom","Poison Darts"],"picked":"After Image","floor":16.0},{"not_picked":["Caltrops+1","PiercingWail+1","Cloak And Dagger"],"picked":"SKIP","floor":18.0},{"not_picked":["Cloak And Dagger","Deadly Poison"],"picked":"Blade Dance","floor":20.0},{"not_picked":["Dodge and Roll+1","Dagger Spray+1"],"picked":"Hidden Blade","floor":21.0},{"not_picked":["Dagger Throw","Doppelganger"],"picked":"Escape Plan+1","floor":23.0},{"not_picked":["Deflect","PiercingWail+1","Blur"],"picked":"SKIP","floor":25.0},{"not_picked":["Heel Hook+1","Cloak And Dagger"],"picked":"ReplayTheSpireMod:Shiv Toss+1","floor":27.0},{"not_picked":["Bouncing Flask","Deflect+1","ReplayTheSpireMod:Tripwire+1"],"picked":"SKIP","floor":28.0},{"not_picked":["hubris:SlightOfHand+1","hubris:Counter+1"],"picked":"Infinite Blades","floor":29},{"not_picked":["Outmaneuver","Slice","Finisher"],"picked":"SKIP","floor":30},{"not_picked":["Tactician","PiercingWail"],"picked":"Burst","floor":31}],"player_experience":178774,"relics_obtained":[{"floor":6.0,"key":"hubris:DeckOfHolding"},{"floor":8.0,"key":"Replay:WaspNest"},{"floor":9.0,"key":"Byrd Skull"},{"floor":14.0,"key":"Anchor"},{"floor":20.0,"key":"Red Mask"},{"floor":23.0,"key":"construct:FoamFinger"},{"floor":25.0,"key":"Replay:Bandana"},{"floor":26.0,"key":"Torii"},{"floor":28.0,"key":"Tiny Chest"}],"event_choices":[{"damage_healed":0.0,"max_hp_gain":0.0,"max_hp_loss":0.0,"gold_gain":75.0,"event_name":"World of Goop","player_choice":"Gather Gold","floor":4.0,"gold_loss":0.0,"damage_taken":11.0},{"damage_healed":0.0,"max_hp_gain":0.0,"max_hp_loss":0.0,"gold_gain":0.0,"event_name":"Masked Bandits","player_choice":"Fought Bandits","floor":20.0,"gold_loss":0.0,"damage_taken":0.0}],"is_beta":false,"boss_relics":[{"not_picked":["Snecko Eye","Calling Bell"],"picked":"construct:ClawGrip"}],"items_purged_floors":[0,19],"is_endless":false,"potions_floor_spawned":[6,7,8,14,16,20,23,27,29,30],"killed_by":"hubris:MusketHawk","ascension_level":5}}