{"host":"lww1aq5xm6g9guev","time":1607841791,"event":{"mods":["Act Like it!","BaseMod","Hallownest","Hermit","Marisa¡]Ãú«B¡@Å]²z¨F¡^","Minty Spire (QoL Compilation)","Rare Cards Sparkle","StSLib","The Bug Knight","The Hierophant","The Jungle","The Poker Player"],"gold_per_floor":[113,113,38,38,51,51,87,123,123,164,164,178,178,218,218,339,402,417,417,437,437,437,437,469,469,492,509,535,535,635,645,645,742,742,757,757,617,633,647,675,675,675,699,699,731,973,991,1019,1019,1205,1205,1205,496,547,627],"floor_reached":56,"playtime":4434,"items_purged":["Strike_MRS","Defend_MRS+1"],"score":1362,"play_id":"008f9363-f2dd-4927-a0c0-0b6ea4f91bbb","local_time":"20201213144311","is_ascension_mode":false,"campfire_choices":[{"data":"FairyDestructionRay","floor":6,"key":"SMITH"},{"data":"MillisecondPulsars","floor":11,"key":"SMITH"},{"floor":13,"key":"RECALL"},{"floor":15,"key":"REST"},{"data":"BinaryStars","floor":23,"key":"SMITH"},{"floor":25,"key":"REST"},{"floor":32,"key":"REST"},{"data":"PropBag","floor":41,"key":"SMITH"},{"data":"SuperNova","floor":44,"key":"SMITH"},{"floor":49,"key":"REST"},{"data":"EscapeVelocity","floor":52,"key":"SMITH"}],"circlet_count":0,"master_deck":["Strike_MRS+1","Strike_MRS+1","Strike_MRS+1","Defend_MRS+1","Defend_MRS+1","Defend_MRS+1","MasterSpark+1","UpSweep+1","FairyDestructionRay+1","Parasite","Parasite","MillisecondPulsars+1","SporeBomb","UltimateShortwave","BinaryStars+1","AsteroidBelt+1","AlicesGift","MysteriousBeam+1","WitchLeyline+1","AlicesGift+1","Singularity+1","SuperNova+1","CurseOfTheBell","PropBag+1","PowerUp+1","BlazeAway+1","Robbery+1","Acceleration","EscapeVelocity+1"],"relics":["MiniHakkero","NeowsBlessing","Bloody Idol","Oddly Smooth Stone","ShroomBag","Mercury Hourglass","Bird Faced Urn","MagicBroom","Tiny House","Dream Catcher","StoneCalendar","Torii","Calling Bell","HollowMod:PaleOreRelic","Letter Opener","Ginger","Shuriken","Nunchaku","Happy Flower","Hallownest:GodTamersBeastRelic","PreservedInsect","SproutingBranch","Pen Nib","Strange Spoon","Strawberry"],"acts_visited":["Exordium","TheCity","Hallownest:KingdomsEdge","TheEnding"],"potions_floor_usage":[16,33,33,33,54,54,55],"damage_taken":[{"damage":0,"enemies":"Cultist","floor":1,"turns":1},{"damage":0,"enemies":"2 Louse","floor":5,"turns":1},{"damage":0,"enemies":"HollowMod:MossKnight","floor":7,"turns":1},{"damage":18,"enemies":"The Mushroom Lair","floor":8,"turns":3},{"damage":3,"enemies":"3 Sentries","floor":10,"turns":5},{"damage":0,"enemies":"Small Slimes","floor":12,"turns":2},{"damage":8,"enemies":"Gremlin Nob","floor":14,"turns":3},{"damage":36,"enemies":"Hexaghost","floor":16,"turns":7},{"damage":14,"enemies":"2 Thieves","floor":18,"turns":2},{"damage":9,"enemies":"Snake Plant","floor":20,"turns":4},{"damage":0,"enemies":"HollowMod:Nosk","floor":24,"turns":4},{"damage":10,"enemies":"Chosen and Byrds","floor":27,"turns":3},{"damage":13,"enemies":"Book of Stabbing","floor":28,"turns":3},{"damage":14,"enemies":"Centurion and Healer","floor":31,"turns":2},{"damage":51,"enemies":"Champ","floor":33,"turns":7},{"damage":0,"enemies":"Hallownest:Shield_Heavy","floor":35,"turns":3},{"damage":15,"enemies":"Hallownest:2_Littles","floor":38,"turns":4},{"damage":0,"enemies":"Hallownest:2_Soldiers_and_1_Guardian","floor":39,"turns":3},{"damage":10,"enemies":"Hallownest:StalkingDevout","floor":40,"turns":6},{"damage":13,"enemies":"Hallownest:eliteHiveKnight","floor":45,"turns":5},{"damage":1,"enemies":"Hallownest:eliteHiveKnight","floor":46,"turns":2},{"damage":9,"enemies":"Hallownest:eliteHiveKnight","floor":46,"turns":3},{"damage":30,"enemies":"Hallownest:eliteHiveKnight","floor":46,"turns":4},{"damage":0,"enemies":"Hallownest:eliteHiveKnight","floor":46,"turns":2},{"damage":29,"enemies":"Hallownest:monsterPrimalAspid","floor":47,"turns":3},{"damage":1,"enemies":"Hallownest:StalkingDevout","floor":48,"turns":3},{"damage":9,"enemies":"Hallownest:Radiance","floor":50,"turns":5},{"damage":24,"enemies":"Shield and Spear","floor":54,"turns":3},{"damage":73,"enemies":"The Heart","floor":55,"turns":7}],"seed_played":"7640108378552395233","potions_obtained":[{"floor":5,"key":"AttackPotion"},{"floor":7,"key":"Block Potion"},{"floor":14,"key":"Weak Potion"},{"floor":17,"key":"HauntedGourdPotion"},{"floor":38,"key":"Swift Potion"},{"floor":39,"key":"Fire Potion"},{"floor":47,"key":"BottledSpark"}],"is_trial":false,"path_per_floor":["M","?","$","?","M","R","E","?","T","E","R","M","R","E","R","B",null,"M","?","M","?","?","R","E","R","T","M","E","T","?","M","R","B",null,"M","?","$","M","M","E","R","?","T","R","E","?","M","E","R","B",null,"R","$","E","B",null],"character_chosen":"MARISA","items_purchased":["PropBag","SproutingBranch","Pen Nib","Strange Spoon"],"campfire_rested":4,"item_purchase_floors":[37,53,53,53],"current_hp_per_floor":[75,57,57,57,57,57,57,39,39,40,40,42,42,40,62,32,80,66,66,68,68,68,68,79,80,80,77,75,75,80,71,80,40,80,80,80,80,78,80,80,80,80,80,80,76,66,46,56,80,80,80,80,80,71,30],"gold":627,"neow_bonus":"THREE_ENEMY_KILL","is_daily":false,"chose_seed":false,"campfire_upgraded":6,"win_rate":0.0,"timestamp":1607841791,"path_taken":["M","?","$","?","M","R","E","?","T","E","R","M","R","E","R","BOSS","M","?","M","?","?","R","E","R","T","M","E","?","?","?","R","BOSS","M","?","$","?","M","E","R","?","T","R","E","?","M","E","R","BOSS","R","$","E","BOSS"],"items_purchased_type":["Card","Relic","Relic","Relic"],"build_version":"2020-11-30","purchased_purges":2,"victory":true,"max_hp_per_floor":[75,75,75,75,75,75,75,75,75,75,75,75,75,75,75,75,80,80,80,80,80,80,80,80,80,80,80,80,80,80,80,80,80,80,80,80,80,80,80,80,80,80,80,80,80,80,80,80,80,80,80,80,80,87,87],"card_choices":[{"not_picked":["DoubleSpark","OneTimeOff","GalacticHalo"],"picked":"SKIP","floor":1},{"not_picked":["Acceleration","OneTimeOff"],"picked":"FairyDestructionRay","floor":5},{"not_picked":["EventHorizon","GasGiant","BlazeAway"],"picked":"SKIP","floor":7},{"not_picked":["GrandCross","PowerUp"],"picked":"MillisecondPulsars","floor":10},{"not_picked":["NonDirectionalLaser","OpenUniverse"],"picked":"SporeBomb","floor":12},{"not_picked":["DeepEcoloBomb","NonDirectionalLaser"],"picked":"UltimateShortwave","floor":14},{"not_picked":["BigCrunch","SuperNova"],"picked":"BinaryStars","floor":16},{"not_picked":["MilkyWay","EscapeVelocity"],"picked":"AsteroidBelt+1","floor":18},{"not_picked":["GalacticHalo","DC"],"picked":"AlicesGift","floor":20},{"not_picked":["LuminesStrike","GravityBeat","Singularity"],"picked":"SKIP","floor":24},{"not_picked":["AlicesGift","DC"],"picked":"MysteriousBeam+1","floor":25},{"not_picked":["DoubleSpark+1","GalacticHalo"],"picked":"WitchLeyline+1","floor":27},{"not_picked":["DoubleSpark","WitchOfGreed"],"picked":"AlicesGift+1","floor":28},{"not_picked":["MysteriousBeam","GalacticHalo+1","EnergyRecoil+1"],"picked":"SKIP","floor":31},{"not_picked":["EarthLightRay","DC"],"picked":"Singularity+1","floor":32},{"not_picked":["ManaRampage","SatelliteIllusion"],"picked":"SuperNova","floor":33},{"not_picked":["DC","MagicChant","UnstableBomb+1"],"picked":"SKIP","floor":35},{"not_picked":["WitchLeyline+1","DC+1"],"picked":"PowerUp+1","floor":38},{"not_picked":["AbsoluteMagnitude","SprinkleStarSeal","ManaConvection"],"picked":"SKIP","floor":39},{"not_picked":["Acceleration+1","GasGiant"],"picked":"BlazeAway+1","floor":40},{"not_picked":["SporeBomb","AsteroidBelt"],"picked":"Robbery+1","floor":45},{"not_picked":["DeepEcoloBomb+1","DoubleSpark","MilkyWay+1"],"picked":"SKIP","floor":47},{"not_picked":["AbsoluteMagnitude","6A+1","DarkMatter"],"picked":"SKIP","floor":48},{"not_picked":["PowerUp","EventHorizon+1"],"picked":"Acceleration","floor":49},{"not_picked":["MillisecondPulsars","ManaRampage"],"picked":"EscapeVelocity","floor":50},{"not_picked":["PulseMagic","DragonMeteor","StarDustReverie"],"picked":"SKIP","floor":54}],"player_experience":114137,"relics_obtained":[{"floor":7,"key":"Oddly Smooth Stone"},{"floor":8,"key":"ShroomBag"},{"floor":9,"key":"Mercury Hourglass"},{"floor":10,"key":"Bird Faced Urn"},{"floor":14,"key":"MagicBroom"},{"floor":24,"key":"Dream Catcher"},{"floor":28,"key":"StoneCalendar"},{"floor":29,"key":"Torii"},{"floor":34,"key":"HollowMod:PaleOreRelic"},{"floor":34,"key":"Letter Opener"},{"floor":34,"key":"Ginger"},{"floor":40,"key":"Shuriken"},{"floor":43,"key":"Nunchaku"},{"floor":45,"key":"Happy Flower"},{"floor":48,"key":"PreservedInsect"},{"floor":54,"key":"Strawberry"}],"event_choices":[{"damage_healed":0,"gold_gain":0,"player_choice":"Take Damage","damage_taken":18,"relics_obtained":["Golden Idol"],"max_hp_gain":0,"max_hp_loss":0,"event_name":"Golden Idol","floor":2,"gold_loss":0},{"damage_healed":0,"gold_gain":0,"player_choice":"Grow","damage_taken":0,"max_hp_gain":0,"max_hp_loss":0,"event_name":"Living Wall","floor":4,"gold_loss":0,"cards_upgraded":["MasterSpark"]},{"damage_healed":0,"gold_gain":0,"player_choice":"Fought Mushrooms","damage_taken":0,"max_hp_gain":0,"max_hp_loss":0,"event_name":"Mushrooms_MRS","floor":8,"gold_loss":0},{"damage_healed":0,"gold_gain":0,"player_choice":"Gave Idol","damage_taken":0,"relics_obtained":["Bloody Idol"],"max_hp_gain":0,"max_hp_loss":0,"event_name":"Forgotten Altar","floor":19,"relics_lost":["Golden Idol"],"gold_loss":0},{"damage_healed":0,"gold_gain":0,"player_choice":"Simplicity","damage_taken":0,"max_hp_gain":0,"max_hp_loss":0,"event_name":"Back to Basics","floor":21,"gold_loss":0,"cards_upgraded":["Strike_MRS","Strike_MRS","Strike_MRS","Defend_MRS","Defend_MRS","Defend_MRS","Defend_MRS"]},{"damage_healed":0,"gold_gain":0,"player_choice":"Ignored","damage_taken":0,"max_hp_gain":0,"max_hp_loss":0,"event_name":"Vampires","floor":22,"gold_loss":0},{"damage_healed":0,"gold_gain":100,"player_choice":"Pray","damage_taken":0,"max_hp_gain":0,"max_hp_loss":0,"event_name":"Golden Shrine","floor":30,"gold_loss":0}],"is_beta":false,"boss_relics":[{"not_picked":["Snecko Eye","Philosopher\u0027s Stone"],"picked":"Tiny House"},{"not_picked":["Runic Pyramid","Busted Crown"],"picked":"Calling Bell"}],"items_purged_floors":[3,37],"is_endless":false,"potions_floor_spawned":[5,7,14,18,20,24,38,39,46,47,48,50],"ascension_level":0}}