{"host":"qrt7o4dq2qslzw13","time":1607887962,"event":{"mods":["AchievementEnabler","BaseMod","Colored Map","Colored Powertips","Minty Spire (QoL Compilation)","Quick Restart","Rare Cards Sparkle","StSLib","SuperFastMode"],"gold_per_floor":[212,3,3,47,86,86,138,181,181,222,267,267,300,300,300,396,396,375,6,42,1,46,46,46,46,46,63,0,0,13,48,48,125,125,141,141,220,235,253,253,19,19,19,61,61,61,78,97,97,122],"floor_reached":51,"playtime":2115,"items_purged":[],"score":1350,"play_id":"460ba3a9-5d0b-4377-88d0-71bda52f2a65","local_time":"20201213143242","is_ascension_mode":true,"campfire_choices":[{"data":"Armaments","floor":6.0,"key":"SMITH"},{"floor":12.0,"key":"REST"},{"floor":15.0,"key":"REST"},{"floor":23.0,"key":"REST"},{"data":"Battle Trance","floor":25.0,"key":"SMITH"},{"data":"Exhume","floor":29.0,"key":"SMITH"},{"floor":32.0,"key":"REST"},{"data":"Shame","floor":40.0,"key":"PURGE"},{"data":"Body Slam","floor":42.0,"key":"SMITH"},{"floor":49.0,"key":"REST"}],"circlet_count":0,"master_deck":["AscendersBane","Strike_R","Strike_R","Strike_R","Defend_R","Defend_R","Defend_R","Bash","Shockwave","HandOfGreed+1","Armaments+1","Flame Barrier+1","Battle Trance+1","Anger","Exhume+1","Dark Embrace+1","Burning Pact+1","Impervious+1","Wild Strike+1","Impervious+1","Hemokinesis+1","Second Wind+1","Apotheosis+1","Corruption+1","Body Slam+1","Inflame+1","Pummel","Feel No Pain+1","Impervious+1","Juggernaut+1","Disarm+1","Jack Of All Trades+1","Power Through+1"],"relics":["Burning Blood","Pen Nib","Frozen Egg 2","Toxic Egg 2","Astrolabe","PreservedInsect","Ornamental Fan","Akabeko","Busted Crown","Peace Pipe","Toy Ornithopter","White Beast Statue"],"acts_visited":["Exordium","TheCity","TheBeyond"],"potions_floor_usage":[50,50],"damage_taken":[{"damage":7.0,"enemies":"Small Slimes","floor":1.0,"turns":4.0},{"damage":4.0,"enemies":"Cultist","floor":4.0,"turns":4.0},{"damage":9.0,"enemies":"Jaw Worm","floor":5.0,"turns":3.0},{"damage":26.0,"enemies":"Lagavulin","floor":7.0,"turns":9.0},{"damage":6.0,"enemies":"Red Slaver","floor":8.0,"turns":5.0},{"damage":0.0,"enemies":"2 Fungi Beasts","floor":10.0,"turns":2.0},{"damage":16.0,"enemies":"Large Slime","floor":11.0,"turns":5.0},{"damage":21.0,"enemies":"Gremlin Nob","floor":13.0,"turns":4.0},{"damage":46.0,"enemies":"Hexaghost","floor":16.0,"turns":10.0},{"damage":13.0,"enemies":"2 Thieves","floor":18.0,"turns":5.0},{"damage":25.0,"enemies":"3 Byrds","floor":20.0,"turns":7.0},{"damage":2.0,"enemies":"Centurion and Healer","floor":22.0,"turns":4.0},{"damage":0.0,"enemies":"Snecko","floor":27.0,"turns":2.0},{"damage":0.0,"enemies":"Sentry and Sphere","floor":30.0,"turns":3.0},{"damage":15.0,"enemies":"Gremlin Leader","floor":31.0,"turns":3.0},{"damage":49.0,"enemies":"Collector","floor":33.0,"turns":6.0},{"damage":0.0,"enemies":"3 Shapes","floor":35.0,"turns":6.0},{"damage":6.0,"enemies":"2 Orb Walkers","floor":37.0,"turns":4.0},{"damage":0.0,"enemies":"3 Darklings","floor":38.0,"turns":4.0},{"damage":4.0,"enemies":"Transient","floor":39.0,"turns":6.0},{"damage":2.0,"enemies":"4 Shapes","floor":44.0,"turns":6.0},{"damage":6.0,"enemies":"3 Darklings","floor":47.0,"turns":6.0},{"damage":9.0,"enemies":"Jaw Worm Horde","floor":48.0,"turns":6.0},{"damage":63,"enemies":"Awakened One","floor":50,"turns":6}],"seed_played":"-3688479571847721688","potions_obtained":[{"floor":5.0,"key":"Explosive Potion"},{"floor":8.0,"key":"Fire Potion"},{"floor":13.0,"key":"EssenceOfSteel"},{"floor":18.0,"key":"FearPotion"},{"floor":22.0,"key":"DistilledChaos"},{"floor":31.0,"key":"Ancient Potion"},{"floor":33.0,"key":"AttackPotion"}],"is_trial":false,"path_per_floor":["M","$","?","M","M","R","E","M","T","M","M","R","E","?","R","B",null,"M","$","M","$","M","R","?","R","T","M","?","R","M","E","R","B",null,"M","?","?","M","M","R","$","R","T","M","T","?","M","M","R","B",null],"character_chosen":"IRONCLAD","items_purchased":["HandOfGreed","Apotheosis+1","Corruption+1","Inflame+1","Jack Of All Trades+1","LiquidMemories","Strength Potion"],"campfire_rested":5,"item_purchase_floors":[2,19,19,21,41,41,41],"current_hp_per_floor":[67,67,67,69,66,66,46,46,46,52,42,64,49,49,71,31,64,57,57,38,38,42,64,64,64,64,70,70,70,75,66,75,32,64,70,70,70,75,75,75,75,75,75,75,75,75,75,72,75,28],"gold":122,"neow_bonus":"HUNDRED_GOLD","is_daily":false,"chose_seed":false,"campfire_upgraded":4,"win_rate":0.0,"timestamp":1607887962,"path_taken":["M","$","?","M","M","R","E","M","T","M","?","R","E","?","R","BOSS","M","?","M","$","M","R","?","R","T","M","?","R","M","E","R","BOSS","M","?","?","M","M","R","$","R","T","M","?","?","M","?","R","BOSS"],"items_purchased_type":["Card","Card","Card","Card","Card","Potion","Potion"],"build_version":"2020-11-30","purchased_purges":0,"victory":true,"max_hp_per_floor":[75,75,75,75,75,75,75,75,75,75,75,75,75,75,75,75,75,75,75,75,75,75,75,75,75,75,75,75,75,75,75,75,75,75,75,75,75,75,75,75,75,75,75,75,75,75,75,75,75,75],"card_choices":[{"not_picked":["Iron Wave","Perfected Strike"],"picked":"Shockwave","floor":1.0},{"not_picked":["Disarm","Heavy Blade"],"picked":"Armaments","floor":4.0},{"not_picked":["Twin Strike","Evolve"],"picked":"Flame Barrier","floor":5.0},{"not_picked":["Havoc","Sword Boomerang"],"picked":"Battle Trance","floor":7.0},{"not_picked":["Uppercut","Heavy Blade"],"picked":"Anger","floor":8.0},{"not_picked":["Blood for Blood","Perfected Strike"],"picked":"Exhume","floor":10.0},{"not_picked":["Warcry","Reckless Charge"],"picked":"Dark Embrace+1","floor":11.0},{"not_picked":["Evolve+1","Whirlwind"],"picked":"Burning Pact+1","floor":13.0},{"not_picked":["Feed","Exhume+1"],"picked":"Impervious+1","floor":16.0},{"not_picked":["Flex+1","Anger"],"picked":"Second Wind+1","floor":18.0},{"not_picked":["Perfected Strike","Clash"],"picked":"Body Slam","floor":20.0},{"not_picked":["Inflame+1","Dropkick"],"picked":"Pummel","floor":22.0},{"not_picked":["Wild Strike","Body Slam","Searing Blow"],"picked":"SKIP","floor":27.0},{"not_picked":["Wild Strike","Body Slam","Searing Blow"],"picked":"SKIP","floor":27.0},{"not_picked":["Pommel Strike","Reckless Charge"],"picked":"Feel No Pain+1","floor":30.0},{"not_picked":["Flex+1","Thunderclap"],"picked":"Impervious+1","floor":31.0},{"not_picked":["Barricade+1","Brutality+1"],"picked":"Juggernaut+1","floor":33.0},{"not_picked":[],"picked":"Disarm+1","floor":35.0},{"not_picked":["Perfected Strike"],"picked":"SKIP","floor":38.0},{"not_picked":["Perfected Strike+1"],"picked":"SKIP","floor":39.0},{"not_picked":[],"picked":"Power Through+1","floor":44.0},{"not_picked":["Wild Strike+1"],"picked":"SKIP","floor":47.0},{"not_picked":["Body Slam"],"picked":"SKIP","floor":48.0}],"player_experience":447811,"relics_obtained":[{"floor":7.0,"key":"Pen Nib"},{"floor":9.0,"key":"Frozen Egg 2"},{"floor":13.0,"key":"Toxic Egg 2"},{"floor":26.0,"key":"Ornamental Fan"},{"floor":31.0,"key":"Akabeko"},{"floor":37.0,"key":"Peace Pipe"},{"floor":43.0,"key":"Toy Ornithopter"},{"floor":45.0,"key":"White Beast Statue"}],"event_choices":[{"damage_healed":0.0,"max_hp_gain":0.0,"max_hp_loss":0.0,"gold_gain":0.0,"event_name":"Upgrade Shrine","player_choice":"Upgraded","floor":3.0,"gold_loss":0.0,"damage_taken":0.0,"cards_upgraded":["HandOfGreed"]},{"damage_healed":0.0,"max_hp_gain":0.0,"max_hp_loss":0.0,"gold_gain":0.0,"event_name":"Accursed Blacksmith","player_choice":"Forge","floor":14.0,"gold_loss":0.0,"damage_taken":0.0,"cards_upgraded":["Flame Barrier"]},{"damage_healed":0.0,"max_hp_gain":0.0,"max_hp_loss":0.0,"gold_gain":0.0,"event_name":"Addict","player_choice":"Stole Relic","floor":24.0,"gold_loss":0.0,"damage_taken":0.0,"relics_obtained":["PreservedInsect"],"cards_obtained":["Shame"]},{"damage_healed":0.0,"max_hp_gain":0.0,"max_hp_loss":0.0,"gold_gain":0.0,"event_name":"Masked Bandits","player_choice":"Paid Fearfully","floor":28.0,"gold_loss":63.0,"damage_taken":0.0},{"damage_healed":0.0,"max_hp_gain":0.0,"max_hp_loss":0.0,"gold_gain":0.0,"event_name":"Tomb of Lord Red Mask","player_choice":"Ignored","floor":36.0,"gold_loss":0.0,"damage_taken":0.0},{"damage_healed":0.0,"max_hp_gain":0.0,"max_hp_loss":0.0,"gold_gain":0.0,"event_name":"Mysterious Sphere","player_choice":"Fight","floor":37.0,"gold_loss":0.0,"damage_taken":0.0},{"damage_healed":0.0,"max_hp_gain":0.0,"max_hp_loss":0.0,"gold_gain":0.0,"event_name":"Transmorgrifier","player_choice":"Ignored","floor":46.0,"gold_loss":0.0,"damage_taken":0.0}],"is_beta":false,"boss_relics":[{"not_picked":["Runic Dome","SacredBark"],"picked":"Astrolabe"},{"not_picked":["Empty Cage","Sozu"],"picked":"Busted Crown"}],"items_purged_floors":[],"is_endless":false,"potions_floor_spawned":[5,8,13,18,22,31,33,44,47,48],"ascension_level":19}}