{"host":"fhujvjnj99vjue08","time":1607871062,"event":{"mods":["2.2 Compatiblity","AchievementEnabler","Aspiration","Astrologer","BaseMod","Beaked The Cultist","BetterRewards","CatGirl Mod","Colored Map","Colored Powertips","Conjunction","Conspire","Custom Start","Friendly Minions","GifTheSpireLib","Googly Eyes","Halation","Highlight Path","Hubris","Hyrulean Relics","Infinite Spire","Magitek Elite","Mimic Mod","Minty Spire (QoL Compilation)","Replay The Spire","Reworked Bosses","Shop Mod","StSLib","Strawberry Spire","Stuff the Spire","The Bug Knight","The Factory","The Gatherer","The Jungle","The Servant 0.9.4","TheBandit","TheFirefly","egg","thorton","vexMod"],"gold_per_floor":[119,119,131,145,186,186,186],"floor_reached":6,"playtime":233,"items_purged":[],"score":36,"play_id":"985eb8f0-58f4-4d88-8198-875b67e9be24","local_time":"20201213145102","is_ascension_mode":false,"campfire_choices":[],"circlet_count":0,"master_deck":["theCatGirl:Strike","theCatGirl:Strike","theCatGirl:Strike","theCatGirl:Strike","theCatGirl:Defend","theCatGirl:Defend","theCatGirl:Defend","theCatGirl:Defend","theCatGirl:ClawStrike","theCatGirl:Evasion","theCatGirl:SearchBackpack","theCatGirl:ComboAttack","theCatGirl:ShockedWitness"],"relics":["theCatGirl:TrainedRelic","NeowsBlessing","Peace Pipe","Unceasing Top"],"acts_visited":["Exordium"],"potions_floor_usage":[6],"damage_taken":[{"damage":0,"enemies":"2 Louse","floor":1,"turns":1},{"damage":0,"enemies":"Cultist","floor":3,"turns":1},{"damage":0,"enemies":"Small Slimes","floor":4,"turns":1},{"damage":38,"enemies":"conspire:MimicChest","floor":5,"turns":10},{"damage":54,"enemies":"Gremlin Nob","floor":6,"turns":4}],"seed_played":"-8337821027993299238","potions_obtained":[{"floor":3,"key":"Swift Potion"},{"floor":5,"key":"Energy Potion"}],"is_trial":false,"path_per_floor":["M","?","M","M","?","E"],"character_chosen":"THE_CATGIRL","items_purchased":[],"campfire_rested":0,"item_purchase_floors":[],"current_hp_per_floor":[70,70,70,70,32,0,0],"gold":186,"neow_bonus":"THREE_ENEMY_KILL","is_daily":false,"chose_seed":false,"campfire_upgraded":0,"win_rate":0.0,"timestamp":1607871062,"path_taken":["M","?","M","?","?","E"],"items_purchased_type":[],"build_version":"2020-11-30","purchased_purges":0,"victory":false,"max_hp_per_floor":[70,70,70,70,70,70,70],"card_choices":[{"not_picked":["theCatGirl:PoisedStrike","theCatGirl:LostTrinket"],"picked":"theCatGirl:SmellFear","floor":1},{"not_picked":["theCatGirl:SevenLives","theCatGirl:LuckyBlow"],"picked":"theCatGirl:SearchBackpack","floor":3},{"not_picked":["theCatGirl:Meow","theCatGirl:KeepAlert"],"picked":"theCatGirl:ComboAttack","floor":4},{"not_picked":["theCatGirl:Stalk","theCatGirl:RecoveryBlow"],"picked":"theCatGirl:ShockedWitness","floor":5}],"player_experience":292505,"relics_obtained":[{"floor":5,"key":"Unceasing Top"}],"event_choices":[{"cards_removed":["theCatGirl:SmellFear"],"damage_healed":0,"gold_gain":0,"player_choice":"Gave Card","damage_taken":0,"relics_obtained":["Peace Pipe"],"max_hp_gain":0,"max_hp_loss":0,"event_name":"WeMeetAgain","floor":2,"gold_loss":0}],"is_beta":false,"boss_relics":[],"items_purged_floors":[],"is_endless":false,"potions_floor_spawned":[3,5],"killed_by":"Gremlin Nob","ascension_level":0}}