{"host":"92108ef2q9tm8rod","time":1607822804,"event":{"mods":["BaseMod","Defuse TimeMaze Blight","Minty Spire (QoL Compilation)","StSLib","The Jungle"],"gold_per_floor":[116,133,133,148,164,164,13,13,13,31,48,80,112,128,128,228,228,245,262,224,235,252,252,583,583,631,631,631,645,659,609,609,708,708,719,735,573,573,583,583,612,612,612,646,585,585,635,635,635,635],"floor_reached":51,"playtime":2010,"items_purged":["Deadly Poison"],"score":962,"play_id":"578ac7a5-1b08-4991-953a-5bfd99f98f4a","local_time":"20201213012644","daily_mods":["SealedDeck","Green Cards","Heirloom","Flight"],"is_ascension_mode":false,"campfire_choices":[{"data":"Redo","floor":6,"key":"SMITH"},{"data":"Dodge and Roll","floor":8,"key":"SMITH"},{"data":"Streamline","floor":15,"key":"SMITH"},{"data":"Corpse Explosion","floor":23,"key":"SMITH"},{"data":"Blur","floor":25,"key":"SMITH"},{"data":"Backflip","floor":27,"key":"SMITH"},{"data":"Poisoned Stab","floor":28,"key":"SMITH"},{"data":"Conserve Battery","floor":32,"key":"SMITH"},{"data":"Defragment","floor":40,"key":"SMITH"},{"floor":42,"key":"REST"},{"floor":46,"key":"REST"},{"floor":49,"key":"REST"}],"circlet_count":0,"master_deck":["Conserve Battery+1","Dodge and Roll+1","Poisoned Stab+1","BootSequence","Streamline+1","Redo+1","Backflip+1","Chill","Noxious Fumes+1","Blur+1","Corpse Explosion+1","Defragment+1"],"relics":["Cracked Core","Lizard Tail","Membership Card","Mercury Hourglass","TungstenRod","Peace Pipe","Old Coin","Omamori","Busted Crown","Mummified Hand","Mango","Happy Flower","Bag of Preparation","Pocketwatch"],"acts_visited":["Exordium","Exordium","TheBeyond"],"potions_floor_usage":[12,13,16,29,31,39,41,50,50,50],"damage_taken":[{"damage":0,"enemies":"2 Louse","floor":1,"turns":2},{"damage":0,"enemies":"Jaw Worm","floor":2,"turns":3},{"damage":0,"enemies":"Small Slimes","floor":4,"turns":3},{"damage":0,"enemies":"2 Fungi Beasts","floor":5,"turns":3},{"damage":0,"enemies":"Exordium Wildlife","floor":10,"turns":4},{"damage":0,"enemies":"3 Louse","floor":11,"turns":2},{"damage":13,"enemies":"Gremlin Nob","floor":12,"turns":4},{"damage":0,"enemies":"Lagavulin","floor":13,"turns":4},{"damage":0,"enemies":"Exordium Thugs","floor":14,"turns":3},{"damage":0,"enemies":"The Guardian","floor":16,"turns":7},{"damage":4,"enemies":"theJungle:Flameango_and_Byrd","floor":18,"turns":5},{"damage":0,"enemies":"theJungle:MUSHROOMGANG","floor":19,"turns":2},{"damage":2,"enemies":"theJungle:Snecko_Cultist_And_Trap","floor":21,"turns":3},{"damage":0,"enemies":"theJungle:2_Snecko_Cultists","floor":22,"turns":2},{"damage":0,"enemies":"theJungle:MamaSnecko","floor":24,"turns":5},{"damage":0,"enemies":"theJungle:2_Flameangoes","floor":29,"turns":3},{"damage":0,"enemies":"Snake Plant","floor":30,"turns":4},{"damage":11,"enemies":"theJungle:QueenSpyder","floor":33,"turns":12},{"damage":0,"enemies":"3 Shapes","floor":35,"turns":2},{"damage":0,"enemies":"Orb Walker","floor":36,"turns":3},{"damage":0,"enemies":"Spire Growth","floor":39,"turns":4},{"damage":64,"enemies":"Nemesis","floor":41,"turns":9},{"damage":10,"enemies":"Giant Head","floor":44,"turns":9},{"damage":0,"enemies":"Mind Bloom Boss Battle","floor":47,"turns":6},{"damage":5,"enemies":"Time Eater","floor":50,"turns":11}],"seed_played":"3718282593474134642","potions_obtained":[{"floor":4,"key":"Strength Potion"},{"floor":5,"key":"DuplicationPotion"},{"floor":10,"key":"ColorlessPotion"},{"floor":12,"key":"DistilledChaos"},{"floor":16,"key":"SteroidPotion"},{"floor":21,"key":"EssenceOfSteel"},{"floor":29,"key":"Swift Potion"},{"floor":33,"key":"DuplicationPotion"}],"is_trial":true,"path_per_floor":["M","M","?","M","M","R","$","R","T","M","M","E","E","M","R","B",null,"M","M","$","M","M","R","E","R","T","R","R","M","M","$","R","B",null,"M","M","$","$","M","R","E","R","T","E","$","R","?","?","R","B",null],"character_chosen":"DEFECT","items_purchased":["Membership Card","Fruit Juice","Mummified Hand","Defragment","Ancient Potion","Energy Potion"],"campfire_rested":3,"item_purchase_floors":[7,31,37,37,45,45],"current_hp_per_floor":[75,75,75,75,75,75,75,75,75,75,75,62,62,62,62,62,75,71,71,71,69,69,69,69,69,69,69,69,69,69,74,74,63,80,80,80,80,80,80,80,30,58,58,48,48,76,76,76,94,89],"gold":635,"neow_bonus":"","is_daily":false,"chose_seed":false,"campfire_upgraded":9,"win_rate":0.0,"timestamp":1607822804,"path_taken":["M","M","?","M","M","R","$","R","T","M","M","E","E","M","R","BOSS","M","M","$","M","M","R","E","R","T","R","R","M","M","$","R","BOSS","M","M","$","$","M","R","E","R","T","E","$","R","?","?","R","BOSS"],"items_purchased_type":["Relic","Potion","Relic","Card","Potion","Potion"],"build_version":"2020-11-30","purchased_purges":1,"victory":true,"max_hp_per_floor":[75,75,75,75,75,75,75,75,75,75,75,75,75,75,75,75,75,75,75,75,75,75,75,75,75,75,75,75,75,75,80,80,80,80,80,80,80,80,80,80,94,94,94,94,94,94,94,94,94,94],"card_choices":[{"not_picked":["Beam Cell","Dagger Throw","Gash"],"picked":"SKIP","floor":1},{"not_picked":["Blade Dance","Hologram","Barrage"],"picked":"SKIP","floor":2},{"not_picked":["Hello World","Steam Power","Sweeping Beam"],"picked":"SKIP","floor":4},{"not_picked":["Underhanded Strike","Outmaneuver","Concentrate"],"picked":"SKIP","floor":5},{"not_picked":["Thunder Strike","Well Laid Plans","Turbo"],"picked":"SKIP","floor":10},{"not_picked":["Expertise","Fusion"],"picked":"Blur","floor":11},{"not_picked":["Blur","Hello World","Heatsinks"],"picked":"SKIP","floor":12},{"not_picked":["Cold Snap","Hologram","Tools of the Trade"],"picked":"SKIP","floor":13},{"not_picked":["Ball Lightning","Compile Driver","Reinforced Body"],"picked":"SKIP","floor":14},{"not_picked":["Thunder Strike","Adrenaline"],"picked":"Corpse Explosion","floor":16},{"not_picked":["Escape Plan","Outmaneuver+1","Self Repair"],"picked":"SKIP","floor":18},{"not_picked":["Genetic Algorithm","Go for the Eyes","Streamline"],"picked":"SKIP","floor":19},{"not_picked":["Fusion","Poisoned Stab","Auto Shields"],"picked":"SKIP","floor":21},{"not_picked":["Scrape","Gash","Leap+1"],"picked":"SKIP","floor":22},{"not_picked":["Skewer+1","Tactician+1","Core Surge"],"picked":"SKIP","floor":24},{"not_picked":["Setup+1","Flying Knee","Quick Slash+1"],"picked":"SKIP","floor":29},{"not_picked":["Skewer","Conserve Battery","Underhanded Strike"],"picked":"SKIP","floor":30},{"not_picked":["Go for the Eyes+1"],"picked":"SKIP","floor":35},{"not_picked":["All Out Attack+1"],"picked":"SKIP","floor":36},{"not_picked":["Storm+1"],"picked":"SKIP","floor":39},{"not_picked":["Beam Cell+1"],"picked":"SKIP","floor":41},{"not_picked":["Expertise"],"picked":"SKIP","floor":44}],"player_experience":3152735,"relics_obtained":[{"floor":9,"key":"Mercury Hourglass"},{"floor":12,"key":"TungstenRod"},{"floor":13,"key":"Peace Pipe"},{"floor":24,"key":"Old Coin"},{"floor":26,"key":"Omamori"},{"floor":41,"key":"Mango"},{"floor":43,"key":"Happy Flower"},{"floor":44,"key":"Bag of Preparation"},{"floor":47,"key":"Pocketwatch"}],"event_choices":[{"damage_healed":0,"gold_gain":0,"player_choice":"Grow","damage_taken":0,"max_hp_gain":0,"max_hp_loss":0,"event_name":"Living Wall","floor":3,"gold_loss":0,"cards_upgraded":["Noxious Fumes"]},{"damage_healed":0,"gold_gain":0,"player_choice":"Fight","damage_taken":0,"max_hp_gain":0,"max_hp_loss":0,"event_name":"MindBloom","floor":47,"gold_loss":0},{"damage_healed":0,"gold_gain":0,"player_choice":"Ignored","damage_taken":0,"max_hp_gain":0,"max_hp_loss":0,"event_name":"Mysterious Sphere","floor":48,"gold_loss":0}],"is_beta":false,"boss_relics":[{"not_picked":["Snecko Eye","FrozenCore","Runic Dome"]},{"not_picked":["Astrolabe","Coffee Dripper"],"picked":"Busted Crown"}],"items_purged_floors":[20],"is_endless":false,"potions_floor_spawned":[4,5,10,12,16,21,29,30,33,36,47],"ascension_level":0}}