{"host":"cqxab8ablanphs80","time":1607826344,"event":{"mods":["Act Like it!","Ascension Reborn","Aspiration","BaseMod","Better Note","Better Sensory Stone","Better Synergies","BetterRewards","Block Reminder","Chen","Colored Map","Conspire","Energized Spire","Friendly Minions","Gensokyo","GifTheSpireLib","GungeonMod","Halation","Hallownest","Highlight Path","Hubris","Infinite Spire","Koishi","Marisa????????","Minty Spire (QoL Compilation)","Pale of the Ancients","Potionbrewer","Prisma Mod","Quick Restart","Reimu??????","Replay The Spire","Spikes Relics","StSLib","Steal the Spire","The Bug Knight","The Exalted","The Gatherer","The Servant 0.9.4","The Vixen","The Wild Card","Wandering Minibosses","WarShipGirlsR/????R mod","Yuyuko"],"gold_per_floor":[115,115,127,127,142,142,175,175,175,25,59,69,69,82,82,178,178,194,206,206,216,234,263,263,296,372,382,395,413,428,428,428,524,524,524,604,188,88,3,3,3,3,3,21,21,21,21,50,50,145],"floor_reached":51,"playtime":4193,"items_purged":[],"score":700,"play_id":"6715806a-0478-43d2-9833-f3ee09df0fa6","local_time":"20201212202544","is_ascension_mode":true,"campfire_choices":[{"data":"HollowMod:DashSlash","floor":6,"key":"SMITH"},{"data":"HollowMod:SiblingsSouls","floor":8,"key":"SMITH"},{"data":"HollowMod:FocusHealStart","floor":15,"key":"SMITH"},{"floor":24,"key":"REST"},{"data":"HollowMod:ShapeofUnn","floor":32,"key":"SMITH"},{"data":"Apotheosis","floor":40,"key":"SMITH"},{"data":"Hallownest:skillKingdomsEdgeMap","floor":42,"key":"SMITH"},{"floor":45,"key":"REST"},{"data":"HollowMod:QuickDashStart","floor":47,"key":"SMITH"},{"floor":49,"key":"REST"}],"circlet_count":0,"master_deck":["HollowMod:NailStrikeStart","HollowMod:NailStrikeStart","HollowMod:NailStrikeStart","HollowMod:NailStrikeStart","HollowMod:QuickDashStart","HollowMod:QuickDashStart","HollowMod:QuickDashStart","HollowMod:QuickDashStart","HollowMod:FocusHealStart+1","HollowMod:PogoStrike","Bromod:Defend_Bro","potionbrewer:PotionbrewerDefend","HollowMod:SiblingsSouls+1","HollowMod:HowlingWraiths","HollowMod:DashSlash+1","HollowMod:ChannelNail","HollowMod:SoulSplash","HollowMod:LifebloodCocoon","HollowMod:Weaversong","HollowMod:SoulVessel+1","HollowMod:CycloneSlash+1","HollowMod:VengefulSpirit","HollowMod:ShapeofUnn+1","HollowMod:DashSlash+1","HollowMod:RecoilStrike","HollowMod:SoulMaster","Hallownest:skillKingdomsEdgeMap+1","Pride","hubris:DuctTapeCard","HollowMod:SlysStrikes"],"relics":["HollowMod:VesselMask","Hallownest:DreamNailRelic","Darkstone Periapt","Simple Rune","infinitespire:Satchel","Bronze Scales","Pantograph","DemoMod:PinkGuonStone","Bromod:ArcaneDeflection","halation:PinkAlligatorPlush","Shuriken","hubris:DuctTape","RetroEgg"],"acts_visited":["Hallownest:Greenpath","Hallownest:CityofTears","Hallownest:KingdomsEdge"],"potions_floor_usage":[12,12,12,12,20,23,23,25,29,35,50],"damage_taken":[{"damage":1,"enemies":"Hallownest:2_Baldur","floor":1,"turns":5},{"damage":1,"enemies":"2_ Uuma","floor":3,"turns":6},{"damage":1,"enemies":"Hallownest:monsterHuskWarrior","floor":5,"turns":4},{"damage":11,"enemies":"Hallownest:eliteVengeflyKing","floor":7,"turns":6},{"damage":8,"enemies":"Hallownest:eliteCrystalGuardian","floor":11,"turns":8},{"damage":12,"enemies":"Hallownest:Guard_and_Warrior","floor":12,"turns":7},{"damage":11,"enemies":"Hallownest:monsterFoolEater","floor":14,"turns":3},{"damage":15,"enemies":"Hallownest:BossFalseKnight","floor":16,"turns":13},{"damage":7,"enemies":"Hallownest:Flukemon_and_Top","floor":18,"turns":5},{"damage":19,"enemies":"Hallownest:Guard_and_Sentry","floor":19,"turns":5},{"damage":4,"enemies":"Hallownest:Guard_and_Sentry","floor":20,"turns":6},{"damage":43,"enemies":"Hallownest:Master_and_Novice","floor":21,"turns":8},{"damage":12,"enemies":"Hallownest:Warrior_and_Youth","floor":22,"turns":6},{"damage":7,"enemies":"Hallownest:Nosk","floor":23,"turns":8},{"damage":31,"enemies":"Hallownest:eliteSoulWarrior","floor":25,"turns":13},{"damage":14,"enemies":"Hallownest:monsterShrumalOgre","floor":27,"turns":5},{"damage":3,"enemies":"Hallownest:Master_and_Novice","floor":28,"turns":5},{"damage":27,"enemies":"Hallownest:2_Husk_Sentries","floor":29,"turns":5},{"damage":9,"enemies":"Hallownest:monsterShrumalOgre","floor":30,"turns":5},{"damage":52,"enemies":"Hallownest:BossSoulMaster","floor":33,"turns":14},{"damage":16,"enemies":"Hallownest:3_Siblings","floor":35,"turns":4},{"damage":31,"enemies":"Hallownest:3_Siblings","floor":36,"turns":6},{"damage":4,"enemies":"Hallownest:3_Siblings","floor":36,"turns":2},{"damage":32,"enemies":"Hallownest:2_Littles","floor":44,"turns":5},{"damage":47,"enemies":"Hallownest:StalkingDevout","floor":48,"turns":8},{"damage":53,"enemies":"Hallownest:Radiance","floor":50,"turns":13}],"seed_played":"6091576278504377398","potions_obtained":[{"floor":3,"key":"LiquidBronze"},{"floor":7,"key":"potionbrewer:SplittingPotion"},{"floor":16,"key":"ZuzhouPotion:ReiMu"},{"floor":19,"key":"Block Potion"},{"floor":22,"key":"EssenceOfSteel"},{"floor":23,"key":"DemoMod:LeadSkinPotion"},{"floor":28,"key":"LifebloodPotion"},{"floor":30,"key":"SmokeBomb"},{"floor":44,"key":"Block Potion"},{"floor":50,"key":"Swift Potion"}],"is_trial":false,"path_per_floor":["M","?","M","$","M","R","E","R","T","$","E","M","$","M","R","B",null,"M","M","?","M","M","E","R","E","T","M","M","M","M","?","R","B",null,"M","?","$","?","?","R","?","R","T","M","R","?","R","E","R","B",null],"character_chosen":"THE_BUGKNIGHT","items_purchased":["infinitespire:Satchel","Apotheosis","Shuriken"],"campfire_rested":3,"item_purchase_floors":[10,37,37],"current_hp_per_floor":[75,75,74,74,75,75,64,64,64,64,62,62,62,51,51,48,75,74,61,63,32,26,29,51,37,37,29,32,15,12,82,82,36,82,66,37,37,67,67,67,73,73,73,41,67,67,67,20,46,24],"gold":145,"neow_bonus":"THREE_RARE_CARDS","is_daily":false,"chose_seed":false,"campfire_upgraded":7,"win_rate":0.0,"timestamp":1607826344,"path_taken":["M","?","M","?","?","R","E","R","T","$","E","M","?","M","R","BOSS","M","?","?","M","M","E","R","E","T","?","M","M","M","?","R","BOSS","M","?","$","?","?","R","?","R","T","M","R","?","R","E","R","BOSS"],"items_purchased_type":["Relic","Card","Relic"],"build_version":"2020-11-30","purchased_purges":0,"victory":true,"max_hp_per_floor":[75,75,75,75,75,75,75,75,75,75,75,75,75,75,75,75,75,75,75,75,75,75,75,75,82,82,82,82,82,82,82,82,82,82,82,82,82,82,82,82,88,88,88,88,88,88,88,88,88,88],"card_choices":[{"not_picked":["HollowMod:HeavyBlow","HollowMod:DreamGate"],"picked":"HollowMod:SiblingsSouls","floor":1},{"not_picked":["HollowMod:NewJinnsSoul","HollowMod:InfectedAttack"],"picked":"HollowMod:HowlingWraiths","floor":3},{"not_picked":["HollowMod:HuntersJournal","HollowMod:MawleksShell"],"picked":"HollowMod:DashSlash","floor":5},{"not_picked":["HollowMod:SoulShaman","HollowMod:BlackTendrils","HollowMod:CrystalDash"],"picked":"SKIP","floor":7},{"not_picked":["HollowMod:CloakDash","HollowMod:SoulStrike"],"picked":"HollowMod:ChannelNail","floor":11},{"not_picked":["HollowMod:InfectionAssault","HollowMod:VengefulVoid"],"picked":"HollowMod:SoulSplash","floor":12},{"not_picked":["HollowMod:CoiledNail","HollowMod:NewInfectedGuardian"],"picked":"HollowMod:LifebloodCocoon","floor":14},{"not_picked":["HollowMod:VoidDash","HollowMod:AwokenDreamNail"],"picked":"HollowMod:Weaversong","floor":16},{"not_picked":["HollowMod:CloakDash","HollowMod:SharpenedNail"],"picked":"HollowMod:SoulVessel+1","floor":18},{"not_picked":["HollowMod:ShadowDash+1","HollowMod:PureNailStrike"],"picked":"HollowMod:CycloneSlash+1","floor":19},{"not_picked":["HollowMod:SoulVessel","HollowMod:InfectedCysts+1"],"picked":"HollowMod:MantisMark","floor":21},{"not_picked":["HollowMod:ShadowDash+1","HollowMod:DungDefenderAura"],"picked":"HollowMod:VengefulSpirit","floor":22},{"not_picked":["HollowMod:HornetsHelp","HollowMod:TaintedHusks"],"picked":"HollowMod:ShapeofUnn","floor":23},{"not_picked":["HollowMod:DesolateDive","HollowMod:DescendingDark"],"picked":"HollowMod:HuntersJournal+1","floor":25},{"not_picked":["HollowMod:InfectedCysts+1","HollowMod:SharpenedNail+1"],"picked":"HollowMod:DashSlash+1","floor":27},{"not_picked":["HollowMod:BlackTendrils","HollowMod:SharpenedNail","HollowMod:HeavyBlow"],"picked":"SKIP","floor":28},{"not_picked":["HollowMod:HornetsHelp","HollowMod:SiblingsShadow","HollowMod:InfectedAttack+1"],"picked":"SKIP","floor":29},{"not_picked":["HollowMod:SoulStrike","HollowMod:SharpenedNail+1"],"picked":"HollowMod:RecoilStrike","floor":30},{"not_picked":["HollowMod:HornetsHelp","HollowMod:Weaversong"],"picked":"HollowMod:SoulMaster","floor":33},{"not_picked":["HollowMod:SharpenedNail+1","HollowMod:InfectionAssault+1","HollowMod:ShadowDash+1"],"picked":"SKIP","floor":44},{"not_picked":["HollowMod:ZotesMagnificence","HollowMod:HowlingWraiths","HollowMod:InfectedAttack"],"picked":"SKIP","floor":48},{"not_picked":["HollowMod:theNailsmith","HollowMod:ElderbugsWisdom"],"picked":"HollowMod:SlysStrikes","floor":50}],"player_experience":439537,"relics_obtained":[{"floor":7,"key":"Darkstone Periapt"},{"floor":9,"key":"Simple Rune"},{"floor":11,"key":"Bronze Scales"},{"floor":23,"key":"Pantograph"},{"floor":25,"key":"DemoMod:PinkGuonStone"},{"floor":26,"key":"Bromod:ArcaneDeflection"},{"floor":43,"key":"hubris:DuctTape"},{"floor":48,"key":"RetroEgg"}],"event_choices":[],"is_beta":false,"boss_relics":[{"not_picked":["Snecko Heart","Ring of Chaos","hubris:CrackedHourglass"]},{"not_picked":["halation:ForbiddenBikini","energizedSpire:EnergizedDie"],"picked":"halation:PinkAlligatorPlush"}],"items_purged_floors":[],"is_endless":false,"potions_floor_spawned":[3,7,16,19,20,22,23,28,30,44,50],"ascension_level":0}}