{"host":"nqllw3bmurg6dhm8","time":1607893052,"event":{"mods":["Act Like it!","BaseMod","Conspire","Gensokyo","Hallownest","Hubris","Infinite Spire","Jorbs\u0027s Wanderer Trilogy","Minty Spire (QoL Compilation)","Replay The Spire","StSLib","The Animator","Wandering Minibosses"],"gold_per_floor":[366,383,81,95,113,141,141,173,247,275,275,275,286,311,311,410,410,421,421,80,80,94,94,125,125,152,168,196,196,13,13,13,112,112,122,135,185,185,200,200,230,230,230],"floor_reached":42,"playtime":24342,"items_purged":["Doubt"],"score":695,"play_id":"7a3d88c6-375a-443b-aa18-d9041ff39909","local_time":"20201213205732","is_ascension_mode":true,"campfire_choices":[{"data":"Dualcast","floor":7,"key":"SMITH"},{"data":"Creative AI","floor":15,"key":"SMITH"},{"floor":23,"key":"RECALL"},{"data":"Chill","floor":25,"key":"SMITH"},{"floor":32,"key":"REST"},{"data":"ReplayTheSpireMod:Dual Polarity","floor":40,"key":"SMITH"}],"circlet_count":0,"master_deck":["Strike_B","Strike_B","Strike_B","Defend_B","Defend_B","Defend_B","Zap","Dualcast+1","Conserve Battery","Sunder","hubris:PowerSurge","Turbo","Discovery","Panic Button","Creative AI+1","hubris:PowerSurge","Turbo","Defragment","Hologram","Machine Learning","Rebound+1","BootSequence","Ball Lightning","Cold Snap","Stack","Tempest+1","Chill+1","Pot Of Greed","Pot Of Greed","Pot Of Greed","ReplayTheSpireMod:Dual Polarity+1","Steam","Heatsinks","ReplayTheSpireMod:Omega Cannon","Leap","Amplify","ReplayTheSpireMod:Omega Cannon","Pot Of Greed","Force Field+1","Turbo+1","Compile Driver+1","Barrage+1","Genetic Algorithm+1","Thunder Strike"],"relics":["Cracked Core","ReplayTheSpireMod:CursedCoin","hubris:BallOfYels","hubris:Zylophone","Pear","Boot","hubris:Icosahedron","Prayer Wheel","ReplayFunnel","SlaversCollar","Cables","MutagenicStrength","Replay:Baseball","Grinning Jar","Bag of Marbles","Snecko Eye","Prayer Wheel","Mummified Hand"],"acts_visited":["Exordium","TheCity","TheBeyond"],"potions_floor_usage":[6,6,8,33,39,41],"damage_taken":[{"damage":1,"enemies":"Jaw Worm","floor":1,"turns":3},{"damage":2,"enemies":"conspire:RoseBush","floor":2,"turns":2},{"damage":0,"enemies":"2 Louse","floor":4,"turns":1},{"damage":5,"enemies":"Looter","floor":5,"turns":2},{"damage":12,"enemies":"Gremlin Nob","floor":6,"turns":3},{"damage":8,"enemies":"3 Sentries","floor":8,"turns":3},{"damage":0,"enemies":"Lagavulin","floor":10,"turns":3},{"damage":2,"enemies":"3 Louse","floor":13,"turns":5},{"damage":8,"enemies":"Gremlin Nob","floor":14,"turns":3},{"damage":38,"enemies":"Slime Boss","floor":16,"turns":6},{"damage":0,"enemies":"3 Byrds","floor":18,"turns":3},{"damage":0,"enemies":"Shell Parasite","floor":22,"turns":3},{"damage":24,"enemies":"Nightmare","floor":24,"turns":5},{"damage":5,"enemies":"Snake Plant","floor":27,"turns":3},{"damage":5,"enemies":"Book of Stabbing","floor":28,"turns":4},{"damage":21,"enemies":"hubris:MusketHawk","floor":33,"turns":4},{"damage":0,"enemies":"3 Darklings","floor":35,"turns":2},{"damage":0,"enemies":"3 Shapes","floor":36,"turns":2},{"damage":0,"enemies":"Mind Bloom Boss Battle","floor":37,"turns":2},{"damage":27,"enemies":"Maw","floor":39,"turns":8},{"damage":50,"enemies":"Nightmare","floor":41,"turns":7},{"damage":20,"enemies":"conspire:MimicChest","floor":42,"turns":2}],"seed_played":"2700458048025466594","potions_obtained":[{"floor":1,"key":"Languid Potion"},{"floor":2,"key":"SkillPotion"},{"floor":6,"key":"LiquidMemories"},{"floor":16,"key":"Venom Potion"},{"floor":18,"key":"FocusPotion"},{"floor":24,"key":"FocusPotion"},{"floor":36,"key":"PowerPotion"},{"floor":37,"key":"LifebloodPotion"}],"is_trial":false,"path_per_floor":["M","M","$","M","M","E","R","E","T","E","?","?","M","E","R","B",null,"M","?","$","?","M","R","NM","R","T","M","E","?","$","?","R","B",null,"M","M","?","?","M","R","NM","?"],"character_chosen":"DEFECT","items_purchased":["ReplayTheSpireMod:CursedCoin","hubris:BallOfYels","hubris:PowerSurge","Turbo","Discovery","Cables","Ball Lightning","Cold Snap","ReplayTheSpireMod:Omega Cannon","Leap"],"campfire_rested":1,"item_purchase_floors":[3,3,3,3,3,20,20,20,30,30],"current_hp_per_floor":[74,72,72,72,67,55,55,57,57,57,50,50,48,40,40,2,85,85,69,69,69,69,69,45,45,45,40,35,19,19,19,46,25,90,90,90,90,90,63,63,13,0,0],"gold":230,"neow_bonus":"TWO_FIFTY_GOLD","is_daily":false,"chose_seed":false,"campfire_upgraded":4,"win_rate":0.0,"timestamp":1607893052,"path_taken":["M","M","$","M","M","E","R","E","T","E","?","?","M","E","R","BOSS","M","?","$","?","M","R","NM","R","T","M","E","?","$","?","R","BOSS","M","?","?","?","M","R","NM","?"],"items_purchased_type":["Relic","Relic","Card","Card","Card","Relic","Card","Card","Card","Card"],"build_version":"2020-11-30","purchased_purges":1,"victory":false,"max_hp_per_floor":[75,75,75,75,75,75,75,85,85,85,85,85,85,85,85,85,85,85,85,85,85,85,85,85,85,85,85,85,90,90,90,90,90,90,90,90,90,90,90,90,90,90,90],"card_choices":[{"not_picked":["Cold Snap","Compile Driver"],"picked":"Conserve Battery","floor":1},{"not_picked":["Panic Button","Streamline"],"picked":"Sunder","floor":2},{"not_picked":["Recycle","Hello World"],"picked":"Panic Button","floor":4},{"not_picked":["Capacitor","Rebound","Streamline"],"picked":"SKIP","floor":5},{"not_picked":["Recycle","Coolheaded"],"picked":"Creative AI","floor":6},{"not_picked":["Steam","Gash"],"picked":"hubris:PowerSurge","floor":8},{"not_picked":["Gash","Darkness"],"picked":"Turbo","floor":10},{"not_picked":["Sweeping Beam","Hyperbeam"],"picked":"Defragment","floor":13},{"not_picked":["Sunder","Redo"],"picked":"Hologram","floor":14},{"not_picked":["All For One","ReplayTheSpireMod:Fabricate Wheel"],"picked":"Machine Learning","floor":16},{"not_picked":["Go for the Eyes","Panic Button"],"picked":"Rebound+1","floor":18},{"not_picked":["BasicCrystalCard","Go for the Eyes"],"picked":"BootSequence","floor":18},{"not_picked":["hubris:Prefetch","Streamline"],"picked":"Stack","floor":22},{"not_picked":["Rebound+1","Cold Snap+1"],"picked":"Tempest+1","floor":22},{"not_picked":["ReplayTheSpireMod:GoodbyeWorld","Static Discharge"],"picked":"Chill","floor":24},{"not_picked":["Static Discharge+1","Crystallizer"],"picked":"ReplayTheSpireMod:Dual Polarity","floor":27},{"not_picked":["Chill","Gash"],"picked":"Steam","floor":27},{"not_picked":["Beam Cell+1","Go for the Eyes"],"picked":"Heatsinks","floor":28},{"not_picked":["All For One","Multi-Cast"],"picked":"ReplayTheSpireMod:Omega Cannon","floor":33},{"not_picked":["conspire:Rain","Beam Cell+1"],"picked":"Force Field+1","floor":35},{"not_picked":["BasicCrystalCard","Scrape+1","Hologram+1"],"picked":"SKIP","floor":35},{"not_picked":["Hologram+1","Beam Cell+1"],"picked":"Turbo+1","floor":36},{"not_picked":["Steam+1","Stack+1","Gash"],"picked":"SKIP","floor":36},{"not_picked":["Streamline+1","Darkness"],"picked":"Compile Driver+1","floor":37},{"not_picked":["Conserve Battery+1","Beam Cell+1"],"picked":"Barrage+1","floor":39},{"not_picked":["Stack+1","ReplayGash+1"],"picked":"Genetic Algorithm+1","floor":39},{"not_picked":["hubris:DoWhile","Hello World+1","Doom and Gloom"],"picked":"SKIP","floor":39},{"not_picked":["Sunder","Turbo+1"],"picked":"Thunder Strike","floor":41}],"player_experience":1189333,"relics_obtained":[{"floor":6,"key":"hubris:Zylophone"},{"floor":8,"key":"Pear"},{"floor":10,"key":"Boot"},{"floor":14,"key":"ReplayFunnel"},{"floor":24,"key":"Replay:Baseball"},{"floor":26,"key":"Grinning Jar"},{"floor":28,"key":"Bag of Marbles"},{"floor":37,"key":"Prayer Wheel"},{"floor":41,"key":"Mummified Hand"}],"event_choices":[{"cards_removed":["hubris:Wrath"],"damage_healed":0,"gold_gain":0,"player_choice":"Card Removal","damage_taken":7,"max_hp_gain":0,"max_hp_loss":0,"event_name":"Golden Wing","floor":11,"gold_loss":0},{"damage_healed":0,"gold_gain":0,"player_choice":"Obtained Book","damage_taken":16,"max_hp_gain":0,"max_hp_loss":0,"event_name":"Cursed Tome","floor":19,"gold_loss":0},{"damage_healed":0,"gold_gain":0,"player_choice":"Inject Mutagens","damage_taken":0,"relics_obtained":["MutagenicStrength"],"max_hp_gain":0,"max_hp_loss":0,"event_name":"Drug Dealer","floor":21,"gold_loss":0},{"damage_healed":0,"gold_gain":0,"player_choice":"Shed Blood","damage_taken":21,"max_hp_gain":5,"max_hp_loss":0,"event_name":"Forgotten Altar","floor":29,"gold_loss":0},{"damage_healed":0,"gold_gain":0,"cards_transformed":["Defend_B"],"player_choice":"Transformed","damage_taken":0,"max_hp_gain":0,"max_hp_loss":0,"event_name":"Transmorgrifier","floor":31,"gold_loss":0,"cards_obtained":["Amplify"]},{"damage_healed":0,"gold_gain":0,"player_choice":"Fight","damage_taken":0,"max_hp_gain":0,"max_hp_loss":0,"event_name":"MindBloom","floor":37,"gold_loss":0},{"cards_removed":["Strike_B"],"damage_healed":0,"gold_gain":0,"player_choice":"Removed Attack","damage_taken":0,"max_hp_gain":0,"max_hp_loss":0,"event_name":"Falling","floor":38,"gold_loss":0}],"is_beta":false,"boss_relics":[{"not_picked":["hubris:BlackHole","hubris:TerracottaHorce"],"picked":"SlaversCollar"},{"not_picked":["Fusion Hammer","hubris:GrandSneckoEye"],"picked":"Snecko Eye"}],"items_purged_floors":[3],"is_endless":true,"potions_floor_spawned":[1,2,6,16,18,24,36,37],"killed_by":"conspire:MimicChest","ascension_level":1}}