{"host":"9upmmxurwkb1bpyr","time":1607838505,"event":{"mods":["2.2 Compatiblity","AchievementEnabler","BaseMod","Beaked The Cultist","CatGirl Mod","Colored Powertips","Custom Start","Downfall","Gremlin Mod","Hermit","Highlight Path","Infinite Spire","Jorbs\u0027s Wanderer Trilogy","Minty Spire (QoL Compilation)","Quick Restart","Replay The Spire","StSLib","Td1madao Mod","The Alterego","The Animator","The Bug Knight","The Cursed","The Hierophant","The Judge","The Runesmith","The Servant 0.9.4","TheSwordswoman","Yuri Mod"],"gold_per_floor":[112,112,112,156,173,205,205,236,311,336,336,336,336,346,346,448,498,515,515,533,533,533,561,577,124,147,166,166,166,166,180,180,279,279,313,350,386,425,473,473,518,567,635,691,747,811,894,894,894,894,894,894,206,250,250],"floor_reached":56,"playtime":4723,"items_purged":["Parasite"],"score":1704,"play_id":"9160e0c9-c8c2-46ed-9be2-275127abefa8","local_time":"20201213004825","is_ascension_mode":true,"campfire_choices":[{"data":"beaked:Ceremony","floor":7,"key":"SMITH"},{"data":"beaked:Ceremony","floor":15,"key":"SMITH"},{"data":"beaked:Sacrifice","floor":15,"key":"SMITH"},{"floor":28,"key":"REST"},{"floor":30,"key":"RECALL"},{"data":"beaked:AwakenedForm","floor":32,"key":"SMITH"},{"data":"beaked:StickSmack","floor":32,"key":"SMITH"},{"data":"beaked:AwakenedForm","floor":52,"key":"SMITH"},{"data":"Replay:SS_hec_2","floor":52,"key":"SMITH"}],"circlet_count":0,"master_deck":["beaked:Strike_Y","beaked:Strike_Y+1","beaked:Strike_Y","beaked:Strike_Y","beaked:Strike_Y","beaked:Strike_Y","beaked:Defend_Y","beaked:Defend_Y+1","beaked:Defend_Y+1","beaked:Ceremony","beaked:Ceremony+1","beaked:Ceremony+1","Replay:SS_hec_2+1","beaked:WindBringer+1","beaked:MimicHuntress","beaked:Sacrifice+1","beaked:StickSmack","ReplayTheSpireMod:Owlgaze","beaked:Evade","beaked:StickSmack+1","J.A.X.","beaked:AwakenedForm+1","beaked:ScreechingChant","beaked:Insight+1","beaked:KnowThyFoe","beaked:BraceForImpact+1","beaked:AwakenedForm+1","beaked:FullHouse"],"relics":["beaked:MendingPlumage","ReplayTheSpireMod:Ring of Addiction","ReplayTheSpireMod:Ring of Exchange","SacredBark","Chameleon Ring","Snack Pack","Orichalcum","War Paint","Gremlin Food","Replay:Arrowhead","Tiny House","Nilry\u0027s Codex","alterego_mod:SomeoneToFightFor","infinitespire:BottledMercury","infinitespire:Magic Flask","DollysMirror","Pet Ghost","infinitespire:EvilPickle","Painkiller Herb","Garlic","Iron Hammer","Ginger","Runesmith:Nanobots","infinitespire:Beetle Shell"],"acts_visited":["Exordium","TheCity","TheBeyond","TheEnding"],"potions_floor_usage":[6,6,8,20,27,33,46,54,55,55,55],"damage_taken":[{"damage":12,"enemies":"2 Louse","floor":1,"turns":6},{"damage":3,"enemies":"Small Slimes","floor":5,"turns":3},{"damage":20,"enemies":"Lagavulin","floor":6,"turns":8},{"damage":0,"enemies":"3 Sentries","floor":8,"turns":7},{"damage":16,"enemies":"Gremlin Nob","floor":10,"turns":6},{"damage":1,"enemies":"Cultist","floor":14,"turns":5},{"damage":30,"enemies":"The Guardian","floor":16,"turns":10},{"damage":4,"enemies":"Shell Parasite","floor":18,"turns":7},{"damage":31,"enemies":"3 Byrds","floor":20,"turns":6},{"damage":0,"enemies":"Book of Stabbing","floor":23,"turns":9},{"damage":21,"enemies":"Sentry and Sphere","floor":24,"turns":8},{"damage":48,"enemies":"3 Cultists","floor":27,"turns":5},{"damage":3,"enemies":"Snecko","floor":31,"turns":6},{"damage":76,"enemies":"Pondfish","floor":33,"turns":10},{"damage":20,"enemies":"3 Shapes","floor":35,"turns":4},{"damage":11,"enemies":"3 Darklings","floor":36,"turns":4},{"damage":51,"enemies":"Writhing Mass","floor":37,"turns":6},{"damage":18,"enemies":"Spire Growth","floor":38,"turns":5},{"damage":14,"enemies":"Sphere and 2 Shapes","floor":39,"turns":6},{"damage":16,"enemies":"Jaw Worm Horde","floor":41,"turns":5},{"damage":9,"enemies":"Writhing Mass","floor":42,"turns":6},{"damage":75,"enemies":"Transient","floor":44,"turns":5},{"damage":22,"enemies":"Spire Growth","floor":45,"turns":5},{"damage":6,"enemies":"Writhing Mass","floor":46,"turns":6},{"damage":29,"enemies":"Giant Head","floor":47,"turns":6},{"damage":50,"enemies":"Awakened One","floor":50,"turns":8},{"damage":69,"enemies":"Shield and Spear","floor":54,"turns":5},{"damage":67,"enemies":"The Heart","floor":55,"turns":9}],"seed_played":"8492906149462373388","potions_obtained":[{"floor":3,"key":"Explosive Potion"},{"floor":3,"key":"AttackPotion"},{"floor":3,"key":"sneckomod:MuddlingPotion"},{"floor":8,"key":"Reflective Coating"},{"floor":10,"key":"Elixir"},{"floor":16,"key":"AttackPotion"},{"floor":17,"key":"Fruit Juice"},{"floor":23,"key":"Milkshake"},{"floor":27,"key":"BlessingOfTheForge"},{"floor":35,"key":"Dexterity Potion"},{"floor":54,"key":"Cursed Concoction"}],"is_trial":false,"path_per_floor":["M","?","?","?","M","E","R","E","T","E","?","$","T","M","R","B",null,"M","?","M","?","?","E","M","$","T","M","R","?","R","M","R","B",null,"?","?","?","?","?","T","?","?","T","?","?","?","E","?","T","B",null,"T","T","E","B",null],"character_chosen":"BEAKED_THE_CULTIST","items_purchased":["infinitespire:Magic Flask","DollysMirror","Ginger","Runesmith:Nanobots","Adrenaline Potion"],"campfire_rested":1,"item_purchase_floors":[25,25,53,53,53],"current_hp_per_floor":[50,50,50,30,36,44,44,50,50,42,42,42,42,54,52,52,60,58,58,63,47,47,78,77,77,77,63,75,75,75,73,73,68,73,73,73,58,74,77,75,78,78,76,30,57,74,70,70,70,60,72,72,67,36,46],"gold":250,"neow_bonus":"RANDOM_COLORLESS","is_daily":false,"chose_seed":false,"campfire_upgraded":7,"win_rate":0.0,"timestamp":1607838505,"path_taken":["M","?","?","?","M","E","R","E","T","E","?","$","?","M","R","BOSS","M","?","M","?","?","E","M","$","T","M","R","?","R","M","R","BOSS","?","?","?","?","?","T","?","?","T","?","?","?","E","?","T","BOSS","T","T","E","BOSS"],"items_purchased_type":["Relic","Relic","Relic","Relic","Potion"],"build_version":"2020-11-30","purchased_purges":1,"victory":true,"max_hp_per_floor":[50,50,50,50,50,50,50,50,50,53,53,51,51,54,52,55,60,58,58,76,76,76,79,77,77,77,75,75,75,75,73,73,73,73,73,73,71,74,77,75,78,78,76,76,76,74,74,74,74,72,72,72,67,70,70],"card_choices":[{"not_picked":["Madness","Replay:SS_forest_2"],"picked":"Replay:SS_hec_2","floor":0},{"not_picked":["beaked:Redirect","beaked:DigDeep","beaked:Evade"],"picked":"SKIP","floor":1},{"not_picked":["beaked:Foresight","beaked:Daydream"],"picked":"beaked:MimicHuntress","floor":4},{"not_picked":["beaked:Hexing","beaked:MimicHuntress","beaked:BraceForImpact"],"picked":"SKIP","floor":5},{"not_picked":["beaked:MimicMachine","beaked:RuinSticks","beaked:Evade"],"picked":"SKIP","floor":6},{"not_picked":["beaked:Tweet","beaked:BraceForImpact"],"picked":"beaked:Sacrifice","floor":8},{"not_picked":["beaked:SacrificialDive","beaked:FeelMyPain","beaked:TuckingFeathers"],"picked":"SKIP","floor":10},{"not_picked":["beaked:Tweet","beaked:Brace"],"picked":"beaked:StickSmack","floor":14},{"not_picked":["beaked:DarkTribute","beaked:Sacrifice"],"picked":"ReplayTheSpireMod:Owlgaze","floor":16},{"not_picked":["beaked:TuckingFeathers","beaked:WarriorEssence"],"picked":"beaked:Evade","floor":17},{"not_picked":["ReplayTheSpireMod:Prepare the Ceremony","beaked:DigDeep+1","beaked:Windmill"],"picked":"SKIP","floor":18},{"not_picked":["beaked:FakeOut","beaked:Brace+1","beaked:Tradeoff"],"picked":"SKIP","floor":20},{"not_picked":["beaked:MaddeningMurmurs","ReplayTheSpireMod:RavenHex","beaked:MimicMachine"],"picked":"SKIP","floor":23},{"not_picked":["beaked:CursingBlood","beaked:Poke+1","beaked:MimicHuntress"],"picked":"SKIP","floor":24},{"not_picked":["beaked:Overexert","beaked:Poke","beaked:DigDeeper+1"],"picked":"SKIP","floor":27},{"not_picked":["beaked:Redirect","beaked:Cower"],"picked":"beaked:AwakenedForm","floor":31},{"not_picked":["beaked:SacrificialScars","beaked:ShadowFade"],"picked":"beaked:ScreechingChant","floor":33},{"not_picked":["beaked:BloodForTheGods+1","beaked:MimicWarrior+1","beaked:StunningBlow"],"picked":"SKIP","floor":35},{"not_picked":["beaked:HuntressSpirit+1","beaked:CursingBlood+1","beaked:TuckingFeathers+1"],"picked":"SKIP","floor":36},{"not_picked":["beaked:Tweet+1","beaked:Recite+1"],"picked":"beaked:Insight+1","floor":37},{"not_picked":["beaked:MachineSpirit+1","beaked:DesperateSwing","beaked:Recite+1"],"picked":"SKIP","floor":38},{"not_picked":["beaked:CrazyRituals","beaked:BloodForTheGods+1"],"picked":"beaked:KnowThyFoe","floor":39},{"not_picked":["beaked:Windmill+1","beaked:BounceBack","beaked:Cower"],"picked":"SKIP","floor":41},{"not_picked":["beaked:DigDeeper+1","beaked:SurvivalInstinct","beaked:FeelMyPain"],"picked":"SKIP","floor":42},{"not_picked":["beaked:Molting","beaked:MachineEssence","beaked:Tweet+1"],"picked":"SKIP","floor":44},{"not_picked":["beaked:Redirect+1","beaked:Poke+1"],"picked":"beaked:BraceForImpact+1","floor":45},{"not_picked":["ReplayTheSpireMod:Prepare the Ceremony","beaked:Struggle"],"picked":"beaked:AwakenedForm","floor":46},{"not_picked":["beaked:Tradeoff","beaked:CursingBlood+1","beaked:VigorBurst"],"picked":"SKIP","floor":47},{"not_picked":["beaked:Redirect+1","beaked:Molting+1"],"picked":"beaked:FullHouse","floor":54}],"player_experience":961733,"relics_obtained":[{"floor":3,"key":"ReplayTheSpireMod:Ring of Addiction"},{"floor":3,"key":"ReplayTheSpireMod:Ring of Exchange"},{"floor":3,"key":"SacredBark"},{"floor":3,"key":"Chameleon Ring"},{"floor":4,"key":"Snack Pack"},{"floor":6,"key":"Orichalcum"},{"floor":8,"key":"War Paint"},{"floor":10,"key":"Gremlin Food"},{"floor":13,"key":"Replay:Arrowhead"},{"floor":21,"key":"Nilry\u0027s Codex"},{"floor":23,"key":"infinitespire:BottledMercury"},{"floor":26,"key":"Pet Ghost"},{"floor":43,"key":"Garlic"},{"floor":47,"key":"Iron Hammer"},{"floor":54,"key":"infinitespire:Beetle Shell"}],"event_choices":[{"cards_removed":["Delirium"],"damage_healed":0,"gold_gain":0,"player_choice":"Forget","damage_taken":0,"max_hp_gain":0,"max_hp_loss":0,"event_name":"Living Wall","floor":11,"gold_loss":0},{"damage_healed":0,"gold_gain":0,"player_choice":"Obtained Book","damage_taken":16,"max_hp_gain":0,"max_hp_loss":0,"event_name":"Cursed Tome","floor":21,"gold_loss":0},{"damage_healed":0,"gold_gain":0,"player_choice":"Choice 2","damage_taken":0,"relics_obtained":["alterego_mod:SomeoneToFightFor"],"max_hp_gain":0,"max_hp_loss":0,"event_name":"Secret Garden","floor":22,"gold_loss":0},{"damage_healed":0,"gold_gain":0,"player_choice":"Obtain J.A.X.","damage_taken":0,"max_hp_gain":0,"max_hp_loss":0,"event_name":"Drug Dealer","floor":29,"gold_loss":0,"cards_obtained":["J.A.X."]},{"damage_healed":0,"gold_gain":0,"player_choice":"Ignored","damage_taken":0,"max_hp_gain":0,"max_hp_loss":0,"event_name":"Tomb of Lord Red Mask","floor":48,"gold_loss":0}],"is_beta":false,"boss_relics":[{"not_picked":["Replay:Bronze Core","Astrolabe"],"picked":"Tiny House"},{"not_picked":["Medical Kit","Ring of Chaos"],"picked":"Painkiller Herb"}],"items_purged_floors":[53],"is_endless":false,"potions_floor_spawned":[8,10,16,23,24,27,35,37,39,41,54],"ascension_level":3}}