{"host":"vd5put2n5b3t1prw","time":1607830902,"event":{"mods":["2.2 Compatiblity","AchievementEnabler","BaseMod","Better Altar","Better Match","Better Note","Better Sensory Stone","Better Silent Start","Better Skull","Better Third Choice","Better Vampires","Better-Laid Plans","BetterRewards","Block Reminder","Card Forge","Colored Map","Custom Start","Downfall","Emptier Cage","Minty Spire (QoL Compilation)","Quick Restart","Random Character Button","Relic Stats","Reorder Act Four","Spicy Shops","StSLib","Transform Curses"],"gold_per_floor":[99,99,99,31,45,145,445,470,485,496,510,521,521,549,474,474,474],"floor_reached":16,"playtime":1709,"items_purged":[],"score":110,"play_id":"f45c62d5-9b5b-4eb8-aa86-4c7bc0ecec21","local_time":"20201212214142","is_ascension_mode":false,"campfire_choices":[{"floor":13,"key":"REST"},{"floor":15,"key":"REST"}],"circlet_count":0,"master_deck":["sneckomod:Defend","sneckomod:Defend","sneckomod:Defend+1","sneckomod:SoulDraw+1","Guardian:TimeBomb+1","sneckomod:CheapStock+1","Devotion+1","SandsOfTime+1","WindmillStrike","LessonLearned","Establishment+1","Blasphemy","BattleHymn+1","CarveReality","sneckomod:CheapStock","Devotion","LessonLearned","SandsOfTime","WindmillStrike","Indignation+1","InnerPeace","ClearTheMind+1","CarveReality","MasterReality+1","Crescendo+1","sneckomod:SerpentMind","sneckomod:QuickMove","sneckomod:QuickMove"],"relics":["sneckomod:SneckoSoul","Hammer of Thor","Seething Fire","Anvil of the Gods","downfall:HeartsMalice","Old Coin","Dream Catcher","Kunai","downfall:HeartBlessingGreen"],"acts_visited":["Exordium"],"potions_floor_usage":[10],"damage_taken":[{"damage":0,"enemies":"Small Slimes","floor":1,"turns":1},{"damage":0,"enemies":"Jaw Worm","floor":2,"turns":1},{"damage":0,"enemies":"downfall:FleeingMerchant","floor":4,"turns":1},{"damage":12,"enemies":"2 Louse","floor":5,"turns":4},{"damage":21,"enemies":"3 Sentries","floor":8,"turns":5},{"damage":10,"enemies":"Exordium Thugs","floor":9,"turns":2},{"damage":13,"enemies":"Exordium Wildlife","floor":10,"turns":2},{"damage":22,"enemies":"3 Louse","floor":11,"turns":5},{"damage":5,"enemies":"Red Slaver","floor":12,"turns":2},{"damage":20,"enemies":"Gremlin Nob","floor":14,"turns":3},{"damage":47,"enemies":"downfall:Silent","floor":16,"turns":4}],"seed_played":"-2184653251738701684","potions_obtained":[{"floor":5,"key":"Energy Potion"},{"floor":9,"key":"Slimebound:ThreeZeroPotion"},{"floor":10,"key":"champ:CounterPotion"},{"floor":11,"key":"ColorlessPotion"}],"is_trial":false,"path_per_floor":["M","M","?","$","M","?","T","E","M","M","M","M","R","E","R","B"],"character_chosen":"THE_SNECKO","items_purchased":["sneckomod:CheapStock"],"campfire_rested":2,"item_purchase_floors":[4],"current_hp_per_floor":[90,90,90,91,80,80,80,60,50,37,15,10,37,17,44,0,0],"gold":474,"neow_bonus":"THREE_ENEMY_KILL","is_daily":false,"chose_seed":false,"campfire_upgraded":0,"win_rate":0.0,"timestamp":1607830902,"path_taken":["M","M","?","$","M","?","T","E","M","M","M","M","R","E","R","BOSS"],"items_purchased_type":["Card"],"build_version":"2020-11-30","purchased_purges":0,"victory":false,"max_hp_per_floor":[90,90,90,91,92,92,92,93,93,93,93,93,93,93,93,93,93],"relic_stats":{"Dream Catcher":2,"counters":[11,30],"Kunai":[0],"obtain_stats":[{"Dream Catcher":8,"Anvil of the Gods":0,"downfall:HeartsMalice":0,"downfall:HeartBlessingGreen":15,"Hammer of Thor":0,"Seething Fire":0,"Kunai":14,"sneckomod:SneckoSoul":0,"Old Coin":7},{"Dream Catcher":5,"Anvil of the Gods":0,"downfall:HeartsMalice":0,"downfall:HeartBlessingGreen":10,"Hammer of Thor":0,"Seething Fire":0,"Kunai":10,"sneckomod:SneckoSoul":0,"Old Coin":4},{"Dream Catcher":12,"Anvil of the Gods":0,"downfall:HeartsMalice":0,"downfall:HeartBlessingGreen":26,"Hammer of Thor":0,"Seething Fire":0,"Kunai":26,"sneckomod:SneckoSoul":0,"Old Coin":7}]},"card_choices":[{"not_picked":["sneckomod:RainOfDice","sneckomod:UnknownVulnerable"],"picked":"sneckomod:IronFang","floor":1},{"not_picked":["sneckomod:WideSting","sneckomod:SlitherStrike"],"picked":"sneckomod:SoulDraw","floor":2},{"not_picked":["sneckomod:UnknownClassGREEN","sneckomod:SoulDraw"],"picked":"sneckomod:UnknownClassTHE_CHAMP_GRAY","floor":4},{"not_picked":["sneckomod:DiceBlock","sneckomod:UnknownCommonAttack"],"picked":"sneckomod:UnknownClassGREEN","floor":5},{"not_picked":["sneckomod:UnknownClassGUARDIAN","sneckomod:IronFang"],"picked":"sneckomod:UnknownClassHEXA_GHOST_PURPLE","floor":8},{"not_picked":["sneckomod:DiceBlock","sneckomod:Nope"],"picked":"sneckomod:SerpentMind","floor":9},{"not_picked":["sneckomod:UnknownClassTHE_CHAMP_GRAY","sneckomod:QuickMove","sneckomod:UnknownVulnerable"],"picked":"SKIP","floor":10},{"not_picked":["sneckomod:IronFang","sneckomod:UnknownStrike"],"picked":"sneckomod:QuickMove","floor":11},{"not_picked":["sneckomod:UnknownStrike","sneckomod:UnknownCommonAttack","sneckomod:Unknown1Cost"],"picked":"SKIP","floor":12},{"not_picked":["sneckomod:UnknownStrike","sneckomod:Unknown1Cost"],"picked":"sneckomod:QuickMove","floor":13},{"not_picked":["sneckomod:UnknownX","sneckomod:SoulRoll","sneckomod:UnknownVulnerable"],"picked":"SKIP","floor":14}],"player_experience":191503,"relics_obtained":[{"floor":7,"key":"Old Coin"},{"floor":8,"key":"Dream Catcher"},{"floor":14,"key":"Kunai"}],"event_choices":[{"damage_healed":0,"gold_gain":1,"player_choice":"4","damage_taken":0,"max_hp_gain":0,"max_hp_loss":0,"event_name":"betterStone:BetterStone","floor":3,"gold_loss":0,"cards_obtained":["Guardian:TimeBomb"]}],"is_beta":false,"boss_relics":[],"items_purged_floors":[],"is_endless":false,"potions_floor_spawned":[5,9,10,11],"killed_by":"downfall:Silent","ascension_level":0}}