{"host":"g3js2eermvvpeiqn","time":1607856264,"event":{"mods":["BaseMod","DeckTracker","Downfall","Minty Spire (QoL Compilation)","Quick Restart","StSLib"],"gold_per_floor":[109,29,29,29,204,204,219,219,219,219,20,20,35,56,56,181,181,197,17,17,35,58,58,58,58],"floor_reached":24,"playtime":630,"items_purged":["Regret","Doubt"],"score":202,"play_id":"4ec98f1b-4449-44c3-b2f2-795f96e2bc0c","local_time":"20201213044424","is_ascension_mode":true,"campfire_choices":[{"data":"Zap","floor":6.0,"key":"SMITH"},{"data":"Dualcast","floor":12.0,"key":"SMITH"},{"data":"Chaos","floor":15.0,"key":"SMITH"},{"floor":23,"key":"REST"}],"circlet_count":0,"master_deck":["Strike_B","Strike_B","Strike_B","Strike_B","Defend_B","Defend_B","Defend_B","Zap+1","Dualcast+1","Coolheaded","Chaos+1","Storm","Injury","Tempest+1","Conserve Battery+1","Coolheaded+1","Buffer","Redo+1","Defragment"],"relics":["Cracked Core","Golden Idol","Symbiotic Virus","Toxic Egg 2","Turnip","Nuclear Battery","FaceOfCleric"],"acts_visited":["Exordium","TheCity"],"potions_floor_usage":[16,16,16],"damage_taken":[{"damage":7.0,"enemies":"Jaw Worm","floor":1.0,"turns":4.0},{"damage":0.0,"enemies":"Small Slimes","floor":7.0,"turns":2.0},{"damage":8.0,"enemies":"2 Louse","floor":13.0,"turns":2.0},{"damage":0.0,"enemies":"Large Slime","floor":14.0,"turns":3.0},{"damage":15,"enemies":"Slime Boss","floor":16,"turns":8},{"damage":0,"enemies":"Spheric Guardian","floor":18,"turns":3},{"damage":6,"enemies":"Chosen","floor":21,"turns":4},{"damage":47,"enemies":"Centurion and Healer","floor":22,"turns":15},{"damage":50,"enemies":"Slavers","floor":24,"turns":4}],"seed_played":"4656894230968907479","potions_obtained":[{"floor":1.0,"key":"FearPotion"},{"floor":14.0,"key":"GamblersBrew"}],"is_trial":false,"path_per_floor":["M","$","?","?","?","R","M","T","T","?","$","R","M","M","R","B",null,"M","$","?","M","M","R","E"],"character_chosen":"DEFECT","items_purchased":["Storm","Tempest+1","Swift Potion","Defragment"],"campfire_rested":1,"item_purchase_floors":[2,11,11,19],"current_hp_per_floor":[68,68,68,68,68,68,68,68,68,68,68,68,60,60,60,45,75,75,75,75,70,24,47,0,0],"gold":58,"neow_bonus":"THREE_CARDS","is_daily":false,"chose_seed":false,"campfire_upgraded":3,"win_rate":0.0,"timestamp":1607856264,"path_taken":["M","$","?","?","?","R","M","?","T","?","?","R","M","?","R","BOSS","M","$","?","?","M","R","E"],"items_purchased_type":["Card","Card","Potion","Card"],"build_version":"2020-11-30","purchased_purges":2,"victory":false,"max_hp_per_floor":[75,75,75,75,75,75,75,75,75,75,75,75,75,75,75,75,75,75,75,75,76,77,77,77,77],"card_choices":[{"not_picked":["Stack","Barrage"],"picked":"Coolheaded","floor":0.0},{"not_picked":["Capacitor","Steam"],"picked":"Chaos","floor":1.0},{"not_picked":["Go for the Eyes","Rebound","Compile Driver"],"picked":"SKIP","floor":7.0},{"not_picked":["Hologram+1","Compile Driver"],"picked":"Conserve Battery+1","floor":13.0},{"not_picked":["Gash","Lockon"],"picked":"Coolheaded+1","floor":14.0},{"not_picked":["Amplify+1","Hyperbeam"],"picked":"Buffer","floor":16},{"not_picked":["Blizzard","Conserve Battery+1"],"picked":"Redo+1","floor":18},{"not_picked":["Hello World","Steam+1","Barrage"],"picked":"SKIP","floor":21},{"not_picked":["Redo+1","Stack+1","Hologram+1"],"picked":"SKIP","floor":22}],"player_experience":1442783,"relics_obtained":[{"floor":8.0,"key":"Symbiotic Virus"},{"floor":9.0,"key":"Toxic Egg 2"}],"event_choices":[{"cards_removed":["Defend_B"],"damage_healed":0.0,"max_hp_gain":0.0,"max_hp_loss":0.0,"gold_gain":0.0,"event_name":"Living Wall","player_choice":"Forget","floor":3.0,"gold_loss":0.0,"damage_taken":0.0},{"damage_healed":0.0,"max_hp_gain":0.0,"max_hp_loss":0.0,"gold_gain":0.0,"event_name":"Golden Idol","player_choice":"Take Wound","floor":4.0,"gold_loss":0.0,"damage_taken":0.0,"relics_obtained":["Golden Idol"],"cards_obtained":["Injury"]},{"damage_healed":0.0,"max_hp_gain":0.0,"max_hp_loss":0.0,"gold_gain":175.0,"event_name":"Liars Game","player_choice":"AGREE","floor":5.0,"gold_loss":0.0,"damage_taken":0.0,"cards_obtained":["Doubt"]},{"damage_healed":0.0,"max_hp_gain":0.0,"max_hp_loss":0.0,"gold_gain":0.0,"event_name":"Big Fish","player_choice":"Box","floor":10.0,"gold_loss":0.0,"damage_taken":0.0,"relics_obtained":["Turnip"],"cards_obtained":["Regret"]},{"damage_healed":0,"gold_gain":0,"player_choice":"Trade","damage_taken":0,"relics_obtained":["FaceOfCleric"],"max_hp_gain":0,"max_hp_loss":0,"event_name":"FaceTrader","floor":20,"gold_loss":0}],"is_beta":false,"boss_relics":[{"not_picked":["Philosopher\u0027s Stone","SlaversCollar"],"picked":"Nuclear Battery"}],"items_purged_floors":[11,19],"is_endless":false,"potions_floor_spawned":[1,14],"killed_by":"Slavers","ascension_level":2}}