{"host":"agga6lej02o7kt08","time":1607859733,"event":{"mods":["2.2 Compatiblity","Aspiration","BaseMod","Better Third Choice","Colored Map","Colored Powertips","Hubris","Minty Spire (QoL Compilation)","Replay The Spire","StSLib","¡¼?Úª?ø«¡½REMEMod"],"gold_per_floor":[109,124,124,140,151,151,182,182,182,217,142,142,158,185,185,288,288,306,326,326,342,398,432,432,467,492,492,522,541,574,22,22,120,170,188,205,222,234,253,281,281,306,386,398,429,429,442,471,471,471,471],"floor_reached":50,"playtime":2756,"items_purged":["Strike_R","Defend_R"],"score":932,"play_id":"3e6d4363-e829-4360-af89-a541cde19e83","local_time":"20201213204213","is_ascension_mode":true,"campfire_choices":[{"data":"Heavy Blade","floor":6,"key":"SMITH"},{"data":"Strike_R","floor":15,"key":"PURGE"},{"data":"Shrug It Off","floor":24,"key":"SMITH"},{"floor":32,"key":"REST"},{"data":"Double Tap","floor":41,"key":"SMITH"},{"floor":49,"key":"RECALL"}],"circlet_count":0,"master_deck":["Strike_R","Defend_R","Bash","Spot Weakness","Heavy Blade+1","ReplayTheSpireMod:Limb From Limb","Berserk","ReplayTheSpireMod:Stacked+1","Shrug It Off+1","Shrug It Off+1","Double Tap+1"],"relics":["Burning Blood","REME_ComplimentaryCards","ReplayTheSpireMod:Shallot","Replay:Multitool","Bag of Preparation","Electric Blood","Replay:Bottled Eggs","hubris:Metronome","Strawberry","aspiration:HiddenCompartment","Snack Pack","Kunai","Sling","Tiny House","Replay:Kaleidoscope","Centennial Puzzle","ReplayTheSpireMod:Spearhead","Paper Frog"],"acts_visited":["Exordium","TheCity","TheBeyond"],"potions_floor_usage":[7,7,7,7,10,14,16,22,25,25,38,40,45,50,50],"damage_taken":[{"damage":7,"enemies":"2 Louse","floor":1,"turns":3},{"damage":13,"enemies":"Cultist","floor":2,"turns":6},{"damage":1,"enemies":"Jaw Worm","floor":4,"turns":3},{"damage":11,"enemies":"Blue Slaver","floor":5,"turns":5},{"damage":9,"enemies":"Gremlin Nob","floor":7,"turns":4},{"damage":8,"enemies":"3 Sentries","floor":10,"turns":6},{"damage":8,"enemies":"Looter","floor":13,"turns":3},{"damage":11,"enemies":"Lagavulin","floor":14,"turns":4},{"damage":72,"enemies":"Fading Forest","floor":16,"turns":9},{"damage":12,"enemies":"3 Byrds","floor":18,"turns":5},{"damage":13,"enemies":"2 Thieves","floor":19,"turns":2},{"damage":14,"enemies":"3 Cultists","floor":21,"turns":4},{"damage":11,"enemies":"Centurion and Healer","floor":22,"turns":4},{"damage":11,"enemies":"Gremlin Leader","floor":23,"turns":3},{"damage":11,"enemies":"REME_1_Revenger","floor":25,"turns":4},{"damage":16,"enemies":"Replay:Snechameleon","floor":28,"turns":3},{"damage":17,"enemies":"Snecko","floor":29,"turns":5},{"damage":13,"enemies":"Gremlin Leader","floor":30,"turns":4},{"damage":41,"enemies":"hubris:MusketHawk","floor":33,"turns":6},{"damage":24,"enemies":"3 Shapes","floor":35,"turns":5},{"damage":29,"enemies":"3 Darklings","floor":36,"turns":7},{"damage":18,"enemies":"Spire Growth","floor":37,"turns":3},{"damage":32,"enemies":"Writhing Mass","floor":38,"turns":4},{"damage":0,"enemies":"Transient","floor":39,"turns":1},{"damage":12,"enemies":"Reptomancer","floor":40,"turns":2},{"damage":13,"enemies":"R_Hoarder","floor":42,"turns":8},{"damage":10,"enemies":"Jaw Worm Horde","floor":44,"turns":3},{"damage":32,"enemies":"Nemesis","floor":45,"turns":5},{"damage":11,"enemies":"Sphere and 2 Shapes","floor":47,"turns":6},{"damage":21,"enemies":"Giant Head","floor":48,"turns":5},{"damage":15,"enemies":"Donu and Deca","floor":50,"turns":3}],"seed_played":"1960533957138297103","potions_obtained":[{"floor":2,"key":"Explosive Potion"},{"floor":3,"key":"EntropicBrew"},{"floor":3,"key":"HeartOfIron"},{"floor":10,"key":"DistilledChaos"},{"floor":16,"key":"Weak Potion"},{"floor":18,"key":"SneckoOil"},{"floor":21,"key":"ColorlessPotion"},{"floor":29,"key":"Dexterity Potion"},{"floor":33,"key":"SteroidPotion"},{"floor":34,"key":"ColorlessPotion"},{"floor":36,"key":"BloodPotion"},{"floor":39,"key":"Energy Potion"},{"floor":45,"key":"Elixir"},{"floor":47,"key":"PowerPotion"},{"floor":48,"key":"LiquidMemories"}],"is_trial":false,"path_per_floor":["M","M","?","M","M","R","E","?","T","E","$","?","M","E","R","B",null,"M","M","?","M","M","E","R","E","T","?","E","M","E","$","R","B",null,"M","M","M","M","M","E","R","E","T","M","E","?","M","E","R","B"],"character_chosen":"IRONCLAD","items_purchased":["Shrug It Off","Kunai","Sling"],"campfire_rested":1,"item_purchase_floors":[31,31,31],"current_hp_per_floor":[79,72,72,77,72,72,69,69,69,67,67,75,73,68,68,12,80,74,67,67,59,54,49,49,44,51,51,41,30,23,23,49,20,92,76,57,49,43,49,47,47,55,55,51,27,27,22,13,13,0,0],"gold":471,"neow_bonus":"RANDOM_EVENT","is_daily":false,"chose_seed":false,"campfire_upgraded":3,"win_rate":0.0,"timestamp":1607859733,"path_taken":["M","M","?","?","M","R","E","?","T","E","?","?","M","E","R","BOSS","M","M","?","?","M","E","R","E","T","?","E","M","E","$","R","BOSS","M","?","M","M","?","E","R","E","T","M","E","?","M","E","R","BOSS"],"items_purchased_type":["Card","Relic","Relic"],"build_version":"2020-11-30","purchased_purges":2,"victory":false,"max_hp_per_floor":[80,80,80,80,80,80,80,80,80,80,80,80,80,80,80,80,80,80,80,80,80,80,80,80,80,87,87,87,87,87,87,87,87,92,92,92,92,92,92,92,92,92,92,92,92,92,92,92,92,92,92],"card_choices":[{"not_picked":["Wild Strike","Havoc"],"picked":"Spot Weakness","floor":1},{"not_picked":["Perfected Strike","Body Slam","Wild Strike"],"picked":"SKIP","floor":2},{"not_picked":["Cleave","Hemokinesis","Pummel"],"picked":"SKIP","floor":4},{"not_picked":["Flex","Shockwave"],"picked":"Heavy Blade","floor":5},{"not_picked":["Shrug It Off","Heavy Blade"],"picked":"ReplayTheSpireMod:Limb From Limb","floor":7},{"not_picked":["Perfected Strike","Body Slam","Headbutt"],"picked":"SKIP","floor":10},{"not_picked":["hubris:ReadiedAction","Sentinel","ReplayTheSpireMod:Corrosion Curse"],"picked":"SKIP","floor":13},{"not_picked":["ReplayTheSpireMod:Strike From Hell","Evolve","Entrench"],"picked":"SKIP","floor":14},{"not_picked":["Double Tap","Replay:Many Hands"],"picked":"Berserk","floor":16},{"not_picked":["Run Through+1","Infernal Blade+1","Warcry"],"picked":"SKIP","floor":18},{"not_picked":["True Grit","Pommel Strike","REME_ACTH"],"picked":"SKIP","floor":19},{"not_picked":["Wild Strike","Metallicize"],"picked":"ReplayTheSpireMod:Stacked","floor":21},{"not_picked":["Heavy Blade","Warcry","Anger"],"picked":"SKIP","floor":22},{"not_picked":["Pommel Strike+1","Thunderclap"],"picked":"Shrug It Off","floor":23},{"not_picked":["Life Link","Thunderclap","Armaments"],"picked":"SKIP","floor":25},{"not_picked":["Fiend Fire","Pommel Strike","Havoc"],"picked":"SKIP","floor":28},{"not_picked":["Twin Strike","ReplayTheSpireMod:LeadingStrike","Cleave"],"picked":"SKIP","floor":29},{"not_picked":["Perfected Strike+1","Barricade","Thunderclap"],"picked":"SKIP","floor":30},{"not_picked":["Bludgeon","hubris:StunningStrike"],"picked":"Double Tap","floor":33},{"not_picked":["Headbutt+1","Cleave","Flex+1"],"picked":"SKIP","floor":35},{"not_picked":["Evolve","REME_SingleHolding","Wild Strike+1"],"picked":"SKIP","floor":36},{"not_picked":["Heavy Blade+1","Spot Weakness","Bloodletting"],"picked":"SKIP","floor":37},{"not_picked":["Clash","Headbutt","Anger+1"],"picked":"SKIP","floor":38},{"not_picked":["Power Through+1","Massacre+1","ReplayTheSpireMod:Limb From Limb+1"],"picked":"SKIP","floor":39},{"not_picked":["Dropkick+1","Iron Wave","Wild Strike"],"picked":"SKIP","floor":40},{"not_picked":["REME_SingleHolding+1","ReplayReversal+1","Body Slam"],"picked":"SKIP","floor":42},{"not_picked":["Thunderclap","Twin Strike+1","Rage"],"picked":"SKIP","floor":44},{"not_picked":["Demonic Infusion","Sever Soul+1","ReplayTheSpireMod:Strike From Hell"],"picked":"SKIP","floor":45},{"not_picked":["Twin Strike","Abandon+1","Headbutt+1"],"picked":"SKIP","floor":47},{"not_picked":["Clothesline+1","Armaments+1","Whirlwind"],"picked":"SKIP","floor":48}],"player_experience":692280,"relics_obtained":[{"floor":7,"key":"ReplayTheSpireMod:Shallot"},{"floor":9,"key":"Replay:Multitool"},{"floor":14,"key":"Bag of Preparation"},{"floor":23,"key":"Replay:Bottled Eggs"},{"floor":25,"key":"hubris:Metronome"},{"floor":26,"key":"Strawberry"},{"floor":28,"key":"aspiration:HiddenCompartment"},{"floor":30,"key":"Snack Pack"},{"floor":40,"key":"Replay:Kaleidoscope"},{"floor":42,"key":"Centennial Puzzle"},{"floor":45,"key":"ReplayTheSpireMod:Spearhead"},{"floor":48,"key":"Paper Frog"}],"event_choices":[{"damage_healed":0,"gold_gain":0,"player_choice":"Got Potions","damage_taken":0,"max_hp_gain":0,"max_hp_loss":0,"event_name":"Lab","floor":3,"gold_loss":0},{"cards_removed":["Strike_R"],"damage_healed":0,"gold_gain":0,"player_choice":"Card Removal","damage_taken":0,"max_hp_gain":0,"max_hp_loss":0,"event_name":"Wheel of Change","floor":20,"gold_loss":0},{"cards_removed":["Defend_R"],"damage_healed":0,"gold_gain":0,"player_choice":"Offered Basic","damage_taken":0,"max_hp_gain":0,"max_hp_loss":0,"event_name":"Bonfire Elementals","floor":27,"gold_loss":0},{"cards_removed":["Strike_R"],"damage_healed":0,"gold_gain":0,"player_choice":"Purged","damage_taken":0,"max_hp_gain":0,"max_hp_loss":0,"event_name":"Purifier","floor":46,"gold_loss":0}],"is_beta":false,"boss_relics":[{"not_picked":["Replay:Wanted Poster","aspiration:SilentSkillbook"],"picked":"Electric Blood"},{"not_picked":["REME_DuelDisc","hubris:HollowSoul"],"picked":"Tiny House"}],"items_purged_floors":[11,31],"is_endless":false,"potions_floor_spawned":[2,10,16,18,21,29,33,36,39,45,47,48],"killed_by":"Donu and Deca","ascension_level":1}}