{"host":"ifd7sfhtlbe34qll","time":1607836649,"event":{"mods":["2.2 Compatiblity","BaseMod","Block Reminder","Colored Map","Downfall","Highlight Path","Minty Spire (QoL Compilation)","Potion Indicator Mod","Quick Restart","Random Character Button","Relic Stats","StSLib"],"gold_per_floor":[99,124,124,124,124,124,124,149,166,200,8,19,67,88,98,98,98],"floor_reached":16,"playtime":805,"items_purged":[],"score":202,"play_id":"8745ff1c-681c-4d88-b4e6-0d66d2be71bf","local_time":"20201212231729","is_ascension_mode":true,"campfire_choices":[{"data":"hexamod:Sear","floor":1,"key":"SMITH"},{"data":"hexamod:EmpoweredFlame","floor":4,"key":"SMITH"}],"circlet_count":0,"master_deck":["hexamod:Strike","hexamod:Strike+1","hexamod:Strike","hexamod:Strike+1","hexamod:Defend+1","hexamod:Defend+1","hexamod:Defend+1","hexamod:Defend+1","hexamod:Sear+1","hexamod:Float","hexamod:EmpoweredFlame+1","Regret","hexamod:DynamicBlow","hexamod:Hexaguard+1","hexamod:SecondSeal","hexamod:FifthSeal","hexamod:BurningTouch+1","hexamod:ThirdSeal","hexamod:FirstSeal","hexamod:GhostflameInferno+1","hexamod:SixthSeal","hexamod:FastForward+1","hexamod:SixthSeal","hexamod:HeatMetal","hexamod:HeatShield+1","hexamod:FlamesFromBeyond+1","hexamod:FifthSeal","hexamod:Again+1"],"relics":["hexamod:SpiritBrand","downfall:HeartsMalice","Ornamental Fan","downfall:ShatteredFragment","Meat on the Bone","Toxic Egg 2","White Beast Statue","Happy Flower"],"acts_visited":["Exordium"],"potions_floor_usage":[16],"damage_taken":[{"damage":0,"enemies":"3 Sentries","floor":2,"turns":1},{"damage":0,"enemies":"Jaw Worm","floor":6,"turns":1},{"damage":0,"enemies":"Lagavulin","floor":8,"turns":1},{"damage":2,"enemies":"2 Louse","floor":9,"turns":2},{"damage":28,"enemies":"Gremlin Nob","floor":10,"turns":4},{"damage":5,"enemies":"downfall:FleeingMerchant","floor":11,"turns":4},{"damage":9,"enemies":"Cultist","floor":12,"turns":3},{"damage":20,"enemies":"3 Louse","floor":14,"turns":5},{"damage":19,"enemies":"Exordium Thugs","floor":15,"turns":5},{"damage":42,"enemies":"downfall:Silent","floor":16,"turns":6}],"seed_played":"3229999112697842840","potions_obtained":[{"floor":2,"key":"DistilledChaos"},{"floor":11,"key":"DuplicationPotion"},{"floor":12,"key":"LiquidBronze"}],"is_trial":false,"path_per_floor":["R","E","?","R","?","M","T","E","M","E","$","M","T","M","M","B"],"character_chosen":"THE_SPIRIT","items_purchased":["hexamod:FirstSeal","hexamod:GhostflameInferno+1"],"campfire_rested":0,"item_purchase_floors":[11,11],"current_hp_per_floor":[70,70,70,70,49,49,49,49,47,31,38,48,48,47,40,0,0],"gold":98,"neow_bonus":"THREE_ENEMY_KILL","is_daily":false,"chose_seed":false,"campfire_upgraded":2,"win_rate":0.0,"timestamp":1607836649,"path_taken":["R","E","?","R","?","M","T","E","M","E","$","M","?","M","M","BOSS"],"items_purchased_type":["Card","Card"],"build_version":"2020-11-30","purchased_purges":0,"victory":false,"max_hp_per_floor":[70,70,70,70,70,70,70,70,70,70,70,70,70,70,70,70,70],"relic_stats":{"Happy Flower":[5],"counters":[10,32],"Ornamental Fan":[24],"obtain_stats":[{"downfall:ShatteredFragment":5,"Happy Flower":13,"Ornamental Fan":2,"downfall:HeartsMalice":0,"Toxic Egg 2":8,"hexamod:SpiritBrand":0,"White Beast Statue":10,"Meat on the Bone":7},{"downfall:ShatteredFragment":1,"Happy Flower":7,"Ornamental Fan":1,"downfall:HeartsMalice":0,"Toxic Egg 2":3,"hexamod:SpiritBrand":0,"White Beast Statue":5,"Meat on the Bone":2},{"downfall:ShatteredFragment":1,"Happy Flower":16,"Ornamental Fan":1,"downfall:HeartsMalice":0,"Toxic Egg 2":3,"hexamod:SpiritBrand":0,"White Beast Statue":9,"Meat on the Bone":2}],"Meat on the Bone":60},"card_choices":[{"not_picked":["hexamod:SuperheatedStrike","hexamod:ExtraCrispy"],"picked":"hexamod:EmpoweredFlame","floor":2},{"not_picked":["hexamod:NightmareGuise","hexamod:Again"],"picked":"hexamod:DynamicBlow","floor":6},{"not_picked":["hexamod:GhostShield+1","hexamod:SpectersWail"],"picked":"hexamod:Hexaguard+1","floor":8},{"not_picked":["hexamod:RetreatToShadows+1","hexamod:NightmareGuise+1"],"picked":"hexamod:SecondSeal","floor":9},{"not_picked":["hexamod:UnleashSpirits","hexamod:NecessarySacrifice+1"],"picked":"hexamod:FifthSeal","floor":10},{"not_picked":["hexamod:RadiantFlame","hexamod:GhostLash"],"picked":"hexamod:BurningTouch+1","floor":11},{"not_picked":["hexamod:FirstSeal","hexamod:FourthSeal"],"picked":"hexamod:ThirdSeal","floor":11},{"not_picked":["hexamod:FirstSeal","hexamod:SecondSeal"],"picked":"hexamod:SixthSeal","floor":12},{"not_picked":["hexamod:SwordOfDarkness","hexamod:RetreatToShadows+1"],"picked":"hexamod:FastForward+1","floor":12},{"not_picked":["hexamod:FirstSeal","hexamod:ThirdSeal"],"picked":"hexamod:SixthSeal","floor":14},{"not_picked":["hexamod:RainOfEmbers","hexamod:SwordOfDarkness"],"picked":"hexamod:HeatMetal","floor":14},{"not_picked":["hexamod:FastForward+1","hexamod:DynamicBlow"],"picked":"hexamod:HeatShield+1","floor":14},{"not_picked":["hexamod:SuperheatedStrike","hexamod:BacktrackSmack"],"picked":"hexamod:FlamesFromBeyond+1","floor":15},{"not_picked":["hexamod:SecondSeal","hexamod:ThirdSeal"],"picked":"hexamod:FifthSeal","floor":15},{"not_picked":["hexamod:SpectersWail","hexamod:ExtraCrispy"],"picked":"hexamod:Again+1","floor":15}],"player_experience":1526369,"relics_obtained":[{"floor":2,"key":"Ornamental Fan"},{"floor":7,"key":"Meat on the Bone"},{"floor":8,"key":"Toxic Egg 2"},{"floor":10,"key":"White Beast Statue"},{"floor":13,"key":"Happy Flower"}],"event_choices":[],"is_beta":false,"boss_relics":[],"items_purged_floors":[],"is_endless":false,"potions_floor_spawned":[2,11,12,14,15],"killed_by":"downfall:Silent","ascension_level":4}}