{"host":"1hv1kueuvc4r3rdp","time":1607897420,"event":{"mods":["AchievementEnabler","BaseMod","DeckTracker","Highlight Path","Minty Spire (QoL Compilation)","Permanent Neow","StSLib"],"gold_per_floor":[113,128,138,154,154,185,185,185,185],"floor_reached":8,"playtime":928,"items_purged":[],"score":96,"play_id":"fdeed1d6-d4eb-4aa1-85a9-45598c941f15","local_time":"20201213161020","is_ascension_mode":true,"campfire_choices":[{"floor":7,"key":"REST"}],"circlet_count":0,"master_deck":["AscendersBane","Strike_P","Strike_P","Strike_P","Strike_P","Defend_P","Defend_P+1","Defend_P","Defend_P","Eruption","Vigilance+1","BattleHymn","ReachHeaven","Protect"],"relics":["Black Star","Mercury Hourglass","War Paint"],"acts_visited":["Exordium"],"potions_floor_usage":[6],"damage_taken":[{"damage":0,"enemies":"Jaw Worm","floor":1,"turns":3},{"damage":2,"enemies":"2 Louse","floor":2,"turns":6},{"damage":1,"enemies":"Cultist","floor":3,"turns":3},{"damage":26,"enemies":"Exordium Thugs","floor":4,"turns":4},{"damage":12,"enemies":"3 Sentries","floor":6,"turns":5},{"damage":45,"enemies":"Gremlin Nob","floor":8,"turns":4}],"seed_played":"6864512254682936412","potions_obtained":[{"floor":1,"key":"DuplicationPotion"},{"floor":3,"key":"Swift Potion"}],"is_trial":false,"path_per_floor":["M","M","M","M","?","E","R","E"],"character_chosen":"WATCHER","items_purchased":[],"campfire_rested":1,"item_purchase_floors":[],"current_hp_per_floor":[65,63,62,36,36,24,45,0,0],"gold":185,"neow_bonus":"BOSS_RELIC","is_daily":false,"chose_seed":false,"campfire_upgraded":0,"win_rate":0.0,"timestamp":1607897420,"path_taken":["M","M","M","M","?","E","R","E"],"items_purchased_type":[],"build_version":"2020-11-30","purchased_purges":0,"victory":false,"max_hp_per_floor":[72,72,72,72,72,72,72,72,72],"card_choices":[{"not_picked":["JustLucky","Collect"],"picked":"BattleHymn","floor":1},{"not_picked":["Halt","Worship","FlurryOfBlows"],"picked":"SKIP","floor":2},{"not_picked":["ThirdEye","BattleHymn"],"picked":"ReachHeaven","floor":3},{"not_picked":["FlurryOfBlows","Prostrate","BattleHymn"],"picked":"SKIP","floor":4},{"not_picked":["FlurryOfBlows","Prostrate","BattleHymn"],"picked":"SKIP","floor":4},{"not_picked":["Meditate","Vengeance"],"picked":"Protect","floor":6}],"player_experience":994168,"relics_obtained":[{"floor":6,"key":"Mercury Hourglass"},{"floor":6,"key":"War Paint"}],"event_choices":[{"damage_healed":0,"gold_gain":0,"player_choice":"Ignored","damage_taken":0,"max_hp_gain":0,"max_hp_loss":0,"event_name":"Liars Game","floor":5,"gold_loss":0}],"is_beta":false,"boss_relics":[],"items_purged_floors":[],"is_endless":false,"potions_floor_spawned":[1,3],"killed_by":"Gremlin Nob","ascension_level":13}}