{"host":"u0m9wcerzdqt9t83","time":1607880401,"event":{"mods":["AchievementEnabler","BaseMod","BetterRewards","Colored Map","DeckTracker","Hermit","Minty Spire (QoL Compilation)","Rare Cards Sparkle","Shade Mod","StSLib"],"gold_per_floor":[109,109,126,146,146,179,197,197,272,272,292,322,302,314,314,409,409,428,343,343,343,343,372,372,397,476,42,60,92,104,130,130,226,226,240,11,311,326,30,30,30,57,83,118,133,168,193,223,235,247,247],"floor_reached":50,"playtime":4556,"items_purged":[],"score":958,"play_id":"0b778232-58a2-4df7-a15d-dd68e8938d92","local_time":"20201213122640","is_ascension_mode":true,"campfire_choices":[{"floor":10,"key":"REST"},{"floor":15,"key":"REST"},{"data":"Adrenaline","floor":24,"key":"SMITH"},{"data":"Outmaneuver","floor":32,"key":"SMITH"},{"data":"A Thousand Cuts","floor":40,"key":"SMITH"},{"floor":49,"key":"REST"}],"circlet_count":0,"master_deck":["Defend_G","Defend_G","Defend_G","Defend_G","Defend_G","Survivor","Neutralize","Accuracy","PiercingWail","Noxious Fumes","Cloak And Dagger","Bane","Deadly Poison","Flying Knee","Outmaneuver+1","Deadly Poison","Adrenaline+1","Noxious Fumes+1","Bite","Bite","Bite","Bite","Bite","Deadly Poison","Backflip+1","Panache","Cloak And Dagger+1","Deadly Poison+1","Flying Knee+1","Outmaneuver+1","Crippling Poison+1","Slice+1","A Thousand Cuts+1","Deflect+1","Dodge and Roll+1","Flechettes+1","Flechettes+1","Blade Dance+1","Neutralize+1","Acrobatics+1","Heel Hook+1","Flying Knee+1","Noxious Fumes","Dagger Spray+1"],"relics":["Ring of the Snake","Shuriken","Lizard Tail","InkBottle","StoneCalendar","Pen Nib","Darkstone Periapt","Toy Ornithopter","WristBlade","MealTicket","Pear","Molten Egg 2","Toxic Egg 2","Bottled Lightning","TwistedFunnel","Strawberry","Ancient Tea Set","Busted Crown","Happy Flower","Gremlin Horn","White Beast Statue","Akabeko","HornCleat","MawBank"],"acts_visited":["Exordium","TheCity","TheBeyond"],"potions_floor_usage":[6,12,12,14,16,25,25,38,42,46,46,48,50],"damage_taken":[{"damage":0,"enemies":"Small Slimes","floor":1,"turns":4},{"damage":0,"enemies":"Cultist","floor":3,"turns":5},{"damage":21,"enemies":"Jaw Worm","floor":4,"turns":7},{"damage":24,"enemies":"3 Sentries","floor":6,"turns":7},{"damage":0,"enemies":"3 Louse","floor":7,"turns":4},{"damage":6,"enemies":"Exordium Thugs","floor":11,"turns":5},{"damage":17,"enemies":"Lagavulin","floor":12,"turns":5},{"damage":0,"enemies":"Blue Slaver","floor":14,"turns":3},{"damage":16,"enemies":"Slime Boss","floor":16,"turns":7},{"damage":23,"enemies":"Chosen","floor":18,"turns":5},{"damage":36,"enemies":"Gremlin Leader","floor":23,"turns":7},{"damage":29,"enemies":"Book of Stabbing","floor":25,"turns":5},{"damage":0,"enemies":"3 Byrds","floor":28,"turns":2},{"damage":12,"enemies":"Gremlin Leader","floor":29,"turns":4},{"damage":10,"enemies":"Centurion and Healer","floor":30,"turns":4},{"damage":8,"enemies":"Slavers","floor":31,"turns":4},{"damage":73,"enemies":"Automaton","floor":33,"turns":7},{"damage":0,"enemies":"3 Shapes","floor":35,"turns":3},{"damage":1,"enemies":"3 Darklings","floor":38,"turns":2},{"damage":46,"enemies":"Giant Head","floor":42,"turns":7},{"damage":0,"enemies":"Reptomancer","floor":44,"turns":2},{"damage":1,"enemies":"Maw","floor":45,"turns":5},{"damage":22,"enemies":"Nemesis","floor":46,"turns":5},{"damage":0,"enemies":"Jaw Worm Horde","floor":47,"turns":2},{"damage":0,"enemies":"Transient","floor":48,"turns":5},{"damage":125,"enemies":"Time Eater","floor":50,"turns":8}],"seed_played":"6825828053875241723","potions_obtained":[{"floor":1,"key":"FearPotion"},{"floor":4,"key":"Regen Potion"},{"floor":11,"key":"Energy Potion"},{"floor":12,"key":"PowerPotion"},{"floor":14,"key":"SpeedPotion"},{"floor":16,"key":"CultistPotion"},{"floor":23,"key":"LiquidBronze"},{"floor":29,"key":"FairyPotion"},{"floor":30,"key":"SmokeBomb"},{"floor":33,"key":"DistilledChaos"},{"floor":38,"key":"PowerPotion"},{"floor":44,"key":"ColorlessPotion"},{"floor":45,"key":"FearPotion"},{"floor":46,"key":"SpeedPotion"},{"floor":47,"key":"Weak Potion"},{"floor":48,"key":"SteroidPotion"}],"is_trial":false,"path_per_floor":["M","?","M","M","?","E","M","?","T","R","M","E","?","M","R","B",null,"M","?","?","?","T","E","R","E","T","$","M","E","M","E","R","B",null,"M","$","?","M","$","R","?","E","T","E","M","E","M","M","R","B"],"character_chosen":"THE_SILENT","items_purchased":["Shuriken","Accuracy","InkBottle","Panache","TwistedFunnel","Cloak And Dagger+1","Deadly Poison+1","Happy Flower","Dodge and Roll+1","Flechettes+1","Blade Dance+1","Gremlin Horn"],"campfire_rested":3,"item_purchase_floors":[0,0,0,27,27,27,27,36,36,36,39,39],"current_hp_per_floor":[41,41,41,20,20,11,11,11,11,32,26,9,9,14,35,24,70,47,47,47,47,57,39,39,30,30,45,51,54,50,48,48,21,66,66,66,66,66,66,66,66,22,22,32,39,35,37,50,66,0,0],"gold":247,"neow_bonus":"","is_daily":false,"chose_seed":false,"campfire_upgraded":3,"win_rate":0.0,"timestamp":1607880400,"path_taken":["M","?","?","M","?","E","M","?","T","R","?","E","?","M","R","BOSS","M","?","?","?","?","E","R","E","T","$","?","E","M","E","R","BOSS","M","$","?","?","$","R","?","E","T","E","M","E","?","M","R","BOSS"],"items_purchased_type":["Relic","Card","Relic","Card","Relic","Card","Card","Relic","Card","Card","Card","Relic"],"build_version":"2020-11-30","purchased_purges":0,"victory":false,"max_hp_per_floor":[70,70,70,70,70,70,70,70,70,70,70,70,70,70,70,70,70,70,70,70,49,59,59,59,59,59,59,59,66,66,66,66,66,66,66,66,66,66,66,66,66,66,66,66,66,66,66,66,66,66,66],"card_choices":[{"not_picked":["Deflect","Deadly Poison"],"picked":"PiercingWail","floor":1},{"not_picked":["Concentrate","Terror"],"picked":"Noxious Fumes","floor":3},{"not_picked":["Concentrate","Acrobatics"],"picked":"Cloak And Dagger","floor":4},{"not_picked":["PiercingWail","Dagger Throw"],"picked":"Bane","floor":6},{"not_picked":["Underhanded Strike","Slice"],"picked":"Deadly Poison","floor":7},{"not_picked":["Deadly Poison","Dagger Spray"],"picked":"Flying Knee","floor":11},{"not_picked":["Quick Slash","Leg Sweep"],"picked":"Outmaneuver","floor":12},{"not_picked":["Malaise","PiercingWail"],"picked":"Deadly Poison","floor":14},{"not_picked":["Venomology","Storm of Steel"],"picked":"Adrenaline","floor":16},{"not_picked":["Accuracy","Backstab+1"],"picked":"Noxious Fumes+1","floor":18},{"not_picked":["Underhanded Strike+1","Acrobatics"],"picked":"Deadly Poison","floor":23},{"not_picked":["Deadly Poison+1","Sucker Punch+1"],"picked":"Backflip+1","floor":25},{"not_picked":["Eviscerate+1","Accuracy"],"picked":"Flying Knee+1","floor":28},{"not_picked":["Bane+1","Distraction+1"],"picked":"Outmaneuver+1","floor":29},{"not_picked":["Deadly Poison+1","Acrobatics+1"],"picked":"Crippling Poison+1","floor":30},{"not_picked":["Leg Sweep+1","Quick Slash+1"],"picked":"Slice+1","floor":31},{"not_picked":["Night Terror+1","Glass Knife+1"],"picked":"A Thousand Cuts","floor":33},{"not_picked":[],"picked":"Deflect+1","floor":35},{"not_picked":[],"picked":"Flechettes+1","floor":38},{"not_picked":[],"picked":"Acrobatics+1","floor":42},{"not_picked":["Reflex+1"],"picked":"SKIP","floor":44},{"not_picked":[],"picked":"Heel Hook+1","floor":45},{"not_picked":[],"picked":"Flying Knee+1","floor":46},{"not_picked":[],"picked":"Noxious Fumes","floor":47},{"not_picked":[],"picked":"Dagger Spray+1","floor":48}],"player_experience":353913,"relics_obtained":[{"floor":6,"key":"Pen Nib"},{"floor":9,"key":"Darkstone Periapt"},{"floor":12,"key":"Toy Ornithopter"},{"floor":22,"key":"Pear"},{"floor":23,"key":"Molten Egg 2"},{"floor":25,"key":"Toxic Egg 2"},{"floor":26,"key":"Bottled Lightning"},{"floor":29,"key":"Strawberry"},{"floor":31,"key":"Ancient Tea Set"},{"floor":42,"key":"White Beast Statue"},{"floor":43,"key":"Akabeko"},{"floor":44,"key":"HornCleat"},{"floor":46,"key":"MawBank"}],"event_choices":[{"damage_healed":0,"gold_gain":0,"player_choice":"Ignored","damage_taken":0,"max_hp_gain":0,"max_hp_loss":0,"event_name":"NoteForYourself","floor":2,"gold_loss":0},{"damage_healed":0,"gold_gain":0,"player_choice":"Ignored","damage_taken":0,"max_hp_gain":0,"max_hp_loss":0,"event_name":"Golden Wing","floor":5,"gold_loss":0},{"damage_healed":0,"gold_gain":0,"player_choice":"Ignored","damage_taken":0,"max_hp_gain":0,"max_hp_loss":0,"event_name":"Liars Game","floor":8,"gold_loss":0},{"damage_healed":0,"gold_gain":0,"player_choice":"Left Gold","damage_taken":0,"max_hp_gain":0,"max_hp_loss":0,"event_name":"World of Goop","floor":13,"gold_loss":20},{"damage_healed":0,"gold_gain":0,"player_choice":"Obtained Relic","damage_taken":0,"relics_obtained":["MealTicket"],"max_hp_gain":0,"max_hp_loss":0,"event_name":"Addict","floor":19,"gold_loss":85},{"damage_healed":0,"gold_gain":0,"player_choice":"Ignored","damage_taken":0,"max_hp_gain":0,"max_hp_loss":0,"event_name":"Ghosts","floor":20,"gold_loss":0},{"damage_healed":0,"gold_gain":0,"player_choice":"Became a vampire","damage_taken":0,"max_hp_gain":0,"max_hp_loss":21,"event_name":"Vampires","floor":21,"gold_loss":0,"cards_obtained":["Bite","Bite","Bite","Bite","Bite"]},{"damage_healed":0,"gold_gain":300,"player_choice":"Gold","damage_taken":0,"max_hp_gain":0,"max_hp_loss":0,"event_name":"Wheel of Change","floor":37,"gold_loss":0},{"damage_healed":0,"gold_gain":0,"player_choice":"1 cards matched","damage_taken":0,"max_hp_gain":0,"max_hp_loss":0,"event_name":"Match and Keep!","floor":41,"gold_loss":0,"cards_obtained":["Neutralize"]}],"is_beta":false,"boss_relics":[{"not_picked":["HoveringKite","Velvet Choker"],"picked":"WristBlade"},{"not_picked":["Snecko Eye","Sozu"],"picked":"Busted Crown"}],"items_purged_floors":[],"is_endless":false,"potions_floor_spawned":[1,4,11,12,14,16,23,29,30,33,38,44,45,46,47,48],"killed_by":"Time Eater","ascension_level":1}}