{"host":"5ezk7t18wcb10u1o","time":1607875687,"event":{"mods":["Act Like it!","BaseMod","Bestiary","Colored Powertips","Elementarium","Minty Spire (QoL Compilation)","Relic Sorter"],"gold_per_floor":[114,125,138,156,169,203,203,220,220,237,237,287,297,297,297,374,374,387,407,427,276,287,321,321,333,359,359,449,449,499,518,518,518,518],"floor_reached":33,"playtime":2028,"items_purged":[],"score":478,"play_id":"46799f2c-1613-4857-9d6f-95a4692fef19","local_time":"20201213160807","is_ascension_mode":true,"campfire_choices":[{"floor":7,"key":"REST"},{"floor":15,"key":"REST"},{"data":"Defragment","floor":24,"key":"SMITH"},{"floor":29,"key":"REST"},{"floor":32,"key":"REST"}],"circlet_count":0,"master_deck":["AscendersBane","Strike_B","Strike_B","Strike_B","Strike_B","Defend_B","Defend_B","Defend_B","Zap","Dualcast","Coolheaded","Self Repair","Ball Lightning","Conserve Battery","Ball Lightning","Electrodynamics","Hologram","Coolheaded","Leap","Core Surge","Go for the Eyes","Loop","Double Energy","Defragment+1","Self Repair","Genetic Algorithm","Decay","Tempest"],"relics":["Cracked Core","Girya","Mummified Hand","Bag of Marbles","InkBottle","Cursed Key","Runic Capacitor","Symbiotic Virus","Juzu Bracelet"],"acts_visited":["Exordium","TheCity"],"potions_floor_usage":[13,16,16,20,22,33,33],"damage_taken":[{"damage":0.0,"enemies":"Cultist","floor":1.0,"turns":3.0},{"damage":9.0,"enemies":"Jaw Worm","floor":2.0,"turns":3.0},{"damage":0.0,"enemies":"Small Slimes","floor":3.0,"turns":4.0},{"damage":6.0,"enemies":"2 Fungi Beasts","floor":4.0,"turns":4.0},{"damage":11,"enemies":"Lots of Slimes","floor":5,"turns":7},{"damage":28,"enemies":"Lagavulin","floor":6,"turns":5},{"damage":16,"enemies":"3 Louse","floor":8,"turns":2},{"damage":3,"enemies":"Blue Slaver","floor":10,"turns":2},{"damage":0,"enemies":"Gremlin Gang","floor":13,"turns":2},{"damage":37,"enemies":"Hexaghost","floor":16,"turns":15},{"damage":15,"enemies":"3 Byrds","floor":18,"turns":3},{"damage":23,"enemies":"Chosen","floor":19,"turns":5},{"damage":6,"enemies":"Centurion and Healer","floor":20,"turns":6},{"damage":0,"enemies":"Sentry and Sphere","floor":22,"turns":4},{"damage":26,"enemies":"Gremlin Leader","floor":23,"turns":6},{"damage":19,"enemies":"Snake Plant","floor":25,"turns":4},{"damage":27,"enemies":"Cultist and Chosen","floor":31,"turns":5},{"damage":63,"enemies":"Automaton","floor":33,"turns":6}],"seed_played":"4090635817075246655","potions_obtained":[{"floor":1.0,"key":"Block Potion"},{"floor":6,"key":"Weak Potion"},{"floor":10,"key":"DuplicationPotion"},{"floor":13,"key":"Weak Potion"},{"floor":16,"key":"Regen Potion"},{"floor":20,"key":"AttackPotion"},{"floor":23,"key":"Strength Potion"},{"floor":31,"key":"Energy Potion"}],"is_trial":false,"path_per_floor":["M","M","M","M","M","E","R","M","T","M","$","T","M","?","R","B",null,"M","M","M","$","M","E","R","M","T","?","?","R","?","M","R","B"],"character_chosen":"DEFECT","items_purchased":["Runic Capacitor"],"campfire_rested":4,"item_purchase_floors":[21],"current_hp_per_floor":[64,55,62,56,52,31,52,43,43,40,40,40,40,22,43,13,57,49,33,49,49,56,37,37,25,25,39,27,48,41,28,49,0,0],"gold":518,"neow_bonus":"TRANSFORM_CARD","is_daily":false,"chose_seed":false,"campfire_upgraded":1,"win_rate":0.0,"timestamp":1607875687,"path_taken":["M","?","M","?","M","E","R","M","T","M","$","?","M","?","R","BOSS","M","M","M","$","M","E","R","M","T","?","?","R","?","M","R","BOSS"],"items_purchased_type":["Relic"],"build_version":"2020-11-30","purchased_purges":0,"victory":false,"max_hp_per_floor":[71,71,71,71,71,71,71,71,71,71,71,71,71,71,71,71,71,71,71,71,71,71,71,71,71,71,71,71,71,71,71,71,71,71],"card_choices":[{"not_picked":["Skim","Hello World","Blizzard"],"picked":"SKIP","floor":1.0},{"not_picked":["Leap","Cold Snap"],"picked":"Self Repair","floor":2.0},{"not_picked":["Stack","Consume"],"picked":"Ball Lightning","floor":3.0},{"not_picked":["Streamline","Biased Cognition"],"picked":"Conserve Battery","floor":4.0},{"not_picked":["Turbo","Aggregate"],"picked":"Ball Lightning","floor":5},{"not_picked":["Hologram","Barrage"],"picked":"Electrodynamics","floor":6},{"not_picked":["Darkness","Beam Cell"],"picked":"Hologram","floor":8},{"not_picked":["Beam Cell","Barrage"],"picked":"Coolheaded","floor":10},{"not_picked":["Sweeping Beam","Fission"],"picked":"Leap","floor":13},{"not_picked":["Seek","Echo Form"],"picked":"Core Surge","floor":16},{"not_picked":["Barrage","Sweeping Beam"],"picked":"Go for the Eyes","floor":18},{"not_picked":["Streamline+1","Hello World"],"picked":"Loop","floor":19},{"not_picked":["Blizzard","Rebound"],"picked":"Double Energy","floor":20},{"not_picked":["Scrape","Leap"],"picked":"Defragment","floor":22},{"not_picked":["Compile Driver","Gash"],"picked":"Self Repair","floor":23},{"not_picked":["Ball Lightning","Beam Cell"],"picked":"Genetic Algorithm","floor":25},{"not_picked":["Fusion","Storm"],"picked":"Tempest","floor":31}],"player_experience":1019355,"relics_obtained":[{"floor":6,"key":"Girya"},{"floor":9,"key":"Mummified Hand"},{"floor":12,"key":"Bag of Marbles"},{"floor":23,"key":"Symbiotic Virus"},{"floor":26,"key":"Juzu Bracelet"}],"event_choices":[{"damage_healed":0,"gold_gain":0,"player_choice":"Success","damage_taken":18,"relics_obtained":["InkBottle"],"max_hp_gain":0,"max_hp_loss":0,"event_name":"Scrap Ooze","floor":14,"gold_loss":0},{"damage_healed":14,"gold_gain":0,"player_choice":"Heal","damage_taken":0,"max_hp_gain":0,"max_hp_loss":0,"event_name":"The Library","floor":27,"gold_loss":0},{"damage_healed":0,"gold_gain":90,"player_choice":"GOLD ","damage_taken":12,"max_hp_gain":0,"max_hp_loss":0,"event_name":"Knowing Skull","floor":28,"potions_obtained":[],"gold_loss":0,"cards_obtained":[]},{"damage_healed":0,"gold_gain":50,"player_choice":"Touch","damage_taken":7,"max_hp_gain":0,"max_hp_loss":0,"event_name":"FaceTrader","floor":30,"gold_loss":0}],"is_beta":false,"boss_relics":[{"not_picked":["Calling Bell","Fusion Hammer"],"picked":"Cursed Key"}],"items_purged_floors":[],"is_endless":false,"potions_floor_spawned":[1,6,10,13,16,20,23,31],"killed_by":"Automaton","ascension_level":15}}