{"host":"fpxpluq8jbpwe8of","time":1607838500,"event":{"mods":["Act Like it!","BaseMod","Colored Powertips","Gensokyo","Hermit","Highlight Path","Infinite Spire","Jorbs\u0027s Wanderer Trilogy","Lobotomy","LobotomyExtend","Marisa????????","Minty Spire (QoL Compilation)","Replay The Spire","Shop Mod","StSLib","Td1madao Mod","The Animator","The Cursed","The Exalted","The Hierophant","The Necromancer","The Poker Player","The Servant 0.9.4","WarShipGirlsR/????R mod","everything is the same but u backflip on backflip","slay the spire mod where everything is the same but ironclad has a cowboy hat","vexMod"],"gold_per_floor":[118,136,136,136,86,111,111,142,166,12,47,64,98,98,98,202,202,213,227,227,49,59,72,97,112,112,112,128,148,180,193,193,288,288,298,317,317,332,345,345,345,345,345,345,345,166,146,176,176,279,279,279],"floor_reached":51,"playtime":2409,"items_purged":["CommonCold","Strike_MRS"],"score":994,"play_id":"f2fd985c-7741-41de-872f-983d614f337b","local_time":"20201213004820","is_ascension_mode":true,"campfire_choices":[{"data":"MasterSpark","floor":7,"key":"SMITH"},{"data":"Strike_MRS","floor":15,"key":"SMITH"},{"data":"Acceleration","floor":27,"key":"SMITH"},{"data":"MilkyWay","floor":32,"key":"SMITH"},{"data":"GalacticHalo","floor":40,"key":"SMITH"},{"data":"EnergyFlow","floor":42,"key":"SMITH"},{"data":"ReplayTheSpireMod:??????????????????????","floor":45,"key":"SMITH"},{"floor":49,"key":"REST"}],"circlet_count":0,"master_deck":["Strike_MRS","Strike_MRS","Defend_MRS","Defend_MRS","Defend_MRS","MasterSpark+1","UpSweep+1","Blind+1","SporeBomb+1","OneTimeOff+1","AsteroidBelt+1","AlicesGift+1","EarthLightRay+1","MilkyWay+1","UpSweep+1","Acceleration+1","MilkyWay+1","EnergyFlow+1","CollectingQuirk+1","EarthLightRay+1","GalacticHalo+1","ReplayTheSpireMod:??????????????????????+1","MilkyWay+1","UltimateShortwave"],"relics":["MiniHakkero","LetterFromLob","Pen Nib","Regal Pillow","Happy Flower","Lee\u0027s Waffle","Incense Burner","Bromod:ArcanePistoleer","MagicBullet_r","infinitespire:Cupcake","DollysMirror","Nunchaku","vexMod:ScavengeHelm","Potion Belt","vexMod:DeviousBotling","Ring of Fury","Dream Catcher","Simple Rune","vexMod:Dragonfruit","SacredBark"],"acts_visited":["Exordium","TheCity","TheBeyond","Exordium"],"potions_floor_usage":[8,33],"damage_taken":[{"damage":0,"enemies":"Jaw Worm","floor":1,"turns":3},{"damage":0,"enemies":"Small Slimes","floor":2,"turns":3},{"damage":15,"enemies":"Lagavulin","floor":6,"turns":7},{"damage":27,"enemies":"3 Sentries","floor":8,"turns":7},{"damage":4,"enemies":"Replay:BlueRogue","floor":11,"turns":4},{"damage":3,"enemies":"2 Louse","floor":12,"turns":2},{"damage":11,"enemies":"Gremlin Nob","floor":13,"turns":3},{"damage":4,"enemies":"The Guardian","floor":16,"turns":6},{"damage":0,"enemies":"Spheric Guardian","floor":18,"turns":2},{"damage":7,"enemies":"Shell Parasite","floor":19,"turns":2},{"damage":0,"enemies":"Centurion and Healer","floor":22,"turns":4},{"damage":0,"enemies":"Snake Plant","floor":23,"turns":2},{"damage":13,"enemies":"Nightmare","floor":24,"turns":5},{"damage":26,"enemies":"Cultist and Chosen","floor":25,"turns":4},{"damage":2,"enemies":"Chosen and Byrds","floor":28,"turns":3},{"damage":0,"enemies":"Centurion and Healer","floor":29,"turns":4},{"damage":0,"enemies":"Book of Stabbing","floor":30,"turns":2},{"damage":0,"enemies":"Snecko","floor":31,"turns":2},{"damage":30,"enemies":"Collector","floor":33,"turns":4},{"damage":0,"enemies":"3 Shapes","floor":35,"turns":3},{"damage":20,"enemies":"Orb Walker","floor":36,"turns":3},{"damage":6,"enemies":"Sphere and 2 Shapes","floor":38,"turns":3},{"damage":35,"enemies":"Transient","floor":39,"turns":5},{"damage":16,"enemies":"Nemesis","floor":48,"turns":5},{"damage":29,"enemies":"Awakened One","floor":50,"turns":10}],"seed_played":"-4537969121255811374","potions_obtained":[{"floor":2,"key":"Explosive Potion"},{"floor":11,"key":"Elixir"},{"floor":12,"key":"SkillPotion"},{"floor":18,"key":"SteroidPotion"},{"floor":23,"key":"GamblersBrew"},{"floor":28,"key":"Regen Potion"},{"floor":33,"key":"Ancient Potion"},{"floor":38,"key":"BottledSpark"},{"floor":39,"key":"Dexterity Potion"}],"is_trial":false,"path_per_floor":["M","M","?","?","?","E","R","E","T","$","E","M","E","M","R","B",null,"M","M","?","$","M","M","NM","M","T","R","M","M","E","M","R","B",null,"M","M","?","M","M","R","?","R","T","AVR","R","$","?","E","R","B",null],"character_chosen":"MARISA","items_purchased":["Lee\u0027s Waffle","MilkyWay","DollysMirror","EntropicBrew"],"campfire_rested":1,"item_purchase_floors":[10,21,21,46],"current_hp_per_floor":[68,68,75,75,75,60,60,33,33,82,78,75,64,64,64,66,78,78,75,92,92,92,92,83,57,57,57,61,67,73,73,73,54,83,89,75,75,81,57,57,57,57,57,57,57,57,57,58,97,68,90,90],"gold":279,"neow_bonus":"RANDOM_COLORLESS","is_daily":false,"chose_seed":false,"campfire_upgraded":7,"win_rate":0.0,"timestamp":1607838500,"path_taken":["M","M","?","?","?","E","R","E","T","$","E","M","E","M","R","BOSS","M","?","?","$","M","?","NM","M","T","R","M","M","E","M","R","BOSS","M","M","?","?","M","R","?","R","T","AVR","R","$","?","E","R","BOSS"],"items_purchased_type":["Relic","Card","Relic","Potion"],"build_version":"2020-11-30","purchased_purges":2,"victory":false,"max_hp_per_floor":[75,75,75,75,75,75,75,75,75,82,82,82,82,82,82,82,82,82,82,92,92,92,92,92,92,92,92,92,92,92,92,92,92,92,92,92,92,92,92,92,92,92,92,92,92,92,92,97,97,97,97,97],"card_choices":[{"not_picked":["Forethought","Swift Strike"],"picked":"Blind","floor":0},{"not_picked":["PowerUp","Singularity"],"picked":"SporeBomb","floor":1},{"not_picked":["MagicChant","DoubleSpark"],"picked":"OneTimeOff","floor":2},{"not_picked":["IllusionStar","PowerUp"],"picked":"AsteroidBelt","floor":6},{"not_picked":["SporeBomb","GravityBeat"],"picked":"AlicesGift","floor":8},{"not_picked":["OneTimeOff","FairyDestructionRay","SporeBomb"],"picked":"SKIP","floor":11},{"not_picked":["WitchLeyline","StarBarrage","PowerUp"],"picked":"SKIP","floor":12},{"not_picked":["DeepEcoloBomb","GravityBeat"],"picked":"EarthLightRay","floor":13},{"not_picked":["BlazingStar","BinaryStars"],"picked":"ManaRampage","floor":16},{"not_picked":["PowerUp","DoubleSpark","DC"],"picked":"SKIP","floor":18},{"not_picked":["6A+1","GrandCross+1","DC+1"],"picked":"SKIP","floor":19},{"not_picked":["NonDirectionalLaser","MysteriousBeam","GravityBeat"],"picked":"SKIP","floor":22},{"not_picked":["LuminesStrike","WitchOfGreed+1","Robbery+1"],"picked":"SKIP","floor":23},{"not_picked":["MysteriousBeam","6A"],"picked":"Acceleration","floor":24},{"not_picked":["GravityBeat+1","DoubleSpark","EnergyRecoil"],"picked":"SKIP","floor":25},{"not_picked":["GravityBeat+1","DoubleSpark","EnergyRecoil"],"picked":"SKIP","floor":25},{"not_picked":["LuminesStrike","6A","AbsoluteMagnitude"],"picked":"SKIP","floor":28},{"not_picked":["MysteriousBeam","OortCloud"],"picked":"MilkyWay+1","floor":29},{"not_picked":["AsteroidBelt","ManaConvection+1"],"picked":"EnergyFlow","floor":30},{"not_picked":["NonDirectionalLaser","SporeBomb+1","MilkyWay"],"picked":"SKIP","floor":31},{"not_picked":["JA","FinalSpark"],"picked":"CollectingQuirk","floor":33},{"not_picked":["PowerUp","DC","OortCloud"],"picked":"SKIP","floor":35},{"not_picked":["GravityBeat+1","DC"],"picked":"EarthLightRay+1","floor":36},{"not_picked":["DarkMatter","IllusionStar","DoubleSpark"],"picked":"SKIP","floor":38},{"not_picked":["DoubleSpark","DragonMeteor+1"],"picked":"GalacticHalo","floor":39},{"not_picked":["EarthLightRay","GravityBeat+1","6A+1"],"picked":"SKIP","floor":48},{"not_picked":["EnergyRecoil+1","LuminesStrike+1"],"picked":"MilkyWay+1","floor":49},{"not_picked":["BigCrunch","MillisecondPulsars"],"picked":"UltimateShortwave","floor":50}],"player_experience":282210,"relics_obtained":[{"floor":1,"key":"LetterFromLob"},{"floor":6,"key":"Pen Nib"},{"floor":8,"key":"Regal Pillow"},{"floor":9,"key":"Happy Flower"},{"floor":11,"key":"Incense Burner"},{"floor":13,"key":"Bromod:ArcanePistoleer"},{"floor":24,"key":"Nunchaku"},{"floor":26,"key":"vexMod:ScavengeHelm"},{"floor":30,"key":"Potion Belt"},{"floor":41,"key":"Ring of Fury"},{"floor":43,"key":"Dream Catcher"},{"floor":48,"key":"vexMod:Dragonfruit"}],"event_choices":[{"damage_healed":0,"gold_gain":0,"player_choice":"Grow","damage_taken":0,"max_hp_gain":0,"max_hp_loss":0,"event_name":"Living Wall","floor":4,"gold_loss":0,"cards_upgraded":["UpSweep"]},{"cards_removed":["Strike_MRS"],"damage_healed":0,"gold_gain":0,"player_choice":"Card Removal","damage_taken":0,"max_hp_gain":0,"max_hp_loss":0,"event_name":"The Cleric","floor":5,"gold_loss":50},{"cards_removed":["ManaRampage"],"damage_healed":7,"gold_gain":0,"player_choice":"Offered Rare","damage_taken":0,"max_hp_gain":10,"max_hp_loss":0,"event_name":"Bonfire Elementals","floor":20,"gold_loss":0},{"damage_healed":0,"gold_gain":0,"player_choice":"Upgraded","damage_taken":0,"max_hp_gain":0,"max_hp_loss":0,"event_name":"Upgrade Shrine","floor":37,"gold_loss":0,"cards_upgraded":["CollectingQuirk"]}],"is_beta":false,"boss_relics":[{"not_picked":["vexMod:CursedCompass","Bromod:ArcaneBarrier"],"picked":"infinitespire:Cupcake"},{"not_picked":["vexMod:TanglingVine","Runic Dome"],"picked":"vexMod:DeviousBotling"},{"not_picked":["Velvet Choker","Replay:Bronze Core"],"picked":"SacredBark"}],"items_purged_floors":[44,46],"is_endless":true,"potions_floor_spawned":[2,11,12,18,23,24,28,33,38,39],"ascension_level":6}}