{"host":"dl5mjdlimopbuch5","time":1607878021,"event":{"mods":["AchievementEnabler","BaseMod","Colored Powertips","Googly Eyes","Minty Spire (QoL Compilation)","Quick Restart"],"gold_per_floor":[110,110,156,156,166,193,193,205,205,53,67,97,97,118,118,230,230,249,24,24,24,24,24,24,57,80,280,293,309,321,335,335,438,438,451,471,480,480],"floor_reached":37,"playtime":1168,"items_purged":[],"score":466,"play_id":"708c60c6-599d-4641-8c38-baf77d279ff5","local_time":"20201213164701","is_ascension_mode":true,"campfire_choices":[{"data":"Judgement","floor":7.0,"key":"SMITH"},{"data":"BattleHymn","floor":15.0,"key":"SMITH"},{"data":"ReachHeaven","floor":23.0,"key":"SMITH"},{"floor":32.0,"key":"REST"}],"circlet_count":0,"master_deck":["Strike_P","Strike_P","Strike_P+1","Strike_P","Defend_P","Defend_P","Defend_P","Defend_P","Eruption","Vigilance","EmptyFist+1","ReachHeaven+1","Judgement+1","Prostrate","BattleHymn+1","DevaForm","Parasite"],"relics":["PureWater","NeowsBlessing","Bag of Marbles","Gremlin Horn","Bronze Scales","Vajra","CeramicFish","Busted Crown","Membership Card","Whetstone","Nilry\u0027s Codex","Lantern","Anchor","Fusion Hammer"],"acts_visited":["Exordium","TheCity","TheBeyond"],"potions_floor_usage":[37],"damage_taken":[{"damage":0.0,"enemies":"Small Slimes","floor":1.0,"turns":1.0},{"damage":0.0,"enemies":"Jaw Worm","floor":5.0,"turns":1.0},{"damage":0.0,"enemies":"Lagavulin","floor":6.0,"turns":1.0},{"damage":8.0,"enemies":"2 Louse","floor":8.0,"turns":2.0},{"damage":0.0,"enemies":"Lots of Slimes","floor":11.0,"turns":1.0},{"damage":9.0,"enemies":"3 Sentries","floor":12.0,"turns":3.0},{"damage":0.0,"enemies":"Exordium Wildlife","floor":14.0,"turns":1.0},{"damage":58.0,"enemies":"The Guardian","floor":16.0,"turns":8.0},{"damage":3.0,"enemies":"Chosen","floor":18.0,"turns":3.0},{"damage":7.0,"enemies":"Slavers","floor":25.0,"turns":2.0},{"damage":12.0,"enemies":"Shell Parasite","floor":28.0,"turns":3.0},{"damage":15.0,"enemies":"Snake Plant","floor":29.0,"turns":3.0},{"damage":20.0,"enemies":"Cultist and Chosen","floor":30.0,"turns":5.0},{"damage":0.0,"enemies":"Sentry and Sphere","floor":31.0,"turns":2.0},{"damage":14.0,"enemies":"Collector","floor":33.0,"turns":5.0},{"damage":48.0,"enemies":"3 Darklings","floor":35.0,"turns":4.0},{"damage":7.0,"enemies":"Orb Walker","floor":36.0,"turns":2.0},{"damage":25,"enemies":"Writhing Mass","floor":37,"turns":6}],"seed_played":"5319802426242950364","potions_obtained":[{"floor":6.0,"key":"PowerPotion"},{"floor":8.0,"key":"Dexterity Potion"},{"floor":11.0,"key":"LiquidMemories"},{"floor":13.0,"key":"Fruit Juice"},{"floor":13.0,"key":"AttackPotion"},{"floor":18.0,"key":"SkillPotion"},{"floor":30.0,"key":"SteroidPotion"},{"floor":33.0,"key":"PowerPotion"},{"floor":35.0,"key":"StancePotion"},{"floor":36.0,"key":"LiquidBronze"}],"is_trial":false,"path_per_floor":["M","?","T","$","M","E","R","M","T","$","M","E","?","M","R","B",null,"M","$","$","?","?","R","$","E","T","?","M","M","M","M","R","B",null,"M","M","M"],"character_chosen":"WATCHER","items_purchased":["Vajra","Membership Card","Whetstone"],"campfire_rested":1,"item_purchase_floors":[10,19,19],"current_hp_per_floor":[72,72,72,72,72,72,72,64,64,64,64,55,60,60,60,2,77,74,74,74,58,58,58,58,51,51,51,39,24,4,4,27,13,77,29,22,0,0],"gold":480,"neow_bonus":"THREE_ENEMY_KILL","is_daily":false,"chose_seed":false,"campfire_upgraded":3,"win_rate":0.0,"timestamp":1607878021,"path_taken":["M","?","?","$","M","E","R","M","T","$","M","E","?","M","R","BOSS","M","?","$","?","?","R","?","E","T","?","?","M","M","M","R","BOSS","M","M","M"],"items_purchased_type":["Relic","Relic","Relic"],"build_version":"2020-11-30","purchased_purges":0,"victory":false,"max_hp_per_floor":[72,72,72,72,72,72,72,72,72,72,72,72,77,77,77,77,77,77,77,77,77,77,77,77,77,77,77,77,77,77,77,77,77,77,77,77,77,77],"card_choices":[{"not_picked":["BowlingBash","Study"],"picked":"EmptyFist","floor":1.0},{"not_picked":["FlurryOfBlows","Perseverance"],"picked":"ReachHeaven","floor":5.0},{"not_picked":["SignatureMove","Wireheading"],"picked":"Judgement","floor":6.0},{"not_picked":["FlyingSleeves","FlurryOfBlows"],"picked":"Prostrate","floor":8.0},{"not_picked":["Study","WindmillStrike","Prostrate"],"picked":"SKIP","floor":11.0},{"not_picked":["Protect","Nirvana","CrushJoints"],"picked":"SKIP","floor":12.0},{"not_picked":["ReachHeaven","Halt"],"picked":"BattleHymn","floor":14.0},{"not_picked":["SpiritShield","LessonLearned"],"picked":"DevaForm","floor":16.0},{"not_picked":["FlurryOfBlows"],"picked":"SKIP","floor":18.0},{"not_picked":["FlurryOfBlows"],"picked":"SKIP","floor":25.0},{"not_picked":["BowlingBash"],"picked":"SKIP","floor":28.0},{"not_picked":["Evaluate+1"],"picked":"SKIP","floor":29.0},{"not_picked":["Collect"],"picked":"SKIP","floor":30.0},{"not_picked":["BowlingBash+1"],"picked":"SKIP","floor":31.0},{"not_picked":["FollowUp"],"picked":"SKIP","floor":35.0},{"not_picked":["Wallop"],"picked":"SKIP","floor":36.0}],"player_experience":206955,"relics_obtained":[{"floor":3.0,"key":"Bag of Marbles"},{"floor":6.0,"key":"Gremlin Horn"},{"floor":9.0,"key":"Bronze Scales"},{"floor":12.0,"key":"CeramicFish"},{"floor":21.0,"key":"Nilry\u0027s Codex"},{"floor":25.0,"key":"Lantern"},{"floor":26.0,"key":"Anchor"}],"event_choices":[{"damage_healed":0.0,"max_hp_gain":0.0,"max_hp_loss":0.0,"gold_gain":0.0,"event_name":"The Cleric","player_choice":"Leave","floor":2.0,"gold_loss":0.0,"damage_taken":0.0},{"damage_healed":0.0,"max_hp_gain":0.0,"max_hp_loss":0.0,"gold_gain":0.0,"event_name":"Lab","player_choice":"Got Potions","floor":13.0,"gold_loss":0.0,"damage_taken":0.0},{"damage_healed":0.0,"max_hp_gain":0.0,"max_hp_loss":0.0,"gold_gain":0.0,"event_name":"Cursed Tome","player_choice":"Obtained Book","floor":21.0,"gold_loss":0.0,"damage_taken":16.0},{"damage_healed":0.0,"max_hp_gain":0.0,"max_hp_loss":0.0,"gold_gain":0.0,"event_name":"Vampires","player_choice":"Ignored","floor":22.0,"gold_loss":0.0,"damage_taken":0.0},{"damage_healed":0.0,"max_hp_gain":0.0,"max_hp_loss":0.0,"gold_gain":200.0,"event_name":"Wheel of Change","player_choice":"Gold","floor":27.0,"gold_loss":0.0,"damage_taken":0.0}],"is_beta":false,"boss_relics":[{"not_picked":["Philosopher\u0027s Stone","Velvet Choker"],"picked":"Busted Crown"},{"not_picked":["Coffee Dripper","Cursed Key"],"picked":"Fusion Hammer"}],"items_purged_floors":[],"is_endless":false,"potions_floor_spawned":[6,8,11,18,30,33,35,36],"killed_by":"Writhing Mass","ascension_level":2}}