{"host":"Dj","time":1607817685,"event":{"mods":["AchievementEnabler","Aspiration","BaseMod","Better Altar","Better Match","Better Note","Better Sensory Stone","Better Skull","Better Third Choice","BetterRewards","CCEM","Colored Map","Conspire","Downfall","GifTheSpireLib","Highlight Path","Hunter ??","Infinite Spire","Minty Spire (QoL Compilation)","Permanent Neow","Replay The Spire","StSLib","Stuff the Spire","Unceasing Turn Reminder","Waifu the Spire","everything is the same but u backflip on backflip","slay the spire mod where everything is the same but ironclad has a cowboy hat"],"gold_per_floor":[116,116,39,56,11,11,42,70,70,96,96,21,45,72,72,171,171,199,199,224,224,224,224,224,291,318,345,22,48,93,115,115,236,236,290,290,306,306],"floor_reached":37,"playtime":1866,"items_purged":["Strike_G","ReplayTheSpireMod:Corrosion Curse"],"score":539,"play_id":"116a151e-c2d6-4ca1-9173-610c2e5762ab","local_time":"20201212170125","is_ascension_mode":false,"campfire_choices":[{"data":"Blade Dance","floor":6,"key":"SMITH"},{"floor":15,"key":"REST"},{"floor":23,"key":"REST"},{"floor":32,"key":"REST"}],"circlet_count":0,"master_deck":["Strike_G","Strike_G","Strike_G","Defend_G","Defend_G","Defend_G","Defend_G","Survivor","Neutralize","Bouncing Flask","Deflect","Blade Dance+1","Noxious Fumes","conspire:PoisonWeapons","StuffTheSpire:Injection","Draining Mist","Replay:Bag of Tricks","StuffTheSpire:Injection","Deadly Poison","infinitespire:UltimateForm","infinitespire:Starlight","infinitespire:NeuralNetwork","StuffTheSpire:PestControl","ReplayTheSpireMod:Book of Names","Slice+1","Infinite Blades","Envenom","ReplayTheSpireMod:Black Plague"],"relics":["Ring of the Snake","Replay:Bandana","PreservedInsect","Onion Ring","aspiration:IroncladSkillbook","Meat on the Bone","infinitespire:PuzzleCube","Nunchaku","infinitespire:CheckeredPen","StuffTheSpire:OldFever","infinitespire:EvilPickle","aspiration:RunicSpoon"],"acts_visited":["Exordium","TheCity","TheBeyond"],"potions_floor_usage":[7,7,15,16,16,16,27,30,30,30,35],"damage_taken":[{"damage":0,"enemies":"Cultist","floor":1,"turns":5},{"damage":7,"enemies":"Small Slimes","floor":4,"turns":3},{"damage":2,"enemies":"Replay:BlueRogue","floor":7,"turns":5},{"damage":0,"enemies":"conspire:RoseBush","floor":8,"turns":3},{"damage":7,"enemies":"Exordium Thugs","floor":10,"turns":4},{"damage":10,"enemies":"2 Fungi Beasts","floor":13,"turns":2},{"damage":20,"enemies":"Large Slime","floor":14,"turns":5},{"damage":23,"enemies":"The Guardian","floor":16,"turns":6},{"damage":31,"enemies":"3 Byrds","floor":18,"turns":6},{"damage":15,"enemies":"conspire:FuzzyDice","floor":20,"turns":7},{"damage":1,"enemies":"3 Cultists","floor":27,"turns":4},{"damage":6,"enemies":"Chosen and Byrds","floor":29,"turns":4},{"damage":11,"enemies":"Nightmare","floor":30,"turns":3},{"damage":42,"enemies":"Shelled Parasite and Fungi","floor":31,"turns":6},{"damage":30,"enemies":"Pondfish","floor":33,"turns":7},{"damage":31,"enemies":"3 Shapes","floor":35,"turns":4},{"damage":53,"enemies":"2 Orb Walkers","floor":37,"turns":3}],"seed_played":"8799847878091412401","potions_obtained":[{"floor":4,"key":"sneckomod:MuddlingPotion"},{"floor":14,"key":"EntropicBrew"},{"floor":25,"key":"GhostInAJar"},{"floor":25,"key":"SteroidPotion"},{"floor":27,"key":"SkillPotion"},{"floor":29,"key":"Weak Potion"},{"floor":33,"key":"DistilledChaos"}],"is_trial":false,"path_per_floor":["M","?","$","M","$","R","E","M","T","M","?","?","M","M","R","B",null,"M","?","M","AVR","?","R","?","?","T","M","$","M","NM","M","R","B",null,"M","?","?"],"character_chosen":"THE_SILENT","items_purchased":["DistilledChaos","Blade Dance","infinitespire:CheckeredPen"],"campfire_rested":3,"item_purchase_floors":[3,5,28],"current_hp_per_floor":[49,49,49,42,42,42,40,40,40,33,33,33,23,3,24,1,70,43,43,32,32,12,33,33,5,5,30,30,50,53,37,58,42,70,53,36,0,0],"gold":306,"neow_bonus":"REMOVE_TWO","is_daily":false,"chose_seed":false,"campfire_upgraded":1,"win_rate":0.0,"timestamp":1607817685,"path_taken":["M","?","$","M","$","R","E","M","T","M","?","?","?","M","R","BOSS","M","?","M","AVR","?","R","?","?","T","M","$","M","NM","M","R","BOSS","M","?","?"],"items_purchased_type":["Potion","Card","Relic"],"build_version":"2020-11-17","purchased_purges":2,"victory":false,"max_hp_per_floor":[70,70,70,70,70,70,70,70,70,70,70,70,70,70,70,70,70,70,70,70,70,70,70,70,70,70,70,70,70,70,70,70,70,70,70,70,70,70],"card_choices":[{"not_picked":["Crippling Poison","Prepared"],"picked":"Bouncing Flask","floor":1},{"not_picked":["Quick Slash","Sneak Up"],"picked":"Deflect","floor":4},{"not_picked":["Blur","StuffTheSpire:ClusterCrunch"],"picked":"Noxious Fumes","floor":7},{"not_picked":["Poisoned Stab","Predator"],"picked":"conspire:PoisonWeapons","floor":8},{"not_picked":["StuffTheSpire:MirrorStance","Bouncing Flask","PiercingWail"],"picked":"SKIP","floor":10},{"not_picked":["Underhanded Strike","Acrobatics"],"picked":"StuffTheSpire:Injection","floor":13},{"not_picked":["Distraction","StuffTheSpire:Injection"],"picked":"Draining Mist","floor":14},{"not_picked":["A Thousand Cuts","Night Terror"],"picked":"Replay:Bag of Tricks","floor":16},{"not_picked":["Battle Trance","StuffTheSpire:Slingshot+1","Rupture+1"],"picked":"StuffTheSpire:Injection","floor":18},{"not_picked":["Dual Wield+1","Shrug It Off","Inflame+1"],"picked":"Deadly Poison","floor":20},{"not_picked":["Bane","StuffTheSpire:Python+1","Die Die Die"],"picked":"ReplayTheSpireMod:Corrosion Curse","floor":27},{"not_picked":["Outmaneuver","StuffTheSpire:Repulse+1","Iron Wave","Havoc"],"picked":"SKIP","floor":29},{"not_picked":["infinitespire:Oblivion","infinitespire:Starlight"],"picked":"ReplayTheSpireMod:Book of Names","floor":30},{"not_picked":["Phantasmal Killer","Thunderclap","Replay:Undeath\u0027s Touch"],"picked":"Slice+1","floor":30},{"not_picked":["Deflect","Sword Boomerang","StuffTheSpire:Injection+1"],"picked":"Infinite Blades","floor":31},{"not_picked":["Bullet Time","Brutality","Wraith Form v2"],"picked":"Envenom","floor":33},{"not_picked":["Heavy Blade","Slice","Bouncing Flask+1","Burning Pact"],"picked":"SKIP","floor":35},{"not_picked":["Heavy Blade","Slice","Bouncing Flask+1","Burning Pact"],"picked":"SKIP","floor":35},{"not_picked":["ReplayTheSpireMod:Echoes of Time","infinitespire:Oblivion"],"picked":"ReplayTheSpireMod:Black Plague","floor":36}],"player_experience":23247,"relics_obtained":[{"floor":7,"key":"Replay:Bandana"},{"floor":9,"key":"PreservedInsect"},{"floor":11,"key":"Onion Ring"},{"floor":25,"key":"infinitespire:PuzzleCube"},{"floor":26,"key":"Nunchaku"},{"floor":30,"key":"StuffTheSpire:OldFever"}],"event_choices":[{"damage_healed":0,"gold_gain":0,"player_choice":"3","damage_taken":0,"max_hp_gain":0,"max_hp_loss":0,"event_name":"betterMatch:BetterMatch","floor":12,"gold_loss":0,"cards_obtained":[]},{"cards_removed":["Replay:Bag of Tricks"],"damage_healed":0,"gold_gain":0,"player_choice":"Give","damage_taken":0,"max_hp_gain":0,"max_hp_loss":0,"event_name":"betterNote:BetterNote","floor":19,"gold_loss":0,"cards_obtained":["None"]},{"damage_healed":0,"gold_gain":0,"player_choice":"Ignored","damage_taken":0,"max_hp_gain":0,"max_hp_loss":0,"event_name":"Ghosts","floor":24,"gold_loss":0},{"damage_healed":0,"gold_gain":0,"player_choice":"Fight","damage_taken":0,"max_hp_gain":0,"max_hp_loss":0,"event_name":"Mysterious Sphere","floor":37,"gold_loss":0}],"is_beta":true,"boss_relics":[{"not_picked":["SlaversCollar","Coffee Dripper"],"picked":"aspiration:IroncladSkillbook"},{"not_picked":["CCEMRelics:GreenEgg","Velvet Choker"],"picked":"aspiration:RunicSpoon"}],"items_purged_floors":[21,28],"is_endless":true,"potions_floor_spawned":[4,14,27,29,33],"killed_by":"2 Orb Walkers","ascension_level":0}}