{"host":"v5q6ggeyvx3goqgy","time":1607874505,"event":{"mods":["AchievementEnabler","BaseMod","BetterRewards","Minty Spire (QoL Compilation)","StSLib","Uncapped"],"gold_per_floor":[119,119,44,56,72,107,107,133,133,133,162,162,179,193,193,293,293,310,310,310,324,338,366,366,397,397,397,412,446,446,481,481,578,578,596,648,233,251,265,290,290,321,344,369,417,417,417,432,432,432,432,432,14,46,46],"floor_reached":56,"playtime":1243,"items_purged":["Strike_R","Defend_R"],"score":2308,"play_id":"940aa98e-63ea-4280-a9a5-a443b7ad2292","local_time":"20201213154825","is_ascension_mode":true,"campfire_choices":[{"data":"1","floor":7,"key":"LIFT"},{"data":"2","floor":10,"key":"LIFT"},{"data":"3","floor":15,"key":"LIFT"},{"floor":24,"key":"RECALL"},{"data":"Impervious","floor":27,"key":"SMITH"},{"data":"Exhume","floor":30,"key":"SMITH"},{"data":"Bash","floor":32,"key":"SMITH"},{"data":"Violence","floor":41,"key":"SMITH"},{"data":"Offering","floor":46,"key":"SMITH"},{"data":"Pommel Strike","floor":49,"key":"SMITH"},{"data":"Pommel Strike","floor":52,"key":"SMITH"}],"circlet_count":0,"master_deck":["Strike_R","Strike_R+1","Strike_R","Strike_R","Defend_R","Defend_R","Defend_R","Bash+1","Exhume+1","Dramatic Entrance","Adrenaline+1","Impervious+1","Necronomicurse","Demon Form+1","Offering+1","Pommel Strike+1","Wild Strike+1","Violence+1","Pommel Strike+1","Pommel Strike+1","Dark Embrace+1","Feel No Pain+1","Twin Strike+1"],"relics":["Burning Blood","Girya","Bottled Lightning","StrikeDummy","StrikeDummy","StrikeDummy","StrikeDummy","StrikeDummy","StrikeDummy","StrikeDummy","StrikeDummy","StrikeDummy","StrikeDummy","StrikeDummy","StrikeDummy","StrikeDummy","StrikeDummy","StrikeDummy","StrikeDummy","StrikeDummy","StrikeDummy","StrikeDummy","StrikeDummy","StrikeDummy","StrikeDummy","StrikeDummy","StrikeDummy","StrikeDummy","StrikeDummy","StrikeDummy","StrikeDummy","StrikeDummy","StrikeDummy","StrikeDummy","StrikeDummy","StrikeDummy","StrikeDummy","StrikeDummy","StrikeDummy","StrikeDummy","StrikeDummy","StrikeDummy","StrikeDummy","StrikeDummy","StrikeDummy","StrikeDummy","StrikeDummy","FossilizedHelix","FossilizedHelix","FossilizedHelix","TungstenRod","Frozen Egg 2","Coffee Dripper","Necronomicon","Toy Ornithopter","Self Forming Clay","Question Card","Bag of Preparation","Potion Belt","Philosopher\u0027s Stone","StoneCalendar","Anchor","Bottled Tornado","Oddly Smooth Stone","Orichalcum","Dream Catcher","Nunchaku","Blue Candle","Whetstone","HandDrill","Lantern"],"acts_visited":["Exordium","TheCity","TheBeyond","TheEnding"],"potions_floor_usage":[],"damage_taken":[{"damage":0,"enemies":"Cultist","floor":1,"turns":1},{"damage":0,"enemies":"Jaw Worm","floor":4,"turns":1},{"damage":0,"enemies":"2 Louse","floor":5,"turns":1},{"damage":0,"enemies":"Gremlin Nob","floor":6,"turns":1},{"damage":0,"enemies":"Lagavulin","floor":8,"turns":1},{"damage":0,"enemies":"3 Sentries","floor":11,"turns":1},{"damage":0,"enemies":"Exordium Thugs","floor":13,"turns":1},{"damage":0,"enemies":"Blue Slaver","floor":14,"turns":1},{"damage":0,"enemies":"Slime Boss","floor":16,"turns":1},{"damage":0,"enemies":"Chosen","floor":18,"turns":1},{"damage":0,"enemies":"2 Thieves","floor":21,"turns":1},{"damage":0,"enemies":"Snake Plant","floor":22,"turns":1},{"damage":0,"enemies":"Book of Stabbing","floor":23,"turns":1},{"damage":0,"enemies":"Gremlin Leader","floor":25,"turns":1},{"damage":0,"enemies":"Centurion and Healer","floor":28,"turns":2},{"damage":0,"enemies":"Slavers","floor":29,"turns":2},{"damage":0,"enemies":"Book of Stabbing","floor":31,"turns":1},{"damage":0,"enemies":"Collector","floor":33,"turns":1},{"damage":0,"enemies":"3 Shapes","floor":35,"turns":2},{"damage":0,"enemies":"2 Orb Walkers","floor":36,"turns":1},{"damage":0,"enemies":"3 Darklings","floor":38,"turns":1},{"damage":0,"enemies":"Spire Growth","floor":39,"turns":1},{"damage":0,"enemies":"Reptomancer","floor":40,"turns":1},{"damage":0,"enemies":"Nemesis","floor":42,"turns":1},{"damage":0,"enemies":"Reptomancer","floor":44,"turns":1},{"damage":0,"enemies":"Sphere and 2 Shapes","floor":48,"turns":1},{"damage":0,"enemies":"Awakened One","floor":50,"turns":2},{"damage":0,"enemies":"Shield and Spear","floor":54,"turns":1},{"damage":41,"enemies":"The Heart","floor":55,"turns":3}],"seed_played":"-8809462928732919191","potions_obtained":[{"floor":8,"key":"Block Potion"},{"floor":11,"key":"GamblersBrew"},{"floor":14,"key":"FearPotion"},{"floor":35,"key":"ElixirPotion"},{"floor":36,"key":"PowerPotion"}],"is_trial":false,"path_per_floor":["M","?","$","M","M","E","R","E","T","R","E","?","M","M","R","B",null,"M","?","T","M","M","E","R","E","T","R","M","E","R","E","R","B",null,"M","?","$","M","M","E","R","E","T","E","T","R","$","M","R","B",null,"R","$","E","B",null],"character_chosen":"IRONCLAD","items_purchased":["Violence","Anchor","Feel No Pain+1","Whetstone","HandDrill","PowerPotion"],"campfire_rested":0,"item_purchase_floors":[37,37,53,53,53,53],"current_hp_per_floor":[78,83,83,85,85,85,85,85,85,85,85,78,84,85,85,85,85,85,73,73,79,85,85,85,85,85,85,85,85,85,85,85,85,85,85,85,85,85,85,85,85,85,85,85,85,85,85,85,85,85,85,85,85,85,50],"gold":46,"neow_bonus":"ONE_RANDOM_RARE_CARD","is_daily":false,"chose_seed":false,"campfire_upgraded":7,"win_rate":0.0,"timestamp":1607874505,"path_taken":["M","?","?","?","?","E","R","E","T","R","E","?","?","M","R","BOSS","M","?","?","M","M","E","R","E","T","R","M","E","R","E","R","BOSS","M","?","$","M","M","E","R","E","T","E","?","R","$","M","R","BOSS","R","$","E","BOSS"],"items_purchased_type":["Card","Relic","Card","Relic","Relic","Potion"],"build_version":"2020-11-30","purchased_purges":2,"victory":true,"max_hp_per_floor":[80,85,85,85,85,85,85,85,85,85,85,85,85,85,85,85,85,85,85,85,85,85,85,85,85,85,85,85,85,85,85,85,85,85,85,85,85,85,85,85,85,85,85,85,85,85,85,85,85,85,85,85,85,85,85],"card_choices":[{"not_picked":["Shrug It Off","Flex","Power Through"],"picked":"SKIP","floor":1},{"not_picked":["Flex","Havoc","Thunderclap"],"picked":"SKIP","floor":4},{"not_picked":["Iron Wave","Havoc","Second Wind"],"picked":"SKIP","floor":5},{"not_picked":["Warcry","Headbutt","Bloodletting"],"picked":"SKIP","floor":6},{"not_picked":["Wild Strike","Whirlwind","Shrug It Off"],"picked":"SKIP","floor":8},{"not_picked":["Brutality+1","Flex","Rampage"],"picked":"SKIP","floor":11},{"not_picked":["Armaments","Flex","Iron Wave"],"picked":"SKIP","floor":13},{"not_picked":["Body Slam","Dark Embrace+1","Feel No Pain+1"],"picked":"SKIP","floor":14},{"not_picked":["Brutality+1","Exhume"],"picked":"Impervious","floor":16},{"not_picked":["Sever Soul","Sword Boomerang","Havoc"],"picked":"SKIP","floor":18},{"not_picked":["Anger+1","Flex","Sword Boomerang"],"picked":"SKIP","floor":21},{"not_picked":["Thunderclap","Rupture+1","Combust+1"],"picked":"SKIP","floor":22},{"not_picked":["Infernal Blade","Anger"],"picked":"Demon Form+1","floor":23},{"not_picked":["Sword Boomerang","Anger+1","Clothesline"],"picked":"SKIP","floor":25},{"not_picked":["Spot Weakness","Headbutt+1","Iron Wave","Thunderclap"],"picked":"SKIP","floor":28},{"not_picked":["Rage","Evolve+1","Burning Pact+1","Rampage"],"picked":"SKIP","floor":29},{"not_picked":["Iron Wave","Ghostly Armor+1","Power Through+1","Thunderclap"],"picked":"SKIP","floor":31},{"not_picked":["Limit Break","Juggernaut+1","Corruption+1"],"picked":"Offering","floor":33},{"not_picked":["Burning Pact","Fire Breathing+1","Armaments+1"],"picked":"Pommel Strike","floor":35},{"not_picked":["Combust+1","Havoc","Evolve+1"],"picked":"Wild Strike+1","floor":36},{"not_picked":["Searing Blow+1","Havoc+1","Spot Weakness"],"picked":"Pommel Strike","floor":38},{"not_picked":["Headbutt","Armaments+1","True Grit+1"],"picked":"Pommel Strike","floor":39},{"not_picked":["Headbutt+1","Metallicize+1","Cleave"],"picked":"Dark Embrace+1","floor":40},{"not_picked":["Evolve+1","Flex+1","Iron Wave","Flame Barrier+1"],"picked":"SKIP","floor":42},{"not_picked":["Fiend Fire","Cleave","Limit Break","Sword Boomerang+1"],"picked":"SKIP","floor":44},{"not_picked":["Warcry+1","Armaments","Rampage","Thunderclap+1"],"picked":"SKIP","floor":48},{"not_picked":["Blood for Blood+1","Warcry+1","Clothesline"],"picked":"Twin Strike+1","floor":54}],"player_experience":464162,"relics_obtained":[{"floor":6,"key":"Bottled Lightning"},{"floor":8,"key":"FossilizedHelix"},{"floor":9,"key":"TungstenRod"},{"floor":11,"key":"Frozen Egg 2"},{"floor":19,"key":"Necronomicon"},{"floor":23,"key":"Toy Ornithopter"},{"floor":25,"key":"Self Forming Clay"},{"floor":26,"key":"Question Card"},{"floor":29,"key":"Bag of Preparation"},{"floor":31,"key":"Potion Belt"},{"floor":36,"key":"StoneCalendar"},{"floor":40,"key":"Bottled Tornado"},{"floor":42,"key":"Oddly Smooth Stone"},{"floor":43,"key":"Orichalcum"},{"floor":44,"key":"Dream Catcher"},{"floor":45,"key":"Nunchaku"},{"floor":54,"key":"Lantern"}],"event_choices":[{"damage_healed":0,"gold_gain":0,"player_choice":"Donut","damage_taken":0,"max_hp_gain":5,"max_hp_loss":0,"event_name":"Big Fish","floor":2,"gold_loss":0},{"damage_healed":0,"gold_gain":0,"player_choice":"Damaged","damage_taken":8,"max_hp_gain":0,"max_hp_loss":0,"event_name":"Wheel of Change","floor":12,"gold_loss":0},{"damage_healed":0,"gold_gain":0,"player_choice":"Obtained Book","damage_taken":16,"max_hp_gain":0,"max_hp_loss":0,"event_name":"Cursed Tome","floor":19,"gold_loss":0},{"damage_healed":0,"gold_gain":0,"player_choice":"Fight","damage_taken":0,"max_hp_gain":0,"max_hp_loss":0,"event_name":"Mysterious Sphere","floor":36,"gold_loss":0}],"is_beta":false,"boss_relics":[{"not_picked":["SacredBark","Runic Dome"],"picked":"Coffee Dripper"},{"not_picked":["Empty Cage","Sozu"],"picked":"Philosopher\u0027s Stone"}],"items_purged_floors":[3,37],"is_endless":false,"potions_floor_spawned":[5,8,11,14,18,22,23,29,35,36,42],"ascension_level":6}}