{"host":"llpusn9usp8rznkj","time":1607836427,"event":{"mods":["2.2 Compatiblity","BaseMod","Colored Map","Colored Powertips","Conspire","Downfall","Hubris","Minty Spire (QoL Compilation)","Rare Cards Sparkle","Replay The Spire","StSLib","The Cursed"],"gold_per_floor":[116,16,16,16,29,29,54,67,67,67,67,67,67],"floor_reached":12,"playtime":211,"items_purged":[],"score":202,"play_id":"00148658-47ae-48b1-860c-4fe21db3448f","local_time":"20201213001347","is_ascension_mode":true,"campfire_choices":[{"data":"hubris:PowerSurge","floor":6,"key":"SMITH"}],"circlet_count":0,"master_deck":["AscendersBane","Strike_B","Strike_B","Strike_B","Defend_B","Defend_B","Defend_B","Defend_B","Zap","Dualcast","hubris:PowerSurge+1","Ghostly","ReplayTheSpireMod:Dual Polarity","Heatsinks","Leap","BootSequence"],"relics":["Cracked Core","NeowsBlessing","Peace Pipe","Garlic","hubris:Towel"],"acts_visited":["Exordium"],"potions_floor_usage":[12],"damage_taken":[{"damage":0,"enemies":"2 Louse","floor":1,"turns":1},{"damage":0,"enemies":"Small Slimes","floor":5,"turns":1},{"damage":0,"enemies":"3 Sentries","floor":7,"turns":1},{"damage":0,"enemies":"Cultist","floor":8,"turns":2},{"damage":78,"enemies":"Gremlin Nob","floor":12,"turns":5}],"seed_played":"-528889733787772056","potions_obtained":[{"floor":1,"key":"SpeedPotion"}],"is_trial":false,"path_per_floor":["M","?","?","?","M","R","E","M","T","$","?","E"],"character_chosen":"DEFECT","items_purchased":[],"campfire_rested":0,"item_purchase_floors":[],"current_hp_per_floor":[64,64,64,64,64,64,64,64,64,64,64,0,0],"gold":67,"neow_bonus":"THREE_ENEMY_KILL","is_daily":false,"chose_seed":false,"campfire_upgraded":1,"win_rate":0.0,"timestamp":1607836427,"path_taken":["M","?","?","?","M","R","E","?","T","$","?","E"],"items_purchased_type":[],"build_version":"2020-11-30","purchased_purges":0,"victory":false,"max_hp_per_floor":[71,71,71,71,71,71,71,71,71,71,71,71,71],"card_choices":[{"not_picked":["ReplayTheSpireMod:GoodbyeWorld","Coolheaded"],"picked":"hubris:PowerSurge","floor":1},{"not_picked":["Beam Cell","Barrage"],"picked":"Leap","floor":5},{"not_picked":["Beam Cell","Barrage"],"picked":"BootSequence","floor":7},{"not_picked":["BasicCrystalCard","Steam","Gash"],"picked":"SKIP","floor":8}],"player_experience":913671,"relics_obtained":[{"floor":7,"key":"Peace Pipe"},{"floor":9,"key":"Garlic"}],"event_choices":[{"damage_healed":0,"gold_gain":0,"player_choice":"Argue","damage_taken":0,"max_hp_gain":0,"max_hp_loss":0,"event_name":"conspire:LoneGhost","floor":2,"gold_loss":0},{"damage_healed":0,"gold_gain":0,"cards_transformed":["Strike_B"],"player_choice":"Transformed","damage_taken":0,"max_hp_gain":0,"max_hp_loss":0,"event_name":"Transmorgrifier","floor":4,"gold_loss":0,"cards_obtained":["Heatsinks"]}],"is_beta":false,"boss_relics":[],"items_purged_floors":[],"is_endless":false,"potions_floor_spawned":[1],"killed_by":"Gremlin Nob","ascension_level":20}}