{"host":"y89x8uui45kcjy42","time":1607859691,"event":{"mods":["2.2 Compatiblity","BaseMod","Colored Map","Colored Powertips","Friendly Minions","Highlight Path","Keyboard Shortcuts","Koishi","Minty Spire (QoL Compilation)","StSLib","SuperFastMode","Waifu the Spire"],"gold_per_floor":[116,116,116,131,131,131,163,163,240,256,149,179,179,196,196,300,300,313,331,345,345,345,345,345,345],"floor_reached":24,"playtime":825,"items_purged":["Koishi:BasicStrike"],"score":229,"play_id":"2707a70a-6551-49f4-a641-a53e1ba9ffa8","local_time":"20201213204131","is_ascension_mode":false,"campfire_choices":[{"data":"Koishi:HauntingSlash","floor":6,"key":"SMITH"},{"data":"Koishi:PhantomStrike","floor":8,"key":"SMITH"},{"data":"Koishi:SubterraneanRose","floor":13,"key":"SMITH"},{"data":"Koishi:RorschachInDanmaku","floor":15,"key":"SMITH"},{"data":"Koishi:DanmakuParanoia","floor":23,"key":"SMITH"}],"circlet_count":0,"master_deck":["Koishi:BasicStrike+1","Koishi:BasicStrike+1","Koishi:BasicDefend+1","Koishi:BasicDefend+1","Koishi:Provoke","Koishi:HauntingSlash+1","Koishi:SubterraneanRose+1","Koishi:PhantomStrike+1","Koishi:RorschachInDanmaku+1","Koishi:SubconsciousSweep+1","Koishi:Untouchable","Koishi:StingingMind+1","Koishi:PerfectMindControl","Koishi:UnseenTerror+1","Koishi:DanmakuParanoia+1"],"relics":["Koishi:ImaginaryFriend","NeowsBlessing","Letter Opener","Bird Faced Urn","Molten Egg 2","Lee\u0027s Waffle","Whetstone","Nunchaku","Empty Cage"],"acts_visited":["Exordium","TheCity"],"potions_floor_usage":[12,16,16,20],"damage_taken":[{"damage":0,"enemies":"2 Louse","floor":1,"turns":2},{"damage":0,"enemies":"Small Slimes","floor":4,"turns":1},{"damage":0,"enemies":"Gremlin Nob","floor":7,"turns":1},{"damage":11,"enemies":"Jaw Worm","floor":10,"turns":3},{"damage":5,"enemies":"3 Sentries","floor":12,"turns":8},{"damage":0,"enemies":"Red Slaver","floor":14,"turns":4},{"damage":28,"enemies":"The Guardian","floor":16,"turns":16},{"damage":12,"enemies":"Spheric Guardian","floor":18,"turns":7},{"damage":10,"enemies":"2 Thieves","floor":19,"turns":5},{"damage":0,"enemies":"Shelled Parasite and Fungi","floor":20,"turns":3},{"damage":40,"enemies":"Slavers","floor":24,"turns":4}],"seed_played":"5451673210572020008","potions_obtained":[{"floor":7,"key":"LiquidBronze"},{"floor":10,"key":"Swift Potion"},{"floor":14,"key":"Energy Potion"},{"floor":19,"key":"AttackPotion"}],"is_trial":false,"path_per_floor":["M","?","?","M","T","R","E","R","T","M","$","E","R","M","R","B",null,"M","M","M","?","?","R","E"],"character_chosen":"KOISHI","items_purchased":["Lee\u0027s Waffle","Whetstone","Koishi:SubconsciousSweep+1"],"campfire_rested":0,"item_purchase_floors":[11,11,11],"current_hp_per_floor":[60,53,41,41,41,41,41,41,41,32,67,62,62,64,64,48,67,55,45,49,49,37,37,0,0],"gold":345,"neow_bonus":"THREE_ENEMY_KILL","is_daily":false,"chose_seed":false,"campfire_upgraded":5,"win_rate":0.0,"timestamp":1607859691,"path_taken":["M","?","?","M","?","R","E","R","T","?","?","E","R","M","R","BOSS","M","?","M","?","?","R","E"],"items_purchased_type":["Relic","Relic","Card"],"build_version":"2020-11-30","purchased_purges":1,"victory":false,"max_hp_per_floor":[60,60,60,60,60,60,60,60,60,60,67,67,67,67,67,67,67,67,67,67,67,72,72,72,72],"card_choices":[{"not_picked":["Koishi:UnconsciousUrges","Koishi:UnconsciousUprising"],"picked":"Koishi:SubterraneanRose","floor":1},{"not_picked":["Koishi:CatchAndRose","Koishi:DreadfulBlow"],"picked":"Koishi:PhantomStrike","floor":4},{"not_picked":["Koishi:SubterraneanRose","Koishi:YoukaiPolygraph","Koishi:JumpScare"],"picked":"SKIP","floor":7},{"not_picked":["Koishi:IdleWhim","Koishi:JumpScare"],"picked":"Koishi:RorschachInDanmaku","floor":10},{"not_picked":["Koishi:HeartAttack+1","Koishi:RacingHeart+1"],"picked":"Koishi:Untouchable","floor":12},{"not_picked":["Koishi:RacingHeart+1","Koishi:ApparitionsStalkTheNight"],"picked":"Koishi:StingingMind+1","floor":14},{"not_picked":["Koishi:MentalBreakdown+1","Koishi:ConditionedTeleport"],"picked":"Koishi:PerfectMindControl","floor":16},{"not_picked":["Koishi:FleetingPhantom","Koishi:CatchAndRose"],"picked":"Koishi:UnseenTerror+1","floor":18},{"not_picked":["Koishi:PhantomBarrier","Koishi:PredatoryInstincts","Koishi:SubconsciousSweep+1"],"picked":"SKIP","floor":19},{"not_picked":["Koishi:SubconsciousSweep+1","Koishi:FleetingPhantom"],"picked":"Koishi:DanmakuParanoia","floor":20}],"player_experience":488012,"relics_obtained":[{"floor":5,"key":"Letter Opener"},{"floor":7,"key":"Bird Faced Urn"},{"floor":9,"key":"Molten Egg 2"},{"floor":12,"key":"Nunchaku"}],"event_choices":[{"cards_removed":["Koishi:BasicStrike"],"damage_healed":0,"gold_gain":0,"player_choice":"Card Removal","damage_taken":7,"max_hp_gain":0,"max_hp_loss":0,"event_name":"Golden Wing","floor":2,"gold_loss":0},{"damage_healed":0,"gold_gain":0,"player_choice":"Entered Light","damage_taken":12,"max_hp_gain":0,"max_hp_loss":0,"event_name":"Shining Light","floor":3,"gold_loss":0,"cards_upgraded":["Koishi:BasicDefend","Koishi:BasicDefend"]},{"damage_healed":0,"gold_gain":0,"player_choice":"Ignored","damage_taken":0,"max_hp_gain":0,"max_hp_loss":0,"event_name":"Ghosts","floor":21,"gold_loss":0},{"damage_healed":0,"gold_gain":0,"player_choice":"Shed Blood","damage_taken":17,"max_hp_gain":5,"max_hp_loss":0,"event_name":"Forgotten Altar","floor":22,"gold_loss":0}],"is_beta":false,"boss_relics":[{"not_picked":["SacredBark","Black Star"],"picked":"Empty Cage"}],"items_purged_floors":[11],"is_endless":false,"potions_floor_spawned":[7,10,14,19],"killed_by":"Slavers","ascension_level":0}}