{"host":"l7l2v2zs4hqku4vk","time":1607845637,"event":{"mods":["Act Like it!","BaseMod","Colored Powertips","Highlight Path","Minty Spire (QoL Compilation)","Replay The Spire","RumiaBox-露米娅的神秘盒子","StSLib","TestMod","The Servant 0.9.4","篝火指南"],"gold_per_floor":[116,116,58,77,87,87,107,107,107,138,138,172,185,202,202,273,273,292,217,271,271,295,295,319,362,386,409,409,409,435,465,465,554,554,584,613,653,701,601,662,695,695,695,695,401,448,489,517,517,546,566,566,566,196,247,283],"floor_reached":57,"playtime":4149,"items_purged":["Strike_G","Defend_G+1","Cloak And Dagger","Madness"],"score":3117,"play_id":"72f8a35e-8937-4255-9b93-1d598545bb62","local_time":"20201213154717","is_ascension_mode":true,"campfire_choices":[{"data":"Blade Dance","floor":6.0,"key":"SMITH"},{"data":"Choke","floor":8.0,"key":"SMITH"},{"data":"Concentrate","floor":15.0,"key":"SMITH"},{"data":"Accuracy","floor":23,"key":"SMITH"},{"data":"Expertise","floor":28,"key":"SMITH"},{"data":"Strike_G+1","floor":32,"key":"PURGE"},{"floor":44,"key":"RECALL"},{"data":"Accuracy","floor":49,"key":"SMITH"},{"data":"Well Laid Plans","floor":53,"key":"SMITH"}],"circlet_count":0,"master_deck":["AscendersBane","Defend_G+1","Defend_G+1","Defend_G+1","Defend_G+1","Survivor+1","Neutralize","Acrobatics","Blade Dance+1","Well Laid Plans+1","Choke+1","Accuracy+1","Concentrate+1","Expertise+1","Envenom","Prepared","Accuracy+1","ReplayTheSpireMod:Shiv Toss","Madness","Blade Dance","Heel Hook+1"],"relics":["Ring of the Snake","testmod-TestBox","testmod-SaigiyounoYou","War Paint","InkBottle","testmod-Alchemist","testmod-DeterminationOfClimber","Nunchaku","Bird Faced Urn","Replay:Bronze Core","testmod-FatalChain","Blue Doll","TungstenRod","Happy Flower","Quantum Egg","Bronze Scales","Counterbalance"],"acts_visited":["Exordium","TheCity","TheBeyond","TheEnding"],"potions_floor_usage":[16,16,56,56],"damage_taken":[{"damage":4.0,"enemies":"Small Slimes","floor":1.0,"turns":5.0},{"damage":3.0,"enemies":"Cultist","floor":4.0,"turns":4.0},{"damage":12.0,"enemies":"Jaw Worm","floor":5.0,"turns":4.0},{"damage":0.0,"enemies":"Exordium Wildlife","floor":7.0,"turns":4.0},{"damage":26.0,"enemies":"3 Sentries","floor":10.0,"turns":14.0},{"damage":14.0,"enemies":"Replay:BlueRogue","floor":12.0,"turns":4.0},{"damage":0.0,"enemies":"Gremlin Gang","floor":13.0,"turns":4.0},{"damage":0.0,"enemies":"Looter","floor":14.0,"turns":2.0},{"damage":27,"enemies":"Fading Forest","floor":16,"turns":13},{"damage":0,"enemies":"Shell Parasite","floor":18,"turns":1},{"damage":0,"enemies":"3 Byrds","floor":22,"turns":1},{"damage":0,"enemies":"Snake Plant","floor":24,"turns":1},{"damage":0,"enemies":"Slavers","floor":25,"turns":1},{"damage":0,"enemies":"Cultist and Chosen","floor":27,"turns":1},{"damage":21,"enemies":"Shelled Parasite and Fungi","floor":30,"turns":2},{"damage":0,"enemies":"Snake Plant","floor":31,"turns":1},{"damage":0,"enemies":"Collector","floor":33,"turns":1},{"damage":0,"enemies":"3 Shapes","floor":35,"turns":1},{"damage":0,"enemies":"3 Darklings","floor":36,"turns":1},{"damage":0,"enemies":"Mind Bloom Boss Battle","floor":37,"turns":1},{"damage":0,"enemies":"Transient","floor":38,"turns":1},{"damage":0,"enemies":"R_Hoarder","floor":40,"turns":3},{"damage":0,"enemies":"Spire Growth","floor":41,"turns":1},{"damage":0,"enemies":"Giant Head","floor":46,"turns":2},{"damage":0,"enemies":"Maw","floor":47,"turns":2},{"damage":0,"enemies":"3 Darklings","floor":48,"turns":1},{"damage":18,"enemies":"Time Eater","floor":50,"turns":6},{"damage":0,"enemies":"Donu and Deca","floor":51,"turns":1},{"damage":0,"enemies":"Shield and Spear","floor":55,"turns":1},{"damage":80,"enemies":"The Heart","floor":56,"turns":5}],"seed_played":"-75771750683761881","potions_obtained":[{"floor":4.0,"key":"Milkshake"},{"floor":7.0,"key":"Weak Potion"},{"floor":12.0,"key":"Poison Potion"},{"floor":13.0,"key":"Fruit Juice"},{"floor":16,"key":"Strength Potion"},{"floor":24,"key":"Elixir"},{"floor":29,"key":"Regen Potion"}],"is_trial":false,"path_per_floor":["M","?","$","M","M","R","M","R","T","E","?","E","M","M","R","B",null,"M","$","T","?","M","R","M","E","T","M","R","?","M","M","R","B",null,"M","M","?","M","$","E","M","?","T","R","$","E","M","M","R","B","B",null,"R","$","E","B",null],"character_chosen":"THE_SILENT","items_purchased":["Blade Dance","Happy Flower","Bronze Scales","Heel Hook+1"],"campfire_rested":0,"item_purchase_floors":[3,45,54,54],"current_hp_per_floor":[63,63,63,66,58,58,66,66,66,61,61,57,66,71,71,76,76,81,81,81,81,86,86,86,91,91,96,96,96,101,101,101,106,106,111,116,116,116,116,121,126,103,103,103,103,131,136,141,141,146,151,151,151,151,156,162],"gold":283,"neow_bonus":"REMOVE_CARD","is_daily":false,"chose_seed":false,"campfire_upgraded":7,"win_rate":0.0,"timestamp":1607845637,"path_taken":["M","?","$","M","?","R","M","R","T","E","?","E","M","M","R","BOSS","M","?","?","?","?","R","M","E","T","M","R","?","?","M","R","BOSS","M","M","?","M","$","E","M","?","T","R","$","E","M","M","R","BOSS","BOSS","R","$","E","BOSS"],"items_purchased_type":["Card","Relic","Relic","Card"],"build_version":"2020-11-30","purchased_purges":4,"victory":true,"max_hp_per_floor":[66,66,66,66,66,66,66,66,66,66,66,66,66,71,71,76,76,81,81,81,81,86,86,86,91,91,96,96,96,101,101,101,106,106,111,116,116,116,116,121,126,126,126,126,126,131,136,141,141,146,151,151,151,151,156,166],"card_choices":[{"not_picked":["Leg Sweep","Predator"],"picked":"Acrobatics","floor":1.0},{"not_picked":["Deflect","Dagger Throw"],"picked":"Well Laid Plans","floor":4.0},{"not_picked":["Dodge and Roll","Sneak Up"],"picked":"Cloak And Dagger","floor":5.0},{"not_picked":["Crippling Poison","Prepared"],"picked":"Choke","floor":7.0},{"not_picked":["Well Laid Plans","Dodge and Roll","Wraith Form v2"],"picked":"SKIP","floor":10.0},{"not_picked":["ReplayTheSpireMod:Tripwire","Draining Mist","Underhanded Strike"],"picked":"SKIP","floor":12.0},{"not_picked":["Cloak And Dagger","Dodge and Roll"],"picked":"Concentrate","floor":13.0},{"not_picked":["Acrobatics","Skewer"],"picked":"Expertise","floor":14.0},{"not_picked":["Glass Knife","ReplayTheSpireMod:From All Sides"],"picked":"Envenom","floor":16},{"not_picked":["Caltrops","Deadly Poison"],"picked":"Prepared","floor":18},{"not_picked":["Leg Sweep","Quick Slash","Expertise"],"picked":"SKIP","floor":22},{"not_picked":["Dagger Spray","Fluid Movement","Prepared"],"picked":"SKIP","floor":24},{"not_picked":["ReplayTheSpireMod:Speed Training","Backflip","Bane+1"],"picked":"SKIP","floor":25},{"not_picked":["Glass Knife","PiercingWail"],"picked":"Accuracy","floor":27},{"not_picked":["Toxin Wave","Underhanded Strike","PiercingWail"],"picked":"SKIP","floor":30},{"not_picked":["Night Terror","Deadly Poison","Accuracy"],"picked":"SKIP","floor":31},{"not_picked":["Backflip","PiercingWail","Acrobatics"],"picked":"SKIP","floor":35},{"not_picked":["PiercingWail","Deadly Poison","Expertise"],"picked":"SKIP","floor":36},{"not_picked":["Riddle With Holes","Predator+1","Glass Knife"],"picked":"SKIP","floor":38},{"not_picked":["Well Laid Plans+1","Prepared","Malaise"],"picked":"SKIP","floor":40},{"not_picked":["Cloak And Dagger","Flying Knee"],"picked":"ReplayTheSpireMod:Shiv Toss","floor":41},{"not_picked":["Outmaneuver+1","Escape Plan"],"picked":"Blade Dance","floor":46},{"not_picked":["Hidden Blade","Sucker Punch","Deadly Poison"],"picked":"SKIP","floor":47},{"not_picked":["Replay:Poison Smokescreen","Bouncing Flask","Leg Sweep+1"],"picked":"SKIP","floor":48},{"not_picked":["Sucker Punch","Replay:Poison Smokescreen","Concentrate"],"picked":"SKIP","floor":55}],"player_experience":1632217,"relics_obtained":[{"floor":9.0,"key":"War Paint"},{"floor":10.0,"key":"InkBottle"},{"floor":12.0,"key":"testmod-Alchemist"},{"floor":20,"key":"Nunchaku"},{"floor":25,"key":"Bird Faced Urn"},{"floor":37,"key":"testmod-FatalChain"},{"floor":40,"key":"Blue Doll"},{"floor":43,"key":"TungstenRod"},{"floor":46,"key":"Quantum Egg"},{"floor":55,"key":"Counterbalance"}],"event_choices":[{"cards_removed":["Strike_G"],"damage_healed":0.0,"max_hp_gain":0.0,"max_hp_loss":0.0,"gold_gain":0.0,"event_name":"Bonfire Elementals","player_choice":"Offered Basic","floor":2.0,"gold_loss":0.0,"damage_taken":0.0},{"damage_healed":0.0,"max_hp_gain":0.0,"max_hp_loss":0.0,"gold_gain":0.0,"cards_transformed":["Strike_G"],"event_name":"Transmorgrifier","player_choice":"Transformed","floor":11.0,"gold_loss":0.0,"damage_taken":0.0,"cards_obtained":["Accuracy"]},{"damage_healed":0,"gold_gain":0,"player_choice":"Simplicity","damage_taken":0,"max_hp_gain":0,"max_hp_loss":0,"event_name":"Back to Basics","floor":21,"gold_loss":0,"cards_upgraded":["Strike_G","Defend_G","Defend_G","Defend_G","Defend_G"]},{"damage_healed":0,"gold_gain":0,"player_choice":"Got Potions","damage_taken":0,"max_hp_gain":0,"max_hp_loss":0,"event_name":"Lab","floor":29,"gold_loss":0},{"damage_healed":0,"gold_gain":0,"player_choice":"Fight","damage_taken":0,"max_hp_gain":0,"max_hp_loss":0,"event_name":"MindBloom","floor":37,"gold_loss":0},{"damage_healed":0,"gold_gain":0,"player_choice":"Embrace Madness","damage_taken":23,"max_hp_gain":0,"max_hp_loss":0,"event_name":"Winding Halls","floor":42,"gold_loss":0,"cards_obtained":["Madness","Madness"]}],"is_beta":false,"boss_relics":[{"not_picked":["AddBug","ChewingGum"],"picked":"testmod-DeterminationOfClimber"},{"not_picked":["testmod-D_4","Pandora\u0027s Box"],"picked":"Replay:Bronze Core"}],"items_purged_floors":[19,39,45,54],"is_endless":false,"potions_floor_spawned":[4,7,12,13,16,24,25,27,37,38,40,48],"ascension_level":20}}