{"host":"19tvufa8xx4wr4o1","time":1607872607,"event":{"mods":["AchievementEnabler","BaseMod","Better Sensory Stone","Better Third Choice","Highlight Path","Minty Spire (QoL Compilation)","Relic Stats","StSLib"],"gold_per_floor":[119,119,119,130,146,146,161,189,212,212,240,17,17,44,44,141,141,156,156,156,169,186,186,196,53,53,68,68,168,179,179,179,179,179],"floor_reached":33,"playtime":1167,"items_purged":[],"score":450,"play_id":"ebc72dde-617f-407d-9306-f5f6f3cb7c81","local_time":"20201213091647","is_ascension_mode":true,"campfire_choices":[{"data":"Eruption","floor":6.0,"key":"SMITH"},{"floor":10.0,"key":"REST"},{"data":"Ragnarok","floor":15.0,"key":"SMITH"},{"floor":23.0,"key":"REST"},{"data":"Vault","floor":32,"key":"SMITH"}],"circlet_count":0,"master_deck":["Eruption+1","Vigilance","BowlingBash","FollowUp","Indignation","EmptyFist","Protect","Ragnarok+1","Vault+1","Meditate","Adaptation","Wireheading+1","ThirdEye+1","EmptyMind","ThirdEye","Ghostly","Ghostly","Ghostly","Ghostly","Ghostly"],"relics":["PureWater","Pen Nib","Orichalcum","Boot","Ancient Tea Set","Lee\u0027s Waffle","Bronze Scales","Dead Branch","VioletLotus","Bag of Preparation","Shuriken"],"acts_visited":["Exordium","TheCity"],"potions_floor_usage":[33],"damage_taken":[{"damage":7.0,"enemies":"Jaw Worm","floor":1.0,"turns":3.0},{"damage":1.0,"enemies":"Cultist","floor":4.0,"turns":4.0},{"damage":0.0,"enemies":"2 Louse","floor":5.0,"turns":2.0},{"damage":8.0,"enemies":"Blue Slaver","floor":7.0,"turns":3.0},{"damage":7.0,"enemies":"3 Sentries","floor":8.0,"turns":6.0},{"damage":10.0,"enemies":"Gremlin Nob","floor":11.0,"turns":3.0},{"damage":5.0,"enemies":"3 Sentries","floor":14.0,"turns":3.0},{"damage":0.0,"enemies":"Slime Boss","floor":16.0,"turns":4.0},{"damage":16.0,"enemies":"Shell Parasite","floor":18.0,"turns":4.0},{"damage":9.0,"enemies":"3 Byrds","floor":21.0,"turns":3.0},{"damage":2.0,"enemies":"Cultist and Chosen","floor":22.0,"turns":4.0},{"damage":4.0,"enemies":"Snecko","floor":24.0,"turns":4.0},{"damage":0.0,"enemies":"3 Cultists","floor":27.0,"turns":3.0},{"damage":21.0,"enemies":"Shelled Parasite and Fungi","floor":30.0,"turns":3.0},{"damage":36,"enemies":"Collector","floor":33,"turns":7}],"seed_played":"2614230358443246666","potions_obtained":[{"floor":8.0,"key":"LiquidMemories"},{"floor":11.0,"key":"SpeedPotion"},{"floor":14.0,"key":"Dexterity Potion"},{"floor":16.0,"key":"LiquidBronze"},{"floor":21.0,"key":"Explosive Potion"},{"floor":24.0,"key":"Block Potion"},{"floor":27.0,"key":"SteroidPotion"}],"is_trial":false,"path_per_floor":["M","?","$","M","M","R","M","E","T","R","E","$","?","E","R","B",null,"M","?","?","M","M","R","M","$","T","M","?","?","M","?","R","B"],"character_chosen":"WATCHER","items_purchased":["Ragnarok","Lee\u0027s Waffle","Bag of Preparation"],"campfire_rested":2,"item_purchase_floors":[12,12,25],"current_hp_per_floor":[58,58,58,57,57,57,49,42,42,63,53,79,79,74,74,74,78,62,47,47,38,36,61,57,57,57,57,57,57,36,36,36,0,0],"gold":179,"neow_bonus":"RANDOM_COMMON_RELIC","is_daily":false,"chose_seed":false,"campfire_upgraded":3,"win_rate":0.0,"timestamp":1607872607,"path_taken":["M","?","?","M","M","R","M","E","T","R","E","$","?","E","R","BOSS","M","?","?","M","M","R","M","$","T","M","?","?","?","?","R","BOSS"],"items_purchased_type":["Card","Relic","Relic"],"build_version":"2020-11-30","purchased_purges":0,"victory":false,"max_hp_per_floor":[72,72,72,72,72,72,72,72,72,72,72,79,79,79,79,79,79,79,84,84,84,84,84,84,84,84,84,84,84,84,42,42,42,42],"relic_stats":{"Lee\u0027s Waffle":26,"counters":[15,56],"Shuriken":[3],"Bronze Scales":[95],"Dead Branch":[20],"Pen Nib":[9],"VioletLotus":[6],"Bag of Preparation":[6],"Orichalcum":[96],"Boot":[0],"obtain_stats":[{"Lee\u0027s Waffle":12,"Shuriken":26,"Bronze Scales":13,"Dead Branch":14,"Pen Nib":0,"VioletLotus":17,"Bag of Preparation":25,"PureWater":0,"Orichalcum":8,"Boot":9,"Ancient Tea Set":11},{"Lee\u0027s Waffle":6,"Shuriken":12,"Bronze Scales":6,"Dead Branch":7,"Pen Nib":0,"VioletLotus":8,"Bag of Preparation":12,"PureWater":0,"Orichalcum":5,"Boot":5,"Ancient Tea Set":6},{"Lee\u0027s Waffle":21,"Shuriken":43,"Bronze Scales":21,"Dead Branch":24,"Pen Nib":0,"VioletLotus":28,"Bag of Preparation":43,"PureWater":0,"Orichalcum":18,"Boot":18,"Ancient Tea Set":21}]},"card_choices":[{"not_picked":["Halt","CarveReality"],"picked":"BowlingBash","floor":1.0},{"not_picked":["Consecrate","EmptyMind"],"picked":"FollowUp","floor":4.0},{"not_picked":["Crescendo","SandsOfTime"],"picked":"Indignation","floor":5.0},{"not_picked":["PathToVictory","SandsOfTime"],"picked":"EmptyFist","floor":7.0},{"not_picked":["FlurryOfBlows","Prostrate"],"picked":"Protect","floor":8.0},{"not_picked":["Evaluate","Omniscience","EmptyBody"],"picked":"SKIP","floor":11.0},{"not_picked":["CutThroughFate","FlurryOfBlows","Sanctity"],"picked":"SKIP","floor":14.0},{"not_picked":["Establishment","Scrawl"],"picked":"Vault","floor":16.0},{"not_picked":["ClearTheMind","Evaluate"],"picked":"Meditate","floor":18.0},{"not_picked":["WheelKick","EmptyBody"],"picked":"Adaptation","floor":21.0},{"not_picked":["Swivel","ReachHeaven"],"picked":"Wireheading+1","floor":22.0},{"not_picked":["CutThroughFate","FlyingSleeves"],"picked":"ThirdEye+1","floor":24.0},{"not_picked":["FollowUp","FearNoEvil"],"picked":"EmptyMind","floor":27.0},{"not_picked":["Wireheading","SashWhip"],"picked":"ThirdEye","floor":30.0}],"player_experience":485115,"relics_obtained":[{"floor":8.0,"key":"Orichalcum"},{"floor":9.0,"key":"Boot"},{"floor":11.0,"key":"Ancient Tea Set"},{"floor":13.0,"key":"Bronze Scales"},{"floor":14.0,"key":"Dead Branch"},{"floor":26.0,"key":"Shuriken"}],"event_choices":[{"cards_removed":["Strike_P"],"damage_healed":0.0,"max_hp_gain":0.0,"max_hp_loss":0.0,"gold_gain":0.0,"event_name":"Purifier","player_choice":"Purged","floor":2.0,"gold_loss":0.0,"damage_taken":0.0},{"damage_healed":0.0,"max_hp_gain":0.0,"max_hp_loss":0.0,"gold_gain":0.0,"event_name":"Wheel of Change","player_choice":"Relic","floor":13.0,"gold_loss":0.0,"damage_taken":0.0},{"damage_healed":0.0,"max_hp_gain":5.0,"max_hp_loss":0.0,"gold_gain":0.0,"event_name":"Forgotten Altar","player_choice":"Shed Blood","floor":19.0,"gold_loss":0.0,"damage_taken":20.0},{"damage_healed":0.0,"max_hp_gain":0.0,"max_hp_loss":0.0,"gold_gain":0.0,"event_name":"Vampires","player_choice":"Ignored","floor":20.0,"gold_loss":0.0,"damage_taken":0.0},{"damage_healed":0.0,"max_hp_gain":0.0,"max_hp_loss":7.0,"gold_gain":0.0,"event_name":"betterThird:BetterWriting","player_choice":"Materialism","floor":28.0,"gold_loss":0.0,"damage_taken":0.0},{"damage_healed":0.0,"max_hp_gain":0.0,"max_hp_loss":0.0,"gold_gain":100.0,"event_name":"Golden Shrine","player_choice":"Pray","floor":29.0,"gold_loss":0.0,"damage_taken":0.0},{"damage_healed":0,"gold_gain":0,"player_choice":"Became a Ghost","damage_taken":0,"max_hp_gain":0,"max_hp_loss":42,"event_name":"Ghosts","floor":31,"gold_loss":0,"cards_obtained":["Ghostly","Ghostly","Ghostly","Ghostly","Ghostly"]}],"is_beta":false,"boss_relics":[{"not_picked":["Philosopher\u0027s Stone","Calling Bell"],"picked":"VioletLotus"}],"items_purged_floors":[],"is_endless":false,"potions_floor_spawned":[8,11,14,16,21,22,24,27],"killed_by":"Collector","ascension_level":7}}