{"host":"5pvsezzv96u4cz40","time":1607882342,"event":{"mods":["Act Like it!","BaseMod","BetterRewards","CapriCore","Colored Map","Colored Powertips","GifTheSpireLib","Hermit","Hubris","Menagerie","Minty Spire (QoL Compilation)","Remilia??????","Replay The Spire","Shop Mod","StSLib","The Blue Laboratory","The Necromancer","The Vixen","??????REMEMod"],"gold_per_floor":[109,109,125,125,125,125,12,43,43,62,62,62,134,134,14,29,29,131,131,147,157,5,5,11,11,37,37,107,118,118,137,137,13,13,13,13],"floor_reached":35,"playtime":2260,"items_purged":[],"score":298,"play_id":"7f31b1ca-0f29-4dcd-afee-51b3ce44f3d7","local_time":"20201213185902","is_ascension_mode":false,"campfire_choices":[{"data":"Burst","floor":9,"key":"SMITH"},{"data":"Noxious Fumes","floor":12,"key":"SMITH"},{"floor":17,"key":"REST"},{"floor":25,"key":"REST"},{"floor":27,"key":"REST"},{"floor":30,"key":"REST"},{"floor":34,"key":"REST"}],"circlet_count":0,"master_deck":["Strike_G","Strike_G","Strike_G","Defend_G","Defend_G","Defend_G","Defend_G","Survivor","Neutralize","Adrenaline","Skewer","Endless Agony","Noxious Fumes","Noxious Fumes+1","Burst+1","Dagger Spray","Masterful Stab","Slice","Bane","Doppelganger+1","Envenom+1","Bouncing Flask+1","Outmaneuver+1","Hidden Blade+1","Backflip","Deadly Poison","hubris:NaturalOne","Backflip","Poisoned Stab"],"relics":["Ring of the Snake","REME_ComplimentaryCards","NeowsBlessing","hubris:Towel","Calipers","hubris:TinFlute","Sundial","Astrolabe","hubris:Icosahedron","HornCleat","hubris:MysteriousPyramids","Chameleon Ring"],"acts_visited":["Menagerie:Menagerie","TheCity"],"potions_floor_usage":[18,18,18,24,26,26,26,29,29,35],"damage_taken":[{"damage":0,"enemies":"Menagerie:WhisperingWraith","floor":1,"turns":1},{"damage":1,"enemies":"Menagerie:MonstrousExperiment","floor":3,"turns":1},{"damage":0,"enemies":"Menagerie:MaskedSummoner","floor":8,"turns":1},{"damage":4,"enemies":"Menagerie:2_RABBITS","floor":10,"turns":4},{"damage":14,"enemies":"Menagerie:RedMage","floor":16,"turns":3},{"damage":14,"enemies":"Menagerie:Suneater","floor":18,"turns":5},{"damage":22,"enemies":"2 Thieves","floor":20,"turns":4},{"damage":17,"enemies":"Spheric Guardian","floor":21,"turns":4},{"damage":18,"enemies":"Snake Plant","floor":24,"turns":3},{"damage":16,"enemies":"Gremlin Leader","floor":26,"turns":6},{"damage":3,"enemies":"Centurion and Healer","floor":29,"turns":4},{"damage":20,"enemies":"Sentry and Sphere","floor":31,"turns":4},{"damage":63,"enemies":"Automaton","floor":35,"turns":7}],"seed_played":"-5263032259345323370","potions_obtained":[{"floor":3,"key":"blueLaboratory:EnvenomedCoating"},{"floor":10,"key":"Venom Potion"},{"floor":24,"key":"PowerPotion"},{"floor":26,"key":"AttackPotion"}],"is_trial":false,"path_per_floor":["M","$","M","?","PTL","PTL","$","E","R","M","T","R","T","?","$","M","R","B",null,"M","M","$","?","M","R","E","R","T","M","R","M","T","$","R","B"],"character_chosen":"THE_SILENT","items_purchased":["Noxious Fumes","Block Potion","Masterful Stab","Slice","LiquidMemories","DuplicationPotion","blueLaboratory:CorrosionFlask","Poisoned Stab"],"campfire_rested":5,"item_purchase_floors":[7,7,15,15,22,22,33,33],"current_hp_per_floor":[70,70,69,69,69,69,69,69,69,65,65,65,65,65,65,51,70,56,70,48,31,31,31,13,34,18,39,39,36,57,37,37,37,58,0,0],"gold":13,"neow_bonus":"THREE_ENEMY_KILL","is_daily":false,"chose_seed":false,"campfire_upgraded":2,"win_rate":0.0,"timestamp":1607882342,"path_taken":["M","$","M","?","PTL","PTL","$","E","R","M","T","R","?","?","$","M","R","BOSS","M","M","$","?","M","R","E","R","T","M","R","M","?","$","R","BOSS"],"items_purchased_type":["Card","Potion","Card","Card","Potion","Potion","Potion","Card"],"build_version":"2020-11-30","purchased_purges":0,"victory":false,"max_hp_per_floor":[70,70,70,70,70,70,70,70,70,70,70,70,70,70,70,70,70,70,70,70,70,70,70,70,70,70,70,70,70,70,70,70,70,70,70,70],"card_choices":[{"not_picked":["hubris:SlightOfHand","Sucker Punch"],"picked":"Skewer","floor":1},{"not_picked":["Quick Slash","Well Laid Plans"],"picked":"Endless Agony","floor":3},{"not_picked":["Underhanded Strike","After Image"],"picked":"Burst","floor":8},{"not_picked":["Sucker Punch","ReplayTheSpireMod:Exploit Weakness"],"picked":"Dagger Spray","floor":10},{"not_picked":["hubris:SlightOfHand","Choke"],"picked":"Bane","floor":16},{"not_picked":["Skewer+1","Fluid Movement"],"picked":"Outmaneuver+1","floor":20},{"not_picked":["Leg Sweep+1","Acrobatics"],"picked":"Hidden Blade+1","floor":21},{"not_picked":["Flying Knee","Dagger Throw","Glass Knife"],"picked":"SKIP","floor":24},{"not_picked":["Crippling Poison","Skewer"],"picked":"Backflip","floor":26},{"not_picked":["Doppelganger","Slice"],"picked":"Deadly Poison","floor":29},{"not_picked":["Bane","Terror"],"picked":"Backflip","floor":31}],"player_experience":93769,"relics_obtained":[{"floor":8,"key":"Calipers"},{"floor":11,"key":"hubris:TinFlute"},{"floor":13,"key":"Sundial"},{"floor":26,"key":"HornCleat"},{"floor":28,"key":"hubris:MysteriousPyramids"},{"floor":32,"key":"Chameleon Ring"}],"event_choices":[{"damage_healed":0,"gold_gain":0,"player_choice":"Ignored","damage_taken":0,"max_hp_gain":0,"max_hp_loss":0,"event_name":"Menagerie:CorruptingLight","floor":14,"gold_loss":0}],"is_beta":false,"boss_relics":[{"not_picked":["Snecko Eye","Cursed Key"],"picked":"Astrolabe"}],"items_purged_floors":[],"is_endless":false,"potions_floor_spawned":[3,10,20,24,26],"killed_by":"Automaton","ascension_level":0}}