{"host":"kda2p2afd6bvz6qo","time":1607880979,"event":{"mods":["BaseMod","Colored Map","Minty Spire (QoL Compilation)","Relic Stats"],"gold_per_floor":[119,119,136,154,5,37,37,66,66,66,77,77,77,96,96,192,192,210,223,223,27,41,76,76,76,76],"floor_reached":25,"playtime":2881,"items_purged":["Pain","Strike_G"],"score":266,"play_id":"13594dce-5027-4d57-80da-d5f8c18cb18f","local_time":"20201213173619","is_ascension_mode":true,"campfire_choices":[{"data":"Noxious Fumes","floor":7,"key":"SMITH"},{"data":"Skewer","floor":10,"key":"SMITH"},{"data":"Blade Dance","floor":13,"key":"SMITH"},{"data":"Caltrops","floor":15,"key":"SMITH"}],"circlet_count":0,"master_deck":["Strike_G","Strike_G","Strike_G","Strike_G","Defend_G","Defend_G","Defend_G","Defend_G","Defend_G","Survivor","Neutralize","CurseOfTheBell","Blade Dance+1","Dagger Throw","Backstab","Infinite Blades","Noxious Fumes+1","Skewer+1","PiercingWail","Outmaneuver+1","Caltrops+1","Night Terror","Blur+1","Terror","Deadly Poison","A Thousand Cuts"],"relics":["Calling Bell","Boot","The Courier","WingedGreaves","WarpedTongs","Strawberry","Tough Bandages","InkBottle","Fusion Hammer","FaceOfCleric","Tiny Chest","MealTicket"],"acts_visited":["Exordium","TheCity"],"potions_floor_usage":[18,23,23],"damage_taken":[{"damage":2,"enemies":"Small Slimes","floor":1,"turns":4},{"damage":4,"enemies":"Cultist","floor":3,"turns":4},{"damage":1,"enemies":"Jaw Worm","floor":4,"turns":3},{"damage":10,"enemies":"Lagavulin","floor":6,"turns":6},{"damage":12,"enemies":"Gremlin Nob","floor":8,"turns":4},{"damage":4,"enemies":"Exordium Thugs","floor":11,"turns":4},{"damage":3,"enemies":"Lots of Slimes","floor":14,"turns":3},{"damage":29,"enemies":"The Guardian","floor":16,"turns":8},{"damage":11,"enemies":"Spheric Guardian","floor":18,"turns":3},{"damage":4,"enemies":"Shell Parasite","floor":19,"turns":4},{"damage":19,"enemies":"Snecko","floor":22,"turns":6},{"damage":24,"enemies":"Slavers","floor":23,"turns":6},{"damage":15,"enemies":"Gremlin Leader","floor":25,"turns":3}],"seed_played":"-667205068153268004","potions_obtained":[{"floor":3,"key":"SmokeBomb"},{"floor":4,"key":"DistilledChaos"},{"floor":14,"key":"Strength Potion"},{"floor":16,"key":"SpeedPotion"},{"floor":22,"key":"GhostInAJar"}],"is_trial":false,"path_per_floor":["M","?","M","M","$","E","R","E","T","R","M","?","R","M","R","B",null,"M","M","?","$","M","E","?","E"],"character_chosen":"THE_SILENT","items_purchased":["Infinite Blades","Noxious Fumes","Tiny Chest"],"campfire_rested":0,"item_purchase_floors":[5,5,21],"current_hp_per_floor":[68,68,64,63,63,60,60,48,48,48,44,44,44,41,41,12,77,66,62,62,62,44,21,6,0,0],"gold":76,"neow_bonus":"BOSS_RELIC","is_daily":false,"chose_seed":false,"campfire_upgraded":4,"win_rate":0.0,"timestamp":1607880979,"path_taken":["M","?","M","M","$","E","R","E","T","R","?","?","R","?","R","BOSS","M","?","?","$","?","E","?","E"],"items_purchased_type":["Card","Card","Relic"],"build_version":"2020-11-30","purchased_purges":2,"victory":false,"max_hp_per_floor":[70,70,70,70,70,77,77,77,77,77,77,77,77,77,77,77,77,77,77,77,77,78,79,84,84,84],"relic_stats":{"Tough Bandages":[27],"FaceOfCleric":2,"counters":[13,58],"Tiny Chest":0,"MealTicket":0,"Boot":[71],"obtain_stats":[{"The Courier":0,"Boot":0,"WarpedTongs":2,"Calling Bell":0,"Tough Bandages":8,"FaceOfCleric":20,"Strawberry":6,"Tiny Chest":21,"MealTicket":23,"WingedGreaves":0,"Fusion Hammer":17,"InkBottle":9,"Ring of the Snake":0},{"The Courier":0,"Boot":0,"WarpedTongs":1,"Calling Bell":0,"Tough Bandages":5,"FaceOfCleric":10,"Strawberry":4,"Tiny Chest":10,"MealTicket":12,"WingedGreaves":0,"Fusion Hammer":8,"InkBottle":5,"Ring of the Snake":0},{"The Courier":0,"Boot":0,"WarpedTongs":4,"Calling Bell":0,"Tough Bandages":21,"FaceOfCleric":43,"Strawberry":17,"Tiny Chest":43,"MealTicket":55,"WingedGreaves":0,"Fusion Hammer":36,"InkBottle":21,"Ring of the Snake":0}],"InkBottle":[14],"WarpedTongs":[54]},"card_choices":[{"not_picked":["Prepared","Underhanded Strike"],"picked":"Blade Dance","floor":1},{"not_picked":["Acrobatics","Underhanded Strike"],"picked":"Dagger Throw","floor":3},{"not_picked":["Distraction","Finisher"],"picked":"Backstab","floor":4},{"not_picked":["Sucker Punch","Quick Slash"],"picked":"Skewer","floor":6},{"not_picked":["Poisoned Stab","Backflip"],"picked":"PiercingWail","floor":8},{"not_picked":["Riddle With Holes","Blade Dance"],"picked":"Outmaneuver","floor":11},{"not_picked":["Predator","Slice"],"picked":"Caltrops","floor":14},{"not_picked":["Bullet Time","Malaise"],"picked":"Night Terror","floor":16},{"not_picked":["Prepared","Flying Knee+1"],"picked":"Blur+1","floor":18},{"not_picked":["Outmaneuver+1","Choke+1"],"picked":"Terror","floor":19},{"not_picked":["Deflect","Infinite Blades+1"],"picked":"Deadly Poison","floor":22},{"not_picked":["Slice","Bane+1"],"picked":"A Thousand Cuts","floor":23}],"player_experience":24853,"relics_obtained":[{"floor":0,"key":"Boot"},{"floor":0,"key":"The Courier"},{"floor":0,"key":"WingedGreaves"},{"floor":6,"key":"Strawberry"},{"floor":8,"key":"Tough Bandages"},{"floor":9,"key":"InkBottle"},{"floor":23,"key":"MealTicket"}],"event_choices":[{"damage_healed":0,"gold_gain":0,"player_choice":"Rummage","damage_taken":0,"relics_obtained":["WarpedTongs"],"max_hp_gain":0,"max_hp_loss":0,"event_name":"Accursed Blacksmith","floor":2,"gold_loss":0,"cards_obtained":["Pain"]},{"damage_healed":0,"gold_gain":0,"player_choice":"Upgraded","damage_taken":0,"max_hp_gain":0,"max_hp_loss":0,"event_name":"Upgrade Shrine","floor":12,"gold_loss":0,"cards_upgraded":["Outmaneuver"]},{"damage_healed":0,"gold_gain":0,"player_choice":"Trade","damage_taken":0,"relics_obtained":["FaceOfCleric"],"max_hp_gain":0,"max_hp_loss":0,"event_name":"FaceTrader","floor":20,"gold_loss":0},{"damage_healed":0,"gold_gain":0,"player_choice":"Shed Blood","damage_taken":20,"max_hp_gain":5,"max_hp_loss":0,"event_name":"Forgotten Altar","floor":24,"gold_loss":0}],"is_beta":false,"boss_relics":[{"not_picked":["Snecko Eye","Tiny House"],"picked":"Fusion Hammer"}],"items_purged_floors":[5,21],"is_endless":false,"potions_floor_spawned":[3,4,14,16,22],"killed_by":"Gremlin Leader","ascension_level":3}}