{"host":"ul103bh19qas5vs8","time":1607857631,"event":{"mods":["BaseMod","Googly Eyes","Minty Spire (QoL Compilation)","Replay The Spire","Shop Mod","StSLib","[IsaacMod]ÒÔÈö¼âËþ"],"gold_per_floor":[114,114,133,149,99,125,125,160,186,211,229,258,274,199,199,297,297,312,324,284,303,303,303,328,328,351,266,266,294,294,294,294,397,397,802,1258,1276,1276,1276,1313,1342,1342,1342,1360,1394,1394,1394,1474,1474,1480,1480,1480,1480,1516,1528],"floor_reached":56,"playtime":3050,"items_purged":["Strike_R","Strike_R","Strike_R","Strike_R+1","Feed+1","Feel No Pain+1","Pot Of Greed+1"],"score":2097,"play_id":"53ab29cb-71c2-44cd-9135-b5922639f38c","local_time":"20201213190711","is_ascension_mode":true,"campfire_choices":[{"data":"Feed","floor":7.0,"key":"SMITH"},{"data":"Clumsy","floor":15.0,"key":"PURGE"},{"data":"True Grit","floor":23.0,"key":"SMITH"},{"data":"Body Slam","floor":25.0,"key":"SMITH"},{"data":"True Grit","floor":28.0,"key":"SMITH"},{"data":"Evolve","floor":32.0,"key":"SMITH"},{"floor":47,"key":"RECALL"},{"data":"Shrug It Off","floor":49,"key":"PURGE"},{"data":"Thinking Ahead+1","floor":52,"key":"PURGE"}],"circlet_count":57,"master_deck":["Defend_R+1","Defend_R+2","Defend_R+2","Defend_R+1","Bash+1","Power Through","Evolve+1","Body Slam+1","True Grit+1","ReplayReversal+1","Barricade","True Grit+1","Impervious+1","Finesse","Pot Of Greed+1","Entrench+1","Offering+1","Flash of Steel+1","Madness+1","Madness+1","Pot Of Greed+1"],"relics":["Black Blood","HushsDoor","SteamSale","Tiny Chest","Replay:Accelerometer","BookOfRevelations","Pantograph","Replay:Bottled Eggs","Membership Card","King of Hearts","HowToJump","Runic Dome","Sling","Letter Opener","TheBible","Divine Protection","Centennial Puzzle","ReplayTheSpireMod:Shallot","NineVolt","Juzu Bracelet","JudasShadow","GuppysHairball","Toxic Egg 2","Art of War","Pear","InkBottle","The Courier","Charon\u0027s Ashes","Molten Egg 2","Happy Flower","Bag of Marbles","Bronze Scales","DoctorsRemote","Bag of Preparation","Matryoshka","Peace Pipe","Question Card","Incense Burner","Replay:Bottled Flurry","Replay:Rubber Ducky","Replay:WaspNest","Chameleon Ring","ReplayTheSpireMod:TigerMarble","Pocketwatch","Oddly Smooth Stone","Strawberry","Replay:Bottled Snecko","Meat on the Bone","Replay:Bandana","Cauldron","GuppysHead","Toy Ornithopter","PokeGo","TheBean","SalivaCoin","Replay:Baseball","ReplayTheSpireMod:Lightbulb","Simple Rune","PreservedInsect","Golden Egg","TungstenRod","Red Skull","Mirror","Quantum Egg","Sundial","Boot","Potion Belt","GnawedLeaf","Singing Bowl","Anchor","Ancient Tea Set","Kunai","YumHeart","Replay:Wax Seal","HornCleat","Another Sword","Nunchaku","AnarchistCookbook","ReplayFunnel","Replay:Mystery Machine","Whetstone","ReplayTheSpireMod:Ninjato","Magic Flower","Vajra","Du-Vu Doll","Durian","Replay:Bottled Steam","Orichalcum","Gambling Chip","Pet Ghost","MealTicket","BookofShadows","Blue Candle","Akabeko","DeadEye","Blue Doll","White Beast Statue","War Paint","Omamori","Pen Nib","Regal Pillow","ReplayTheSpireMod:Spearhead","Gremlin Food","SatanicBible","Ginger","Thread and Needle","Bottled Tornado","Eternal Feather","BelialBook","Mercury Hourglass","Dream Catcher","Ornamental Fan","Champion Belt","Lantern","CeramicFish","TuHaoJin","Mummified Hand","Iron Hammer","Self Forming Clay","Paper Frog","Frozen Egg 2","Darkstone Periapt","Diplopia","SharpPlug","Gremlin Horn","Snack Pack","Shuriken","Onion Ring","UnicornStump","Garlic","Bottled Flame","PillsDrop","Replay:Ringing Soul","Mango","Bottled Lightning","StrikeDummy","DeathBook","CaptainsWheel","Replay:Towering Pillar of Hats","D6","Calipers","GuppysTail","WingedGreaves","Ice Cream","PunchingBag","FossilizedHelix","MoneyPower","Void","GuppysPaw","Replay:Multitool","Prayer Wheel","Girya","Replay:Kaleidoscope","Turnip","StoneCalendar","Bird Faced Urn","Replay:Arrowhead","EdensBlessing","Unceasing Top","BloodDonationMachine","Counterbalance","Pondfish Scales","Leech","BlankCard","D4","Lizard Tail","Damocles","Torii","ForgetMeNow","Replay:PocketPolymizer","Circlet","Grinning Jar","Shovel","BFFS","Frozen Eye","HandDrill"],"acts_visited":["Exordium","TheCity","TheBeyond","TheEnding"],"potions_floor_usage":[],"damage_taken":[{"damage":9.0,"enemies":"Jaw Worm","floor":1.0,"turns":6.0},{"damage":0.0,"enemies":"Small Slimes","floor":3.0,"turns":3.0},{"damage":5.0,"enemies":"Cultist","floor":4.0,"turns":4.0},{"damage":25.0,"enemies":"Lagavulin","floor":6.0,"turns":7.0},{"damage":13.0,"enemies":"Gremlin Nob","floor":8.0,"turns":3.0},{"damage":2.0,"enemies":"Lagavulin","floor":10.0,"turns":11.0},{"damage":19.0,"enemies":"Lots of Slimes","floor":11.0,"turns":5.0},{"damage":43.0,"enemies":"3 Sentries","floor":12.0,"turns":17.0},{"damage":7.0,"enemies":"2 Fungi Beasts","floor":13.0,"turns":5.0},{"damage":72.0,"enemies":"Fading Forest","floor":16.0,"turns":11.0},{"damage":9.0,"enemies":"Chosen","floor":18.0,"turns":7.0},{"damage":20.0,"enemies":"Spheric Guardian","floor":19.0,"turns":10.0},{"damage":6.0,"enemies":"Centurion and Healer","floor":21.0,"turns":8.0},{"damage":33.0,"enemies":"Slavers","floor":24.0,"turns":6.0},{"damage":0.0,"enemies":"Gremlin Leader","floor":29.0,"turns":8.0},{"damage":0.0,"enemies":"Champ","floor":33.0,"turns":10.0},{"damage":9.9999991E7,"enemies":"Orb Walker","floor":35.0,"turns":2.0},{"damage":0,"enemies":"3 Shapes","floor":36,"turns":3},{"damage":0,"enemies":"Reptomancer","floor":40,"turns":1},{"damage":0,"enemies":"Transient","floor":41,"turns":3},{"damage":0,"enemies":"Awakened One","floor":50,"turns":2},{"damage":0,"enemies":"Shield and Spear","floor":54,"turns":1},{"damage":0,"enemies":"LittleHush","floor":55,"turns":7}],"seed_played":"-3439972699913602561","potions_obtained":[{"floor":3.0,"key":"BlessingOfTheForge"},{"floor":4.0,"key":"BloodPotion"},{"floor":8.0,"key":"BlessingOfTheForge"},{"floor":11.0,"key":"Regen Potion"},{"floor":19.0,"key":"Energy Potion"},{"floor":20.0,"key":"BloodPotion"},{"floor":20.0,"key":"Milkshake"},{"floor":20.0,"key":"FearPotion"},{"floor":24.0,"key":"SteroidPotion"},{"floor":29.0,"key":"Explosive Potion"},{"floor":35,"key":"Elixir"},{"floor":36,"key":"Dexterity Potion"},{"floor":36,"key":"SpeedPotion"},{"floor":37,"key":"ElixirPotion"},{"floor":37,"key":"Energy Potion"},{"floor":37,"key":"ColorlessPotion"},{"floor":37,"key":"BloodPotion"},{"floor":37,"key":"Doom Potion"}],"is_trial":false,"path_per_floor":["M","?","M","M","?","E","R","E","T","E","M","E","M","$","R","B",null,"M","M","?","M","$","R","E","R","T","?","R","E","$","?","R","B",null,"M","M","$","T","?","E","M","?","T","$","?","$","R","T","R","B",null,"R","$","E","B",null],"character_chosen":"IRONCLAD","items_purchased":["Membership Card","King of Hearts","HowToJump","Evolve","Body Slam","BloodPotion","SpeedPotion","Weak Potion","True Grit","Barricade","Sling","Letter Opener","TheBible","NineVolt","Juzu Bracelet","JudasShadow","Impervious","GuppysHairball","SuicideKing","FairyPotion","Flashbang","Finesse","Molten Egg 2","Happy Flower","Bag of Marbles","Bronze Scales","DoctorsRemote","Bag of Preparation","Matryoshka","Peace Pipe","Question Card","Incense Burner","Replay:Bottled Flurry","Replay:Rubber Ducky","Replay:WaspNest","Chameleon Ring","ReplayTheSpireMod:TigerMarble","Pocketwatch","Oddly Smooth Stone","Strawberry","Replay:Bottled Snecko","Meat on the Bone","Replay:Bandana","Cauldron","GuppysHead","Toy Ornithopter","PokeGo","TheBean","SalivaCoin","Replay:Baseball","ReplayTheSpireMod:Lightbulb","Simple Rune","PreservedInsect","Golden Egg","TungstenRod","Red Skull","Mirror","Quantum Egg","Sundial","Boot","Potion Belt","GnawedLeaf","Singing Bowl","Anchor","Ancient Tea Set","Kunai","YumHeart","Replay:Wax Seal","HornCleat","Another Sword","Nunchaku","AnarchistCookbook","ReplayFunnel","Replay:Mystery Machine","Whetstone","ReplayTheSpireMod:Ninjato","Magic Flower","Vajra","Du-Vu Doll","Durian","Replay:Bottled Steam","Orichalcum","Gambling Chip","Pet Ghost","MealTicket","BookofShadows","Blue Candle","Akabeko","DeadEye","Blue Doll","White Beast Statue","War Paint","Omamori","Pen Nib","Regal Pillow","ReplayTheSpireMod:Spearhead","Gremlin Food","SatanicBible","Ginger","Thread and Needle","Bottled Tornado","Eternal Feather","BelialBook","Mercury Hourglass","Dream Catcher","Ornamental Fan","Champion Belt","Lantern","CeramicFish","TuHaoJin","Mummified Hand","Iron Hammer","Self Forming Clay","Paper Frog","Frozen Egg 2","Darkstone Periapt","Diplopia","SharpPlug","Gremlin Horn","Snack Pack","Shuriken","Onion Ring","UnicornStump","Garlic","Bottled Flame","PillsDrop","Replay:Ringing Soul","Mango","Bottled Lightning","StrikeDummy","DeathBook","CaptainsWheel","Replay:Towering Pillar of Hats","D6","Calipers","GuppysTail","WingedGreaves","Ice Cream","PunchingBag","FossilizedHelix","MoneyPower","Void","GuppysPaw","Replay:Multitool","Prayer Wheel","Girya","Replay:Kaleidoscope","Turnip","StoneCalendar","Bird Faced Urn","Replay:Arrowhead","EdensBlessing","Unceasing Top","BloodDonationMachine","Counterbalance","Pondfish Scales","Leech","BlankCard","D4","Lizard Tail","Damocles","Torii","ForgetMeNow","Replay:PocketPolymizer","Circlet","Grinning Jar","Shovel","Circlet","Circlet","Circlet","Circlet","Circlet","Circlet","Circlet","Circlet","Circlet","Circlet","BFFS","Circlet","Circlet","Circlet","Circlet","Circlet","Circlet","Circlet","Circlet","Circlet","Circlet","Circlet","Circlet","Circlet","Circlet","Circlet","Circlet","Circlet","Circlet","Circlet","Circlet","FairyPotion","Offering+1","EntropicBrew","Adrenaline Potion","Flash of Steel+1","Frozen Eye","HandDrill","Circlet","Circlet","Circlet","Circlet","Circlet","Circlet","Circlet","Circlet","Circlet","Circlet","Circlet","Circlet","Circlet","Circlet","Circlet"],"campfire_rested":0,"item_purchase_floors":[14,14,14,14,14,14,14,14,14,22,22,22,22,30,30,34,34,34,34,34,34,34,37,37,37,37,37,37,37,37,37,37,37,37,37,37,37,37,37,37,37,37,37,37,37,37,37,37,37,37,37,37,37,37,37,37,37,37,37,37,37,37,37,37,37,37,37,37,37,37,37,37,37,37,37,37,37,37,37,37,37,37,37,37,37,37,37,37,37,37,37,37,37,37,37,37,37,37,37,37,37,37,37,37,37,37,37,37,37,37,37,37,37,37,37,37,37,37,37,37,37,37,37,37,37,37,37,37,37,37,37,37,37,37,37,37,37,37,37,37,37,37,37,37,37,37,37,37,37,37,37,37,37,37,37,37,37,37,37,37,37,37,37,37,37,37,37,37,37,37,37,37,37,37,37,37,37,44,44,44,44,44,44,44,44,44,44,44,44,44,44,44,44,44,44,44,44,44,44,44,44,44,44,46,53,53,53,53,53,53,53,53,53,53,53,53,53,53,53,53],"current_hp_per_floor":[69,53,59,60,60,41,41,38,38,46,37,19,25,45,45,30,85,85,74,95,102,102,102,82,82,82,82,82,88,88,62,62,93,82,11,17,51,61,61,74,84,84,94,97,89,100,100,105,105,105,105,105,105,117,117],"gold":1528,"neow_bonus":"RANDOM_COLORLESS_2","is_daily":false,"chose_seed":false,"campfire_upgraded":5,"win_rate":0.0,"timestamp":1607857631,"path_taken":["M","?","M","M","?","E","R","E","T","E","M","E","M","$","R","BOSS","M","M","?","M","$","R","E","R","T","?","R","E","$","?","R","BOSS","M","M","$","?","?","E","M","?","T","$","?","$","R","?","R","BOSS","R","$","E","BOSS"],"items_purchased_type":["Relic","Relic","Relic","Card","Card","Potion","Potion","Potion","Card","Card","Relic","Relic","Relic","Relic","Relic","Relic","Card","Relic","Card","Potion","Potion","Card","Relic","Relic","Relic","Relic","Relic","Relic","Relic","Relic","Relic","Relic","Relic","Relic","Relic","Relic","Relic","Relic","Relic","Relic","Relic","Relic","Relic","Relic","Relic","Relic","Relic","Relic","Relic","Relic","Relic","Relic","Relic","Relic","Relic","Relic","Relic","Relic","Relic","Relic","Relic","Relic","Relic","Relic","Relic","Relic","Relic","Relic","Relic","Relic","Relic","Relic","Relic","Relic","Relic","Relic","Relic","Relic","Relic","Relic","Relic","Relic","Relic","Relic","Relic","Relic","Relic","Relic","Relic","Relic","Relic","Relic","Relic","Relic","Relic","Relic","Relic","Relic","Relic","Relic","Relic","Relic","Relic","Relic","Relic","Relic","Relic","Relic","Relic","Relic","Relic","Relic","Relic","Relic","Relic","Relic","Relic","Relic","Relic","Relic","Relic","Relic","Relic","Relic","Relic","Relic","Relic","Relic","Relic","Relic","Relic","Relic","Relic","Relic","Relic","Relic","Relic","Relic","Relic","Relic","Relic","Card","Relic","Relic","Relic","Relic","Relic","Relic","Relic","Relic","Relic","Relic","Relic","Relic","Relic","Relic","Relic","Relic","Relic","Relic","Relic","Relic","Relic","Relic","Undefined","Relic","Relic","Undefined","Undefined","Undefined","Undefined","Undefined","Undefined","Undefined","Undefined","Undefined","Undefined","Relic","Undefined","Undefined","Undefined","Undefined","Undefined","Undefined","Undefined","Undefined","Undefined","Undefined","Undefined","Undefined","Undefined","Undefined","Undefined","Undefined","Undefined","Undefined","Undefined","Undefined","Potion","Card","Potion","Potion","Card","Relic","Relic","Undefined","Undefined","Undefined","Undefined","Undefined","Undefined","Undefined","Undefined","Undefined","Undefined","Undefined","Undefined","Undefined","Undefined","Undefined"],"build_version":"2020-11-30","purchased_purges":7,"victory":true,"max_hp_per_floor":[80,80,80,80,80,80,80,84,84,88,92,96,103,103,103,103,103,106,109,109,116,116,116,123,123,123,123,123,123,123,128,128,128,82,11,18,52,62,62,74,84,84,94,97,100,100,100,105,105,105,105,105,105,117,117],"card_choices":[{"not_picked":[],"picked":"SuicideKing","floor":0.0},{"not_picked":["Secret Technique","Battery"],"picked":"Thinking Ahead","floor":0.0},{"not_picked":["Thunderclap","Clothesline"],"picked":"Bomb","floor":1.0},{"not_picked":["Iron Wave","Flex"],"picked":"Bomb","floor":3.0},{"not_picked":["Clothesline","Combust","Havoc"],"picked":"SKIP","floor":4.0},{"not_picked":["Flex","Headbutt"],"picked":"Feed","floor":6.0},{"not_picked":["Sword Boomerang","Hemogenesis"],"picked":"Power Through","floor":8.0},{"not_picked":["Twin Strike","Sentinel","Pommel Strike"],"picked":"SKIP","floor":10.0},{"not_picked":["Twin Strike","Sentinel","Pommel Strike"],"picked":"SKIP","floor":10.0},{"not_picked":["Searing Blow","Flex"],"picked":"Shrug It Off","floor":11.0},{"not_picked":["Corruption","Cleave"],"picked":"Feed","floor":12.0},{"not_picked":["Pommel Strike","Cleave","Havoc"],"picked":"SKIP","floor":13.0},{"not_picked":["True Grit","Inflame+1","Pommel Strike"],"picked":"SKIP","floor":18.0},{"not_picked":["Cleave","Flex"],"picked":"ReplayReversal+1","floor":19.0},{"not_picked":["Uppercut","Iron Wave","Heavy Blade"],"picked":"SKIP","floor":21.0},{"not_picked":["Carnage","Headbutt"],"picked":"True Grit","floor":24.0},{"not_picked":["Body Slam","Carnage","Warcry"],"picked":"SKIP","floor":29.0},{"not_picked":["Headbutt+1","Flex+1","Perfected Strike+1"],"picked":"SKIP","floor":35},{"not_picked":["Burning Pact+1","Carnage"],"picked":"Feel No Pain+1","floor":36},{"not_picked":["Cleave+1","Sword Boomerang","Clash+1"],"picked":"SKIP","floor":36},{"not_picked":["Pummel+1","Armaments+1","Searing Blow"],"picked":"SKIP","floor":36},{"not_picked":["Anger+1","Metallicize+1","Sever Soul+1","Iron Wave+1"],"picked":"Singing Bowl","floor":40},{"not_picked":["Flex+1","Shrug It Off+1","Inflame+1","Warcry+1"],"picked":"Singing Bowl","floor":41},{"not_picked":["Body Slam+1","Perfected Strike+1","Havoc+1"],"picked":"Entrench+1","floor":41},{"not_picked":["Feel No Pain+1","Carnage+1","Burning Pact+1","Entrench+1"],"picked":"Singing Bowl","floor":54}],"player_experience":81595,"relics_obtained":[{"floor":6.0,"key":"Tiny Chest"},{"floor":8.0,"key":"Replay:Accelerometer"},{"floor":9.0,"key":"BookOfRevelations"},{"floor":10.0,"key":"Pantograph"},{"floor":12.0,"key":"Replay:Bottled Eggs"},{"floor":24.0,"key":"Divine Protection"},{"floor":29.0,"key":"ReplayTheSpireMod:Shallot"},{"floor":35,"key":"Toxic Egg 2"},{"floor":35,"key":"Art of War"},{"floor":35,"key":"Pear"},{"floor":35,"key":"InkBottle"},{"floor":36,"key":"The Courier"},{"floor":36,"key":"Charon\u0027s Ashes"},{"floor":38,"key":"Circlet"},{"floor":38,"key":"Circlet"},{"floor":40,"key":"Circlet"},{"floor":40,"key":"Circlet"},{"floor":41,"key":"Circlet"},{"floor":43,"key":"Circlet"},{"floor":43,"key":"Circlet"},{"floor":48,"key":"Circlet"},{"floor":54,"key":"Circlet"},{"floor":54,"key":"Circlet"}],"event_choices":[{"damage_healed":0.0,"max_hp_gain":0.0,"max_hp_loss":0.0,"gold_gain":0.0,"event_name":"Shining Light","player_choice":"Entered Light","floor":2.0,"gold_loss":0.0,"damage_taken":16.0,"cards_upgraded":["Strike_R","Bash"]},{"cards_removed":["Strike_R"],"damage_healed":0.0,"max_hp_gain":0.0,"max_hp_loss":0.0,"gold_gain":0.0,"event_name":"The Cleric","player_choice":"Card Removal","floor":5.0,"gold_loss":50.0,"damage_taken":0.0},{"damage_healed":0.0,"max_hp_gain":0.0,"max_hp_loss":0.0,"gold_gain":0.0,"event_name":"The Woman in Blue","player_choice":"Bought 3 Potions","floor":20.0,"gold_loss":0.0,"damage_taken":0.0},{"damage_healed":0.0,"max_hp_gain":0.0,"max_hp_loss":0.0,"gold_gain":0.0,"event_name":"Addict","player_choice":"Obtained Relic","floor":27.0,"gold_loss":85.0,"damage_taken":0.0,"relics_obtained":["Centennial Puzzle"]},{"damage_healed":0.0,"max_hp_gain":5.0,"max_hp_loss":0.0,"gold_gain":0.0,"event_name":"Forgotten Altar","player_choice":"Shed Blood","floor":31.0,"gold_loss":0.0,"damage_taken":31.0},{"cards_removed":["Feed"],"damage_healed":0,"gold_gain":0,"player_choice":"Gave Card","damage_taken":0,"relics_obtained":["Circlet"],"max_hp_gain":0,"max_hp_loss":0,"event_name":"WeMeetAgain","floor":39,"gold_loss":0},{"damage_healed":0,"gold_gain":0,"player_choice":"Memory 1","damage_taken":0,"max_hp_gain":0,"max_hp_loss":0,"event_name":"SensoryStone","floor":42,"gold_loss":0},{"damage_healed":0,"gold_gain":0,"player_choice":"Embrace Madness","damage_taken":12,"max_hp_gain":0,"max_hp_loss":0,"event_name":"Winding Halls","floor":45,"gold_loss":0,"cards_obtained":["Madness","Madness"]}],"is_beta":false,"boss_relics":[{"not_picked":["Coffee Dripper","SacredBark"],"picked":"Runic Dome"},{"not_picked":[]},{"not_picked":["ReplayTheSpireMod:DimensionalGlitch","Runic Pyramid"],"picked":"Black Blood"},{"not_picked":[]}],"items_purged_floors":[14,22,30,34,44,46,53],"is_endless":false,"potions_floor_spawned":[3,4,8,11,19,21,24,29,33,41],"ascension_level":8}}