{"host":"w7o06k3e8uel8euj","time":1607885477,"event":{"mods":["AchievementEnabler","BaseMod","Colored Powertips","Custom Start","DeckTracker","Keyboard Shortcuts","Minty Spire (QoL Compilation)","Quick Restart","Relic Stats","StSLib","SuperFastMode","everything is the same but u backflip on backflip"],"gold_per_floor":[217,232,73,83,99,99,129,141,179,191,220,260,272,314,326,414,426,457,326,342,371,389,389,405,405,405,330,380,380,380,380,380,454,454,470,470,470,345,356,381,401,432,506,506,88,88,104,137,137,137,137,137,137,49,75,75],"floor_reached":57,"playtime":1998,"items_purged":["Strike_B","Strike_B","Strike_B","Strike_B","Defend_B"],"score":2692,"play_id":"4c64c82e-9b9a-4824-b1ad-80ffdaff1880","local_time":"20201214035117","is_ascension_mode":true,"campfire_choices":[{"data":"Sunder","floor":6.0,"key":"SMITH"},{"data":"Defragment","floor":10.0,"key":"SMITH"},{"floor":13.0,"key":"REST"},{"data":"Zap","floor":15.0,"key":"SMITH"},{"data":"Defragment","floor":23.0,"key":"SMITH"},{"data":"Defragment","floor":25.0,"key":"SMITH"},{"data":"Defragment","floor":30.0,"key":"SMITH"},{"data":"Coolheaded","floor":32.0,"key":"SMITH"},{"data":"Coolheaded","floor":46,"key":"SMITH"},{"floor":49,"key":"RECALL"},{"data":"Blizzard","floor":53,"key":"SMITH"}],"circlet_count":0,"master_deck":["AscendersBane","Defend_B","Defend_B","Zap+1","Dualcast","Sunder+1","Coolheaded","Defragment+1","Coolheaded+1","Chill","Self Repair","Chill","Glacier","Reboot+1","Undo","Defragment+1","FTL","Cold Snap","Defragment+1","Defragment+1","Defragment+1","Finesse","Purity","Coolheaded+1","Streamline","Madness","Madness","Blizzard+1"],"relics":["Cracked Core","MawBank","Regal Pillow","Ancient Tea Set","Odd Mushroom","SlaversCollar","Red Mask","Frozen Egg 2","Inserter","Emotion Chip","Bronze Scales","StrikeDummy","Membership Card","Incense Burner","Bottled Flame","Gremlin Horn"],"acts_visited":["Exordium","TheCity","TheBeyond","TheEnding"],"potions_floor_usage":[56,56],"damage_taken":[{"damage":1.0,"enemies":"Cultist","floor":1.0,"turns":3.0},{"damage":12.0,"enemies":"Jaw Worm","floor":2.0,"turns":2.0},{"damage":0.0,"enemies":"Small Slimes","floor":4.0,"turns":3.0},{"damage":11.0,"enemies":"Looter","floor":5.0,"turns":2.0},{"damage":9.0,"enemies":"3 Sentries","floor":7.0,"turns":8.0},{"damage":6.0,"enemies":"3 Louse","floor":11.0,"turns":4.0},{"damage":30.0,"enemies":"Gremlin Nob","floor":12.0,"turns":4.0},{"damage":5.0,"enemies":"The Mushroom Lair","floor":14.0,"turns":4.0},{"damage":45.0,"enemies":"Hexaghost","floor":16.0,"turns":14.0},{"damage":11.0,"enemies":"Chosen","floor":18.0,"turns":7.0},{"damage":12.0,"enemies":"Spheric Guardian","floor":20.0,"turns":7.0},{"damage":23.0,"enemies":"Masked Bandits","floor":21.0,"turns":5.0},{"damage":5.0,"enemies":"Centurion and Healer","floor":22.0,"turns":11.0},{"damage":0.0,"enemies":"Snecko","floor":24.0,"turns":9.0},{"damage":4.0,"enemies":"Automaton","floor":33.0,"turns":15.0},{"damage":9,"enemies":"3 Shapes","floor":35,"turns":7},{"damage":0,"enemies":"Orb Walker","floor":39,"turns":6},{"damage":16,"enemies":"Giant Head","floor":40,"turns":13},{"damage":0,"enemies":"Spire Growth","floor":41,"turns":7},{"damage":14,"enemies":"Nemesis","floor":42,"turns":11},{"damage":14,"enemies":"Jaw Worm Horde","floor":47,"turns":6},{"damage":31,"enemies":"Reptomancer","floor":48,"turns":14},{"damage":6,"enemies":"Donu and Deca","floor":50,"turns":14},{"damage":12,"enemies":"Time Eater","floor":51,"turns":19},{"damage":37,"enemies":"Shield and Spear","floor":55,"turns":11},{"damage":21,"enemies":"The Heart","floor":56,"turns":11}],"seed_played":"8864973281176896050","potions_obtained":[{"floor":1.0,"key":"FocusPotion"},{"floor":4.0,"key":"Energy Potion"},{"floor":16.0,"key":"Fire Potion"},{"floor":20.0,"key":"SpeedPotion"},{"floor":21.0,"key":"EssenceOfDarkness"},{"floor":33.0,"key":"AttackPotion"},{"floor":35,"key":"FocusPotion"},{"floor":42,"key":"FocusPotion"}],"is_trial":false,"path_per_floor":["M","M","$","M","M","R","E","?","T","R","M","E","R","?","R","B",null,"M","$","M","?","M","R","M","R","T","?","?","?","R","T","R","B",null,"M","?","?","$","M","E","M","E","T","?","$","R","M","E","R","B","B",null,"R","$","E","B",null],"character_chosen":"DEFECT","items_purchased":["Defragment","Defragment","Membership Card","Incense Burner"],"campfire_rested":1,"item_purchase_floors":[3,19,45,45],"current_hp_per_floor":[63,51,51,51,40,40,31,31,31,31,32,9,45,47,47,9,56,52,52,47,31,33,33,40,40,40,40,40,20,20,20,20,23,63,61,51,51,51,58,49,56,49,49,35,35,35,28,24,24,45,40,67,67,67,37,23],"gold":75,"neow_bonus":"HUNDRED_GOLD","is_daily":false,"chose_seed":false,"campfire_upgraded":9,"win_rate":0.0,"timestamp":1607885477,"path_taken":["M","?","$","M","M","R","E","?","T","R","M","E","R","?","R","BOSS","M","$","M","?","M","R","M","R","T","?","?","?","R","?","R","BOSS","M","?","?","$","?","E","M","E","T","?","?","R","M","E","R","BOSS","BOSS","R","$","E","BOSS"],"items_purchased_type":["Card","Card","Relic","Relic"],"build_version":"2020-11-30","purchased_purges":5,"victory":true,"max_hp_per_floor":[71,71,71,71,71,71,71,71,71,71,71,71,71,71,71,71,71,71,71,71,71,71,71,71,71,71,71,71,76,76,76,76,76,76,76,76,76,76,76,76,76,76,76,76,76,76,76,76,76,76,76,76,76,76,76,76],"relic_stats":{"Regal Pillow":15,"Emotion Chip":[66,16,50,0,0],"Inserter":[57],"Gremlin Horn":[0,0],"counters":[26,217],"Bronze Scales":[414],"MawBank":144,"obtain_stats":[{"Regal Pillow":9,"Inserter":34,"Gremlin Horn":55,"Incense Burner":45,"Odd Mushroom":14,"Frozen Egg 2":31,"MawBank":7,"Ancient Tea Set":12,"SlaversCollar":17,"Emotion Chip":40,"Bottled Flame":48,"Bronze Scales":42,"Red Mask":21,"Membership Card":45,"Cracked Core":0,"StrikeDummy":43},{"Regal Pillow":5,"Inserter":15,"Gremlin Horn":25,"Incense Burner":20,"Odd Mushroom":8,"Frozen Egg 2":14,"MawBank":5,"Ancient Tea Set":7,"SlaversCollar":9,"Emotion Chip":18,"Bottled Flame":22,"Bronze Scales":20,"Red Mask":12,"Membership Card":20,"Cracked Core":0,"StrikeDummy":20},{"Regal Pillow":18,"Inserter":98,"Gremlin Horn":206,"Incense Burner":142,"Odd Mushroom":30,"Frozen Egg 2":83,"MawBank":18,"Ancient Tea Set":26,"SlaversCollar":44,"Emotion Chip":124,"Bottled Flame":162,"Bronze Scales":142,"Red Mask":63,"Membership Card":142,"Cracked Core":0,"StrikeDummy":142}]},"card_choices":[{"not_picked":["Force Field","Hologram"],"picked":"Sunder","floor":1.0},{"not_picked":["Barrage","Lockon"],"picked":"Coolheaded","floor":2.0},{"not_picked":["Stack","Skim"],"picked":"Coolheaded","floor":4.0},{"not_picked":["Ball Lightning","Compile Driver"],"picked":"Chill","floor":5.0},{"not_picked":["Hyperbeam","Gash"],"picked":"Self Repair","floor":7.0},{"not_picked":["Turbo","Scrape","Rebound"],"picked":"SKIP","floor":11.0},{"not_picked":["Fusion","Consume"],"picked":"Chill","floor":12.0},{"not_picked":["White Noise","Redo"],"picked":"Glacier","floor":14.0},{"not_picked":["Meteor Strike","Amplify"],"picked":"Reboot","floor":16.0},{"not_picked":["Go for the Eyes","Scrape"],"picked":"Undo","floor":18.0},{"not_picked":["Force Field","Aggregate","FTL"],"picked":"SKIP","floor":20.0},{"not_picked":["Force Field","Aggregate"],"picked":"FTL","floor":20.0},{"not_picked":["Steam","Rebound"],"picked":"Cold Snap","floor":21.0},{"not_picked":["White Noise","Doom and Gloom"],"picked":"Defragment","floor":22.0},{"not_picked":["Cold Snap+1","Coolheaded"],"picked":"Defragment","floor":24.0},{"not_picked":["Compile Driver","Streamline"],"picked":"Defragment+1","floor":35},{"not_picked":["The Bomb","Mayhem+1"],"picked":"Finesse","floor":36},{"not_picked":["Discovery","Dark Shackles"],"picked":"Purity","floor":36},{"not_picked":["Force Field","Heatsinks+1","Sunder"],"picked":"SKIP","floor":39},{"not_picked":["Barrage","Reinforced Body"],"picked":"Coolheaded","floor":40},{"not_picked":["Streamline","Leap","Go for the Eyes"],"picked":"SKIP","floor":41},{"not_picked":["Leap","Go for the Eyes"],"picked":"Streamline","floor":41},{"not_picked":["Hello World+1","Leap","Go for the Eyes"],"picked":"SKIP","floor":42},{"not_picked":["Coolheaded","White Noise","BootSequence"],"picked":"SKIP","floor":47},{"not_picked":["Coolheaded","Hologram"],"picked":"Blizzard","floor":48},{"not_picked":["Double Energy","Cold Snap","FTL+1"],"picked":"SKIP","floor":55}],"player_experience":546480,"relics_obtained":[{"floor":7.0,"key":"MawBank"},{"floor":9.0,"key":"Regal Pillow"},{"floor":12.0,"key":"Ancient Tea Set"},{"floor":14.0,"key":"Odd Mushroom"},{"floor":21.0,"key":"Red Mask"},{"floor":31.0,"key":"Frozen Egg 2"},{"floor":40,"key":"Emotion Chip"},{"floor":42,"key":"Bronze Scales"},{"floor":43,"key":"StrikeDummy"},{"floor":48,"key":"Bottled Flame"},{"floor":55,"key":"Gremlin Horn"}],"event_choices":[{"damage_healed":0.0,"max_hp_gain":0.0,"max_hp_loss":0.0,"gold_gain":0.0,"event_name":"Liars Game","player_choice":"Ignored","floor":8.0,"gold_loss":0.0,"damage_taken":0.0},{"damage_healed":0.0,"max_hp_gain":0.0,"max_hp_loss":0.0,"gold_gain":0.0,"event_name":"Mushrooms","player_choice":"Fought Mushrooms","floor":14.0,"gold_loss":0.0,"damage_taken":0.0},{"damage_healed":0.0,"max_hp_gain":0.0,"max_hp_loss":0.0,"gold_gain":0.0,"event_name":"Masked Bandits","player_choice":"Fought Bandits","floor":21.0,"gold_loss":0.0,"damage_taken":0.0},{"cards_removed":["Defend_B"],"damage_healed":0.0,"max_hp_gain":0.0,"max_hp_loss":0.0,"gold_gain":0.0,"event_name":"Beggar","player_choice":"Gave Gold","floor":27.0,"gold_loss":75.0,"damage_taken":0.0},{"damage_healed":0.0,"max_hp_gain":0.0,"max_hp_loss":0.0,"gold_gain":50.0,"event_name":"Nest","player_choice":"Stole From Cult","floor":28.0,"gold_loss":0.0,"damage_taken":0.0},{"damage_healed":0.0,"max_hp_gain":5.0,"max_hp_loss":0.0,"gold_gain":0.0,"event_name":"Forgotten Altar","player_choice":"Shed Blood","floor":29.0,"gold_loss":0.0,"damage_taken":25.0},{"damage_healed":0,"gold_gain":0,"player_choice":"Memory 3","damage_taken":10,"max_hp_gain":0,"max_hp_loss":0,"event_name":"SensoryStone","floor":36,"gold_loss":0},{"damage_healed":0,"gold_gain":0,"player_choice":"Upgraded","damage_taken":0,"max_hp_gain":0,"max_hp_loss":0,"event_name":"Upgrade Shrine","floor":37,"gold_loss":0,"cards_upgraded":["Reboot"]},{"damage_healed":0,"gold_gain":0,"player_choice":"Embrace Madness","damage_taken":14,"max_hp_gain":0,"max_hp_loss":0,"event_name":"Winding Halls","floor":44,"gold_loss":0,"cards_obtained":["Madness","Madness"]}],"is_beta":false,"boss_relics":[{"not_picked":["Coffee Dripper","Nuclear Battery"],"picked":"SlaversCollar"},{"not_picked":["FrozenCore","Busted Crown"],"picked":"Inserter"}],"items_purged_floors":[3,19,38,45,54],"is_endless":false,"potions_floor_spawned":[1,4,5,16,20,21,33,35,42],"ascension_level":20}}