{"host":"4qkvkh7pd9qr2mca","time":1607889586,"event":{"mods":["AchievementEnabler","BaseMod","Colored Map","Colored Powertips","Highlight Path","Minty Spire (QoL Compilation)","Permanent Neow","Quick Restart","StSLib","SuperFastMode"],"gold_per_floor":[14,33,44,54,69,69,100,114,114,79,106,124,124,143,143,217,217,235,248,10,27,44,44,44,73,73,73,105,125,156,171,171,171,171],"floor_reached":33,"playtime":1629,"items_purged":["Strike_G"],"score":746,"play_id":"61647664-cfc3-4a62-807c-3f07f111665e","local_time":"20201213205946","is_ascension_mode":true,"campfire_choices":[{"data":"Bouncing Flask","floor":6,"key":"SMITH"},{"data":"Leg Sweep","floor":13,"key":"SMITH"},{"data":"Neutralize","floor":15,"key":"SMITH"},{"data":"Footwork","floor":23,"key":"SMITH"},{"data":"Finisher","floor":27,"key":"SMITH"},{"floor":32,"key":"REST"}],"circlet_count":0,"master_deck":["AscendersBane","Strike_G","Strike_G","Strike_G","Defend_G","Defend_G","Defend_G","Defend_G","Survivor","Neutralize+1","Caltrops","Bouncing Flask+1","Dash","Blade Dance","Finisher+1","Calculated Gamble","Flying Knee","Dagger Spray","Escape Plan","Leg Sweep+1","Escape Plan","Die Die Die+1","Masterful Stab+1","Footwork+1","Blur","Quick Slash+1","Backflip"],"relics":["Ring of the Snake","Matryoshka","Eternal Feather","Molten Egg 2","Gremlin Horn","Busted Crown","Lantern","PreservedInsect","Mercury Hourglass","Bottled Tornado","Nunchaku"],"acts_visited":["Exordium","TheCity"],"potions_floor_usage":[7,19,28,28,33,33],"damage_taken":[{"damage":0,"enemies":"Cultist","floor":1,"turns":4},{"damage":0,"enemies":"Small Slimes","floor":2,"turns":6},{"damage":0,"enemies":"2 Louse","floor":3,"turns":2},{"damage":1,"enemies":"Looter","floor":4,"turns":3},{"damage":0,"enemies":"3 Louse","floor":5,"turns":4},{"damage":0,"enemies":"Gremlin Nob","floor":7,"turns":3},{"damage":20,"enemies":"Large Slime","floor":8,"turns":8},{"damage":15,"enemies":"Lagavulin","floor":11,"turns":5},{"damage":6,"enemies":"Looter","floor":12,"turns":3},{"damage":0,"enemies":"2 Fungi Beasts","floor":14,"turns":2},{"damage":26,"enemies":"The Guardian","floor":16,"turns":11},{"damage":5,"enemies":"2 Thieves","floor":18,"turns":3},{"damage":15,"enemies":"Shell Parasite","floor":19,"turns":5},{"damage":9,"enemies":"Centurion and Healer","floor":21,"turns":8},{"damage":2,"enemies":"3 Cultists","floor":22,"turns":4},{"damage":0,"enemies":"Gremlin Leader","floor":25,"turns":6},{"damage":21,"enemies":"Book of Stabbing","floor":28,"turns":3},{"damage":5,"enemies":"Snecko","floor":29,"turns":5},{"damage":16,"enemies":"Gremlin Leader","floor":30,"turns":4},{"damage":0,"enemies":"Centurion and Healer","floor":31,"turns":5},{"damage":51,"enemies":"Champ","floor":33,"turns":13}],"seed_played":"-1447114712568048023","potions_obtained":[{"floor":1,"key":"SteroidPotion"},{"floor":5,"key":"Strength Potion"},{"floor":7,"key":"SneckoOil"},{"floor":14,"key":"EntropicBrew"},{"floor":18,"key":"PowerPotion"},{"floor":21,"key":"SkillPotion"},{"floor":30,"key":"AttackPotion"},{"floor":31,"key":"Dexterity Potion"}],"is_trial":false,"path_per_floor":["M","M","M","M","M","R","E","M","T","?","E","M","R","M","R","B",null,"M","M","$","M","M","R","?","E","T","R","E","M","E","M","R","B"],"character_chosen":"THE_SILENT","items_purchased":["Footwork","Blur"],"campfire_rested":1,"item_purchase_floors":[20,20],"current_hp_per_floor":[59,59,59,58,58,58,58,38,38,54,39,33,45,45,57,31,57,52,37,37,28,26,41,41,41,41,56,35,30,14,14,48,0,0],"gold":171,"neow_bonus":"TRANSFORM_TWO_CARDS","is_daily":false,"chose_seed":false,"campfire_upgraded":5,"win_rate":0.0,"timestamp":1607889586,"path_taken":["M","M","M","M","M","R","E","M","T","?","E","M","R","M","R","BOSS","M","M","$","M","M","R","?","E","T","R","E","M","E","M","R","BOSS"],"items_purchased_type":["Card","Card"],"build_version":"2020-11-30","purchased_purges":1,"victory":false,"max_hp_per_floor":[66,66,66,66,66,66,66,66,66,66,66,66,66,66,66,66,66,66,66,66,66,66,66,66,66,66,66,66,66,66,66,66,66,66],"card_choices":[{"not_picked":["Endless Agony","Heel Hook"],"picked":"Dash","floor":1},{"not_picked":["Outmaneuver","Prepared"],"picked":"Blade Dance","floor":2},{"not_picked":["Poisoned Stab","Heel Hook","Outmaneuver"],"picked":"SKIP","floor":3},{"not_picked":["Concentrate","Blade Dance"],"picked":"Finisher","floor":4},{"not_picked":["Underhanded Strike","Deflect"],"picked":"Calculated Gamble","floor":5},{"not_picked":["Bouncing Flask","Underhanded Strike"],"picked":"Flying Knee","floor":7},{"not_picked":["Distraction","Quick Slash"],"picked":"Dagger Spray","floor":8},{"not_picked":["Crippling Poison","Calculated Gamble"],"picked":"Escape Plan","floor":11},{"not_picked":["Backflip","PiercingWail"],"picked":"Leg Sweep","floor":12},{"not_picked":["Choke+1","Outmaneuver"],"picked":"Escape Plan","floor":14},{"not_picked":["Night Terror","Grand Finale+1"],"picked":"Die Die Die+1","floor":16},{"not_picked":[],"picked":"Masterful Stab+1","floor":18},{"not_picked":["Dodge and Roll"],"picked":"SKIP","floor":19},{"not_picked":["Outmaneuver+1"],"picked":"SKIP","floor":21},{"not_picked":["Flying Knee+1"],"picked":"SKIP","floor":22},{"not_picked":[],"picked":"Quick Slash+1","floor":25},{"not_picked":[],"picked":"Backflip","floor":28},{"not_picked":["Dagger Spray+1"],"picked":"SKIP","floor":29},{"not_picked":["Dodge and Roll"],"picked":"SKIP","floor":30},{"not_picked":["Eviscerate+1"],"picked":"SKIP","floor":31}],"player_experience":317484,"relics_obtained":[{"floor":7,"key":"Matryoshka"},{"floor":9,"key":"Eternal Feather"},{"floor":9,"key":"Molten Egg 2"},{"floor":11,"key":"Gremlin Horn"},{"floor":25,"key":"Lantern"},{"floor":26,"key":"PreservedInsect"},{"floor":26,"key":"Mercury Hourglass"},{"floor":28,"key":"Bottled Tornado"},{"floor":30,"key":"Nunchaku"}],"event_choices":[{"damage_healed":16,"gold_gain":0,"player_choice":"Healed","damage_taken":0,"max_hp_gain":0,"max_hp_loss":0,"event_name":"The Cleric","floor":10,"gold_loss":35}],"is_beta":false,"boss_relics":[{"not_picked":["Black Star","Coffee Dripper"],"picked":"Busted Crown"}],"items_purged_floors":[20],"is_endless":false,"potions_floor_spawned":[1,5,7,14,16,18,21,28,30,31],"killed_by":"Champ","ascension_level":20}}