{"host":"rjmu5g8hpiele53d","time":1607862708,"event":{"mods":["2.2 Compatiblity","BaseMod","Downfall","GifTheSpireLib","Minty Spire (QoL Compilation)","StSLib"],"gold_per_floor":[99,116,266,266,278,291,364,364,364,364,377,377,28,79,92,193,193,193,193,3,3,3,3],"floor_reached":22,"playtime":2158,"items_purged":[],"score":170,"play_id":"9141e1d9-098e-4476-9580-b4cd75cea90d","local_time":"20201213123148","is_ascension_mode":false,"campfire_choices":[{"data":"hexamod:Float","floor":1.0,"key":"SMITH"},{"data":"expansioncontent:DefensiveStance","floor":8.0,"key":"SMITH"},{"data":"hexamod:GhostflameBarrier","floor":10.0,"key":"SMITH"},{"data":"hexamod:VolcanoVisage","floor":18.0,"key":"SMITH"}],"circlet_count":0,"master_deck":["hexamod:Sear","hexamod:Float+1","expansioncontent:DefensiveStance+1","Slimebound:Icky","hexamod:GhostflameBarrier+1","hexamod:PhantomFireball","hexamod:EmpoweringStance","hexamod:PowerFromBeyond","hexamod:Incineration","expansioncontent:LastStand","hexamod:RainOfEmbers","hexamod:AdvancingGuard","hexamod:ThermalTransfer","hexamod:VolcanoVisage+1","hexamod:GhostOfSpirePast","hexamod:GhostOfSpirePresent","hexamod:GiftsFromTheDead","hexamod:ParanormalForm","hexamod:GhostLash","hexamod:Again","hexamod:SwordOfDarkness+1","hexamod:ExtraCrispy"],"relics":["hexamod:SpiritBrand","The Courier","Pen Nib","Lee\u0027s Waffle","Omamori","Pandora\u0027s Box","Membership Card"],"acts_visited":["Exordium","TheCity"],"potions_floor_usage":[],"damage_taken":[{"damage":0.0,"enemies":"Cultist","floor":2.0,"turns":3.0},{"damage":3.0,"enemies":"Jaw Worm","floor":5.0,"turns":6.0},{"damage":0.0,"enemies":"2 Louse","floor":6.0,"turns":3.0},{"damage":1.0,"enemies":"2 Fungi Beasts","floor":11.0,"turns":6.0},{"damage":4.0,"enemies":"downfall:FleeingMerchant","floor":13.0,"turns":4.0},{"damage":2.0,"enemies":"Blue Slaver","floor":15.0,"turns":5.0},{"damage":19.0,"enemies":"downfall:Silent","floor":16.0,"turns":10.0},{"damage":0,"enemies":"downfall:FleeingMerchant","floor":20,"turns":4},{"damage":79,"enemies":"Gremlin Leader","floor":22,"turns":6}],"seed_played":"8148664030392767906","potions_obtained":[{"floor":5.0,"key":"SmokeBomb"},{"floor":6.0,"key":"Guardian:BlockOnCardUsePotion"},{"floor":15.0,"key":"Weak Potion"}],"is_trial":false,"path_per_floor":["R","M","?","?","M","M","T","R","?","R","M","?","$","T","M","B",null,"R","?","$","?","E"],"character_chosen":"THE_SPIRIT","items_purchased":["hexamod:Incineration","Lee\u0027s Waffle","expansioncontent:LastStand","hexamod:RainOfEmbers","hexamod:AdvancingGuard","hexamod:ExtraCrispy","Membership Card"],"campfire_rested":0,"item_purchase_floors":[13,13,13,13,13,20,20],"current_hp_per_floor":[70,70,70,70,67,67,67,67,49,49,48,48,77,77,75,56,77,77,77,77,77,0,0],"gold":3,"neow_bonus":"RANDOM_COLORLESS","is_daily":false,"chose_seed":false,"campfire_upgraded":4,"win_rate":0.0,"timestamp":1607862708,"path_taken":["R","M","?","?","M","?","T","R","?","R","M","?","$","?","M","BOSS","R","?","$","?","E"],"items_purchased_type":["Card","Relic","Card","Card","Card","Card","Relic"],"build_version":"2020-11-30","purchased_purges":0,"victory":false,"max_hp_per_floor":[70,70,70,70,70,70,70,70,70,70,70,70,77,77,77,77,77,77,77,77,77,77,77],"card_choices":[{"not_picked":["expansioncontent:HyperBeam","Deep Breath"],"picked":"expansioncontent:DefensiveStance","floor":0.0},{"not_picked":["hexamod:GhostLash","hexamod:Haunt","hexamod:ShieldOfDarkness"],"picked":"SKIP","floor":2.0},{"not_picked":["hexamod:HauntingEcho","hexamod:GhostShield","hexamod:NecessarySacrifice"],"picked":"SKIP","floor":5.0},{"not_picked":["hexamod:RecurringNightmare","hexamod:ThirdSeal"],"picked":"hexamod:GhostflameBarrier","floor":6.0},{"not_picked":["hexamod:GhostflameBarrier","hexamod:AdvancingGuard"],"picked":"hexamod:PhantomFireball","floor":11.0},{"not_picked":["hexamod:Haunt","hexamod:EtherealExpedition"],"picked":"hexamod:PowerFromBeyond","floor":13.0},{"not_picked":["hexamod:HauntingEcho","hexamod:FastForward"],"picked":"hexamod:ThermalTransfer","floor":15.0},{"not_picked":["hexamod:EmpoweringStance","hexamod:HexaLevel"],"picked":"hexamod:VolcanoVisage","floor":16.0},{"not_picked":["hexamod:SecondSeal","hexamod:BurningTouch"],"picked":"hexamod:SwordOfDarkness+1","floor":20}],"player_experience":1527964,"relics_obtained":[{"floor":7.0,"key":"The Courier"},{"floor":14.0,"key":"Omamori"}],"event_choices":[{"damage_healed":0.0,"max_hp_gain":0.0,"max_hp_loss":0.0,"gold_gain":0.0,"event_name":"NoteForYourself","player_choice":"Ignored","floor":4.0,"gold_loss":0.0,"damage_taken":0.0},{"damage_healed":0.0,"max_hp_gain":0.0,"max_hp_loss":0.0,"gold_gain":0.0,"event_name":"Scrap Ooze","player_choice":"Success","floor":9.0,"gold_loss":0.0,"damage_taken":18.0,"relics_obtained":["Pen Nib"]},{"damage_healed":0.0,"max_hp_gain":0.0,"max_hp_loss":0.0,"gold_gain":0.0,"cards_transformed":["hexamod:Strike"],"event_name":"Living Wall","player_choice":"Change","floor":12.0,"gold_loss":0.0,"damage_taken":0.0,"cards_obtained":["hexamod:EmpoweringStance"]},{"cards_removed":["hexamod:NecessarySacrifice"],"damage_healed":0,"gold_gain":0,"player_choice":"Elegance","damage_taken":0,"max_hp_gain":0,"max_hp_loss":0,"event_name":"Back to Basics","floor":21,"gold_loss":0}],"is_beta":false,"boss_relics":[{"not_picked":["Fusion Hammer","Coffee Dripper"],"picked":"Pandora\u0027s Box"}],"items_purged_floors":[],"is_endless":false,"potions_floor_spawned":[5,6,15],"killed_by":"Gremlin Leader","ascension_level":0}}