{"host":"j0a1jfichhxu8b8p","time":1607834865,"event":{"mods":["BaseMod","Colored Map","DeckTracker","Keyboard Shortcuts","Minty Spire (QoL Compilation)","Permanent Neow","everything is the same but u backflip on backflip"],"gold_per_floor":[111,126,126,138,138,169,182,182,182,213,213,213,227,177,177,276,276,288,52,52,71,90,90,119,151,163,195,207,219,231,254,266,380,392,416,428,27,27,37,37,37,37,37,66,78,113,113,143,143,143],"floor_reached":51,"playtime":2733,"items_purged":["Strike_G","Tactician"],"score":1111,"play_id":"8085a4f2-affa-45ae-a149-48e8b87c6d5f","local_time":"20201213134745","is_ascension_mode":true,"campfire_choices":[{"floor":8.0,"key":"REST"},{"data":"Accuracy","floor":12.0,"key":"SMITH"},{"data":"Storm of Steel","floor":15.0,"key":"SMITH"},{"data":"Finisher","floor":23,"key":"SMITH"},{"data":"Cloak And Dagger","floor":30,"key":"SMITH"},{"data":"Cloak And Dagger","floor":32,"key":"SMITH"},{"data":"Envenom","floor":40,"key":"SMITH"},{"data":"Noxious Fumes","floor":42,"key":"SMITH"},{"data":"Cloak And Dagger","floor":47,"key":"SMITH"},{"data":"Madness","floor":49,"key":"SMITH"}],"circlet_count":0,"master_deck":["Defend_G","Defend_G","Defend_G","Defend_G+1","Defend_G","Survivor","Neutralize+1","Storm of Steel+1","Accuracy+1","Acrobatics","Outmaneuver","PiercingWail","Backstab","Corpse Explosion","CurseOfTheBell","Cloak And Dagger+1","Bandage Up","Accuracy","Finisher+1","PiercingWail","Cloak And Dagger+1","Blur","Cloak And Dagger+1","Envenom+1","Bandage Up","Blind","Dramatic Entrance","Cloak And Dagger+1","Madness","Madness+1","Noxious Fumes+1","Noxious Fumes+1"],"relics":["Ring of the Snake","Strawberry","Pantograph","Unceasing Top","HornCleat","Calling Bell","Happy Flower","White Beast Statue","FossilizedHelix","MawBank","InkBottle","Busted Crown","Blue Candle","Kunai","Bottled Tornado","Torii","Turnip"],"acts_visited":["Exordium","TheCity","TheBeyond"],"potions_floor_usage":[21,24,25,25,25,25,29,46,50,50,50,50,50,50],"damage_taken":[{"damage":0.0,"enemies":"Small Slimes","floor":1.0,"turns":4.0},{"damage":1.0,"enemies":"Jaw Worm","floor":2.0,"turns":4.0},{"damage":0.0,"enemies":"Cultist","floor":4.0,"turns":3.0},{"damage":39.0,"enemies":"3 Sentries","floor":6.0,"turns":13.0},{"damage":0.0,"enemies":"Large Slime","floor":7.0,"turns":6.0},{"damage":15.0,"enemies":"Lagavulin","floor":10.0,"turns":7.0},{"damage":1.0,"enemies":"2 Fungi Beasts","floor":13.0,"turns":3.0},{"damage":29.0,"enemies":"Slime Boss","floor":16.0,"turns":12.0},{"damage":0,"enemies":"2 Thieves","floor":18,"turns":3},{"damage":10,"enemies":"Spheric Guardian","floor":21,"turns":7},{"damage":0,"enemies":"Centurion and Healer","floor":22,"turns":5},{"damage":21,"enemies":"Slavers","floor":24,"turns":4},{"damage":0,"enemies":"Chosen and Byrds","floor":25,"turns":5},{"damage":0,"enemies":"3 Cultists","floor":27,"turns":5},{"damage":6,"enemies":"Gremlin Leader","floor":29,"turns":3},{"damage":0,"enemies":"Snecko","floor":31,"turns":4},{"damage":39,"enemies":"Collector","floor":33,"turns":9},{"damage":0,"enemies":"Orb Walker","floor":35,"turns":2},{"damage":0,"enemies":"3 Shapes","floor":39,"turns":4},{"damage":22,"enemies":"Nemesis","floor":44,"turns":9},{"damage":0,"enemies":"Maw","floor":45,"turns":6},{"damage":0,"enemies":"Reptomancer","floor":46,"turns":5},{"damage":12,"enemies":"Giant Head","floor":48,"turns":8},{"damage":27,"enemies":"Donu and Deca","floor":50,"turns":7}],"seed_played":"-47510578382661859","potions_obtained":[{"floor":2.0,"key":"BlessingOfTheForge"},{"floor":6.0,"key":"CunningPotion"},{"floor":7.0,"key":"Block Potion"},{"floor":18,"key":"Weak Potion"},{"floor":21,"key":"EntropicBrew"},{"floor":22,"key":"SmokeBomb"},{"floor":24,"key":"Weak Potion"},{"floor":25,"key":"SneckoOil"},{"floor":27,"key":"LiquidMemories"},{"floor":31,"key":"Ancient Potion"},{"floor":33,"key":"Dexterity Potion"},{"floor":44,"key":"GhostInAJar"},{"floor":46,"key":"Fire Potion"},{"floor":48,"key":"EntropicBrew"}],"is_trial":false,"path_per_floor":["M","M","?","M","?","E","M","R","T","E","T","R","M","?","R","B",null,"M","$","?","M","M","R","E","M","T","M","?","E","R","M","R","B",null,"M","?","$","?","M","R","?","R","T","E","M","E","R","E","R","B",null],"character_chosen":"THE_SILENT","items_purchased":["Bandage Up","Accuracy","Blue Candle","Cloak And Dagger"],"campfire_rested":1,"item_purchase_floors":[19,19,37,37],"current_hp_per_floor":[63,62,67,67,52,20,20,44,44,29,29,29,28,28,28,24,68,68,68,68,62,66,66,49,53,53,57,57,55,55,59,59,43,72,76,66,66,56,64,64,64,64,64,50,58,66,66,62,62,59],"gold":143,"neow_bonus":"TRANSFORM_CARD","is_daily":false,"chose_seed":false,"campfire_upgraded":9,"win_rate":0.0,"timestamp":1607834865,"path_taken":["M","M","?","M","?","E","M","R","T","E","?","R","?","?","R","BOSS","M","$","?","M","M","R","E","M","T","?","?","E","R","M","R","BOSS","M","?","$","?","M","R","?","R","T","E","M","E","R","E","R","BOSS"],"items_purchased_type":["Card","Card","Relic","Card"],"build_version":"2020-11-30","purchased_purges":2,"victory":true,"max_hp_per_floor":[70,70,75,75,75,82,82,82,82,82,82,82,82,82,82,82,82,82,82,82,82,82,82,82,82,82,82,82,82,82,82,82,82,82,82,82,82,82,82,82,82,82,82,82,82,82,82,82,82,82],"card_choices":[{"not_picked":["Poisoned Stab","Acrobatics"],"picked":"Accuracy","floor":1.0},{"not_picked":["Deadly Poison","Slice","Expertise"],"picked":"SKIP","floor":2.0},{"not_picked":["Underhanded Strike","Bouncing Flask"],"picked":"Tactician","floor":4.0},{"not_picked":["Flying Knee","Underhanded Strike"],"picked":"Acrobatics","floor":6.0},{"not_picked":["Dagger Throw","Bane"],"picked":"Outmaneuver","floor":7.0},{"not_picked":["Outmaneuver","Bane"],"picked":"PiercingWail","floor":10.0},{"not_picked":["Dagger Spray","Deadly Poison"],"picked":"Backstab","floor":13.0},{"not_picked":["Unload","Glass Knife"],"picked":"Corpse Explosion","floor":16.0},{"not_picked":["Blur","Choke"],"picked":"Cloak And Dagger","floor":18},{"not_picked":["Underhanded Strike+1","Bane"],"picked":"Finisher","floor":21},{"not_picked":["Dagger Spray+1","Prepared"],"picked":"PiercingWail","floor":22},{"not_picked":["Grand Finale","Skewer"],"picked":"Cloak And Dagger","floor":24},{"not_picked":["Acrobatics","Deflect"],"picked":"Blur","floor":25},{"not_picked":["Bane","Outmaneuver+1"],"picked":"Cloak And Dagger","floor":27},{"not_picked":["Sucker Punch","Choke","Prepared"],"picked":"SKIP","floor":31},{"not_picked":["Corpse Explosion","Malaise"],"picked":"Envenom","floor":33},{"not_picked":["Prepared"],"picked":"SKIP","floor":35},{"not_picked":[],"picked":"Bandage Up","floor":36},{"not_picked":[],"picked":"Blind","floor":36},{"not_picked":[],"picked":"Dramatic Entrance","floor":36},{"not_picked":[],"picked":"Noxious Fumes","floor":39},{"not_picked":[],"picked":"Noxious Fumes+1","floor":44},{"not_picked":["Deflect"],"picked":"SKIP","floor":45},{"not_picked":["Dagger Throw+1"],"picked":"SKIP","floor":46},{"not_picked":["Masterful Stab"],"picked":"SKIP","floor":48}],"player_experience":293055,"relics_obtained":[{"floor":6.0,"key":"Strawberry"},{"floor":9.0,"key":"Pantograph"},{"floor":10.0,"key":"Unceasing Top"},{"floor":11.0,"key":"HornCleat"},{"floor":17.0,"key":"Happy Flower"},{"floor":17.0,"key":"White Beast Statue"},{"floor":17.0,"key":"FossilizedHelix"},{"floor":24,"key":"MawBank"},{"floor":26,"key":"InkBottle"},{"floor":43,"key":"Kunai"},{"floor":44,"key":"Bottled Tornado"},{"floor":46,"key":"Torii"},{"floor":48,"key":"Turnip"}],"event_choices":[{"damage_healed":0.0,"max_hp_gain":5.0,"max_hp_loss":0.0,"gold_gain":0.0,"event_name":"Big Fish","player_choice":"Donut","floor":3.0,"gold_loss":0.0,"damage_taken":0.0},{"damage_healed":0.0,"max_hp_gain":0.0,"max_hp_loss":0.0,"gold_gain":0.0,"event_name":"Shining Light","player_choice":"Entered Light","floor":5.0,"gold_loss":0.0,"damage_taken":15.0,"cards_upgraded":["Defend_G","Neutralize"]},{"cards_removed":["Strike_G"],"damage_healed":0.0,"max_hp_gain":0.0,"max_hp_loss":0.0,"gold_gain":0.0,"event_name":"The Cleric","player_choice":"Card Removal","floor":14.0,"gold_loss":50.0,"damage_taken":0.0},{"damage_healed":0,"gold_gain":0,"player_choice":"Upgraded","damage_taken":0,"max_hp_gain":0,"max_hp_loss":0,"event_name":"Upgrade Shrine","floor":20,"gold_loss":0,"cards_upgraded":["Cloak And Dagger"]},{"cards_removed":["Strike_G"],"damage_healed":0,"gold_gain":0,"player_choice":"Elegance","damage_taken":0,"max_hp_gain":0,"max_hp_loss":0,"event_name":"Back to Basics","floor":28,"gold_loss":0},{"damage_healed":0,"gold_gain":0,"player_choice":"Memory 3","damage_taken":10,"max_hp_gain":0,"max_hp_loss":0,"event_name":"SensoryStone","floor":36,"gold_loss":0},{"damage_healed":0,"gold_gain":0,"player_choice":"Embrace Madness","damage_taken":10,"max_hp_gain":0,"max_hp_loss":0,"event_name":"Winding Halls","floor":38,"gold_loss":0,"cards_obtained":["Madness","Madness"]},{"cards_removed":["Strike_G"],"damage_healed":0,"gold_gain":0,"player_choice":"Purged","damage_taken":0,"max_hp_gain":0,"max_hp_loss":0,"event_name":"Purifier","floor":41,"gold_loss":0}],"is_beta":false,"boss_relics":[{"not_picked":["Velvet Choker","Philosopher\u0027s Stone"],"picked":"Calling Bell"},{"not_picked":["Runic Dome","Sozu"],"picked":"Busted Crown"}],"items_purged_floors":[19,37],"is_endless":false,"potions_floor_spawned":[2,6,7,18,21,22,24,25,27,29,31,33,35,39,44,45,46,48],"ascension_level":8}}