{"host":"4k3z1vmw52e7hl04","time":1607827564,"event":{"mods":["BaseMod","Best Route Mod","Better Altar","Better Note","Better Third Choice","Colored Powertips","GifTheSpireLib","Hermit","HexUI Lib","Highlight Path","Hubris","Minty Spire (QoL Compilation)","Rare Cards Sparkle","Replay The Spire","Shop Mod","Spicy Shops","StSLib","SuperFastMode","Synergy Search","The Animator","everything is the same but u backflip on backflip"],"gold_per_floor":[113,51,0,0,0,0,0,15,38,38,58,58,58,58,133,149,149,149,149],"floor_reached":18,"playtime":449,"items_purged":[],"score":97,"play_id":"8f04b121-5f34-49e1-97d6-bf544c31def8","local_time":"20201212184604","is_ascension_mode":false,"campfire_choices":[{"floor":6,"key":"REST"}],"circlet_count":0,"master_deck":["Strike_B","Strike_B","Strike_B","Strike_B","Defend_B","Defend_B","Zap","Dualcast","Amplify","Consume","Enlightenment","Infinite Blades","ReplayTheSpireMod:Calculation Training+1","Streamline","Heatsinks","Cold Snap"],"relics":["Cracked Core","Juzu Bracelet","Replay:Antivirus Software","ReplayTheSpireMod:Shallot","Spirit Poop"],"acts_visited":[],"potions_floor_usage":[16,18,18],"damage_taken":[{"damage":0,"enemies":"Jaw Worm","floor":1,"turns":3},{"damage":1,"enemies":"2 Louse","floor":8,"turns":2},{"damage":0,"enemies":"Cultist","floor":11,"turns":3},{"damage":23,"enemies":"Lots of Slimes","floor":16,"turns":3},{"damage":22,"enemies":"The Guardian","floor":18,"turns":3}],"seed_played":"-5027039603764227025","potions_obtained":[{"floor":11,"key":"Adrenaline Potion"},{"floor":16,"key":"Block Potion"},{"floor":17,"key":"Flashbang"},{"floor":17,"key":"PotionOfCapacity"}],"is_trial":false,"path_per_floor":["M","$","?","?","?","R","?","M","T","?","M","?","PTL","PTL","?","M","R","B"],"character_chosen":"DEFECT","items_purchased":["Juzu Bracelet"],"campfire_rested":1,"item_purchase_floors":[2],"current_hp_per_floor":[54,54,60,15,15,39,39,38,38,38,38,38,38,38,27,4,4,0,0],"gold":149,"neow_bonus":"TRANSFORM_TWO_CARDS","is_daily":false,"chose_seed":false,"campfire_upgraded":0,"win_rate":0.0,"timestamp":1607827564,"path_taken":["M","$","?","?","?","R","?","M","T","?","M","?","PTL","PTL","?","M","R","BOSS"],"items_purchased_type":["Relic"],"build_version":"2020-11-30","purchased_purges":0,"victory":false,"max_hp_per_floor":[75,75,81,81,81,81,81,81,81,81,81,81,81,81,81,81,81,81,81],"card_choices":[{"not_picked":["Redo","Lockon"],"picked":"Consume","floor":1},{"not_picked":["ReplayTheSpireMod:Repulse","Compile Driver","Steam"],"picked":"SKIP","floor":8},{"not_picked":["Compile Driver","Beam Cell"],"picked":"Streamline","floor":11},{"not_picked":["Barrage","Rebound"],"picked":"Cold Snap","floor":16}],"player_experience":242963,"relics_obtained":[],"event_choices":[{"damage_healed":0,"gold_gain":0,"player_choice":"RENOUNCE","damage_taken":51,"max_hp_gain":0,"max_hp_loss":0,"event_name":"betterThird:BetterSerpent","floor":3,"gold_loss":51,"cards_obtained":["Enlightenment"]},{"damage_healed":0,"gold_gain":1,"player_choice":"Card Relic Relic ","damage_taken":45,"max_hp_gain":0,"max_hp_loss":0,"event_name":"betterThird:BetterScrap","floor":4,"gold_loss":0,"cards_obtained":["Infinite Blades","Limit Break"]},{"damage_healed":0,"gold_gain":0,"player_choice":"Ignored","damage_taken":0,"max_hp_gain":0,"max_hp_loss":0,"event_name":"betterNote:BetterNote","floor":7,"gold_loss":0,"cards_obtained":["animator:Strike_Katanagatari"]},{"cards_removed":["Injury"],"damage_healed":0,"gold_gain":0,"player_choice":"Offered Curse","damage_taken":0,"relics_obtained":["Spirit Poop"],"max_hp_gain":0,"max_hp_loss":0,"event_name":"Bonfire Elementals","floor":10,"gold_loss":0},{"damage_healed":0,"gold_gain":75,"player_choice":"Gold","damage_taken":11,"max_hp_gain":0,"max_hp_loss":0,"event_name":"betterThird:BetterGoop","floor":15,"gold_loss":0}],"is_beta":false,"boss_relics":[],"items_purged_floors":[],"is_endless":false,"potions_floor_spawned":[11,16],"killed_by":"The Guardian","ascension_level":0}}