{"host":"2i1pijcp2h7bc3zy","time":1607840870,"event":{"mods":["2.2 Compatiblity","Abigail Mod","Aspiration","Bartender","BaseMod","Beaked The Cultist","BetterRewards","CapriCore","Colored Map","Defuse TimeMaze Blight","Friendly Minions","Gold Saver","Hubris","Infinite Spire","Koishi","Magitek Elite","Minty Spire (QoL Compilation)","Permanent Neow","Random Character Button","Relic Filter","Relic Sorter","Remilia??????","Reorder Act Four","Replay The Spire","Shade Mod","Shop Mod","StSLib","The Administrix","The Immortal","The Necromancer","The Senshi","The Servant 0.9.4","The Witch","TheSwordswoman","????"],"gold_per_floor":[831,850,1052,1067,1078,1078,1108,1123,1149,1180,1180,1196,674,684,684,781,781,798,798,815,831,831,831,1159,1159,1184,1216,1230,1230,1255,1287,1287,1382,1382,1396,1396,1396,1424,1442,1442,1461,1461,1488,1505,1533,1533,1558,1568,1568,1568,1568,1518,1518,1546,1546],"floor_reached":56,"playtime":2815,"items_purged":["Strike_L","Strike_L","Esuna","Strike_L"],"score":2548,"play_id":"bcaa5789-88a5-4a9a-be88-c1b5f7ff014d","local_time":"20201212232750","is_ascension_mode":true,"campfire_choices":[{"data":"Bravery","floor":6,"key":"SMITH"},{"data":"Dispel","floor":6,"key":"SMITH"},{"data":"Fire2","floor":11,"key":"SMITH"},{"data":"Thunder_P","floor":11,"key":"SMITH"},{"data":"Blizzard_P","floor":15,"key":"SMITH"},{"data":"Blizzard_P","floor":15,"key":"SMITH"},{"data":"infinitespire:Collect","floor":23,"key":"SMITH"},{"data":"Fire2","floor":23,"key":"SMITH"},{"floor":25,"key":"REST"},{"data":"Thunder_P","floor":29,"key":"SMITH"},{"data":"Focus","floor":29,"key":"SMITH"},{"data":"Poisona","floor":32,"key":"SMITH"},{"data":"Cure","floor":32,"key":"SMITH"},{"data":"Blizzard_P","floor":40,"key":"SMITH"},{"data":"Blizzard_P","floor":40,"key":"SMITH"},{"data":"Drain","floor":42,"key":"SMITH"},{"data":"Cure","floor":42,"key":"SMITH"},{"floor":49,"key":"RECALL"},{"data":"Flash of Steel","floor":53,"key":"SMITH"},{"data":"Rune_Blade","floor":53,"key":"SMITH"}],"circlet_count":0,"master_deck":["AscendersBane","Strike_L","Defend_L","Defend_L","Defend_L","Defend_L","Defend_L","Fire2+2","Cure+2","Poisona+1","Bravery+1","Rune_Blade+1","Dispel+1","Thunder_P+2","Blizzard_P+2","Focus+1","infinitespire:Collect+1","Drain+1","Flash of Steel+1","Blizzard_P+2","Icebrand+1","Shell+1"],"relics":["Pendant","Chemical X","Replay:Arrowhead","Unceasing Top","Replay:Wax Seal","ReplayFunnel","MerchantsRug","Vajra","Ring of Chaos","Replay:Ringing Soul","Juzu Bracelet","beaked:MawFillet","Strange Spoon","Old Coin","Omamori","Guard_Bracelet","MealTicket","Question Card","Golden_Hairpin","Smiling Mask","ReplayTheSpireMod:TigerMarble","aspiration:Lifesprig","hubris:Towel","ReplayTheSpireMod:Ninjato","Pen Nib"],"acts_visited":["Exordium","TheCity","TheBeyond","TheEnding"],"potions_floor_usage":[55,55],"damage_taken":[{"damage":3,"enemies":"Small Slimes","floor":1,"turns":4},{"damage":7,"enemies":"Jaw Worm","floor":2,"turns":4},{"damage":0,"enemies":"Cultist","floor":4,"turns":4},{"damage":8,"enemies":"2 Fungi Beasts","floor":5,"turns":6},{"damage":20,"enemies":"Gremlin Nob","floor":7,"turns":5},{"damage":12,"enemies":"Blue Slaver","floor":8,"turns":4},{"damage":18,"enemies":"Replay:BlueRogue","floor":10,"turns":5},{"damage":1,"enemies":"Looter","floor":12,"turns":2},{"damage":3,"enemies":"2 Fungi Beasts","floor":14,"turns":3},{"damage":0,"enemies":"Slime Boss","floor":16,"turns":3},{"damage":0,"enemies":"Chosen","floor":18,"turns":2},{"damage":0,"enemies":"3 Byrds","floor":20,"turns":4},{"damage":0,"enemies":"Shelled Parasite and Fungi","floor":21,"turns":2},{"damage":55,"enemies":"Nightmare","floor":24,"turns":4},{"damage":0,"enemies":"Slavers","floor":27,"turns":2},{"damage":0,"enemies":"Chosen and Byrds","floor":28,"turns":3},{"damage":6,"enemies":"Replay:Snechameleon","floor":30,"turns":4},{"damage":0,"enemies":"Slavers","floor":31,"turns":3},{"damage":13,"enemies":"hubris:MusketHawk","floor":33,"turns":4},{"damage":0,"enemies":"Orb Walker","floor":35,"turns":2},{"damage":37,"enemies":"Reptomancer","floor":38,"turns":5},{"damage":3,"enemies":"3 Shapes","floor":39,"turns":2},{"damage":0,"enemies":"Spire Growth","floor":41,"turns":2},{"damage":21,"enemies":"Jaw Worm Horde","floor":44,"turns":2},{"damage":12,"enemies":"beaked:SuperParasite","floor":45,"turns":3},{"damage":24,"enemies":"Nemesis","floor":47,"turns":5},{"damage":21,"enemies":"Transient","floor":48,"turns":5},{"damage":2,"enemies":"Donu and Deca","floor":50,"turns":6},{"damage":12,"enemies":"Shield and Spear","floor":54,"turns":4},{"damage":46,"enemies":"The Heart","floor":55,"turns":5}],"seed_played":"-6332981662445606661","potions_obtained":[{"floor":4,"key":"Energy Potion"}],"is_trial":false,"path_per_floor":["M","M","?","M","M","R","E","M","T","E","R","M","$","M","R","B",null,"M","AVR","M","M","T","R","NM","R","T","E","M","R","E","E","R","B",null,"M","?","?","E","M","R","M","R","T","M","E","?","E","M","R","B",null,"$","R","E","B",null],"character_chosen":"MAGITEKELITE","items_purchased":["Chemical X","Poisona","Replay:Wax Seal","Bravery","ReplayFunnel","MerchantsRug","Elixir","Explosive Potion","Replay:Ringing Soul","Juzu Bracelet","Blizzard_P"],"campfire_rested":1,"item_purchase_floors":[0,0,0,0,0,0,0,0,13,13,13],"current_hp_per_floor":[60,59,44,50,48,48,34,28,28,16,16,21,24,27,27,33,58,61,64,70,70,70,70,15,36,36,36,42,42,48,54,54,53,70,70,70,63,47,47,47,57,57,57,57,79,79,78,66,66,87,87,87,87,87,71],"gold":1546,"neow_bonus":"","is_daily":false,"chose_seed":false,"campfire_upgraded":18,"win_rate":0.0,"timestamp":1607840870,"path_taken":["M","M","?","M","M","R","E","M","T","E","R","M","$","M","R","BOSS","M","AVR","M","M","?","R","NM","R","T","E","M","R","E","E","R","BOSS","M","?","?","E","M","R","M","R","T","M","E","?","E","M","R","BOSS","$","R","E","BOSS"],"items_purchased_type":["Relic","Card","Relic","Card","Relic","Relic","Potion","Potion","Relic","Relic","Card"],"build_version":"2020-11-30","purchased_purges":4,"victory":true,"max_hp_per_floor":[63,63,63,63,63,63,63,63,63,63,63,63,66,66,66,66,66,69,72,72,72,72,72,72,72,72,72,72,72,72,72,72,75,75,75,75,78,81,84,84,84,84,84,84,87,87,87,87,87,87,87,87,87,87,87],"card_choices":[{"not_picked":["Quake","Thunder_Blade","Magus_Robe"],"picked":"SKIP","floor":1},{"not_picked":["Heavy_Shield","Throw"],"picked":"Esuna","floor":2},{"not_picked":["Quake","Flametongue"],"picked":"Rune_Blade","floor":3},{"not_picked":["Transpose2","Water","Mystery_Veil"],"picked":"SKIP","floor":4},{"not_picked":["Transpose_P","Meteor"],"picked":"Dispel","floor":5},{"not_picked":["Circlet","Thornlet"],"picked":"Thunder_P","floor":7},{"not_picked":["Transpose_P","Throw","Thornlet"],"picked":"SKIP","floor":8},{"not_picked":["Reflect","Thunder_Blade","Enhancer"],"picked":"SKIP","floor":10},{"not_picked":["Thunder_P","Flametongue","Throw"],"picked":"SKIP","floor":12},{"not_picked":["Flametongue","Magnus_Hat","Meteor"],"picked":"SKIP","floor":14},{"not_picked":["Faith","Gaia_Gear+1"],"picked":"Focus","floor":18},{"not_picked":["Flametongue","Crystal_Sword","Bravery"],"picked":"SKIP","floor":20},{"not_picked":["Poisona","Gladius+1","Falchion"],"picked":"SKIP","floor":21},{"not_picked":["Cursed_Shield","Water","Crystal_Sword+1"],"picked":"SKIP","floor":24},{"not_picked":["Heavy_Shield","Thunder_Blade","Protect_M+1"],"picked":"SKIP","floor":27},{"not_picked":["Rasp","Meltdown+1","Tornado"],"picked":"SKIP","floor":28},{"not_picked":["Cursed_Shield+1","Gravity","Transfusion"],"picked":"SKIP","floor":30},{"not_picked":["Wall","Quake+1","Poisona"],"picked":"SKIP","floor":31},{"not_picked":["Thousand_Needles","Ultima","Osmosis"],"picked":"Drain","floor":33},{"not_picked":["Cursed_Shield+1","Man_Eater+1","Water","Magnus_Hat"],"picked":"SKIP","floor":35},{"not_picked":["Blind","Magnetism","ReplayTheSpireMod:Private Reserves"],"picked":"Flash of Steel","floor":37},{"not_picked":["Reflect","Crystal_Sword+1","Esuna+"],"picked":"Blizzard_P","floor":38},{"not_picked":["Thunder_Blade+1","Water","Falchion"],"picked":"Icebrand+1","floor":39},{"not_picked":["Cursed_Shield","Circlet+1","Falchion","Transpose_P"],"picked":"SKIP","floor":41},{"not_picked":["Icebrand","Flametongue","Enhancer+1","Meteor+1"],"picked":"SKIP","floor":44},{"not_picked":["Lightbringer","Holy+1","Flare+1"],"picked":"Shell+1","floor":45},{"not_picked":["Drain","Valor","Transpose2","Flametongue+1"],"picked":"SKIP","floor":47},{"not_picked":["Thousand_Needles","Crystal_Sword","Mythril_Knife","Float2_Spell+1"],"picked":"SKIP","floor":48},{"not_picked":["Quake+1","Flametongue","Lightbringer","Wall+1"],"picked":"SKIP","floor":54}],"player_experience":1693650,"relics_obtained":[{"floor":9,"key":"Vajra"},{"floor":10,"key":"Ring of Chaos"},{"floor":24,"key":"Old Coin"},{"floor":26,"key":"Omamori"},{"floor":27,"key":"Guard_Bracelet"},{"floor":30,"key":"MealTicket"},{"floor":31,"key":"Question Card"},{"floor":38,"key":"Smiling Mask"},{"floor":43,"key":"ReplayTheSpireMod:TigerMarble"},{"floor":45,"key":"aspiration:Lifesprig"},{"floor":47,"key":"ReplayTheSpireMod:Ninjato"},{"floor":54,"key":"Pen Nib"}],"event_choices":[{"damage_healed":0,"gold_gain":0,"player_choice":"Memory 3","damage_taken":10,"max_hp_gain":0,"max_hp_loss":0,"event_name":"SensoryStone","floor":37,"gold_loss":0}],"is_beta":false,"boss_relics":[{"not_picked":["theSenshi:MoonKaleidoScopeRelic","hubris:HollowSoul"],"picked":"beaked:MawFillet"},{"not_picked":["beaked:SacredDeck","aspiration:PoetsPen"],"picked":"Golden_Hairpin"}],"items_purged_floors":[0,13,19,52],"is_endless":false,"potions_floor_spawned":[4,5,8,14,20,24,28,30,31,35,41,44,45,48,54],"ascension_level":11}}