{"host":"3rixevx6n8b56xaj","time":1607832595,"event":{"mods":["2.2 Compatiblity","AchievementEnabler","BaseMod","Better Third Choice","Colored Map","DeckTracker","Friendly Minions","Minty Spire (QoL Compilation)","StSLib","SuperFastMode"],"gold_per_floor":[111,127,140,160,85,85,103,103,127,162,174,222,234,260,272,410,422,459,492,504,516,547,592,604,652,715,750,762,817,852,625,625,756,756,770,770,790,804,819,859,880,894,942,942,552,552,615,639,639,639,639,639,48,86,86],"floor_reached":56,"playtime":2281,"items_purged":["Strike_P","Meditate+1"],"score":1368,"play_id":"6e9cc06f-b694-4b71-aff2-897dc171dce6","local_time":"20201213130955","is_ascension_mode":false,"campfire_choices":[{"data":"Eruption","floor":6,"key":"SMITH"},{"data":"Meditate","floor":11,"key":"SMITH"},{"data":"Vault","floor":15,"key":"SMITH"},{"data":"Vigilance","floor":24,"key":"SMITH"},{"floor":28,"key":"REST"},{"data":"Perseverance","floor":32,"key":"SMITH"},{"floor":46,"key":"RECALL"},{"floor":49,"key":"REST"},{"data":"DevaForm","floor":52,"key":"SMITH"}],"circlet_count":0,"master_deck":["Eruption+1","Vigilance+1","FlurryOfBlows+1","Tantrum","FearNoEvil","Vault+1","DevaForm+1","WheelKick+1","EmptyFist+1","Protect+1","Perseverance+1","Wallop+1","Scrawl+1","InnerPeace+1","Vault+1","Halt+1","SashWhip+1","Fasting2","EmptyBody","Ragnarok"],"relics":["HolyWater","Golden Idol","MawBank","Whetstone","Black Star","Bronze Scales","Vajra","StrikeDummy","Anchor","Tiny Chest","Meat on the Bone","Oddly Smooth Stone","Matryoshka","Unceasing Top","Regal Pillow","Potion Belt","War Paint","Singing Bowl","Calipers","Prayer Wheel","Mango","Toolbox","Gremlin Horn","Damaru"],"acts_visited":["Exordium","TheCity","TheBeyond","TheEnding"],"potions_floor_usage":[16,18,27,33,55,55,55,55],"damage_taken":[{"damage":0,"enemies":"Small Slimes","floor":1,"turns":4},{"damage":0,"enemies":"Cultist","floor":2,"turns":3},{"damage":0,"enemies":"Jaw Worm","floor":3,"turns":3},{"damage":3,"enemies":"Red Slaver","floor":4,"turns":3},{"damage":14,"enemies":"Exordium Thugs","floor":7,"turns":5},{"damage":2,"enemies":"2 Fungi Beasts","floor":10,"turns":3},{"damage":16,"enemies":"Gremlin Nob","floor":12,"turns":3},{"damage":0,"enemies":"Blue Slaver","floor":14,"turns":1},{"damage":28,"enemies":"The Guardian","floor":16,"turns":8},{"damage":0,"enemies":"Shell Parasite","floor":18,"turns":5},{"damage":0,"enemies":"2 Thieves","floor":19,"turns":2},{"damage":10,"enemies":"Cultist and Chosen","floor":22,"turns":4},{"damage":26,"enemies":"Gremlin Leader","floor":23,"turns":4},{"damage":30,"enemies":"Book of Stabbing","floor":25,"turns":4},{"damage":0,"enemies":"Snecko","floor":27,"turns":3},{"damage":0,"enemies":"Gremlin Leader","floor":29,"turns":5},{"damage":8,"enemies":"Centurion and Healer","floor":30,"turns":4},{"damage":14,"enemies":"Automaton","floor":33,"turns":5},{"damage":0,"enemies":"3 Shapes","floor":35,"turns":3},{"damage":0,"enemies":"Orb Walker","floor":37,"turns":2},{"damage":0,"enemies":"4 Shapes","floor":38,"turns":5},{"damage":0,"enemies":"Spire Growth","floor":39,"turns":4},{"damage":33,"enemies":"Nemesis","floor":40,"turns":6},{"damage":0,"enemies":"Transient","floor":41,"turns":7},{"damage":2,"enemies":"Writhing Mass","floor":42,"turns":6},{"damage":0,"enemies":"Mind Bloom Boss Battle","floor":47,"turns":4},{"damage":0,"enemies":"Spire Growth","floor":48,"turns":4},{"damage":0,"enemies":"Time Eater","floor":50,"turns":10},{"damage":3,"enemies":"Shield and Spear","floor":54,"turns":7},{"damage":77,"enemies":"The Heart","floor":55,"turns":8}],"seed_played":"-8496980972528431063","potions_obtained":[{"floor":1,"key":"Block Potion"},{"floor":2,"key":"Regen Potion"},{"floor":3,"key":"Weak Potion"},{"floor":10,"key":"Strength Potion"},{"floor":22,"key":"FearPotion"},{"floor":30,"key":"Explosive Potion"},{"floor":37,"key":"Strength Potion"},{"floor":41,"key":"EssenceOfSteel"},{"floor":47,"key":"SneckoOil"},{"floor":48,"key":"Fire Potion"}],"is_trial":false,"path_per_floor":["M","M","M","M","$","R","M","?","T","M","R","E","?","M","R","B",null,"M","M","?","?","M","E","R","E","T","M","R","E","M","$","R","B",null,"M","?","M","M","M","E","M","M","T","T","$","R","?","M","R","B",null,"R","$","E","B",null],"character_chosen":"WATCHER","items_purchased":["Matryoshka","Calipers","Fasting2","Mango","Energy Potion","EmptyBody","Toolbox"],"campfire_rested":2,"item_purchase_floors":[31,45,53,53,53,53,53],"current_hp_per_floor":[79,79,79,76,76,76,62,43,43,41,41,25,30,30,30,2,84,84,84,84,76,66,40,40,10,10,10,35,35,39,39,39,49,84,84,84,84,84,84,51,51,49,49,49,49,49,51,55,90,90,90,90,104,101,36],"gold":86,"neow_bonus":"TEN_PERCENT_HP_BONUS","is_daily":false,"chose_seed":false,"campfire_upgraded":6,"win_rate":0.0,"timestamp":1607832595,"path_taken":["M","M","M","M","$","R","M","?","T","M","R","E","?","M","R","BOSS","M","M","?","?","M","E","R","E","T","M","R","E","?","$","R","BOSS","M","?","M","?","M","E","M","M","T","?","?","R","?","M","R","BOSS","R","$","E","BOSS"],"items_purchased_type":["Relic","Relic","Card","Relic","Potion","Card","Relic"],"build_version":"2020-11-30","purchased_purges":2,"victory":true,"max_hp_per_floor":[79,79,79,79,79,79,79,79,79,79,79,79,84,84,84,84,84,84,84,84,84,84,84,84,84,84,84,84,84,84,84,84,84,84,84,84,84,84,84,84,84,84,84,84,84,84,86,90,90,90,90,90,104,104,104],"card_choices":[{"not_picked":["EmptyFist","Halt"],"picked":"FlurryOfBlows","floor":1},{"not_picked":["FlyingSleeves","WreathOfFlame"],"picked":"Tantrum","floor":2},{"not_picked":["Indignation","SignatureMove"],"picked":"Meditate","floor":3},{"not_picked":["ClearTheMind","Protect","FlyingSleeves"],"picked":"SKIP","floor":4},{"not_picked":["Sanctity","PathToVictory","Crescendo"],"picked":"SKIP","floor":7},{"not_picked":["FlyingSleeves","Evaluate"],"picked":"FearNoEvil","floor":10},{"not_picked":["Consecrate","Wallop"],"picked":"Vault","floor":12},{"not_picked":["BowlingBash","Swivel","ClearTheMind"],"picked":"SKIP","floor":14},{"not_picked":["Omniscience","Devotion"],"picked":"DevaForm","floor":16},{"not_picked":["Crescendo","FollowUp+1"],"picked":"WheelKick+1","floor":18},{"not_picked":["CutThroughFate+1","PathToVictory","Protect"],"picked":"SKIP","floor":19},{"not_picked":["BowlingBash","FollowUp+1"],"picked":"EmptyFist+1","floor":22},{"not_picked":["PathToVictory","CutThroughFate+1","FlyingSleeves+1"],"picked":"SKIP","floor":23},{"not_picked":["ReachHeaven","Crescendo+1","CutThroughFate"],"picked":"SKIP","floor":25},{"not_picked":["WaveOfTheHand","CrushJoints"],"picked":"Protect+1","floor":27},{"not_picked":["SpiritShield","CrushJoints"],"picked":"Perseverance","floor":29},{"not_picked":["JustLucky","Evaluate"],"picked":"Wallop+1","floor":30},{"not_picked":["LessonLearned","Wish"],"picked":"Scrawl","floor":33},{"not_picked":["Swivel+1","BowlingBash+1"],"picked":"InnerPeace","floor":35},{"not_picked":["Study","EmptyBody"],"picked":"Halt+1","floor":37},{"not_picked":["EmptyFist","PathToVictory+1","ThirdEye+1"],"picked":"SKIP","floor":38},{"not_picked":["FollowUp","FlurryOfBlows+1","FlyingSleeves+1"],"picked":"SKIP","floor":39},{"not_picked":["Weave+1","DeceiveReality","Ragnarok"],"picked":"SKIP","floor":40},{"not_picked":["Weave+1","DeceiveReality","Ragnarok"],"picked":"SKIP","floor":40},{"not_picked":["JustLucky","CutThroughFate+1","Protect"],"picked":"SKIP","floor":41},{"not_picked":["BowlingBash","FollowUp"],"picked":"SashWhip+1","floor":42},{"not_picked":["PathToVictory+1","Sanctity","EmptyFist+1"],"picked":"Singing Bowl","floor":47},{"not_picked":["Meditate+1","CutThroughFate+1","JustLucky"],"picked":"Singing Bowl","floor":48},{"not_picked":["ThirdEye","FollowUp","Tantrum"],"picked":"Singing Bowl","floor":48},{"not_picked":["BowlingBash+1","CarveReality+1"],"picked":"Ragnarok","floor":54}],"player_experience":510412,"relics_obtained":[{"floor":9,"key":"MawBank"},{"floor":12,"key":"Whetstone"},{"floor":23,"key":"Bronze Scales"},{"floor":23,"key":"Vajra"},{"floor":25,"key":"StrikeDummy"},{"floor":25,"key":"Anchor"},{"floor":26,"key":"Tiny Chest"},{"floor":29,"key":"Meat on the Bone"},{"floor":29,"key":"Oddly Smooth Stone"},{"floor":40,"key":"Unceasing Top"},{"floor":40,"key":"Regal Pillow"},{"floor":43,"key":"Potion Belt"},{"floor":44,"key":"War Paint"},{"floor":44,"key":"Singing Bowl"},{"floor":47,"key":"Prayer Wheel"},{"floor":54,"key":"Gremlin Horn"},{"floor":54,"key":"Damaru"}],"event_choices":[{"damage_healed":0,"gold_gain":0,"player_choice":"Take Damage","damage_taken":19,"relics_obtained":["Golden Idol"],"max_hp_gain":0,"max_hp_loss":0,"event_name":"Golden Idol","floor":8,"gold_loss":0},{"damage_healed":0,"gold_gain":0,"player_choice":"Donut","damage_taken":0,"max_hp_gain":5,"max_hp_loss":0,"event_name":"Big Fish","floor":13,"gold_loss":0},{"damage_healed":0,"gold_gain":0,"player_choice":"Materialism","damage_taken":0,"max_hp_gain":0,"max_hp_loss":7,"event_name":"betterThird:BetterWriting","floor":20,"gold_loss":0},{"damage_healed":0,"gold_gain":0,"player_choice":"Damaged","damage_taken":8,"max_hp_gain":0,"max_hp_loss":0,"event_name":"Wheel of Change","floor":21,"gold_loss":0},{"damage_healed":0,"gold_gain":0,"player_choice":"Copied","damage_taken":0,"max_hp_gain":0,"max_hp_loss":0,"event_name":"Duplicator","floor":36,"gold_loss":0,"cards_obtained":["Vault"]},{"damage_healed":0,"gold_gain":0,"player_choice":"Fight","damage_taken":0,"max_hp_gain":0,"max_hp_loss":0,"event_name":"MindBloom","floor":47,"gold_loss":0}],"is_beta":false,"boss_relics":[{"not_picked":["Tiny House","Velvet Choker"],"picked":"Black Star"},{"not_picked":["Empty Cage","Sozu"],"picked":"HolyWater"}],"items_purged_floors":[5,45],"is_endless":false,"potions_floor_spawned":[1,2,3,10,12,22,30,37,41,47,48],"ascension_level":0}}