{"host":"llpusn9usp8rznkj","time":1607883099,"event":{"mods":["2.2 Compatiblity","BaseMod","Colored Map","Colored Powertips","Conspire","Downfall","Hubris","Minty Spire (QoL Compilation)","Rare Cards Sparkle","Replay The Spire","StSLib","The Cursed"],"gold_per_floor":[114,114,114,134,134,164,184,210,210,238,258,272,272,19,19,92,92,110,140,60,60,72,72,72],"floor_reached":23,"playtime":1004,"items_purged":[],"score":468,"play_id":"ad014b3e-62dc-44a9-889f-ad76ce0f63f8","local_time":"20201213131139","is_ascension_mode":true,"campfire_choices":[{"data":"Crippling Poison","floor":13.0,"key":"SMITH"},{"data":"Poisoned Stab","floor":15.0,"key":"SMITH"}],"circlet_count":0,"master_deck":["AscendersBane","Strike_G","Strike_G","Strike_G","Defend_G","Defend_G","Defend_G","Defend_G","Defend_G","Survivor","Neutralize","Bouncing Flask+1","Reflex+1","Dash","Endless Agony","Escape Plan","Dagger Throw","PiercingWail","Poisoned Stab+1","Venomology","Crippling Poison+1","Corpse Explosion","Burst","Bouncing Flask+1","Backflip"],"relics":["Ring of the Snake","NeowsBlessing","Nunchaku","The Specimen","Matryoshka","conspire:GlowingRock","Membership Card","Replay:Baseball","hubris:Backtick","Snake Skull","Red Mask"],"acts_visited":["Exordium","TheCity"],"potions_floor_usage":[23,23,23,23],"damage_taken":[{"damage":0.0,"enemies":"Cultist","floor":1.0,"turns":1.0},{"damage":0.0,"enemies":"Jaw Worm","floor":4.0,"turns":1.0},{"damage":0.0,"enemies":"Gremlin Nob","floor":6.0,"turns":1.0},{"damage":0.0,"enemies":"2 Louse","floor":7.0,"turns":3.0},{"damage":18.0,"enemies":"Lagavulin","floor":8.0,"turns":5.0},{"damage":8.0,"enemies":"Gremlin Nob","floor":10.0,"turns":3.0},{"damage":2.0,"enemies":"Lots of Slimes","floor":11.0,"turns":4.0},{"damage":0.0,"enemies":"3 Louse","floor":12.0,"turns":3.0},{"damage":1.0,"enemies":"Hexaghost","floor":16.0,"turns":7.0},{"damage":6.0,"enemies":"3 Byrds","floor":18.0,"turns":4.0},{"damage":7.0,"enemies":"Masked Bandits","floor":19.0,"turns":3.0},{"damage":9.0,"enemies":"2 Thieves","floor":22.0,"turns":3.0},{"damage":36,"enemies":"Slavers","floor":23,"turns":4}],"seed_played":"4948376103926905475","potions_obtained":[{"floor":1.0,"key":"Elixir"},{"floor":6.0,"key":"Fire Potion"},{"floor":11.0,"key":"Strength Potion"},{"floor":19.0,"key":"Elixir"}],"is_trial":false,"path_per_floor":["M","?","?","M","?","E","M","E","T","E","M","M","R","$","R","B",null,"M","?","$","?","M","E"],"character_chosen":"THE_SILENT","items_purchased":["Membership Card","Replay:Baseball","Burst"],"campfire_rested":0,"item_purchase_floors":[14,14,20],"current_hp_per_floor":[59,59,59,59,59,59,59,41,41,33,31,31,31,31,31,30,57,51,44,44,44,35,0,0],"gold":72,"neow_bonus":"THREE_ENEMY_KILL","is_daily":false,"chose_seed":false,"campfire_upgraded":2,"win_rate":0.0,"timestamp":1607883099,"path_taken":["M","?","?","M","?","E","M","E","T","E","?","M","R","$","R","BOSS","M","?","$","?","M","E"],"items_purchased_type":["Relic","Relic","Card"],"build_version":"2020-11-30","purchased_purges":0,"victory":false,"max_hp_per_floor":[66,66,66,66,66,66,66,66,66,66,66,66,66,66,66,66,66,66,66,66,66,66,66,66],"card_choices":[{"not_picked":["Backstab","Flechettes"],"picked":"Bouncing Flask","floor":1.0},{"not_picked":["Choke","ReplayTheSpireMod:The Works"],"picked":"Dash","floor":4.0},{"not_picked":["hubris:SlightOfHand","Cloak And Dagger"],"picked":"Escape Plan","floor":6.0},{"not_picked":["All Out Attack","Blade Dance"],"picked":"Dagger Throw","floor":7.0},{"not_picked":["Bane","Backstab"],"picked":"PiercingWail","floor":8.0},{"not_picked":["ReplayTheSpireMod:Necrosis","Infinite Blades"],"picked":"Poisoned Stab","floor":10.0},{"not_picked":["Poisoned Stab","hubris:SlightOfHand"],"picked":"Venomology","floor":11.0},{"not_picked":["Underhanded Strike","Dash"],"picked":"Crippling Poison","floor":12.0},{"not_picked":["After Image","Unload"],"picked":"Corpse Explosion","floor":16.0},{"not_picked":["Blade Dance","Dagger Throw","Leg Sweep"],"picked":"SKIP","floor":18.0},{"not_picked":["Setup","Outmaneuver"],"picked":"Backflip","floor":22.0}],"player_experience":958639,"relics_obtained":[{"floor":6.0,"key":"Nunchaku"},{"floor":8.0,"key":"The Specimen"},{"floor":9.0,"key":"Matryoshka"},{"floor":10.0,"key":"conspire:GlowingRock"},{"floor":19.0,"key":"Red Mask"}],"event_choices":[{"damage_healed":0.0,"max_hp_gain":0.0,"max_hp_loss":0.0,"gold_gain":0.0,"event_name":"Living Wall","player_choice":"Grow","floor":2.0,"gold_loss":0.0,"damage_taken":0.0,"cards_upgraded":["Bouncing Flask"]},{"damage_healed":0.0,"max_hp_gain":0.0,"max_hp_loss":0.0,"gold_gain":0.0,"cards_transformed":["Strike_G"],"event_name":"Transmorgrifier","player_choice":"Transformed","floor":5.0,"gold_loss":0.0,"damage_taken":0.0,"cards_obtained":["Endless Agony"]},{"damage_healed":0.0,"max_hp_gain":0.0,"max_hp_loss":0.0,"gold_gain":0.0,"event_name":"Masked Bandits","player_choice":"Fought Bandits","floor":19.0,"gold_loss":0.0,"damage_taken":0.0},{"damage_healed":0.0,"max_hp_gain":0.0,"max_hp_loss":0.0,"gold_gain":0.0,"event_name":"Duplicator","player_choice":"Copied","floor":21.0,"gold_loss":0.0,"damage_taken":0.0,"cards_obtained":["Bouncing Flask"]}],"is_beta":false,"boss_relics":[{"not_picked":["Coffee Dripper","Philosopher\u0027s Stone"],"picked":"hubris:Backtick"}],"items_purged_floors":[],"is_endless":false,"potions_floor_spawned":[1,6,8,11,12,19],"killed_by":"Slavers","ascension_level":20}}