{"host":"ow9msrs9p2ctkx99","time":1607849578,"event":{"mods":["AchievementEnabler","BaseMod","Colored Map","Colored Powertips","Minty Spire (QoL Compilation)","Permanent Neow","Quick Restart","SuperFastMode"],"gold_per_floor":[211,211,211,226,30,57,57,18,70,70,101,131,143,174,186,298,310,338,370,402,434,446,458,458],"floor_reached":23,"playtime":459,"items_purged":["Regret"],"score":302,"play_id":"cc72b0c8-b51e-4b37-8d73-11d9a448a508","local_time":"20201213095258","is_ascension_mode":true,"campfire_choices":[{"data":"Defragment","floor":7,"key":"SMITH"},{"floor":10,"key":"REST"},{"data":"Dualcast","floor":15,"key":"SMITH"}],"circlet_count":0,"master_deck":["AscendersBane","Strike_B","Strike_B+1","Strike_B","Strike_B","Defend_B","Defend_B","Defend_B","Defend_B","Zap+1","Dualcast+1","Compile Driver","Defragment+1","Rebound","Sweeping Beam","FTL","Skim","Leap","Chill","Creative AI","Barrage","Melter","Ball Lightning","Fission","Glacier"],"relics":["Cracked Core","Bag of Preparation","Membership Card","Vajra","Akabeko","MawBank","Nuclear Battery"],"acts_visited":["Exordium","TheCity"],"potions_floor_usage":[11,14],"damage_taken":[{"damage":9,"enemies":"2 Louse","floor":1,"turns":2},{"damage":7,"enemies":"Jaw Worm","floor":4,"turns":2},{"damage":13,"enemies":"Gremlin Nob","floor":6,"turns":3},{"damage":15,"enemies":"3 Sentries","floor":11,"turns":5},{"damage":0,"enemies":"Cultist","floor":12,"turns":2},{"damage":0,"enemies":"Large Slime","floor":14,"turns":4},{"damage":4,"enemies":"Slime Boss","floor":16,"turns":9},{"damage":2,"enemies":"Spheric Guardian","floor":18,"turns":3},{"damage":0,"enemies":"3 Byrds","floor":19,"turns":6},{"damage":19,"enemies":"Centurion and Healer","floor":20,"turns":6},{"damage":0,"enemies":"3 Cultists","floor":21,"turns":3},{"damage":44,"enemies":"Gremlin Leader","floor":23,"turns":4}],"seed_played":"-3483383541223835100","potions_obtained":[{"floor":4,"key":"FocusPotion"},{"floor":6,"key":"SkillPotion"},{"floor":16,"key":"EntropicBrew"},{"floor":20,"key":"Fruit Juice"}],"is_trial":false,"path_per_floor":["M","?","?","M","$","E","R","$","T","R","E","M","$","M","R","B",null,"M","M","M","M","?","E"],"character_chosen":"DEFECT","items_purchased":["Membership Card","Rebound","FTL"],"campfire_rested":1,"item_purchase_floors":[5,5,8],"current_hp_per_floor":[59,44,44,37,37,24,24,24,24,46,31,31,31,31,31,27,63,61,61,42,42,42,0,0],"gold":458,"neow_bonus":"HUNDRED_GOLD","is_daily":false,"chose_seed":false,"campfire_upgraded":2,"win_rate":0.0,"timestamp":1607849578,"path_taken":["M","?","?","M","$","E","R","?","T","R","E","?","?","M","R","BOSS","M","M","M","M","?","E"],"items_purchased_type":["Relic","Card","Card"],"build_version":"2020-11-30","purchased_purges":1,"victory":false,"max_hp_per_floor":[75,75,75,75,75,75,75,75,75,75,75,75,75,75,75,75,75,75,75,75,75,75,75,75],"card_choices":[{"not_picked":["Double Energy","White Noise"],"picked":"Compile Driver","floor":1},{"not_picked":["Sweeping Beam","Skim"],"picked":"Defragment","floor":4},{"not_picked":["Rebound","Turbo"],"picked":"Sweeping Beam","floor":6},{"not_picked":["Go for the Eyes","Genetic Algorithm"],"picked":"Skim","floor":11},{"not_picked":["Sweeping Beam","Rip and Tear"],"picked":"Leap","floor":12},{"not_picked":["Barrage","Conserve Battery"],"picked":"Chill","floor":14},{"not_picked":["Rainbow","Meteor Strike"],"picked":"Creative AI","floor":16},{"not_picked":["Steam Power","Ball Lightning"],"picked":"Barrage","floor":18},{"not_picked":["Conserve Battery","Coolheaded"],"picked":"Melter","floor":19},{"not_picked":["Gash","Rebound"],"picked":"Ball Lightning","floor":20},{"not_picked":["Defragment","Barrage+1"],"picked":"Fission","floor":21}],"player_experience":997736,"relics_obtained":[{"floor":6,"key":"Vajra"},{"floor":9,"key":"Akabeko"},{"floor":11,"key":"MawBank"}],"event_choices":[{"damage_healed":0,"gold_gain":0,"player_choice":"Entered Light","damage_taken":15,"max_hp_gain":0,"max_hp_loss":0,"event_name":"Shining Light","floor":2,"gold_loss":0,"cards_upgraded":["Strike_B","Zap"]},{"damage_healed":0,"gold_gain":0,"player_choice":"Box","damage_taken":0,"relics_obtained":["Bag of Preparation"],"max_hp_gain":0,"max_hp_loss":0,"event_name":"Big Fish","floor":3,"gold_loss":0,"cards_obtained":["Regret"]},{"damage_healed":0,"gold_gain":0,"player_choice":"Read","damage_taken":0,"max_hp_gain":0,"max_hp_loss":0,"event_name":"The Library","floor":22,"gold_loss":0,"cards_obtained":["Glacier"]}],"is_beta":false,"boss_relics":[{"not_picked":["Sozu","Empty Cage"],"picked":"Nuclear Battery"}],"items_purged_floors":[5],"is_endless":false,"potions_floor_spawned":[4,6,16,20],"killed_by":"Gremlin Leader","ascension_level":10}}