{"host":"ow9msrs9p2ctkx99","time":1607837648,"event":{"mods":["AchievementEnabler","BaseMod","Colored Map","Colored Powertips","Minty Spire (QoL Compilation)","Permanent Neow","Quick Restart","SuperFastMode"],"gold_per_floor":[110,110,110,125,146,185,198,198,198,533,485,108,181,195,195,321,321,342,342,342,342,168,207,181,181,205,236,268,298,310,335,347,480,492,519,547,326,351,371,371,404,404,404,404,467,485,349,364,364,364,364,364,10,45,45,45],"floor_reached":55,"playtime":1757,"items_purged":["Strike_B","Storm","Zap","Gash"],"score":1328,"play_id":"50f4b3f8-108e-4cc0-b3c3-47dd17648910","local_time":"20201213063408","is_ascension_mode":true,"campfire_choices":[{"floor":8.0,"key":"REST"},{"floor":15.0,"key":"DIG"},{"floor":25.0,"key":"DIG"},{"floor":30.0,"key":"DIG"},{"floor":32.0,"key":"DIG"},{"floor":40.0,"key":"DIG"},{"floor":44.0,"key":"RECALL"},{"floor":49.0,"key":"DIG"},{"floor":52.0,"key":"DIG"}],"circlet_count":0,"master_deck":["AscendersBane","Dualcast","Rip and Tear","FTL+1","Rebound","Sunder","Cold Snap+1","BootSequence","Good Instincts","Steam Power","Biased Cognition","All For One","Force Field","Steam","Coolheaded","Loop","Go for the Eyes+1","Capacitor","Ghostly","Ghostly","Ghostly","Ghostly","Ghostly","Lockon+1","Leap","Compile Driver+1","FTL+1","Redo+1","Turbo","Rainbow","Barrage+1","Hologram+1","Hologram","Secret Weapon","Defragment+1","Seek","Conserve Battery+1","Coolheaded+1","Defragment+1","Machine Learning","Chill","Dark Shackles","Lockon+1"],"relics":["Cracked Core","Bronze Scales","Golden Idol","Nunchaku","Cables","Old Coin","Membership Card","Shovel","Pantograph","Akabeko","Pandora\u0027s Box","Molten Egg 2","Thread and Needle","Bag of Marbles","MawBank","Peace Pipe","Whetstone","Nuclear Battery","Toolbox","Mercury Hourglass","Smiling Mask","Mango","Calipers","StrikeDummy","Ornamental Fan","Blue Candle","DollysMirror","Bag of Preparation"],"acts_visited":["Exordium","TheCity","TheBeyond","TheEnding"],"potions_floor_usage":[55],"damage_taken":[{"damage":8.0,"enemies":"2 Louse","floor":1.0,"turns":2.0},{"damage":7.0,"enemies":"Jaw Worm","floor":4.0,"turns":3.0},{"damage":0.0,"enemies":"Small Slimes","floor":5.0,"turns":2.0},{"damage":27.0,"enemies":"3 Sentries","floor":6.0,"turns":6.0},{"damage":0.0,"enemies":"Exordium Wildlife","floor":7.0,"turns":2.0},{"damage":28.0,"enemies":"Lagavulin","floor":10.0,"turns":5.0},{"damage":1.0,"enemies":"Blue Slaver","floor":14.0,"turns":2.0},{"damage":11.0,"enemies":"Slime Boss","floor":16.0,"turns":8.0},{"damage":2.0,"enemies":"3 Byrds","floor":18.0,"turns":3.0},{"damage":2.0,"enemies":"Slavers","floor":23.0,"turns":6.0},{"damage":0.0,"enemies":"2 Thieves","floor":27.0,"turns":4.0},{"damage":0.0,"enemies":"Snake Plant","floor":28.0,"turns":3.0},{"damage":0.0,"enemies":"Shelled Parasite and Fungi","floor":29.0,"turns":2.0},{"damage":0.0,"enemies":"Centurion and Healer","floor":31.0,"turns":4.0},{"damage":0.0,"enemies":"Collector","floor":33.0,"turns":11.0},{"damage":17.0,"enemies":"3 Shapes","floor":35.0,"turns":4.0},{"damage":0.0,"enemies":"Orb Walker","floor":36.0,"turns":3.0},{"damage":0.0,"enemies":"Writhing Mass","floor":38.0,"turns":6.0},{"damage":0.0,"enemies":"4 Shapes","floor":39.0,"turns":4.0},{"damage":11.0,"enemies":"Giant Head","floor":41.0,"turns":8.0},{"damage":0.0,"enemies":"Mind Bloom Boss Battle","floor":45.0,"turns":5.0},{"damage":0.0,"enemies":"Maw","floor":46.0,"turns":8.0},{"damage":0.0,"enemies":"Transient","floor":48.0,"turns":5.0},{"damage":0.0,"enemies":"Awakened One","floor":50.0,"turns":15.0},{"damage":7.0,"enemies":"Shield and Spear","floor":54.0,"turns":8.0},{"damage":120,"enemies":"The Heart","floor":55,"turns":9}],"seed_played":"2846227490964318040","potions_obtained":[{"floor":1.0,"key":"FocusPotion"},{"floor":4.0,"key":"Fruit Juice"},{"floor":5.0,"key":"FairyPotion"},{"floor":23.0,"key":"PotionOfCapacity"},{"floor":27.0,"key":"LiquidMemories"},{"floor":31.0,"key":"Ancient Potion"},{"floor":35.0,"key":"Weak Potion"},{"floor":36.0,"key":"Dexterity Potion"},{"floor":41.0,"key":"FearPotion"},{"floor":46.0,"key":"Energy Potion"},{"floor":54.0,"key":"FairyPotion"}],"is_trial":false,"path_per_floor":["M","?","?","M","M","E","M","R","T","E","?","$","T","M","R","B",null,"M","?","?","T","$","E","$","R","T","M","M","M","R","M","R","B",null,"M","M","$","M","M","R","E","?","T","R","?","M","?","M","R","B",null,"R","$","E","B"],"character_chosen":"DEFECT","items_purchased":["Membership Card","Shovel","Good Instincts","Molten Egg 2","Leap","Toolbox","Hologram","Secret Weapon","DollysMirror","Machine Learning","Chill","Dark Shackles","EssenceOfDarkness","SpeedPotion"],"campfire_rested":1,"item_purchase_floors":[12,12,12,22,24,37,37,37,53,53,53,53,53,53],"current_hp_per_floor":[60,45,45,38,38,11,11,31,31,3,3,3,3,2,2,16,56,54,54,34,34,34,37,37,37,37,37,37,37,37,37,37,39,39,22,22,22,22,22,22,11,11,25,25,50,50,50,50,50,53,53,53,53,46,0,0],"gold":45,"neow_bonus":"RANDOM_COMMON_RELIC","is_daily":false,"chose_seed":false,"campfire_upgraded":0,"win_rate":0.0,"timestamp":1607837648,"path_taken":["M","?","?","M","M","E","?","R","T","E","?","$","?","M","R","BOSS","M","?","?","?","$","E","$","R","T","M","M","?","R","M","R","BOSS","M","M","$","M","M","R","E","?","T","R","?","M","?","M","R","BOSS","R","$","E","BOSS"],"items_purchased_type":["Relic","Relic","Card","Relic","Card","Relic","Card","Card","Relic","Card","Card","Card","Potion","Potion"],"build_version":"2020-11-30","purchased_purges":4,"victory":false,"max_hp_per_floor":[75,75,69,69,69,69,69,69,69,69,69,69,69,69,69,69,69,69,69,34,34,34,39,39,39,39,39,39,39,39,39,39,39,39,39,39,39,39,39,39,39,39,53,53,53,53,53,53,53,53,53,53,53,53,53,53],"card_choices":[{"not_picked":["Reinforced Body","Hologram"],"picked":"Rip and Tear","floor":1.0},{"not_picked":["Chill","Loop"],"picked":"FTL","floor":4.0},{"not_picked":["Consume","Hello World"],"picked":"Rebound","floor":5.0},{"not_picked":["Gash","Ball Lightning"],"picked":"Sunder","floor":6.0},{"not_picked":["Rebound","Doom and Gloom"],"picked":"Cold Snap","floor":7.0},{"not_picked":["All For One","Loop"],"picked":"BootSequence","floor":10.0},{"not_picked":["Hologram","Rebound"],"picked":"Steam Power","floor":14.0},{"not_picked":["Multi-Cast","Meteor Strike"],"picked":"Biased Cognition","floor":16.0},{"not_picked":["Conserve Battery","Turbo"],"picked":"Go for the Eyes+1","floor":18.0},{"not_picked":["Self Repair","Streamline+1"],"picked":"Lockon+1","floor":23.0},{"not_picked":["Go for the Eyes+1","Cold Snap+1"],"picked":"Compile Driver+1","floor":27.0},{"not_picked":["Recycle","Sweeping Beam+1"],"picked":"FTL+1","floor":28.0},{"not_picked":["Barrage+1","Machine Learning"],"picked":"Redo+1","floor":29.0},{"not_picked":["Storm+1","Scrape+1"],"picked":"Turbo","floor":31.0},{"not_picked":["Thunder Strike+1","Creative AI"],"picked":"Rainbow","floor":33.0},{"not_picked":["Rip and Tear+1","Sweeping Beam+1"],"picked":"Barrage+1","floor":35.0},{"not_picked":["Genetic Algorithm","Cold Snap+1"],"picked":"Hologram+1","floor":36.0},{"not_picked":["Static Discharge+1","Rebound+1","Barrage+1"],"picked":"SKIP","floor":38.0},{"not_picked":["Hello World","Redo"],"picked":"Defragment+1","floor":39.0},{"not_picked":["Streamline+1","Rebound+1"],"picked":"Seek","floor":41.0},{"not_picked":["Barrage+1","Lockon+1"],"picked":"Conserve Battery+1","floor":46.0},{"not_picked":["Rebound+1","Barrage+1"],"picked":"Coolheaded+1","floor":48.0},{"not_picked":["Turbo+1","Chaos"],"picked":"Lockon+1","floor":54.0}],"player_experience":989736,"relics_obtained":[{"floor":6.0,"key":"Nunchaku"},{"floor":9.0,"key":"Cables"},{"floor":10.0,"key":"Old Coin"},{"floor":13.0,"key":"Pantograph"},{"floor":15.0,"key":"Akabeko"},{"floor":23.0,"key":"Thread and Needle"},{"floor":25.0,"key":"Bag of Marbles"},{"floor":26.0,"key":"MawBank"},{"floor":30.0,"key":"Peace Pipe"},{"floor":32.0,"key":"Whetstone"},{"floor":40.0,"key":"Mercury Hourglass"},{"floor":41.0,"key":"Smiling Mask"},{"floor":43.0,"key":"Mango"},{"floor":45.0,"key":"Calipers"},{"floor":49.0,"key":"Ornamental Fan"},{"floor":52.0,"key":"Blue Candle"},{"floor":54.0,"key":"Bag of Preparation"}],"event_choices":[{"damage_healed":0.0,"max_hp_gain":0.0,"max_hp_loss":0.0,"gold_gain":0.0,"event_name":"Shining Light","player_choice":"Entered Light","floor":2.0,"gold_loss":0.0,"damage_taken":15.0,"cards_upgraded":["Strike_B","Defend_B"]},{"damage_healed":0.0,"max_hp_gain":0.0,"max_hp_loss":6.0,"gold_gain":0.0,"event_name":"Golden Idol","player_choice":"Lose Max HP","floor":3.0,"gold_loss":0.0,"damage_taken":0.0,"relics_obtained":["Golden Idol"]},{"damage_healed":0.0,"max_hp_gain":0.0,"max_hp_loss":0.0,"gold_gain":0.0,"event_name":"World of Goop","player_choice":"Left Gold","floor":11.0,"gold_loss":48.0,"damage_taken":0.0},{"damage_healed":0.0,"max_hp_gain":0.0,"max_hp_loss":0.0,"gold_gain":0.0,"event_name":"The Library","player_choice":"Read","floor":19.0,"gold_loss":0.0,"damage_taken":0.0,"cards_obtained":["Capacitor"]},{"damage_healed":0.0,"max_hp_gain":0.0,"max_hp_loss":35.0,"gold_gain":0.0,"event_name":"Ghosts","player_choice":"Became a Ghost","floor":20.0,"gold_loss":0.0,"damage_taken":0.0,"cards_obtained":["Ghostly","Ghostly","Ghostly","Ghostly","Ghostly"]},{"damage_healed":0.0,"max_hp_gain":0.0,"max_hp_loss":0.0,"gold_gain":0.0,"event_name":"Mysterious Sphere","player_choice":"Ignored","floor":42.0,"gold_loss":0.0,"damage_taken":0.0},{"damage_healed":0.0,"max_hp_gain":0.0,"max_hp_loss":0.0,"gold_gain":0.0,"event_name":"MindBloom","player_choice":"Fight","floor":45.0,"gold_loss":0.0,"damage_taken":0.0},{"damage_healed":0.0,"max_hp_gain":0.0,"max_hp_loss":0.0,"gold_gain":0.0,"event_name":"WeMeetAgain","player_choice":"Paid Gold","floor":47.0,"gold_loss":136.0,"damage_taken":0.0,"relics_obtained":["StrikeDummy"]}],"is_beta":false,"boss_relics":[{"not_picked":["Inserter","Busted Crown"],"picked":"Pandora\u0027s Box"},{"not_picked":["Black Star","SlaversCollar"],"picked":"Nuclear Battery"}],"items_purged_floors":[12,22,37,53],"is_endless":false,"potions_floor_spawned":[1,4,5,23,27,31,35,36,41,46,54],"killed_by":"The Heart","ascension_level":10}}