{"host":"9tzam4717zt8ei1o","time":1607843336,"event":{"mods":["BaseMod","Colored Map","Keyboard Shortcuts","Minty Spire (QoL Compilation)","Quick Restart","StSLib","SuperFastMode"],"gold_per_floor":[113,113,138,153,172,197,207,207,231,265,265,282,307,324,324,426,426,438,438,455,370,381,381,410,335,335,80,80,80,179,196,196,300,300,316,334,346,18,18,51,51,51,51,51,68,68,68,83,83,83],"floor_reached":51,"playtime":950,"items_purged":["Strike_G","Strike_G","Defend_G"],"score":1159,"play_id":"0ce3db76-6593-4937-a833-d71e2950ed94","local_time":"20201213160856","is_ascension_mode":true,"campfire_choices":[{"data":"Noxious Fumes","floor":11.0,"key":"SMITH"},{"floor":15.0,"key":"REST"},{"data":"Catalyst","floor":23.0,"key":"SMITH"},{"data":"Night Terror","floor":29.0,"key":"SMITH"},{"floor":32.0,"key":"REST"},{"floor":41,"key":"REST"},{"data":"Backflip","floor":44,"key":"SMITH"},{"data":"Dodge and Roll","floor":47,"key":"SMITH"},{"data":"Neutralize","floor":49,"key":"SMITH"}],"circlet_count":0,"master_deck":["Defend_G","Defend_G","Defend_G+1","Survivor","Neutralize+1","Flying Knee","Deflect","Bouncing Flask+1","Noxious Fumes+1","Dodge and Roll+1","PiercingWail","Catalyst+1","Corpse Explosion","Escape Plan","Night Terror+1","Backflip+1","Catalyst+1","Escape Plan","Noxious Fumes+1"],"relics":["Ring of the Snake","NeowsBlessing","Anchor","Ancient Tea Set","Boot","War Paint","Omamori","Cursed Key","PreservedInsect","Pen Nib","Eternal Feather","DollysMirror","Empty Cage","Frozen Eye","Centennial Puzzle","Meat on the Bone","Torii"],"acts_visited":["Exordium","TheCity","TheBeyond"],"potions_floor_usage":[40,50,50,50],"damage_taken":[{"damage":0.0,"enemies":"Jaw Worm","floor":1.0,"turns":1.0},{"damage":0.0,"enemies":"Cultist","floor":4.0,"turns":1.0},{"damage":0.0,"enemies":"Small Slimes","floor":5.0,"turns":1.0},{"damage":30.0,"enemies":"3 Sentries","floor":6.0,"turns":8.0},{"damage":6.0,"enemies":"Blue Slaver","floor":7.0,"turns":3.0},{"damage":10.0,"enemies":"Lagavulin","floor":10.0,"turns":7.0},{"damage":11.0,"enemies":"Large Slime","floor":12.0,"turns":5.0},{"damage":9.0,"enemies":"Gremlin Nob","floor":13.0,"turns":4.0},{"damage":0.0,"enemies":"3 Louse","floor":14.0,"turns":4.0},{"damage":5.0,"enemies":"Hexaghost","floor":16.0,"turns":7.0},{"damage":4.0,"enemies":"Shell Parasite","floor":18.0,"turns":4.0},{"damage":15.0,"enemies":"Spheric Guardian","floor":20.0,"turns":5.0},{"damage":8.0,"enemies":"Snecko","floor":22.0,"turns":5.0},{"damage":0.0,"enemies":"Slavers","floor":24.0,"turns":2.0},{"damage":40.0,"enemies":"Sentry and Sphere","floor":31.0,"turns":6.0},{"damage":3.0,"enemies":"Automaton","floor":33.0,"turns":5.0},{"damage":4.0,"enemies":"3 Darklings","floor":35.0,"turns":3.0},{"damage":0.0,"enemies":"3 Shapes","floor":36.0,"turns":5.0},{"damage":0.0,"enemies":"Jaw Worm Horde","floor":37.0,"turns":2.0},{"damage":61,"enemies":"Reptomancer","floor":40,"turns":5},{"damage":2,"enemies":"4 Shapes","floor":45,"turns":4},{"damage":1,"enemies":"Transient","floor":48,"turns":3},{"damage":0,"enemies":"Donu and Deca","floor":50,"turns":6}],"seed_played":"6162379481743128761","potions_obtained":[{"floor":1.0,"key":"AttackPotion"},{"floor":5.0,"key":"FearPotion"},{"floor":6.0,"key":"SpeedPotion"},{"floor":14.0,"key":"Dexterity Potion"},{"floor":22.0,"key":"SkillPotion"},{"floor":24.0,"key":"DuplicationPotion"},{"floor":31.0,"key":"EssenceOfSteel"},{"floor":35.0,"key":"AttackPotion"},{"floor":40,"key":"Dexterity Potion"}],"is_trial":false,"path_per_floor":["M","?","T","M","M","E","M","?","T","E","R","M","E","M","R","B",null,"M","?","M","?","M","R","E","$","T","$","?","R","?","M","R","B",null,"M","M","M","$","?","E","R","T","T","R","M","?","R","M","R","B",null],"character_chosen":"THE_SILENT","items_purchased":["DollysMirror","Frozen Eye","PowerPotion"],"campfire_rested":3,"item_purchase_floors":[27,38,38],"current_hp_per_floor":[63,68,68,68,68,38,32,32,32,22,22,11,2,2,24,19,61,57,57,42,42,34,34,34,34,34,34,34,46,46,6,40,37,66,62,62,62,62,62,1,32,32,32,44,42,42,51,50,59,59],"gold":83,"neow_bonus":"THREE_ENEMY_KILL","is_daily":false,"chose_seed":false,"campfire_upgraded":6,"win_rate":0.0,"timestamp":1607843336,"path_taken":["M","?","?","M","?","E","M","?","T","E","R","M","E","M","R","BOSS","M","?","M","?","M","R","E","$","T","$","?","R","?","M","R","BOSS","M","M","M","$","?","E","R","?","T","R","?","?","R","?","R","BOSS"],"items_purchased_type":["Relic","Relic","Potion"],"build_version":"2020-11-30","purchased_purges":3,"victory":true,"max_hp_per_floor":[70,75,75,75,75,75,75,75,75,75,75,75,75,75,75,75,75,75,75,75,75,75,75,75,75,75,75,75,75,75,75,75,75,75,75,75,75,75,75,75,75,75,75,75,75,75,75,75,75,75],"card_choices":[{"not_picked":["Reflex","Outmaneuver","Endless Agony"],"picked":"SKIP","floor":1.0},{"not_picked":["Cloak And Dagger","Underhanded Strike"],"picked":"Flying Knee","floor":4.0},{"not_picked":["PiercingWail","Setup"],"picked":"Deflect","floor":5.0},{"not_picked":["Underhanded Strike","Eviscerate"],"picked":"Bouncing Flask","floor":6.0},{"not_picked":["Flechettes","Slice"],"picked":"Noxious Fumes","floor":7.0},{"not_picked":["Concentrate","All Out Attack","Bullet Time"],"picked":"SKIP","floor":10.0},{"not_picked":["Prepared","Backstab"],"picked":"Dodge and Roll","floor":12.0},{"not_picked":["Distraction","Prepared"],"picked":"PiercingWail","floor":13.0},{"not_picked":["Crippling Poison","Grand Finale"],"picked":"Catalyst","floor":14.0},{"not_picked":["After Image","Wraith Form v2"],"picked":"Corpse Explosion","floor":16.0},{"not_picked":["Quick Slash","Dagger Throw","Deadly Poison"],"picked":"SKIP","floor":18.0},{"not_picked":["Bouncing Flask","Reflex","Prepared"],"picked":"SKIP","floor":20.0},{"not_picked":["Phantasmal Killer","Outmaneuver","Endless Agony"],"picked":"SKIP","floor":22.0},{"not_picked":["Skewer","Flying Knee+1"],"picked":"Backflip","floor":24.0},{"not_picked":["Dodge and Roll","Slice","Poisoned Stab"],"picked":"SKIP","floor":31.0},{"not_picked":["Prepared","Bane","Dodge and Roll+1"],"picked":"SKIP","floor":35.0},{"not_picked":["Cloak And Dagger+1","Heel Hook","Infinite Blades+1"],"picked":"SKIP","floor":36.0},{"not_picked":["Crippling Poison","Reflex+1"],"picked":"Escape Plan","floor":37.0},{"not_picked":["PiercingWail+1","Well Laid Plans"],"picked":"Noxious Fumes+1","floor":40},{"not_picked":["Dagger Spray+1","Blade Dance","Dash+1"],"picked":"SKIP","floor":45},{"not_picked":["PiercingWail","Dagger Throw+1","Dagger Spray"],"picked":"SKIP","floor":48}],"player_experience":65925,"relics_obtained":[{"floor":3.0,"key":"Anchor"},{"floor":6.0,"key":"Ancient Tea Set"},{"floor":9.0,"key":"Boot"},{"floor":10.0,"key":"War Paint"},{"floor":13.0,"key":"Omamori"},{"floor":24.0,"key":"Pen Nib"},{"floor":26.0,"key":"Eternal Feather"},{"floor":40,"key":"Centennial Puzzle"},{"floor":42,"key":"Meat on the Bone"},{"floor":43,"key":"Torii"}],"event_choices":[{"damage_healed":0.0,"max_hp_gain":5.0,"max_hp_loss":0.0,"gold_gain":0.0,"event_name":"Big Fish","player_choice":"Donut","floor":2.0,"gold_loss":0.0,"damage_taken":0.0},{"damage_healed":0.0,"max_hp_gain":0.0,"max_hp_loss":0.0,"gold_gain":0.0,"event_name":"Dead Adventurer","player_choice":"Searched \u00270\u0027 times","floor":8.0,"gold_loss":0.0,"damage_taken":0.0},{"damage_healed":0.0,"max_hp_gain":0.0,"max_hp_loss":0.0,"gold_gain":0.0,"cards_transformed":["Strike_G","Strike_G"],"event_name":"Drug Dealer","player_choice":"Became Test Subject","floor":19.0,"gold_loss":0.0,"damage_taken":0.0,"cards_obtained":["Escape Plan","Night Terror"]},{"damage_healed":0.0,"max_hp_gain":0.0,"max_hp_loss":0.0,"gold_gain":0.0,"event_name":"Addict","player_choice":"Obtained Relic","floor":21.0,"gold_loss":85.0,"damage_taken":0.0,"relics_obtained":["PreservedInsect"]},{"damage_healed":0.0,"max_hp_gain":0.0,"max_hp_loss":0.0,"gold_gain":0.0,"event_name":"Vampires","player_choice":"Ignored","floor":28.0,"gold_loss":0.0,"damage_taken":0.0},{"damage_healed":0.0,"max_hp_gain":0.0,"max_hp_loss":0.0,"gold_gain":99.0,"event_name":"Nest","player_choice":"Stole From Cult","floor":30.0,"gold_loss":0.0,"damage_taken":0.0},{"damage_healed":0,"gold_gain":0,"player_choice":"Ignored","damage_taken":0,"max_hp_gain":0,"max_hp_loss":0,"event_name":"Mysterious Sphere","floor":39,"gold_loss":0},{"cards_removed":["Injury"],"damage_healed":0,"gold_gain":0,"player_choice":"Purged","damage_taken":0,"max_hp_gain":0,"max_hp_loss":0,"event_name":"Purifier","floor":46,"gold_loss":0}],"is_beta":false,"boss_relics":[{"not_picked":["SacredBark","Runic Dome"],"picked":"Cursed Key"},{"not_picked":["Philosopher\u0027s Stone","Snecko Eye"],"picked":"Empty Cage"}],"items_purged_floors":[25,27,38],"is_endless":false,"potions_floor_spawned":[1,5,6,14,22,24,31,35,40,48],"ascension_level":9}}