{"host":"pwhq7648p2dwl3jg","time":1607841313,"event":{"mods":["AchievementEnabler","BaseMod","Colored Map","Minty Spire (QoL Compilation)","Rare Cards Sparkle","SuperFastMode"],"gold_per_floor":[218,218,232,307,318,318,318,318,365,382,399,399,430,430,430,528,528,540,540,360,370,382,382,382,393,416,416,416],"floor_reached":27,"playtime":683,"items_purged":["Strike_G"],"score":234,"play_id":"f10341eb-67e5-42b0-a0ec-f6226a9b85f8","local_time":"20201213153513","is_ascension_mode":true,"campfire_choices":[{"floor":6,"key":"REST"},{"data":"Blade Dance","floor":8,"key":"SMITH"},{"data":"Footwork","floor":12,"key":"SMITH"},{"floor":15,"key":"REST"},{"floor":23,"key":"REST"}],"circlet_count":0,"master_deck":["Strike_G","Strike_G","Strike_G","Defend_G","Defend_G+1","Defend_G","Defend_G","Defend_G+1","Survivor","Neutralize","Footwork+1","Flying Knee","Blade Dance+1","Distraction","Concentrate","Tactician","Swift Strike","Slice","Cloak And Dagger"],"relics":["Ring of the Snake","War Paint","WristBlade","Nloth\u0027s Gift","Boot"],"acts_visited":["Exordium","TheCity"],"potions_floor_usage":[13],"damage_taken":[{"damage":3,"enemies":"2 Louse","floor":1,"turns":3},{"damage":0,"enemies":"Cultist","floor":3,"turns":3},{"damage":12,"enemies":"Small Slimes","floor":5,"turns":4},{"damage":7,"enemies":"Red Slaver","floor":10,"turns":6},{"damage":1,"enemies":"2 Fungi Beasts","floor":11,"turns":4},{"damage":24,"enemies":"3 Sentries","floor":13,"turns":14},{"damage":45,"enemies":"The Guardian","floor":16,"turns":15},{"damage":18,"enemies":"Spheric Guardian","floor":18,"turns":4},{"damage":0,"enemies":"Chosen","floor":21,"turns":4},{"damage":21,"enemies":"Centurion and Healer","floor":22,"turns":8},{"damage":26,"enemies":"Snake Plant","floor":25,"turns":7},{"damage":22,"enemies":"Sentry and Sphere","floor":27,"turns":3}],"seed_played":"7962632258949683896","potions_obtained":[{"floor":5,"key":"Regen Potion"},{"floor":10,"key":"EssenceOfSteel"},{"floor":11,"key":"Explosive Potion"},{"floor":16,"key":"BlessingOfTheForge"},{"floor":22,"key":"Weak Potion"}],"is_trial":false,"path_per_floor":["M","?","M","?","M","R","$","R","T","M","M","R","E","?","R","B",null,"M","?","$","M","M","R","?","M","T","M"],"character_chosen":"THE_SILENT","items_purchased":["Swift Strike","Slice"],"campfire_rested":3,"item_purchase_floors":[20,20],"current_hp_per_floor":[67,67,67,56,44,65,65,65,65,58,57,57,48,48,69,24,70,52,52,52,52,31,52,46,20,20,0,0],"gold":416,"neow_bonus":"HUNDRED_GOLD","is_daily":false,"chose_seed":false,"campfire_upgraded":2,"win_rate":0.0,"timestamp":1607841313,"path_taken":["M","?","?","?","M","R","$","R","T","M","M","R","E","?","R","BOSS","M","?","?","M","M","R","?","?","T","M"],"items_purchased_type":["Card","Card"],"build_version":"2020-11-30","purchased_purges":1,"victory":false,"max_hp_per_floor":[70,70,70,70,70,70,70,70,70,70,70,70,70,70,70,70,70,70,70,70,70,70,70,70,70,70,70,70],"card_choices":[{"not_picked":["Outmaneuver","Endless Agony"],"picked":"Footwork","floor":1},{"not_picked":["Acrobatics","Distraction"],"picked":"Blade Dance","floor":3},{"not_picked":["Finisher","Endless Agony"],"picked":"Distraction","floor":5},{"not_picked":["Calculated Gamble","PiercingWail"],"picked":"Concentrate","floor":10},{"not_picked":["Prepared","Riddle With Holes","PiercingWail"],"picked":"SKIP","floor":11},{"not_picked":["Blur","Underhanded Strike"],"picked":"Tactician","floor":13},{"not_picked":["Flying Knee","Poisoned Stab+1","Bouncing Flask"],"picked":"SKIP","floor":18},{"not_picked":["Dagger Throw+1","Skewer","Dash"],"picked":"SKIP","floor":21},{"not_picked":["Malaise","PiercingWail+1","Concentrate"],"picked":"SKIP","floor":22},{"not_picked":["PiercingWail","Distraction"],"picked":"Cloak And Dagger","floor":25}],"player_experience":203039,"relics_obtained":[{"floor":9,"key":"War Paint"},{"floor":13,"key":"Torii"},{"floor":26,"key":"Boot"}],"event_choices":[{"damage_healed":0,"gold_gain":0,"cards_transformed":["Strike_G"],"player_choice":"Transformed","damage_taken":0,"max_hp_gain":0,"max_hp_loss":0,"event_name":"Transmorgrifier","floor":2,"gold_loss":0,"cards_obtained":["Flying Knee"]},{"damage_healed":0,"gold_gain":75,"player_choice":"Gather Gold","damage_taken":11,"max_hp_gain":0,"max_hp_loss":0,"event_name":"World of Goop","floor":4,"gold_loss":0},{"damage_healed":0,"gold_gain":0,"player_choice":"Leave","damage_taken":0,"max_hp_gain":0,"max_hp_loss":0,"event_name":"The Cleric","floor":14,"gold_loss":0},{"damage_healed":0,"gold_gain":0,"player_choice":"Traded Relic","damage_taken":0,"relics_obtained":["Nloth\u0027s Gift"],"max_hp_gain":0,"max_hp_loss":0,"event_name":"N\u0027loth","floor":19,"relics_lost":["Torii"],"gold_loss":0},{"damage_healed":0,"gold_gain":0,"player_choice":"","damage_taken":6,"max_hp_gain":0,"max_hp_loss":0,"event_name":"Knowing Skull","floor":24,"potions_obtained":[],"gold_loss":0,"cards_obtained":[]}],"is_beta":false,"boss_relics":[{"not_picked":["Snecko Eye","Empty Cage"],"picked":"WristBlade"}],"items_purged_floors":[20],"is_endless":false,"potions_floor_spawned":[5,10,11,16,22,25],"killed_by":"Sentry and Sphere","ascension_level":2}}