{"host":"p7j7o00jacnw7qzt","time":1607822163,"event":{"mods":["BaseMod","Colored Map","Colored Powertips","DeckTracker","Highlight Path","Minty Spire (QoL Compilation)","Relic Stats"],"gold_per_floor":[114,114,131,131,131,131,169,169,238,238,274,36,57,70,70,165,165,165,165],"floor_reached":18,"playtime":445,"items_purged":["Strike_R"],"score":386,"play_id":"7cdb7a28-0df6-4669-9c5e-345aeaf60953","local_time":"20201212201603","is_ascension_mode":true,"campfire_choices":[{"data":"Spot Weakness","floor":6.0,"key":"SMITH"},{"data":"Sword Boomerang","floor":8.0,"key":"SMITH"},{"floor":10.0,"key":"RECALL"},{"data":"Dark Embrace","floor":15.0,"key":"SMITH"}],"circlet_count":0,"master_deck":["AscendersBane","Strike_R","Strike_R","Strike_R","Defend_R","Defend_R","Defend_R","Defend_R","Bash","Spot Weakness+1","Carnage","Sword Boomerang+1","True Grit+1","Second Wind+1","Dark Embrace+1","Barricade"],"relics":["Burning Blood","NeowsBlessing","Golden Idol","Darkstone Periapt","Toxic Egg 2","Mark of Pain"],"acts_visited":["Exordium","TheCity"],"potions_floor_usage":[18,18],"damage_taken":[{"damage":0.0,"enemies":"Small Slimes","floor":1.0,"turns":1.0},{"damage":0.0,"enemies":"Cultist","floor":3.0,"turns":1.0},{"damage":0.0,"enemies":"Gremlin Nob","floor":7.0,"turns":1.0},{"damage":25.0,"enemies":"3 Sentries","floor":11.0,"turns":5.0},{"damage":0.0,"enemies":"2 Louse","floor":13.0,"turns":2.0},{"damage":5.0,"enemies":"Exordium Wildlife","floor":14.0,"turns":5.0},{"damage":21.0,"enemies":"Hexaghost","floor":16.0,"turns":9.0},{"damage":30,"enemies":"3 Byrds","floor":18,"turns":5}],"seed_played":"-5839453337049013715","potions_obtained":[{"floor":3.0,"key":"SpeedPotion"},{"floor":11.0,"key":"FearPotion"},{"floor":16.0,"key":"Dexterity Potion"}],"is_trial":false,"path_per_floor":["M","?","M","?","?","R","E","R","T","R","E","$","M","M","R","B",null,"M"],"character_chosen":"IRONCLAD","items_purchased":["Second Wind+1","Dark Embrace"],"campfire_rested":0,"item_purchase_floors":[12,12],"current_hp_per_floor":[74,70,75,49,42,42,48,48,48,48,29,29,35,36,36,21,62,32,32],"gold":165,"neow_bonus":"THREE_ENEMY_KILL","is_daily":false,"chose_seed":false,"campfire_upgraded":3,"win_rate":0.0,"timestamp":1607822163,"path_taken":["M","?","?","?","?","R","E","R","T","R","E","?","M","M","R","BOSS","M"],"items_purchased_type":["Card","Card"],"build_version":"2020-11-30","purchased_purges":1,"victory":false,"max_hp_per_floor":[75,75,75,75,75,75,75,75,75,75,75,75,75,75,75,75,75,75,75],"relic_stats":{"Darkstone Periapt":0,"counters":[8,29],"Golden Idol":41,"obtain_stats":[{"Darkstone Periapt":7,"NeowsBlessing":0,"Golden Idol":4,"Mark of Pain":17,"Toxic Egg 2":11,"Burning Blood":0},{"Darkstone Periapt":3,"NeowsBlessing":0,"Golden Idol":2,"Mark of Pain":7,"Toxic Egg 2":4,"Burning Blood":0},{"Darkstone Periapt":3,"NeowsBlessing":0,"Golden Idol":2,"Mark of Pain":24,"Toxic Egg 2":8,"Burning Blood":0}],"Burning Blood":41},"card_choices":[{"not_picked":["Clothesline","Rampage"],"picked":"Spot Weakness","floor":1.0},{"not_picked":["Anger","Twin Strike"],"picked":"Carnage","floor":3.0},{"not_picked":["Rampage","Feel No Pain"],"picked":"Sword Boomerang","floor":7.0},{"not_picked":["Pummel","Rampage"],"picked":"True Grit+1","floor":11.0},{"not_picked":["True Grit+1","Headbutt","Flex+1"],"picked":"SKIP","floor":13.0},{"not_picked":["Carnage","Double Tap+1","Iron Wave"],"picked":"SKIP","floor":14.0},{"not_picked":["Feed","Immolate"],"picked":"Barricade","floor":16.0}],"player_experience":819105,"relics_obtained":[{"floor":7.0,"key":"Darkstone Periapt"},{"floor":11.0,"key":"Toxic Egg 2"}],"event_choices":[{"damage_healed":0.0,"max_hp_gain":0.0,"max_hp_loss":0.0,"gold_gain":0.0,"event_name":"The Woman in Blue","player_choice":"Bought 0 Potions","floor":2.0,"gold_loss":0.0,"damage_taken":0.0},{"damage_healed":0.0,"max_hp_gain":0.0,"max_hp_loss":0.0,"gold_gain":0.0,"event_name":"Golden Idol","player_choice":"Take Damage","floor":4.0,"gold_loss":0.0,"damage_taken":26.0,"relics_obtained":["Golden Idol"]},{"cards_removed":["Strike_R"],"damage_healed":0.0,"max_hp_gain":0.0,"max_hp_loss":0.0,"gold_gain":0.0,"event_name":"Golden Wing","player_choice":"Card Removal","floor":5.0,"gold_loss":0.0,"damage_taken":7.0}],"is_beta":false,"boss_relics":[{"not_picked":["Empty Cage","Velvet Choker"],"picked":"Mark of Pain"}],"items_purged_floors":[12],"is_endless":false,"potions_floor_spawned":[3,11,16],"killed_by":"3 Byrds","ascension_level":20}}