{"host":"ecuvtzmejf7hhjpv","time":1607896893,"event":{"mods":["AchievementEnabler","Act Like it!","Aspiration","BaseMod","Better Altar","Better Match","Better Note","Better Sensory Stone","Better Skull","Better Third Choice","BetterRewards","Conspire","Custom Start","GifTheSpireLib","Hallownest","Hermit","Hubris","Marisa????????","Minty Spire (QoL Compilation)","Prisma Mod","Replay The Spire","Spicy Shops","StSLib","The Animator","The Blackbeard","The Bug Knight","The Forsaken","The Hierophant","The Jungle","The Necromancer","The Poker Player","The Wild Card"],"gold_per_floor":[113,126,65,78,21,54,54,81,81,108,124,136,136,155,155,260,260,271,271,114,102,112,112,141,416,416,433,433,158,173,205,217,324,336,364,426,448,52,63,91,91,120,120,155,155,165,179,53,53,53,53,53,4,39,39,39],"floor_reached":55,"playtime":2885,"items_purged":[],"score":1245,"play_id":"60b24802-5c18-4941-a8c0-a0f3caf95df6","local_time":"20201213160133","is_ascension_mode":true,"campfire_choices":[{"floor":7.0,"key":"REST"},{"data":"hermit:Maintenance","floor":13.0,"key":"SMITH"},{"data":"hermit:FullyLoaded","floor":15.0,"key":"SMITH"},{"data":"ReplayTheSpireMod:Brewmster","floor":23.0,"key":"SMITH"},{"data":"hermit:FlashPowder","floor":28.0,"key":"SMITH"},{"data":"hermit:LoneWolf","floor":32.0,"key":"SMITH"},{"data":"hermit:Covet","floor":41,"key":"SMITH"},{"floor":45,"key":"RECALL"},{"data":"Mayhem","floor":49,"key":"SMITH"},{"data":"hermit:BlackWind","floor":52,"key":"SMITH"}],"circlet_count":0,"master_deck":["hermit:Strike_Hermit","hermit:Strike_Hermit","hermit:Strike_Hermit","hermit:Strike_Hermit","hermit:Defend_Hermit","hermit:Defend_Hermit","hermit:Defend_Hermit","hermit:Defend_Hermit","hermit:Snapshot","hermit:Covet+1","hermit:BigShot","hermit:WideOpen","ReplayTheSpireMod:Brewmster+1","hermit:Brawl","Mayhem+1","hermit:BigShot","hermit:LoneWolf+1","hermit:Snipe","hermit:TakeAim","hermit:TakeAim","hermit:EyeOfTheStorm","hermit:FlashPowder+1","hermit:Maintenance+1","hermit:FullyLoaded+1","hermit:BlackWind+1","CurseOfTheBell","Bandage Up","Enlightenment","hermit:Ricochet","hermit:Dive+1","hermit:GoldenBullet","Regret","hermit:TakeCover","ReplayTheSpireMod:Brewmster+1","hermit:Deadeye","hermit:Showdown+1","hermit:PistolWhip+1","hermit:Maintenance+1","ReplayTheSpireMod:Brewmster+1","hermit:Brawl+1","hermit:Determination+1","hermit:Vantage+1"],"relics":["hermit:Momento","StoneCalendar","HornCleat","Strange Spoon","Sling","Garlic","ReplayTheSpireMod:Shallot","HollowMod:StagPassRelic","theForsaken:Gavel","theForsaken:ScaryMask","hubris:ToyBattleship","Calling Bell","Ancient Tea Set","aspiration:SeaSaltIceCream","Charon\u0027s Ashes","hubris:Potato","Medical Kit","conspire:TopHat","Singing Bowl","Torii","MawBank","Busted Crown","Thread and Needle","DollysMirror","Ornamental Fan","ReplayTheSpireMod:TigerMarble","hubris:SlimyHat","hubris:TenFootPole","FossilizedHelix"],"acts_visited":["Exordium","TheCity","TheBeyond","TheEnding"],"potions_floor_usage":[36,36,37,37,37,37,39,39,39,39,39,40,40,40,40,40,40,42,42,42,42,42,42,42,42,42,44,44,44,44,44,44,46,46,46,47,47,47,47,47,47,50,50,50,50,50,50,50,50,50,50,50,50,54,54,54,54,55,55],"damage_taken":[{"damage":1.0,"enemies":"2 Louse","floor":1.0,"turns":4.0},{"damage":0.0,"enemies":"Cultist","floor":2.0,"turns":3.0},{"damage":0.0,"enemies":"Small Slimes","floor":4.0,"turns":4.0},{"damage":0.0,"enemies":"HollowMod:MossKnight","floor":6.0,"turns":6.0},{"damage":2.0,"enemies":"3 Sentries","floor":8.0,"turns":7.0},{"damage":0.0,"enemies":"Replay:BlueRogue","floor":10.0,"turns":7.0},{"damage":9.0,"enemies":"Blue Slaver","floor":11.0,"turns":6.0},{"damage":0.0,"enemies":"Exordium Thugs","floor":12.0,"turns":5.0},{"damage":0.0,"enemies":"Looter","floor":14.0,"turns":2.0},{"damage":19.0,"enemies":"The Guardian","floor":16.0,"turns":8.0},{"damage":29.0,"enemies":"Shell Parasite","floor":18.0,"turns":7.0},{"damage":0.0,"enemies":"2 Thieves","floor":21.0,"turns":4.0},{"damage":13.0,"enemies":"Snake Plant","floor":22.0,"turns":6.0},{"damage":7.0,"enemies":"Replay:Snechameleon","floor":24.0,"turns":6.0},{"damage":3.0,"enemies":"Snecko","floor":27.0,"turns":7.0},{"damage":0.0,"enemies":"conspire:HollyBat","floor":30.0,"turns":7.0},{"damage":1.0,"enemies":"HollowMod:Nosk","floor":31.0,"turns":7.0},{"damage":51.0,"enemies":"Champ","floor":33.0,"turns":12.0},{"damage":7,"enemies":"3 Shapes","floor":35,"turns":3},{"damage":7,"enemies":"Mind Bloom Boss Battle","floor":36,"turns":10},{"damage":3,"enemies":"3 Darklings","floor":37,"turns":6},{"damage":26,"enemies":"Sphere and 2 Shapes","floor":39,"turns":6},{"damage":0,"enemies":"R_Hoarder","floor":40,"turns":7},{"damage":19,"enemies":"Nemesis","floor":42,"turns":7},{"damage":0,"enemies":"R_Hoarder","floor":44,"turns":8},{"damage":2,"enemies":"Jaw Worm Horde","floor":46,"turns":5},{"damage":1,"enemies":"Transient","floor":47,"turns":5},{"damage":69,"enemies":"Donu and Deca","floor":50,"turns":9},{"damage":74,"enemies":"Shield and Spear","floor":54,"turns":8},{"damage":37,"enemies":"The Heart","floor":55,"turns":2}],"seed_played":"3145192152360315750","potions_obtained":[{"floor":1.0,"key":"SkillPotion"},{"floor":4.0,"key":"hermit:BlackBile"},{"floor":12.0,"key":"Adrenaline Potion"},{"floor":27.0,"key":"Strength Potion"},{"floor":37,"key":"hermit:Tonic"},{"floor":39,"key":"PowerPotion"},{"floor":47,"key":"Milkshake"},{"floor":54,"key":"Energy Potion"}],"is_trial":false,"path_per_floor":["M","M","?","M","$","E","R","E","T","E","M","M","R","M","R","B",null,"M","?","$","M","M","R","E","?","T","M","R","$","M","E","R","B",null,"M","?","M","$","M","E","R","E","T","E","R","M","M","$","R","B",null,"R","$","E","B"],"character_chosen":"HERMIT","items_purchased":["StoneCalendar","HornCleat","Strange Spoon","hermit:BigShot","hermit:WideOpen","Sling","ReplayTheSpireMod:Brewmster","hermit:Brawl","Garlic","Mayhem","Explosive Potion","hermit:TakeAim","Medical Kit","ReplayTheSpireMod:Brewmster","Torii","DollysMirror","ReplayTheSpireMod:Brewmster","hermit:Brawl","hermit:Determination+1","hubris:TenFootPole","Dexterity Potion"],"campfire_rested":1,"item_purchase_floors":[0,0,0,0,0,0,0,0,0,0,0,5,20,29,29,38,38,38,48,48,53],"current_hp_per_floor":[26,26,26,26,26,26,48,46,46,46,37,37,37,37,37,18,75,46,46,46,50,41,41,47,47,47,52,52,52,56,59,59,14,77,72,69,72,72,52,58,58,47,47,65,65,69,74,74,74,13,93,93,93,32,0,0],"gold":39,"neow_bonus":"","is_daily":false,"chose_seed":false,"campfire_upgraded":8,"win_rate":0.0,"timestamp":1607896893,"path_taken":["M","M","?","?","$","E","R","E","T","E","?","M","R","M","R","BOSS","M","?","$","M","M","R","E","?","T","?","R","$","M","E","R","BOSS","M","?","M","$","M","E","R","E","T","E","R","M","M","$","R","BOSS","R","$","E","BOSS"],"items_purchased_type":["Relic","Relic","Relic","Card","Card","Relic","Card","Card","Relic","Card","Potion","Card","Relic","Card","Relic","Relic","Card","Card","Card","Relic","Potion"],"build_version":"2020-11-30","purchased_purges":0,"victory":false,"max_hp_per_floor":[75,75,75,75,75,75,75,75,75,75,75,75,75,75,75,75,75,75,75,75,75,75,75,75,75,75,75,75,75,75,75,75,77,77,79,79,81,81,83,85,85,87,87,89,89,91,93,93,93,93,93,93,93,93,93,93],"card_choices":[{"not_picked":["hermit:Coalescence","hermit:CalledShot"],"picked":"hermit:BigShot","floor":1.0},{"not_picked":["hermit:Enervate","hermit:HoleUp"],"picked":"hermit:LoneWolf","floor":2.0},{"not_picked":["hermit:LoneWolf","hermit:LowProfile"],"picked":"hermit:Snipe","floor":4.0},{"not_picked":["hermit:LowProfile","hermit:Midnight"],"picked":"hermit:EyeOfTheStorm","floor":6.0},{"not_picked":["hermit:OverwhelmingPower","hermit:TrackingShot"],"picked":"hermit:FlashPowder","floor":8.0},{"not_picked":["hermit:Feint","hermit:SprayPray"],"picked":"hermit:Maintenance","floor":10.0},{"not_picked":["hermit:TakeAim","hermit:HighCaliber","hermit:FromBeyond"],"picked":"SKIP","floor":11.0},{"not_picked":["hermit:Desperado","hermit:Glare","hermit:WideOpen"],"picked":"SKIP","floor":12.0},{"not_picked":["hermit:CalledShot","hermit:Snipe"],"picked":"hermit:FullyLoaded","floor":14.0},{"not_picked":["hermit:Gambit","hermit:FromBeyond"],"picked":"hermit:BlackWind","floor":16.0},{"not_picked":["hermit:HighCaliber+1","hermit:Coalescence","hermit:LowProfile"],"picked":"SKIP","floor":18.0},{"not_picked":["Chrysalis","Survey Options"],"picked":"Bandage Up","floor":19.0},{"not_picked":["ReplayUltimateDefense","Secret Technique"],"picked":"Enlightenment","floor":19.0},{"not_picked":["hermit:Snipe","hermit:TrackingShot"],"picked":"hermit:Ricochet","floor":21.0},{"not_picked":["hermit:FlashPowder","hermit:Feint+1"],"picked":"hermit:Dive+1","floor":22.0},{"not_picked":["hermit:Ricochet","hermit:FinalCanter"],"picked":"hermit:GoldenBullet","floor":24.0},{"not_picked":["hermit:Glare+1","hermit:WideOpen"],"picked":"hermit:TakeCover","floor":27.0},{"not_picked":["hermit:CalledShot","hermit:Manifest"],"picked":"hermit:Deadeye","floor":30.0},{"not_picked":["hermit:Misfire","hermit:Feint"],"picked":"hermit:Showdown+1","floor":31.0},{"not_picked":["hermit:Magnum","hermit:RoundhouseKick","hermit:Purgatory"],"picked":"Singing Bowl","floor":33.0},{"not_picked":["hermit:Glare"],"picked":"Singing Bowl","floor":35},{"not_picked":[],"picked":"hermit:PistolWhip+1","floor":36},{"not_picked":["hermit:Manifest+1"],"picked":"Singing Bowl","floor":37},{"not_picked":["hermit:Manifest"],"picked":"Singing Bowl","floor":39},{"not_picked":["hermit:GoldenBullet"],"picked":"Singing Bowl","floor":40},{"not_picked":["hermit:BodyArmor"],"picked":"Singing Bowl","floor":42},{"not_picked":["hermit:CursedWeapon+1"],"picked":"Singing Bowl","floor":44},{"not_picked":["hermit:Maintenance+1"],"picked":"Singing Bowl","floor":46},{"not_picked":["hermit:GoldenBullet+1"],"picked":"Singing Bowl","floor":47},{"not_picked":[],"picked":"hermit:Vantage+1","floor":54}],"player_experience":871303,"relics_obtained":[{"floor":6.0,"key":"HollowMod:StagPassRelic"},{"floor":8.0,"key":"theForsaken:Gavel"},{"floor":9.0,"key":"theForsaken:ScaryMask"},{"floor":10.0,"key":"hubris:ToyBattleship"},{"floor":17.0,"key":"Ancient Tea Set"},{"floor":17.0,"key":"aspiration:SeaSaltIceCream"},{"floor":17.0,"key":"hubris:Potato"},{"floor":24.0,"key":"conspire:TopHat"},{"floor":26.0,"key":"Singing Bowl"},{"floor":31.0,"key":"MawBank"},{"floor":36,"key":"Thread and Needle"},{"floor":40,"key":"Ornamental Fan"},{"floor":42,"key":"ReplayTheSpireMod:TigerMarble"},{"floor":44,"key":"hubris:SlimyHat"},{"floor":54,"key":"FossilizedHelix"}],"event_choices":[{"damage_healed":0.0,"max_hp_gain":0.0,"max_hp_loss":0.0,"gold_gain":0.0,"event_name":"WeMeetAgain","player_choice":"Paid Gold","floor":3.0,"gold_loss":61.0,"damage_taken":0.0,"relics_obtained":["ReplayTheSpireMod:Shallot"]},{"damage_healed":0.0,"max_hp_gain":0.0,"max_hp_loss":0.0,"gold_gain":2.0,"event_name":"betterStone:BetterStone","player_choice":"1","floor":19.0,"gold_loss":0.0,"damage_taken":0.0},{"damage_healed":0.0,"max_hp_gain":0.0,"max_hp_loss":0.0,"gold_gain":275.0,"event_name":"Golden Shrine","player_choice":"Desecrate","floor":25.0,"gold_loss":0.0,"damage_taken":0.0,"cards_obtained":["Regret"]},{"damage_healed":0,"gold_gain":0,"player_choice":"Fight","damage_taken":0,"max_hp_gain":0,"max_hp_loss":0,"event_name":"MindBloom","floor":36,"gold_loss":0}],"is_beta":false,"boss_relics":[{"not_picked":["conspire:SeveredTorchhead","Astrolabe"],"picked":"Calling Bell"},{"not_picked":["conspire:RoyalGoblet","hubris:VirtuousBlindfold"],"picked":"Busted Crown"}],"items_purged_floors":[],"is_endless":false,"potions_floor_spawned":[1,4,12,16,21,22,27,37,39,46,47,54],"killed_by":"The Heart","ascension_level":1}}