{"host":"hjw1ay65n7jm40lc","time":1607880506,"event":{"mods":["AchievementEnabler","BaseMod","Colored Map","Colored Powertips","Googly Eyes","Highlight Path","Minty Spire (QoL Compilation)","Quick Restart","Relic Stats"],"gold_per_floor":[117,117,117,133,150,150,180,150,150,168,75,109,109,184,184,289,289,301,316,6,23,36,67,67,99,147,147,147,147,173,185,185,290,290,300,300,320,333,353,387,387,415,415,442,442,477,6,20,20,20,20,20,20,58,58],"floor_reached":56,"playtime":6094,"items_purged":["Shame"],"score":1700,"play_id":"8efdf83f-c3f2-428f-98d7-4023c0b1902e","local_time":"20201213122826","is_ascension_mode":true,"campfire_choices":[{"data":"Chaos","floor":6.0,"key":"SMITH"},{"data":"Chill","floor":13.0,"key":"SMITH"},{"floor":15.0,"key":"REST"},{"data":"Defragment","floor":28.0,"key":"SMITH"},{"data":"Static Discharge","floor":29.0,"key":"SMITH"},{"data":"Coolheaded","floor":32.0,"key":"SMITH"},{"floor":41.0,"key":"REST"},{"data":"Barrage","floor":45.0,"key":"SMITH"},{"floor":49.0,"key":"RECALL"},{"data":"Biased Cognition","floor":52,"key":"SMITH"}],"circlet_count":0,"master_deck":["Strike_B+1","Defend_B","Defend_B","Defend_B","Defend_B","Zap","Dualcast+1","Barrage+1","Skim","Chaos+1","Coolheaded+1","Undo","Cold Snap","Static Discharge+1","Chill+1","Core Surge+1","Compile Driver+1","Coolheaded+1","Genetic Algorithm","Defragment+1","Coolheaded+1","Rebound","Streamline","Echo Form","Master of Strategy","Trip","Double Energy+1","Biased Cognition+1","Self Repair+1","Glacier","Glacier"],"relics":["Inserter","Akabeko","Bag of Marbles","Sundial","Bag of Preparation","Philosopher\u0027s Stone","Mummified Hand","Matryoshka","WingedGreaves","Bronze Scales","Happy Flower","Ancient Tea Set","Whetstone","Cursed Key","Juzu Bracelet","Kunai","War Paint","CeramicFish","Singing Bowl","OrangePellets","Du-Vu Doll"],"acts_visited":["Exordium","TheCity","TheBeyond","TheEnding"],"potions_floor_usage":[50,54,55,55],"damage_taken":[{"damage":4.0,"enemies":"Jaw Worm","floor":1.0,"turns":5.0},{"damage":0.0,"enemies":"Small Slimes","floor":4.0,"turns":3.0},{"damage":0.0,"enemies":"Cultist","floor":5.0,"turns":2.0},{"damage":42.0,"enemies":"Gremlin Nob","floor":7.0,"turns":5.0},{"damage":2.0,"enemies":"3 Louse","floor":10.0,"turns":2.0},{"damage":0.0,"enemies":"3 Sentries","floor":12.0,"turns":6.0},{"damage":7.0,"enemies":"The Guardian","floor":16.0,"turns":10.0},{"damage":3.0,"enemies":"Chosen","floor":18.0,"turns":4.0},{"damage":1.0,"enemies":"2 Thieves","floor":19.0,"turns":3.0},{"damage":7.0,"enemies":"Cultist and Chosen","floor":21.0,"turns":6.0},{"damage":10.0,"enemies":"Centurion and Healer","floor":22.0,"turns":7.0},{"damage":9.0,"enemies":"Book of Stabbing","floor":23.0,"turns":4.0},{"damage":0.0,"enemies":"Slavers","floor":25.0,"turns":10.0},{"damage":0.0,"enemies":"Gremlin Leader","floor":30.0,"turns":5.0},{"damage":0.0,"enemies":"Snecko","floor":31.0,"turns":5.0},{"damage":0.0,"enemies":"Collector","floor":33.0,"turns":8.0},{"damage":0.0,"enemies":"3 Darklings","floor":35.0,"turns":9.0},{"damage":1.0,"enemies":"3 Shapes","floor":37.0,"turns":5.0},{"damage":20.0,"enemies":"Spire Growth","floor":38.0,"turns":4.0},{"damage":0.0,"enemies":"Jaw Worm Horde","floor":39.0,"turns":6.0},{"damage":29.0,"enemies":"Reptomancer","floor":40.0,"turns":6.0},{"damage":10.0,"enemies":"Nemesis","floor":42.0,"turns":5.0},{"damage":9.0,"enemies":"Reptomancer","floor":44.0,"turns":5.0},{"damage":10.0,"enemies":"Giant Head","floor":46.0,"turns":7.0},{"damage":0.0,"enemies":"3 Darklings","floor":48.0,"turns":4.0},{"damage":0,"enemies":"Time Eater","floor":50,"turns":7},{"damage":0,"enemies":"Shield and Spear","floor":54,"turns":4},{"damage":26,"enemies":"The Heart","floor":55,"turns":11}],"seed_played":"-1076605700318478997","potions_obtained":[{"floor":4.0,"key":"CultistPotion"},{"floor":7.0,"key":"Swift Potion"},{"floor":8.0,"key":"EssenceOfDarkness"},{"floor":8.0,"key":"CultistPotion"},{"floor":18.0,"key":"EssenceOfSteel"},{"floor":19.0,"key":"SkillPotion"},{"floor":21.0,"key":"PowerPotion"},{"floor":37.0,"key":"Regen Potion"},{"floor":40.0,"key":"SteroidPotion"},{"floor":54,"key":"DistilledChaos"}],"is_trial":false,"path_per_floor":["M","?","?","M","M","R","E","?","T","M","$","E","R","?","R","B",null,"M","M","$","M","M","E","?","E","T","?","R","R","E","M","R","B",null,"M","?","M","M","M","E","R","E","T","E","R","E","$","M","R","B",null,"R","$","E","B",null],"character_chosen":"DEFECT","items_purchased":["Cold Snap","Static Discharge","Genetic Algorithm","Mummified Hand","Glacier","OrangePellets","SteroidPotion","LiquidMemories","Block Potion"],"campfire_rested":2,"item_purchase_floors":[11,11,20,20,47,47,47,47,47],"current_hp_per_floor":[71,71,68,68,68,68,26,26,26,24,24,24,24,13,35,28,75,72,71,71,64,54,45,45,45,45,45,45,45,45,45,45,45,75,75,65,64,44,44,30,52,52,52,53,53,55,55,67,67,77,79,79,79,79,63],"gold":58,"neow_bonus":"BOSS_RELIC","is_daily":false,"chose_seed":false,"campfire_upgraded":7,"win_rate":0.0,"timestamp":1607880506,"path_taken":["M","?","?","M","M","R","E","?","T","?","$","E","R","?","R","BOSS","M","M","$","M","M","E","?","E","T","?","R","R","E","M","R","BOSS","M","?","M","M","M","E","R","E","T","E","R","E","$","M","R","BOSS","R","$","E","BOSS"],"items_purchased_type":["Card","Card","Card","Relic","Card","Relic","Potion","Potion","Potion"],"build_version":"2020-11-30","purchased_purges":1,"victory":true,"max_hp_per_floor":[75,75,75,75,75,75,75,75,75,75,75,75,75,75,75,75,75,75,75,75,75,75,75,75,75,75,75,75,75,75,75,75,75,75,75,75,75,75,75,75,75,75,75,75,75,77,77,79,79,79,79,79,79,79,79],"relic_stats":{"Inserter":[79],"Happy Flower":[30],"Singing Bowl":4,"counters":[28,158],"CeramicFish":18,"Bag of Preparation":[44],"Juzu Bracelet":0,"Whetstone":["Core Surge","Strike_B"],"War Paint":["Dualcast","Coolheaded"],"Cursed Key":1,"OrangePellets":[9],"Sundial":[26],"Mummified Hand":[77],"Bronze Scales":[410],"Kunai":[11],"obtain_stats":[{"Inserter":0,"Happy Flower":26,"Singing Bowl":46,"CeramicFish":44,"Bag of Preparation":12,"Juzu Bracelet":40,"Whetstone":30,"War Paint":43,"Ancient Tea Set":26,"Cursed Key":34,"Akabeko":3,"Du-Vu Doll":54,"OrangePellets":47,"Matryoshka":23,"Sundial":9,"Mummified Hand":20,"Bronze Scales":25,"Philosopher\u0027s Stone":17,"WingedGreaves":24,"Bag of Marbles":7,"Kunai":42,"Cracked Core":0},{"Inserter":0,"Happy Flower":13,"Singing Bowl":24,"CeramicFish":23,"Bag of Preparation":6,"Juzu Bracelet":21,"Whetstone":14,"War Paint":22,"Ancient Tea Set":13,"Cursed Key":16,"Akabeko":1,"Du-Vu Doll":27,"OrangePellets":24,"Matryoshka":12,"Sundial":4,"Mummified Hand":9,"Bronze Scales":13,"Philosopher\u0027s Stone":7,"WingedGreaves":12,"Bag of Marbles":4,"Kunai":22,"Cracked Core":0},{"Inserter":0,"Happy Flower":67,"Singing Bowl":132,"CeramicFish":125,"Bag of Preparation":23,"Juzu Bracelet":115,"Whetstone":72,"War Paint":120,"Ancient Tea Set":67,"Cursed Key":85,"Akabeko":5,"Du-Vu Doll":147,"OrangePellets":132,"Matryoshka":57,"Sundial":15,"Mummified Hand":40,"Bronze Scales":67,"Philosopher\u0027s Stone":33,"WingedGreaves":57,"Bag of Marbles":15,"Kunai":120,"Cracked Core":0}]},"card_choices":[{"not_picked":["Go for the Eyes","Gash"],"picked":"Barrage","floor":1.0},{"not_picked":["Gash","Storm"],"picked":"Chaos","floor":4.0},{"not_picked":["Steam","Reinforced Body","Multi-Cast"],"picked":"SKIP","floor":5.0},{"not_picked":["Stack","Barrage"],"picked":"Coolheaded","floor":7.0},{"not_picked":["Streamline","Beam Cell"],"picked":"Undo","floor":10.0},{"not_picked":["Scrape","Barrage"],"picked":"Chill","floor":12.0},{"not_picked":["Meteor Strike","Multi-Cast"],"picked":"Core Surge","floor":16.0},{"not_picked":["Beam Cell","Redo"],"picked":"Compile Driver+1","floor":18.0},{"not_picked":["Compile Driver+1","Heatsinks"],"picked":"Coolheaded","floor":19.0},{"not_picked":["Rainbow","Redo+1"],"picked":"Defragment","floor":21.0},{"not_picked":["Coolheaded","Double Energy","Steam"],"picked":"SKIP","floor":22.0},{"not_picked":["Reinforced Body+1","Compile Driver"],"picked":"Coolheaded+1","floor":23.0},{"not_picked":["FTL","Conserve Battery","Chill"],"picked":"SKIP","floor":25.0},{"not_picked":["Ball Lightning","Sunder","Go for the Eyes"],"picked":"SKIP","floor":30.0},{"not_picked":["Steam","Rip and Tear","Gash"],"picked":"SKIP","floor":31.0},{"not_picked":["Amplify","Fission"],"picked":"Echo Form","floor":33.0},{"not_picked":["Compile Driver","Force Field","Turbo+1"],"picked":"SKIP","floor":35.0},{"not_picked":["Purity","Mayhem"],"picked":"Master of Strategy","floor":36.0},{"not_picked":["Discovery","Mind Blast"],"picked":"Trip","floor":36.0},{"not_picked":["Conserve Battery+1","FTL"],"picked":"Double Energy+1","floor":37.0},{"not_picked":["Steam","Gash","Force Field+1"],"picked":"SKIP","floor":38.0},{"not_picked":["Compile Driver+1","Steam+1"],"picked":"Biased Cognition","floor":39.0},{"not_picked":["Machine Learning","Coolheaded"],"picked":"Self Repair+1","floor":40.0},{"not_picked":["Turbo","Sunder","Sweeping Beam+1"],"picked":"SKIP","floor":42.0},{"not_picked":["Auto Shields+1","Streamline","Leap"],"picked":"SKIP","floor":44.0},{"not_picked":["BootSequence+1","Lockon+1","Auto Shields+1"],"picked":"Singing Bowl","floor":46.0},{"not_picked":["Compile Driver","Gash+1","Cold Snap"],"picked":"Singing Bowl","floor":48.0},{"not_picked":["Turbo+1","White Noise"],"picked":"Glacier","floor":54}],"player_experience":193543,"relics_obtained":[{"floor":7.0,"key":"Bag of Marbles"},{"floor":9.0,"key":"Sundial"},{"floor":12.0,"key":"Bag of Preparation"},{"floor":23.0,"key":"Matryoshka"},{"floor":25.0,"key":"Bronze Scales"},{"floor":26.0,"key":"Happy Flower"},{"floor":26.0,"key":"Ancient Tea Set"},{"floor":30.0,"key":"Whetstone"},{"floor":40.0,"key":"Juzu Bracelet"},{"floor":42.0,"key":"Kunai"},{"floor":43.0,"key":"War Paint"},{"floor":44.0,"key":"CeramicFish"},{"floor":46.0,"key":"Singing Bowl"},{"floor":54,"key":"Du-Vu Doll"}],"event_choices":[{"damage_healed":0.0,"max_hp_gain":0.0,"max_hp_loss":0.0,"gold_gain":0.0,"cards_transformed":["Strike_B"],"event_name":"Living Wall","player_choice":"Change","floor":2.0,"gold_loss":0.0,"damage_taken":0.0,"cards_obtained":["Skim"]},{"damage_healed":0.0,"max_hp_gain":0.0,"max_hp_loss":0.0,"gold_gain":0.0,"event_name":"Scrap Ooze","player_choice":"Success","floor":3.0,"gold_loss":0.0,"damage_taken":3.0,"relics_obtained":["Akabeko"]},{"damage_healed":0.0,"max_hp_gain":0.0,"max_hp_loss":0.0,"gold_gain":0.0,"event_name":"The Woman in Blue","player_choice":"Bought 2 Potions","floor":8.0,"gold_loss":0.0,"damage_taken":0.0},{"damage_healed":0.0,"max_hp_gain":0.0,"max_hp_loss":0.0,"gold_gain":75.0,"event_name":"World of Goop","player_choice":"Gather Gold","floor":14.0,"gold_loss":0.0,"damage_taken":11.0},{"damage_healed":0.0,"max_hp_gain":0.0,"max_hp_loss":0.0,"gold_gain":0.0,"event_name":"The Mausoleum","player_choice":"Opened","floor":24.0,"gold_loss":0.0,"damage_taken":0.0,"relics_obtained":["WingedGreaves"]},{"damage_healed":0.0,"max_hp_gain":0.0,"max_hp_loss":0.0,"gold_gain":0.0,"cards_transformed":["Strike_B","Strike_B"],"event_name":"Drug Dealer","player_choice":"Became Test Subject","floor":27.0,"gold_loss":0.0,"damage_taken":0.0,"cards_obtained":["Rebound","Streamline"]},{"damage_healed":0.0,"max_hp_gain":0.0,"max_hp_loss":0.0,"gold_gain":0.0,"event_name":"SensoryStone","player_choice":"Memory 3","floor":36.0,"gold_loss":0.0,"damage_taken":10.0}],"is_beta":false,"boss_relics":[{"not_picked":["Empty Cage","SlaversCollar"],"picked":"Philosopher\u0027s Stone"},{"not_picked":["Black Star","SacredBark"],"picked":"Cursed Key"}],"items_purged_floors":[47],"is_endless":false,"potions_floor_spawned":[4,7,18,19,21,37,40,54],"ascension_level":4}}