{"host":"llpusn9usp8rznkj","time":1607839679,"event":{"mods":["2.2 Compatiblity","BaseMod","Colored Map","Colored Powertips","Conspire","Downfall","Hubris","Minty Spire (QoL Compilation)","Rare Cards Sparkle","Replay The Spire","StSLib","The Cursed"],"gold_per_floor":[119,62,62,78,95,120,120,120,120],"floor_reached":8,"playtime":357,"items_purged":[],"score":112,"play_id":"1cafc3e5-4d50-4a03-b77f-c73d65638c25","local_time":"20201213010759","is_ascension_mode":true,"campfire_choices":[{"data":"Neutralize","floor":7,"key":"SMITH"}],"circlet_count":0,"master_deck":["AscendersBane","Strike_G","Strike_G","Strike_G","Strike_G","Strike_G","Defend_G","Defend_G","Defend_G","Defend_G","Defend_G","Survivor","Neutralize+1","Poison Darts+1","Flying Knee","Deadly Poison","Poisoned Stab","Prepared"],"relics":["Ring of the Snake","hubris:TenFootPole"],"acts_visited":["Exordium"],"potions_floor_usage":[5,8,8],"damage_taken":[{"damage":15,"enemies":"Small Slimes","floor":1,"turns":4},{"damage":0,"enemies":"Cultist","floor":4,"turns":3},{"damage":0,"enemies":"2 Louse","floor":5,"turns":2},{"damage":41,"enemies":"Gremlin Nob","floor":6,"turns":4},{"damage":5,"enemies":"3 Sentries","floor":8,"turns":2}],"seed_played":"-8172808533974551014","potions_obtained":[{"floor":1,"key":"Adrenaline Potion"},{"floor":5,"key":"sneckomod:MuddlingPotion"},{"floor":6,"key":"Block Potion"}],"is_trial":false,"path_per_floor":["M","$","?","M","M","E","R","E"],"character_chosen":"THE_SILENT","items_purchased":["Deadly Poison"],"campfire_rested":0,"item_purchase_floors":[2],"current_hp_per_floor":[44,44,44,44,44,3,3,0,0],"gold":120,"neow_bonus":"ONE_RANDOM_RARE_CARD","is_daily":false,"chose_seed":false,"campfire_upgraded":1,"win_rate":0.0,"timestamp":1607839679,"path_taken":["M","$","?","M","M","E","R","E"],"items_purchased_type":["Card"],"build_version":"2020-11-30","purchased_purges":0,"victory":false,"max_hp_per_floor":[66,66,66,66,66,66,66,66,66],"card_choices":[{"not_picked":["Well Laid Plans","Cloak And Dagger"],"picked":"Flying Knee","floor":1},{"not_picked":["Skewer","Underhanded Strike"],"picked":"Poisoned Stab","floor":4},{"not_picked":["Cloak And Dagger","Flying Knee","Unload"],"picked":"SKIP","floor":5},{"not_picked":["Acrobatics","Dagger Throw"],"picked":"Prepared","floor":6}],"player_experience":916546,"relics_obtained":[{"floor":6,"key":"hubris:TenFootPole"}],"event_choices":[{"damage_healed":0,"gold_gain":0,"player_choice":"Upgraded","damage_taken":0,"max_hp_gain":0,"max_hp_loss":0,"event_name":"Upgrade Shrine","floor":3,"gold_loss":0,"cards_upgraded":["Poison Darts"]}],"is_beta":false,"boss_relics":[],"items_purged_floors":[],"is_endless":false,"potions_floor_spawned":[1,5,6],"killed_by":"3 Sentries","ascension_level":20}}