{"host":"jtxptf9isiqyc7jm","time":1607880491,"event":{"mods":["Act Like it!","BaseMod","Bestiary","BetterRewards","Colored Powertips","Custom Start","Downfall","Friendly Minions","Hermit","Hubris","Infinite Spire","Jorbs\u0027s Wanderer Trilogy","Kiyohime????","Koishi","Lobotomy","Marisa????????","Minty Spire (QoL Compilation)","Prisma Mod","Remilia??????","Replay The Spire","Shop Mod","StSLib","The Construct","The Cursed","The Disciple","The Hierophant","The Jungle","The Runesmith","The Senshi","The Servant 0.9.4"],"gold_per_floor":[118,118,118,178,189,223,273,306,353,353,403,403,431,353,353,353,353],"floor_reached":16,"playtime":715,"items_purged":[],"score":116,"play_id":"55948923-49e5-4183-be17-0a15302c75ee","local_time":"20201213172811","is_ascension_mode":false,"campfire_choices":[{"floor":10,"key":"REST"},{"floor":12,"key":"REST"},{"floor":15,"key":"REST"}],"circlet_count":0,"master_deck":["Runesmith:Strike_RS","Runesmith:Strike_RS","Runesmith:Strike_RS","Runesmith:Strike_RS","Runesmith:Defend_RS","Runesmith:Defend_RS","Runesmith:Defend_RS","Runesmith:Defend_RS","Runesmith:CraftFirestone","Runesmith:Fortify","Runesmith:GrandSlam","Runesmith:UnstableHammer","Runesmith:Grindstone","Runesmith:CraftReservo","Runesmith:HeatedChisel","Runesmith:DoubleUp","Runesmith:BackupBattery","Runesmith:CraftSpiculum"],"relics":["Runesmith:BrokenRuby","SsserpentHead","Matryoshka","hubris:Icosahedron","hubris:TenFootPole","Potion Belt","MealTicket","hubris:Metronome","Happy Flower"],"acts_visited":["Exordium"],"potions_floor_usage":[16,16],"damage_taken":[{"damage":0,"enemies":"Small Slimes","floor":1,"turns":4},{"damage":0,"enemies":"Jaw Worm","floor":4,"turns":4},{"damage":0,"enemies":"Cultist","floor":5,"turns":4},{"damage":23,"enemies":"Lagavulin","floor":6,"turns":7},{"damage":16,"enemies":"Replay:BlueRogue","floor":8,"turns":5},{"damage":34,"enemies":"Gremlin Nob","floor":13,"turns":5},{"damage":72,"enemies":"Hexaghost","floor":16,"turns":11}],"seed_played":"-192941501483300133","potions_obtained":[{"floor":8,"key":"hexamod:EctoCoolerPotion"},{"floor":13,"key":"Strength Potion"}],"is_trial":false,"path_per_floor":["M","?","?","M","M","E","?","E","T","R","?","R","E","$","R","B"],"character_chosen":"RUNESMITH_CLASS","items_purchased":["Runesmith:CraftSpiculum"],"campfire_rested":3,"item_purchase_floors":[14],"current_hp_per_floor":[70,70,70,70,70,47,47,31,31,52,52,70,36,51,70,0,0],"gold":353,"neow_bonus":"ONE_RANDOM_RARE_CARD","is_daily":false,"chose_seed":false,"campfire_upgraded":0,"win_rate":0.0,"timestamp":1607880491,"path_taken":["M","?","?","?","M","E","?","E","T","R","?","R","E","$","R","BOSS"],"items_purchased_type":["Card"],"build_version":"2020-11-30","purchased_purges":0,"victory":false,"max_hp_per_floor":[70,70,70,70,70,70,70,70,70,70,70,70,70,70,70,70,70],"card_choices":[{"not_picked":["Runesmith:Augment","Runesmith:MakeshiftArmor"],"picked":"Runesmith:UnstableHammer","floor":1},{"not_picked":["Runesmith:Malloc","Runesmith:EarthShield"],"picked":"Runesmith:Grindstone","floor":4},{"not_picked":["Runesmith:PerfectChisel","Runesmith:RuneHurl"],"picked":"Runesmith:CraftReservo","floor":5},{"not_picked":["Runesmith:Augment","Runesmith:MakeshiftArmor"],"picked":"Runesmith:HeatedChisel","floor":6},{"not_picked":["Runesmith:Grindstone","Runesmith:Overpower"],"picked":"Runesmith:DoubleUp","floor":8},{"not_picked":["Runesmith:HeatExchange","Runesmith:Superposition"],"picked":"Runesmith:BackupBattery","floor":13}],"player_experience":81761,"relics_obtained":[{"floor":6,"key":"Matryoshka"},{"floor":8,"key":"hubris:TenFootPole"},{"floor":9,"key":"Potion Belt"},{"floor":9,"key":"MealTicket"},{"floor":11,"key":"hubris:Metronome"},{"floor":13,"key":"Happy Flower"}],"event_choices":[{"damage_healed":0,"gold_gain":0,"player_choice":"Leave","damage_taken":0,"max_hp_gain":0,"max_hp_loss":0,"event_name":"The Cleric","floor":2,"gold_loss":0},{"damage_healed":0,"gold_gain":0,"player_choice":"Trade","damage_taken":0,"relics_obtained":["SsserpentHead"],"max_hp_gain":0,"max_hp_loss":0,"event_name":"FaceTrader","floor":3,"gold_loss":0}],"is_beta":false,"boss_relics":[],"items_purged_floors":[],"is_endless":false,"potions_floor_spawned":[8,13],"killed_by":"Hexaghost","ascension_level":0}}