{"host":"Sumable","time":1607890520,"event":{"mods":["AchievementEnabler","BaseMod","Better Note","BetterRewards","Googly Eyes","Hermit","Minty Spire (QoL Compilation)","Quick Restart","Shop Mod","StSLib","The Cursed","everything is the same but u backflip on backflip","slay the spire mod where everything is the same but ironclad has a cowboy hat"],"gold_per_floor":[119,119,134,147,159,86,86,119,199,214,214,231,231,231,231,333,333,351,366,391,59,79,79,110,110,137,160,192,204,241,265,277,289,289],"floor_reached":33,"playtime":1942,"items_purged":[],"score":511,"play_id":"b631ff3d-8199-4ac2-b2f1-416ad9c47c25","local_time":"20201213131520","is_ascension_mode":true,"campfire_choices":[{"floor":7.0,"key":"REST"},{"floor":11,"key":"REST"},{"floor":13,"key":"REST"},{"floor":15,"key":"REST"},{"floor":23,"key":"REST"},{"floor":25,"key":"REST"},{"floor":29,"key":"REST"},{"floor":32,"key":"REST"}],"circlet_count":0,"master_deck":["Strike_G","Strike_G+1","Strike_G","Strike_G","Strike_G+1","Defend_G","Defend_G","Defend_G","Defend_G","Defend_G","Survivor","Neutralize","Metamorphosis","Riddle With Holes+1","Quick Slash+1","Dagger Spray+1","Flying Knee+1","Infinite Blades","Acrobatics","Flying Knee+1","Malaise","Backflip","Dagger Throw+1","Malaise","Flying Knee+1","Footwork","Backflip+1","Flying Knee+1","Outmaneuver"],"relics":["Ring of the Snake","Molten Egg 2","Incense Burner","Question Card","Busted Crown","Sling","Lantern","MawBank","Whetstone"],"acts_visited":["TheCity"],"potions_floor_usage":[10,16,16,16,16,18,19,22,22,30,33],"damage_taken":[{"damage":13.0,"enemies":"2 Louse","floor":1.0,"turns":2.0},{"damage":4.0,"enemies":"Jaw Worm","floor":3.0,"turns":2.0},{"damage":1.0,"enemies":"Cultist","floor":4.0,"turns":3.0},{"damage":4.0,"enemies":"Blue Slaver","floor":5.0,"turns":2.0},{"damage":46.0,"enemies":"Lagavulin","floor":8.0,"turns":6.0},{"damage":12,"enemies":"Gremlin Gang","floor":10,"turns":3},{"damage":1,"enemies":"Red Slaver","floor":12,"turns":4},{"damage":35,"enemies":"Hexaghost","floor":16,"turns":9},{"damage":7,"enemies":"2 Thieves","floor":18,"turns":3},{"damage":1,"enemies":"Spheric Guardian","floor":19,"turns":3},{"damage":7,"enemies":"Cultist and Chosen","floor":22,"turns":7},{"damage":27,"enemies":"Book of Stabbing","floor":24,"turns":5},{"damage":7,"enemies":"Snake Plant","floor":27,"turns":6},{"damage":16,"enemies":"Sentry and Sphere","floor":28,"turns":4},{"damage":23,"enemies":"Slavers","floor":30,"turns":4},{"damage":29,"enemies":"Shelled Parasite and Fungi","floor":31,"turns":5},{"damage":66,"enemies":"Automaton","floor":33,"turns":6}],"seed_played":"116253319297208904","potions_obtained":[{"floor":3.0,"key":"CunningPotion"},{"floor":8.0,"key":"Swift Potion"},{"floor":12,"key":"Block Potion"},{"floor":14,"key":"EntropicBrew"},{"floor":14,"key":"DuplicationPotion"},{"floor":16,"key":"Ancient Potion"},{"floor":18,"key":"Explosive Potion"},{"floor":27,"key":"Energy Potion"},{"floor":31,"key":"FearPotion"}],"is_trial":false,"path_per_floor":["M","?","M","M","M","$","R","E","T","M","R","M","R","?","R","B",null,"M","M","T","$","M","R","E","R","T","M","M","R","E","M","R","B"],"character_chosen":"THE_SILENT","items_purchased":["Molten Egg 2","Infinite Blades","Malaise","PowerPotion","Sling"],"campfire_rested":8,"item_purchase_floors":[0,6,21,21,21],"current_hp_per_floor":[47,47,43,42,38,38,59,13,13,1,22,21,42,42,63,28,60,53,52,52,52,45,66,39,60,60,53,37,58,35,6,27,0,0],"gold":289,"neow_bonus":"","is_daily":false,"chose_seed":false,"campfire_upgraded":0,"win_rate":0.0,"timestamp":1607890520,"path_taken":["M","?","M","M","M","?","R","E","T","M","R","?","R","?","R","BOSS","M","?","?","$","M","R","E","R","T","M","M","R","E","?","R","BOSS"],"items_purchased_type":["Relic","Card","Card","Potion","Relic"],"build_version":"2020-12-07","purchased_purges":0,"victory":false,"max_hp_per_floor":[70,70,70,70,70,70,70,70,70,70,70,70,70,70,70,70,70,70,70,70,70,70,70,70,70,70,70,70,70,70,70,70,70,70],"card_choices":[{"not_picked":["Deflect","Eviscerate+1"],"picked":"Riddle With Holes+1","floor":1.0},{"not_picked":["Distraction","Expertise"],"picked":"Quick Slash+1","floor":3.0},{"not_picked":["Dagger Throw+1","After Image"],"picked":"Dagger Spray+1","floor":4.0},{"not_picked":["Backflip","Bane+1"],"picked":"Flying Knee+1","floor":5.0},{"not_picked":["Riddle With Holes+1","Setup","Crippling Poison"],"picked":"SKIP","floor":8.0},{"not_picked":["Slice+1","Skewer+1","Outmaneuver"],"picked":"Acrobatics","floor":10},{"not_picked":["Sucker Punch+1","Dodge and Roll","Deadly Poison"],"picked":"Flying Knee+1","floor":12},{"not_picked":["A Thousand Cuts","Wraith Form v2","Glass Knife+1"],"picked":"Malaise","floor":16},{"not_picked":["Blade Dance"],"picked":"Backflip","floor":18},{"not_picked":["Calculated Gamble"],"picked":"Dagger Throw+1","floor":19},{"not_picked":["Sucker Punch+1"],"picked":"Flying Knee+1","floor":22},{"not_picked":["Doppelganger"],"picked":"Footwork","floor":24},{"not_picked":["Sucker Punch+1"],"picked":"Backflip+1","floor":27},{"not_picked":["Dagger Throw+1"],"picked":"Flying Knee+1","floor":28},{"not_picked":["Dodge and Roll","Sucker Punch+1"],"picked":"SKIP","floor":30},{"not_picked":["Well Laid Plans","Outmaneuver"],"picked":"SKIP","floor":31},{"not_picked":["Well Laid Plans"],"picked":"Outmaneuver","floor":31}],"player_experience":952089,"relics_obtained":[{"floor":8.0,"key":"Incense Burner"},{"floor":9.0,"key":"Question Card"},{"floor":24,"key":"Lantern"},{"floor":26,"key":"MawBank"},{"floor":30,"key":"Whetstone"}],"event_choices":[{"damage_healed":0.0,"max_hp_gain":0.0,"max_hp_loss":0.0,"gold_gain":0.0,"event_name":"Golden Wing","player_choice":"Ignored","floor":2.0,"gold_loss":0.0,"damage_taken":0.0},{"damage_healed":0,"gold_gain":0,"player_choice":"Got Potions","damage_taken":0,"max_hp_gain":0,"max_hp_loss":0,"event_name":"Lab","floor":14,"gold_loss":0}],"is_beta":true,"boss_relics":[{"not_picked":["Empty Cage","Pandora\u0027s Box"],"picked":"Busted Crown"}],"items_purged_floors":[],"is_endless":false,"potions_floor_spawned":[3,8,12,16,18,27,31],"killed_by":"Automaton","ascension_level":5}}