{"host":"t7mx8yfj1no5p62f","time":1607837389,"event":{"mods":["BaseMod","Colored Map","Colored Powertips","Minty Spire (QoL Compilation)","Relic Stats","StSLib"],"gold_per_floor":[115,115,125,144,144,144,144],"floor_reached":6,"playtime":105,"items_purged":[],"score":72,"play_id":"39ebda24-8573-45e6-a4a3-10c6bbb4b8b6","local_time":"20201213002949","is_ascension_mode":true,"campfire_choices":[],"circlet_count":0,"master_deck":["AscendersBane","Strike_G","Strike_G","Strike_G","Strike_G","Defend_G","Defend_G","Defend_G","Defend_G","Defend_G","Survivor","Neutralize","Dagger Spray","Poisoned Stab","Backstab"],"relics":["Ring of the Snake","NeowsBlessing","Shuriken"],"acts_visited":["Exordium"],"potions_floor_usage":[6],"damage_taken":[{"damage":0,"enemies":"2 Louse","floor":1,"turns":1},{"damage":0,"enemies":"Cultist","floor":3,"turns":1},{"damage":0,"enemies":"Small Slimes","floor":4,"turns":1},{"damage":41,"enemies":"Lagavulin","floor":6,"turns":8}],"seed_played":"-4257323644664214307","potions_obtained":[{"floor":1,"key":"SmokeBomb"},{"floor":3,"key":"GhostInAJar"}],"is_trial":false,"path_per_floor":["M","?","M","M","?","E"],"character_chosen":"THE_SILENT","items_purchased":[],"campfire_rested":0,"item_purchase_floors":[],"current_hp_per_floor":[59,59,59,59,33,0,0],"gold":144,"neow_bonus":"THREE_ENEMY_KILL","is_daily":false,"chose_seed":false,"campfire_upgraded":0,"win_rate":0.0,"timestamp":1607837389,"path_taken":["M","?","?","?","?","E"],"items_purchased_type":[],"build_version":"2020-11-30","purchased_purges":0,"victory":false,"max_hp_per_floor":[66,66,66,66,66,66,66],"relic_stats":{"counters":[4,11],"Shuriken":[4],"obtain_stats":[{"NeowsBlessing":0,"Shuriken":5,"Ring of the Snake":0},{"NeowsBlessing":0,"Shuriken":3,"Ring of the Snake":0},{"NeowsBlessing":0,"Shuriken":3,"Ring of the Snake":0}],"Ring of the Snake":[8]},"card_choices":[{"not_picked":["Skewer","Slice"],"picked":"Dagger Spray","floor":1},{"not_picked":["Underhanded Strike","Prepared"],"picked":"Poisoned Stab","floor":3},{"not_picked":["Catalyst","Flying Knee"],"picked":"Backstab","floor":4}],"player_experience":1539609,"relics_obtained":[],"event_choices":[{"cards_removed":["Strike_G"],"damage_healed":0,"gold_gain":0,"player_choice":"Offered Basic","damage_taken":0,"max_hp_gain":0,"max_hp_loss":0,"event_name":"Bonfire Elementals","floor":2,"gold_loss":0},{"damage_healed":0,"gold_gain":0,"player_choice":"Success","damage_taken":26,"relics_obtained":["Shuriken"],"max_hp_gain":0,"max_hp_loss":0,"event_name":"Scrap Ooze","floor":5,"gold_loss":0}],"is_beta":false,"boss_relics":[],"items_purged_floors":[],"is_endless":false,"potions_floor_spawned":[1,3],"killed_by":"Lagavulin","ascension_level":20}}