{"host":"ih7ofq2zpufcoifs","time":1607840848,"event":{"mods":["BaseMod","Colored Map","Minty Spire (QoL Compilation)"],"gold_per_floor":[113,131,81,32,50,79,79,79,79,96,96,128,13,45,45,146,146,163,180,180,193,193,228,5,33,33,7,23,23,53,53,53,148,148,163,175,175,190,203,238,238,271,271,3,3,33,63,113,113,113,113,113,10,38,38],"floor_reached":56,"playtime":5068,"items_purged":["Strike_B","Strike_B+1","Pain"],"score":2292,"play_id":"dc49a4ca-bc28-4236-92f4-3e23a29ed1de","local_time":"20201213162728","is_ascension_mode":true,"campfire_choices":[{"floor":7.0,"key":"REST"},{"data":"Darkness","floor":15.0,"key":"SMITH"},{"data":"Biased Cognition","floor":29,"key":"SMITH"},{"data":"Capacitor","floor":32,"key":"SMITH"},{"floor":41,"key":"RECALL"},{"data":"Steam Power","floor":49,"key":"SMITH"},{"floor":52,"key":"REST"}],"circlet_count":0,"master_deck":["AscendersBane","Strike_B+1","Strike_B+1","Defend_B+1","Defend_B+1","Defend_B+1","Zap","Dualcast","Cold Snap","Rebound","Streamline","Ball Lightning","Undo","Steam Power+1","Darkness+1","Undo","Rainbow+1","Biased Cognition+1","Aggregate+1","Leap+1","Hologram+1","Turbo+1","Capacitor+1","Coolheaded+1","Consume+1","Darkness+1","Core Surge","Coolheaded+1","Chaos+1","Aggregate+1","Seek+1","Seek+1","PanicButton+1","Deep Breath+1","Loop+1","Core Surge","Chaos+1"],"relics":["Cursed Key","Calipers","Bag of Marbles","Toxic Egg 2","Black Star","StrikeDummy","FossilizedHelix","Lee\u0027s Waffle","Lizard Tail","Singing Bowl","InkBottle","WingedGreaves","Strawberry","Runic Pyramid","Bottled Flame","Bottled Lightning","Gambling Chip","Torii","Membership Card","Ancient Tea Set","DataDisk","Happy Flower","Centennial Puzzle","Emotion Chip","Pen Nib","Art of War"],"acts_visited":["Exordium","TheCity","TheBeyond","TheEnding"],"potions_floor_usage":[55,55],"damage_taken":[{"damage":12.0,"enemies":"Jaw Worm","floor":1.0,"turns":3.0},{"damage":0.0,"enemies":"Cultist","floor":2.0,"turns":4.0},{"damage":0.0,"enemies":"2 Louse","floor":5.0,"turns":2.0},{"damage":27.0,"enemies":"3 Sentries","floor":6.0,"turns":6.0},{"damage":6.0,"enemies":"Exordium Thugs","floor":10.0,"turns":4.0},{"damage":11.0,"enemies":"Lagavulin","floor":12.0,"turns":7.0},{"damage":3.0,"enemies":"Gremlin Nob","floor":14.0,"turns":3.0},{"damage":31.0,"enemies":"Slime Boss","floor":16.0,"turns":7.0},{"damage":9.0,"enemies":"Shell Parasite","floor":18.0,"turns":4.0},{"damage":0.0,"enemies":"Spheric Guardian","floor":19.0,"turns":3.0},{"damage":3.0,"enemies":"Snake Plant","floor":21.0,"turns":4.0},{"damage":28.0,"enemies":"Book of Stabbing","floor":23.0,"turns":7.0},{"damage":0.0,"enemies":"Gremlin Leader","floor":25.0,"turns":8.0},{"damage":0,"enemies":"Cultist and Chosen","floor":28,"turns":5},{"damage":14,"enemies":"Book of Stabbing","floor":30,"turns":5},{"damage":8,"enemies":"Automaton","floor":33,"turns":10},{"damage":0,"enemies":"3 Shapes","floor":35,"turns":5},{"damage":8,"enemies":"3 Darklings","floor":36,"turns":6},{"damage":0,"enemies":"Sphere and 2 Shapes","floor":38,"turns":5},{"damage":0,"enemies":"Maw","floor":39,"turns":7},{"damage":16,"enemies":"Reptomancer","floor":40,"turns":6},{"damage":0,"enemies":"Giant Head","floor":42,"turns":7},{"damage":0,"enemies":"Nemesis","floor":46,"turns":5},{"damage":0,"enemies":"Reptomancer","floor":47,"turns":5},{"damage":0,"enemies":"Mind Bloom Boss Battle","floor":48,"turns":4},{"damage":6,"enemies":"Awakened One","floor":50,"turns":10},{"damage":0,"enemies":"Shield and Spear","floor":54,"turns":5},{"damage":1,"enemies":"The Heart","floor":55,"turns":9}],"seed_played":"-7385130125276518145","potions_obtained":[{"floor":5.0,"key":"Strength Potion"},{"floor":10.0,"key":"SneckoOil"},{"floor":12.0,"key":"LiquidMemories"},{"floor":19.0,"key":"Weak Potion"},{"floor":20.0,"key":"LiquidBronze"},{"floor":25.0,"key":"Weak Potion"},{"floor":36,"key":"SpeedPotion"},{"floor":38,"key":"Energy Potion"},{"floor":48,"key":"Ancient Potion"}],"is_trial":false,"path_per_floor":["M","M","?","$","M","E","R","?","T","M","?","E","$","E","R","B",null,"M","M","?","M","?","E","$","E","T","$","M","R","E","?","R","B",null,"M","M","?","M","M","E","R","E","T","$","?","E","E","?","R","B",null,"R","$","E","B",null],"character_chosen":"DEFECT","items_purchased":["Streamline","Undo","Capacitor","Lee\u0027s Waffle","Coolheaded+1","Membership Card","Seek+1","Chaos+1"],"campfire_rested":2,"item_purchase_floors":[4,13,24,24,27,44,44,53],"current_hp_per_floor":[56,56,56,56,56,29,51,75,75,69,69,58,58,55,55,24,62,53,53,53,50,50,22,82,84,84,84,84,84,70,77,77,69,86,86,80,80,82,82,66,66,66,66,66,58,58,58,60,60,54,88,99,99,101,100],"gold":38,"neow_bonus":"BOSS_RELIC","is_daily":false,"chose_seed":false,"campfire_upgraded":4,"win_rate":0.0,"timestamp":1607840848,"path_taken":["M","M","?","$","M","E","R","?","T","?","?","E","?","E","R","BOSS","M","M","?","?","?","E","?","E","T","$","M","R","E","?","R","BOSS","M","M","?","M","?","E","R","E","T","$","?","E","E","?","R","BOSS","R","$","E","BOSS"],"items_purchased_type":["Card","Card","Card","Relic","Card","Relic","Card","Card"],"build_version":"2020-11-30","purchased_purges":3,"victory":true,"max_hp_per_floor":[75,75,75,75,75,75,75,75,75,75,75,75,75,75,75,75,75,75,75,75,75,75,75,82,84,84,84,84,84,84,91,91,91,91,91,93,93,95,95,95,95,95,95,95,97,97,97,99,99,99,99,99,99,101,101],"card_choices":[{"not_picked":["Go for the Eyes","Hologram"],"picked":"Cold Snap","floor":1.0},{"not_picked":["Barrage","Redo"],"picked":"Rebound","floor":2.0},{"not_picked":["Coolheaded","Go for the Eyes"],"picked":"Ball Lightning","floor":5.0},{"not_picked":["Chill","Darkness"],"picked":"Rip and Tear","floor":6.0},{"not_picked":["Sweeping Beam","Conserve Battery"],"picked":"Undo","floor":10.0},{"not_picked":["Heatsinks","Ball Lightning"],"picked":"Darkness","floor":12.0},{"not_picked":["Turbo+1","Tempest+1"],"picked":"Rainbow+1","floor":14.0},{"not_picked":["All For One","Core Surge"],"picked":"Biased Cognition","floor":16.0},{"not_picked":["Barrage+1","Lockon"],"picked":"Aggregate+1","floor":18.0},{"not_picked":["Force Field+1","Go for the Eyes+1"],"picked":"Leap+1","floor":19.0},{"not_picked":["Streamline","Beam Cell"],"picked":"Hologram+1","floor":21.0},{"not_picked":["Ball Lightning","Amplify+1"],"picked":"Turbo+1","floor":23.0},{"not_picked":["Redo+1","Leap+1","Streamline"],"picked":"Singing Bowl","floor":25.0},{"not_picked":["Tempest+1","Heatsinks"],"picked":"Consume+1","floor":28},{"not_picked":["Melter+1","Aggregate+1"],"picked":"Darkness+1","floor":30},{"not_picked":["Thunder Strike","Rainbow+1"],"picked":"Core Surge","floor":33},{"not_picked":["Barrage","Recycle+1"],"picked":"Coolheaded+1","floor":35},{"not_picked":["Scrape","Conserve Battery+1","Barrage"],"picked":"Singing Bowl","floor":36},{"not_picked":["Heatsinks","Ball Lightning","Stack+1"],"picked":"Singing Bowl","floor":38},{"not_picked":["Go for the Eyes","Steam+1"],"picked":"Chaos+1","floor":39},{"not_picked":["Beam Cell","Redo+1"],"picked":"Aggregate+1","floor":40},{"not_picked":["Streamline","Leap+1"],"picked":"Seek+1","floor":42},{"not_picked":["Violence+1","Sadistic Nature"],"picked":"PanicButton+1","floor":45},{"not_picked":["Panache","Mind Blast"],"picked":"Deep Breath+1","floor":45},{"not_picked":["Bandage Up+1","Madness+1","Forethought+1"],"picked":"Singing Bowl","floor":45},{"not_picked":["Recycle+1","Streamline+1"],"picked":"Loop+1","floor":46},{"not_picked":["Loop","Sweeping Beam"],"picked":"Core Surge","floor":47},{"not_picked":["Doom and Gloom","Steam+1","Beam Cell"],"picked":"Singing Bowl","floor":48},{"not_picked":["Undo+1","Sunder","Ball Lightning"],"picked":"Singing Bowl","floor":54}],"player_experience":297519,"relics_obtained":[{"floor":6.0,"key":"Calipers"},{"floor":12.0,"key":"Bag of Marbles"},{"floor":14.0,"key":"Toxic Egg 2"},{"floor":23.0,"key":"StrikeDummy"},{"floor":23.0,"key":"FossilizedHelix"},{"floor":25.0,"key":"Lizard Tail"},{"floor":25.0,"key":"Singing Bowl"},{"floor":30,"key":"InkBottle"},{"floor":30,"key":"WingedGreaves"},{"floor":40,"key":"Bottled Flame"},{"floor":40,"key":"Bottled Lightning"},{"floor":42,"key":"Gambling Chip"},{"floor":42,"key":"Torii"},{"floor":46,"key":"Ancient Tea Set"},{"floor":46,"key":"DataDisk"},{"floor":47,"key":"Happy Flower"},{"floor":47,"key":"Centennial Puzzle"},{"floor":48,"key":"Emotion Chip"},{"floor":54,"key":"Pen Nib"},{"floor":54,"key":"Art of War"}],"event_choices":[{"cards_removed":["Defend_B"],"damage_healed":0.0,"max_hp_gain":0.0,"max_hp_loss":0.0,"gold_gain":0.0,"event_name":"The Cleric","player_choice":"Card Removal","floor":3.0,"gold_loss":50.0,"damage_taken":0.0},{"cards_removed":["Rip and Tear"],"damage_healed":24.0,"max_hp_gain":0.0,"max_hp_loss":0.0,"gold_gain":0.0,"event_name":"Bonfire Elementals","player_choice":"Offered Uncommon","floor":8.0,"gold_loss":0.0,"damage_taken":0.0},{"damage_healed":0.0,"max_hp_gain":0.0,"max_hp_loss":0.0,"gold_gain":0.0,"event_name":"Match and Keep!","player_choice":"1 cards matched","floor":11.0,"gold_loss":0.0,"damage_taken":0.0,"cards_obtained":["Steam Power"]},{"damage_healed":0.0,"max_hp_gain":0.0,"max_hp_loss":0.0,"gold_gain":0.0,"event_name":"Lab","player_choice":"Got Potions","floor":20.0,"gold_loss":0.0,"damage_taken":0.0},{"damage_healed":0.0,"max_hp_gain":0.0,"max_hp_loss":0.0,"gold_gain":0.0,"event_name":"Back to Basics","player_choice":"Simplicity","floor":22.0,"gold_loss":0.0,"damage_taken":0.0,"cards_upgraded":["Strike_B","Strike_B","Strike_B","Defend_B","Defend_B","Defend_B"]},{"damage_healed":0,"gold_gain":0,"player_choice":"Gave Potion","damage_taken":0,"relics_obtained":["Strawberry"],"max_hp_gain":0,"max_hp_loss":0,"event_name":"WeMeetAgain","floor":31,"gold_loss":0},{"damage_healed":0,"gold_gain":0,"player_choice":"Bought 0 Potions","damage_taken":0,"max_hp_gain":0,"max_hp_loss":0,"event_name":"The Woman in Blue","floor":37,"gold_loss":0},{"damage_healed":0,"gold_gain":0,"player_choice":"Memory 3","damage_taken":10,"max_hp_gain":0,"max_hp_loss":0,"event_name":"SensoryStone","floor":45,"gold_loss":0},{"damage_healed":0,"gold_gain":0,"player_choice":"Fight","damage_taken":0,"max_hp_gain":0,"max_hp_loss":0,"event_name":"MindBloom","floor":48,"gold_loss":0}],"is_beta":false,"boss_relics":[{"not_picked":["Coffee Dripper","Runic Dome"],"picked":"Black Star"},{"not_picked":["Inserter","Velvet Choker"],"picked":"Runic Pyramid"}],"items_purged_floors":[13,44,53],"is_endless":false,"potions_floor_spawned":[5,10,12,16,18,19,25,36,38,39,46,48],"ascension_level":12}}