{"host":"2pgz2fctomabfk86","time":1607834599,"event":{"mods":["AchievementEnabler","BaseMod","Colored Map","DeckTracker","Minty Spire (QoL Compilation)","StSLib","SuperFastMode"],"gold_per_floor":[111,128,147,147,161,161,173,173,173,189,207,207,223,288,288,288,288],"floor_reached":16,"playtime":1143,"items_purged":[],"score":212,"play_id":"1593dd78-f81e-431f-844e-58e83748d83e","local_time":"20201213134319","is_ascension_mode":true,"campfire_choices":[{"data":"Feed","floor":6.0,"key":"SMITH"},{"data":"Whirlwind","floor":8.0,"key":"SMITH"},{"floor":15.0,"key":"REST"}],"circlet_count":0,"master_deck":["AscendersBane","Strike_R","Strike_R","Strike_R","Strike_R","Strike_R","Defend_R","Defend_R","Defend_R","Defend_R","Bash","Feed+1","Battle Trance","Whirlwind+1","Thunderclap","Second Wind","Bloodletting","Dark Embrace"],"relics":["Burning Blood","Ancient Tea Set","Omamori"],"acts_visited":["Exordium"],"potions_floor_usage":[16],"damage_taken":[{"damage":8.0,"enemies":"2 Louse","floor":1.0,"turns":3.0},{"damage":11.0,"enemies":"Jaw Worm","floor":2.0,"turns":6.0},{"damage":18.0,"enemies":"Cultist","floor":3.0,"turns":5.0},{"damage":27.0,"enemies":"Blue Slaver","floor":5.0,"turns":6.0},{"damage":10.0,"enemies":"Looter","floor":7.0,"turns":5.0},{"damage":26.0,"enemies":"Exordium Thugs","floor":10.0,"turns":3.0},{"damage":14.0,"enemies":"Blue Slaver","floor":11.0,"turns":4.0},{"damage":27.0,"enemies":"Large Slime","floor":13.0,"turns":5.0},{"damage":31.0,"enemies":"Gremlin Nob","floor":14.0,"turns":4.0},{"damage":63,"enemies":"Slime Boss","floor":16,"turns":8}],"seed_played":"-3968613508841431374","potions_obtained":[{"floor":1.0,"key":"ColorlessPotion"},{"floor":2.0,"key":"SpeedPotion"},{"floor":12.0,"key":"HeartOfIron"},{"floor":12.0,"key":"BlessingOfTheForge"},{"floor":14.0,"key":"BloodPotion"}],"is_trial":false,"path_per_floor":["M","M","M","?","M","R","M","R","T","M","M","?","M","?","R","B"],"character_chosen":"IRONCLAD","items_purchased":[],"campfire_rested":1,"item_purchase_floors":[],"current_hp_per_floor":[51,49,40,40,22,22,18,18,18,72,68,68,51,26,55,11,11],"gold":288,"neow_bonus":"THREE_RARE_CARDS","is_daily":false,"chose_seed":false,"campfire_upgraded":2,"win_rate":0.0,"timestamp":1607834599,"path_taken":["M","M","M","?","M","R","M","R","T","M","M","?","?","?","R","BOSS"],"items_purchased_type":[],"build_version":"2020-11-30","purchased_purges":0,"victory":false,"max_hp_per_floor":[78,81,84,84,87,87,87,87,87,91,95,95,99,99,99,99,99],"card_choices":[{"not_picked":["Exhume","Barricade"],"picked":"Feed","floor":0.0},{"not_picked":["Entrench","Armaments","Dark Embrace"],"picked":"SKIP","floor":1.0},{"not_picked":["Flex","Headbutt"],"picked":"Battle Trance","floor":2.0},{"not_picked":["Hemokinesis","Sever Soul"],"picked":"Whirlwind","floor":3.0},{"not_picked":["Armaments","Flame Barrier"],"picked":"Thunderclap","floor":5.0},{"not_picked":["Clash","Headbutt"],"picked":"Second Wind","floor":7.0},{"not_picked":["Cleave","Uppercut","Sword Boomerang"],"picked":"SKIP","floor":10.0},{"not_picked":["Body Slam","Hemokinesis"],"picked":"Bloodletting","floor":11.0},{"not_picked":["Clash","Metallicize","Sever Soul"],"picked":"SKIP","floor":13.0},{"not_picked":["Clothesline","Ghostly Armor"],"picked":"Dark Embrace","floor":14.0}],"player_experience":940959,"relics_obtained":[{"floor":9.0,"key":"Ancient Tea Set"},{"floor":14.0,"key":"Omamori"}],"event_choices":[{"damage_healed":0.0,"max_hp_gain":0.0,"max_hp_loss":0.0,"gold_gain":0.0,"event_name":"Shining Light","player_choice":"Ignored","floor":4.0,"gold_loss":0.0,"damage_taken":0.0},{"damage_healed":0.0,"max_hp_gain":0.0,"max_hp_loss":0.0,"gold_gain":0.0,"event_name":"Lab","player_choice":"Got Potions","floor":12.0,"gold_loss":0.0,"damage_taken":0.0},{"damage_healed":0.0,"max_hp_gain":0.0,"max_hp_loss":0.0,"gold_gain":0.0,"event_name":"Dead Adventurer","player_choice":"Searched \u00271\u0027 times","floor":14.0,"gold_loss":0.0,"damage_taken":0.0}],"is_beta":false,"boss_relics":[],"items_purged_floors":[],"is_endless":false,"potions_floor_spawned":[1,2,13,14],"killed_by":"Slime Boss","ascension_level":19}}