{"host":"68ryiucqar8jyfi2","time":1607868738,"event":{"mods":["2.2 Compatiblity","Act Like it!","Aspiration","BaseMod","Better Match","Better Note","Better Skull","Better Third Choice","CCEM","CapriCore","Curses Come First","Defuse TimeMaze Blight","Displayed Cursed Tome","Emptier Cage","Energized Spire","Friendly Minions","GifTheSpireLib","HexUI Lib","Hubris","Hyrulean Relics","Minty Spire (QoL Compilation)","Permanent Neow","RNG Fix","Replay The Spire","Robot Space Explorer","StSLib","Stuff the Spire","Trackpad","Transform Curses","Uncapped","Wandering Minibosses"],"gold_per_floor":[115,128,142,159,176,176,196,208,220,251,274,286,316,348,360,472,484,496,496],"floor_reached":18,"playtime":669,"items_purged":[],"score":260,"play_id":"224afdf3-b6a1-408e-8592-b05f7cca85ff","local_time":"20201213141218","daily_mods":["Vintage","Heirloom","Flight"],"is_ascension_mode":false,"campfire_choices":[{"data":"Bash","floor":6,"key":"SMITH"},{"data":"1","floor":8,"key":"LIFT"},{"floor":12,"key":"REST"},{"floor":15,"key":"REST"}],"circlet_count":0,"master_deck":["Strike_R","Strike_R","Strike_R","Strike_R","Strike_R","Defend_R","Defend_R","Defend_R","Defend_R","Bash+1"],"relics":["Burning Blood","Girya","Ancient Tea Set","StuffTheSpire:GrapeVine","MawBank","zeldaRelics:CouragePiece","Unceasing Top","trackpad:SneckoScepter","Regal Pillow","hubris:TenFootPole"],"acts_visited":["Exordium","TheCity"],"potions_floor_usage":[11,14,16],"damage_taken":[{"damage":6,"enemies":"Jaw Worm","floor":1,"turns":3},{"damage":0,"enemies":"Small Slimes","floor":2,"turns":3},{"damage":6,"enemies":"2 Louse","floor":3,"turns":4},{"damage":33,"enemies":"Large Slime","floor":4,"turns":6},{"damage":36,"enemies":"Gremlin Gang","floor":5,"turns":7},{"damage":7,"enemies":"Blue Slaver","floor":7,"turns":3},{"damage":16,"enemies":"3 Louse","floor":10,"turns":3},{"damage":6,"enemies":"Large Slime","floor":11,"turns":3},{"damage":23,"enemies":"2 Fungi Beasts","floor":13,"turns":5},{"damage":10,"enemies":"Gremlin Gang","floor":14,"turns":7},{"damage":52,"enemies":"The Guardian","floor":16,"turns":12},{"damage":81,"enemies":"3 Byrds","floor":18,"turns":7}],"seed_played":"2845389864711896894","potions_obtained":[{"floor":1,"key":"Milkshake"},{"floor":3,"key":"Reflective Coating"},{"floor":10,"key":"SteroidPotion"},{"floor":13,"key":"Flashbang"}],"is_trial":true,"path_per_floor":["M","M","M","M","M","R","M","R","T","M","M","R","M","M","R","B",null,"M"],"character_chosen":"IRONCLAD","items_purchased":[],"campfire_rested":2,"item_purchase_floors":[],"current_hp_per_floor":[80,80,80,53,23,23,22,22,22,12,12,36,19,15,54,8,80,0,0],"gold":496,"neow_bonus":"","is_daily":false,"chose_seed":false,"campfire_upgraded":1,"win_rate":0.0,"timestamp":1607868738,"path_taken":["M","M","M","M","M","R","M","R","T","M","M","R","M","M","R","BOSS","M"],"items_purchased_type":[],"build_version":"2020-11-30","purchased_purges":0,"victory":false,"max_hp_per_floor":[80,80,80,80,80,80,80,80,80,80,80,80,80,80,80,80,80,80,80],"card_choices":[],"player_experience":158668,"relics_obtained":[{"floor":1,"key":"Ancient Tea Set"},{"floor":3,"key":"StuffTheSpire:GrapeVine"},{"floor":7,"key":"MawBank"},{"floor":9,"key":"zeldaRelics:CouragePiece"},{"floor":10,"key":"Unceasing Top"},{"floor":11,"key":"trackpad:SneckoScepter"},{"floor":13,"key":"Regal Pillow"},{"floor":14,"key":"hubris:TenFootPole"}],"event_choices":[],"is_beta":false,"boss_relics":[{"not_picked":["Ring of Chaos","hubris:CrackedHourglass","Kintsugi"]}],"items_purged_floors":[],"is_endless":true,"potions_floor_spawned":[1,3,10,13],"killed_by":"3 Byrds","ascension_level":0}}