{"host":"nj06ypb01n3s9mn8","time":1607847592,"event":{"mods":["2.2 Compatiblity","BaseMod","Colored Map","Downfall","Highlight Path","Marisa????????","Minty Spire (QoL Compilation)","Replay The Spire","StSLib","The Animator","The Bug Knight","The Necromancer","The Servant 0.9.4","Waifu the Spire"],"gold_per_floor":[0,31,44,44,58,71,71,71,83,115,129,129,129,144,154,250,250,175,188,98,98,31,101,101,157,217,288,288,340,395,395,447,585,585,435,435,492,550,617,652,733,783,839,907,958,1013,680,820,875,915,915,987,10,10,10],"floor_reached":56,"playtime":5813,"items_purged":["Regret","Slimebound:Defend_Slimebound","Shame"],"score":1440,"play_id":"7a0265dd-1587-4374-a3b5-e4f5f1b93c36","local_time":"20201213051951","is_ascension_mode":false,"campfire_choices":[{"data":"Slimebound:Strike_Slimebound","floor":1,"key":"PURGE"},{"data":"Slimebound:Split","floor":4,"key":"SMITH"},{"data":"Slimebound:SamplingLick","floor":8,"key":"SMITH"},{"floor":18,"key":"RECALL"},{"data":"Slimebound:Defend_Slimebound","floor":35,"key":"PURGE"},{"floor":54,"key":"REST"}],"circlet_count":0,"master_deck":["Slimebound:Strike_Slimebound","Slimebound:Tackle","Slimebound:Defend_Slimebound","Slimebound:Split+1","Slimebound:CorrosiveSpit","Slimebound:Chomp","Slimebound:SamplingLick+1","Slimebound:SpikyOuterGoop","Slimebound:LeechingTouch","Slimebound:RejuvenatingLick+1","Slimebound:SpikyOuterGoop","Slimebound:RejuvenatingLick","Slimebound:Gluttony","Slimebound:DouseInSlime","Slimebound:MegaLick+1","Slimebound:GoopSpray+1","Slimebound:SplitAcid+1","Slimebound:GrowthPunch","Slimebound:Gluttony","Slimebound:LeechEnergy+1","Slimebound:HauntingLick","Slimebound:OozeBath","Slimebound:OozeBath","Slimebound:LeechingTouch","Slimebound:TongueLash","expansioncontent:ChargeUp","Slimebound:FormOfPuddle+1","expansioncontent:Chronoboost","Metamorphosis","Slimebound:Prepare","Slimebound:FormOfPuddle+1"],"relics":["Slimebound:AbsorbEndCombat","Meat on the Bone","Replay:Baseball","Slimebound:MaxSlimesRelic","Replay:Bottled Snecko","Busted Crown","downfall:HeartBlessingGreen","downfall:KnowingSkull","Mirror","Slimebound:AggressiveSlimeRelic","Replay:Rubber Ducky","Fusion Hammer","downfall:HeartBlessingRed","downfall:HeartBlessingBlue","Pet Ghost","Lee\u0027s Waffle","Divine Protection","ReplayTheSpireMod:Ninjato","Potion Belt","Sling","Bag of Preparation","Strange Spoon","Replay:Towering Pillar of Hats"],"acts_visited":["Exordium","TheCity","TheBeyond","TheEnding"],"potions_floor_usage":[9,16,16,27,32,39,55,55,55,55,55],"damage_taken":[{"damage":60,"enemies":"Lagavulin","floor":2,"turns":7},{"damage":7,"enemies":"Small Slimes","floor":3,"turns":2},{"damage":8,"enemies":"Cultist","floor":5,"turns":3},{"damage":0,"enemies":"2 Louse","floor":6,"turns":2},{"damage":11,"enemies":"Lots of Slimes","floor":9,"turns":2},{"damage":25,"enemies":"3 Sentries","floor":10,"turns":10},{"damage":16,"enemies":"2 Fungi Beasts","floor":11,"turns":3},{"damage":21,"enemies":"Exordium Thugs","floor":14,"turns":4},{"damage":14,"enemies":"Large Slime","floor":15,"turns":5},{"damage":24,"enemies":"downfall:Ironclad","floor":16,"turns":8},{"damage":29,"enemies":"3 Byrds","floor":19,"turns":6},{"damage":15,"enemies":"downfall:FleeingMerchant","floor":20,"turns":4},{"damage":16,"enemies":"downfall:FleeingMerchant","floor":22,"turns":4},{"damage":52,"enemies":"Gremlin Leader","floor":23,"turns":5},{"damage":28,"enemies":"Shelled Parasite and Fungi","floor":25,"turns":5},{"damage":35,"enemies":"Snecko","floor":26,"turns":4},{"damage":44,"enemies":"Slavers","floor":27,"turns":4},{"damage":23,"enemies":"Centurion and Healer","floor":29,"turns":4},{"damage":35,"enemies":"Cultist and Chosen","floor":30,"turns":6},{"damage":36,"enemies":"Snake Plant","floor":32,"turns":4},{"damage":23,"enemies":"downfall:Defect","floor":33,"turns":7},{"damage":40,"enemies":"3 Darklings","floor":37,"turns":4},{"damage":21,"enemies":"Orb Walker","floor":38,"turns":3},{"damage":23,"enemies":"Giant Head","floor":39,"turns":7},{"damage":26,"enemies":"downfall:FleeingMerchant","floor":40,"turns":3},{"damage":23,"enemies":"Jaw Worm Horde","floor":42,"turns":3},{"damage":22,"enemies":"Writhing Mass","floor":43,"turns":5},{"damage":11,"enemies":"Reptomancer","floor":44,"turns":5},{"damage":15,"enemies":"Transient","floor":45,"turns":5},{"damage":15,"enemies":"Sphere and 2 Shapes","floor":46,"turns":3},{"damage":19,"enemies":"downfall:LadyInBlue","floor":48,"turns":5},{"damage":20,"enemies":"4 Shapes","floor":49,"turns":4},{"damage":22,"enemies":"downfall:Watcher","floor":50,"turns":5},{"damage":44,"enemies":"downfall:CharBossMerchant","floor":52,"turns":7},{"damage":17,"enemies":"downfall:NeowBoss","floor":55,"turns":22}],"seed_played":"-6545471538883664747","potions_obtained":[{"floor":2,"key":"Explosive Potion"},{"floor":9,"key":"Adrenaline Potion"},{"floor":10,"key":"Weak Potion"},{"floor":11,"key":"Toxic Potion"},{"floor":14,"key":"EssenceOfSteel"},{"floor":23,"key":"SpeedPotion"},{"floor":25,"key":"Fire Potion"},{"floor":27,"key":"Adrenaline Potion"},{"floor":32,"key":"Strength Potion"},{"floor":33,"key":"PowerPotion"},{"floor":38,"key":"SkillPotion"},{"floor":39,"key":"Slimebound:SlimedPotion"},{"floor":42,"key":"EssenceOfSteel"},{"floor":48,"key":"LiquidBronze"},{"floor":48,"key":"Block Potion"},{"floor":49,"key":"BlessingOfTheForge"}],"is_trial":false,"path_per_floor":["R_BF","E","M","R","M","M","T","R","M","E","M","?","?","M","M","B",null,"R_BF","M","$","?","$","E","T","M","M","E","?","M","M","?","M","B",null,"R_BF","?","M","M","E","$","T","M","M","E","M","M","?","?","M","B",null,"E","$","R","B",null],"character_chosen":"SLIMEBOUND","items_purchased":["Slimebound:GrowthPunch","Slimebound:Gluttony","expansioncontent:ChargeUp","Lee\u0027s Waffle","expansioncontent:Chronoboost","Metamorphosis","Strange Spoon","Slimebound:Prepare","Slimebound:FormOfPuddle+1","Replay:Towering Pillar of Hats"],"campfire_rested":1,"item_purchase_floors":[22,22,40,40,53,53,53,53,53,53],"current_hp_per_floor":[60,12,29,29,49,57,57,57,58,60,60,60,60,59,59,60,60,60,55,60,54,60,55,55,60,52,56,56,60,53,53,57,60,60,70,70,60,63,70,77,77,77,77,77,77,77,87,87,87,87,87,87,87,87,87],"gold":10,"neow_bonus":"REMOVE_TWO","is_daily":false,"chose_seed":false,"campfire_upgraded":2,"win_rate":0.0,"timestamp":1607847591,"path_taken":["R_BF","E","M","R","M","M","T","R","M","E","M","?","?","M","M","BOSS","R_BF","M","$","?","?","E","T","M","M","E","?","M","M","?","M","BOSS","R_BF","?","M","M","E","$","T","?","M","E","M","M","?","?","M","BOSS","E","$","R","BOSS"],"items_purchased_type":["Card","Card","Card","Relic","Card","Card","Relic","Card","Card","Relic"],"build_version":"2020-11-29","purchased_purges":3,"victory":true,"max_hp_per_floor":[60,60,60,60,60,60,60,60,60,60,60,60,60,60,60,60,60,60,60,60,60,60,60,60,60,60,60,60,60,60,60,60,60,60,70,70,70,70,70,77,77,77,77,77,77,77,87,87,87,87,87,87,87,87,87],"card_choices":[{"not_picked":["Slimebound:ForwardTackle","Slimebound:DouseInSlime"],"picked":"Slimebound:Chomp","floor":2},{"not_picked":["Slimebound:LeadByExample","Slimebound:ServeAndProtect"],"picked":"Slimebound:SamplingLick","floor":3},{"not_picked":["Slimebound:LeechEnergy","Slimebound:RollThrough"],"picked":"Slimebound:SpikyOuterGoop","floor":5},{"not_picked":["Slimebound:Repurpose","Slimebound:PressTheAttack"],"picked":"Slimebound:LeechingTouch","floor":6},{"not_picked":["Slimebound:SplitLeeching","Slimebound:DivideAndConquer"],"picked":"Slimebound:RejuvenatingLick","floor":9},{"not_picked":["Slimebound:DouseInSlime","Slimebound:Equalize"],"picked":"Slimebound:SpikyOuterGoop","floor":10},{"not_picked":["Slimebound:SlimeBrawl","Slimebound:Equalize","Slimebound:DivideAndConquer"],"picked":"SKIP","floor":11},{"not_picked":["Slimebound:ViciousTackle","Slimebound:Replication"],"picked":"Slimebound:RejuvenatingLick","floor":14},{"not_picked":["Slimebound:FlameTackle","Slimebound:Replication"],"picked":"Slimebound:Gluttony","floor":15},{"not_picked":["Slimebound:Teamwork","Slimebound:SelfFormingGoo"],"picked":"Slimebound:DouseInSlime","floor":16},{"not_picked":[],"picked":"Slimebound:MegaLick+1","floor":19},{"not_picked":[],"picked":"Slimebound:GoopSpray+1","floor":20},{"not_picked":[],"picked":"Slimebound:SplitAcid+1","floor":22},{"not_picked":[],"picked":"Slimebound:LeechEnergy+1","floor":23},{"not_picked":["Slimebound:Grow"],"picked":"SKIP","floor":25},{"not_picked":["Slimebound:Repurpose"],"picked":"SKIP","floor":26},{"not_picked":["Slimebound:RollThrough+1"],"picked":"SKIP","floor":27},{"not_picked":[],"picked":"Slimebound:HauntingLick","floor":29},{"not_picked":["Slimebound:ServeAndProtect"],"picked":"SKIP","floor":30},{"not_picked":[],"picked":"Slimebound:OozeBath","floor":32},{"not_picked":[],"picked":"Slimebound:OozeBath","floor":33},{"not_picked":[],"picked":"Slimebound:TongueLash","floor":37},{"not_picked":["Slimebound:RollThrough"],"picked":"SKIP","floor":38},{"not_picked":["Slimebound:GoopTackle+1"],"picked":"SKIP","floor":39},{"not_picked":["Slimebound:GoopSpray+1"],"picked":"SKIP","floor":40},{"not_picked":[],"picked":"Slimebound:FormOfPuddle+1","floor":42},{"not_picked":["Slimebound:Schlurp+1"],"picked":"SKIP","floor":43},{"not_picked":["Slimebound:Teamwork"],"picked":"SKIP","floor":44},{"not_picked":["Slimebound:PressTheAttack"],"picked":"SKIP","floor":45},{"not_picked":["Slimebound:Replication"],"picked":"SKIP","floor":46},{"not_picked":["Slimebound:ForwardTackle"],"picked":"SKIP","floor":49},{"not_picked":["Slimebound:HauntingLick"],"picked":"SKIP","floor":52}],"player_experience":16431,"relics_obtained":[{"floor":2,"key":"Meat on the Bone"},{"floor":7,"key":"Replay:Baseball"},{"floor":10,"key":"Slimebound:MaxSlimesRelic"},{"floor":23,"key":"Mirror"},{"floor":27,"key":"Slimebound:AggressiveSlimeRelic"},{"floor":39,"key":"Pet Ghost"},{"floor":41,"key":"Divine Protection"},{"floor":44,"key":"ReplayTheSpireMod:Ninjato"},{"floor":48,"key":"Potion Belt"},{"floor":52,"key":"Sling"},{"floor":52,"key":"Bag of Preparation"}],"event_choices":[{"damage_healed":0,"gold_gain":0,"player_choice":"Box","damage_taken":0,"relics_obtained":["Replay:Bottled Snecko"],"max_hp_gain":0,"max_hp_loss":0,"event_name":"Big Fish","floor":12,"gold_loss":0,"cards_obtained":["Regret"]},{"damage_healed":0,"gold_gain":0,"player_choice":"Stole Relic","damage_taken":0,"relics_obtained":["Replay:Rubber Ducky"],"max_hp_gain":0,"max_hp_loss":0,"event_name":"Addict","floor":31,"gold_loss":0,"cards_obtained":["Shame"]}],"is_beta":false,"boss_relics":[{"not_picked":["Ectoplasm","Velvet Choker"],"picked":"Busted Crown"},{"not_picked":["Replay:Drink Me","Slimebound:TarBlob"],"picked":"Fusion Hammer"}],"items_purged_floors":[20,40,53],"is_endless":false,"potions_floor_spawned":[2,9,10,11,14,23,25,27,32,33,38,39,42,44,46,49,52],"ascension_level":0}}