{"host":"63rwe7p34ct1i0qu","time":1607866995,"event":{"mods":["BaseMod","DeckTracker","Minty Spire (QoL Compilation)","Permanent Neow","Quick Restart","StSLib"],"gold_per_floor":[111,128,143,68,79,79,79,42,42,75,75,100,110,110,110,206,206,226,243,168,168,182,182,182,209,209,228,228,238,238,252,252,252,252],"floor_reached":33,"playtime":911,"items_purged":["Doubt"],"score":277,"play_id":"911d7685-9a6a-4bfc-b6d4-03c6a33f32d2","local_time":"20201213224315","is_ascension_mode":false,"campfire_choices":[{"data":"Juggernaut","floor":7,"key":"SMITH"},{"data":"Second Wind","floor":15,"key":"SMITH"},{"floor":24,"key":"REST"},{"floor":30,"key":"REST"},{"floor":32,"key":"REST"}],"circlet_count":0,"master_deck":["Strike_R","Strike_R","Strike_R","Strike_R","Defend_R","Defend_R","Defend_R","Defend_R","Bash+1","Juggernaut+1","Pommel Strike","True Grit","Armaments","Immolate","Second Wind+1","Bloodletting","Battle Trance","Shrug It Off","Immolate","Body Slam","Armaments","Demon Form+1"],"relics":["Burning Blood","Frozen Egg 2","Mercury Hourglass","Kunai","SacredBark","Nunchaku","Blue Candle","White Beast Statue"],"acts_visited":["Exordium","TheCity"],"potions_floor_usage":[16,18,27,29,29,31,33],"damage_taken":[{"damage":0,"enemies":"Cultist","floor":1,"turns":4},{"damage":5,"enemies":"2 Louse","floor":2,"turns":3},{"damage":13,"enemies":"Jaw Worm","floor":3,"turns":4},{"damage":3,"enemies":"Looter","floor":5,"turns":4},{"damage":24,"enemies":"Lagavulin","floor":10,"turns":8},{"damage":4,"enemies":"3 Sentries","floor":12,"turns":5},{"damage":20,"enemies":"Large Slime","floor":13,"turns":5},{"damage":35,"enemies":"The Guardian","floor":16,"turns":11},{"damage":42,"enemies":"Spheric Guardian","floor":18,"turns":6},{"damage":20,"enemies":"2 Thieves","floor":19,"turns":3},{"damage":20,"enemies":"Snake Plant","floor":22,"turns":5},{"damage":42,"enemies":"Book of Stabbing","floor":25,"turns":6},{"damage":0,"enemies":"3 Cultists","floor":27,"turns":2},{"damage":15,"enemies":"Centurion and Healer","floor":29,"turns":5},{"damage":15,"enemies":"Chosen and Byrds","floor":31,"turns":3},{"damage":73,"enemies":"Automaton","floor":33,"turns":6}],"seed_played":"5437628105382161079","potions_obtained":[{"floor":3,"key":"FearPotion"},{"floor":10,"key":"Fire Potion"},{"floor":12,"key":"Ancient Potion"},{"floor":16,"key":"Regen Potion"},{"floor":18,"key":"SkillPotion"},{"floor":27,"key":"ColorlessPotion"},{"floor":29,"key":"LiquidBronze"},{"floor":31,"key":"BlessingOfTheForge"}],"is_trial":false,"path_per_floor":["M","M","M","$","M","?","R","$","T","E","$","E","M","?","R","B",null,"M","M","?","?","M","?","R","E","T","M","?","M","R","M","R","B"],"character_chosen":"IRONCLAD","items_purchased":["Second Wind"],"campfire_rested":3,"item_purchase_floors":[8],"current_hp_per_floor":[80,80,73,73,76,76,76,76,76,58,58,60,46,46,46,17,80,66,52,52,52,38,38,62,26,26,32,17,8,33,24,49,0,0],"gold":252,"neow_bonus":"THREE_RARE_CARDS","is_daily":false,"chose_seed":false,"campfire_upgraded":2,"win_rate":0.0,"timestamp":1607866995,"path_taken":["M","M","M","$","M","?","R","$","T","E","$","E","M","?","R","BOSS","M","M","?","?","M","?","R","E","T","M","?","?","R","M","R","BOSS"],"items_purchased_type":["Card"],"build_version":"2020-11-30","purchased_purges":1,"victory":false,"max_hp_per_floor":[80,80,80,80,80,80,80,80,80,80,80,80,80,80,80,80,80,80,80,80,80,80,80,80,80,80,80,85,85,85,85,85,85,85],"card_choices":[{"not_picked":["Offering","Exhume"],"picked":"Juggernaut","floor":0},{"not_picked":["Perfected Strike","Thunderclap"],"picked":"Pommel Strike","floor":1},{"not_picked":["Pommel Strike","Flex"],"picked":"True Grit","floor":2},{"not_picked":["Flex","Whirlwind"],"picked":"Armaments","floor":3},{"not_picked":["Pommel Strike","Armaments"],"picked":"Immolate","floor":5},{"not_picked":["Uppercut","Whirlwind"],"picked":"Bloodletting","floor":10},{"not_picked":["Hemokinesis","Perfected Strike"],"picked":"Battle Trance","floor":12},{"not_picked":["Pommel Strike","Uppercut"],"picked":"Shrug It Off","floor":13},{"not_picked":["Berserk+1","Fiend Fire"],"picked":"Immolate","floor":16},{"not_picked":["Thunderclap","Spot Weakness+1"],"picked":"Body Slam","floor":18},{"not_picked":["Spot Weakness","Clothesline","Iron Wave"],"picked":"SKIP","floor":19},{"not_picked":["Warcry","Body Slam"],"picked":"Armaments","floor":22},{"not_picked":["Dropkick","Warcry"],"picked":"Demon Form+1","floor":25},{"not_picked":["Armaments","Seeing Red","Clash"],"picked":"SKIP","floor":27},{"not_picked":["Sword Boomerang","Anger","Armaments"],"picked":"SKIP","floor":29},{"not_picked":["Cleave","Wild Strike+1","Iron Wave"],"picked":"SKIP","floor":31}],"player_experience":1285545,"relics_obtained":[{"floor":9,"key":"Frozen Egg 2"},{"floor":10,"key":"Mercury Hourglass"},{"floor":12,"key":"Kunai"},{"floor":25,"key":"Blue Candle"},{"floor":26,"key":"White Beast Statue"}],"event_choices":[{"damage_healed":0,"gold_gain":0,"player_choice":"Grow","damage_taken":0,"max_hp_gain":0,"max_hp_loss":0,"event_name":"Living Wall","floor":6,"gold_loss":0,"cards_upgraded":["Bash"]},{"damage_healed":0,"gold_gain":0,"player_choice":"Ignored","damage_taken":0,"max_hp_gain":0,"max_hp_loss":0,"event_name":"Liars Game","floor":14,"gold_loss":0},{"cards_removed":["Strike_R"],"damage_healed":0,"gold_gain":0,"player_choice":"Gave Gold","damage_taken":0,"max_hp_gain":0,"max_hp_loss":0,"event_name":"Beggar","floor":20,"gold_loss":75},{"damage_healed":0,"gold_gain":0,"player_choice":"Ignored","damage_taken":0,"max_hp_gain":0,"max_hp_loss":0,"event_name":"Vampires","floor":21,"gold_loss":0},{"damage_healed":0,"gold_gain":0,"player_choice":"Opened","damage_taken":0,"relics_obtained":["Nunchaku"],"max_hp_gain":0,"max_hp_loss":0,"event_name":"The Mausoleum","floor":23,"gold_loss":0},{"damage_healed":0,"gold_gain":0,"player_choice":"Shed Blood","damage_taken":20,"max_hp_gain":5,"max_hp_loss":0,"event_name":"Forgotten Altar","floor":28,"gold_loss":0}],"is_beta":false,"boss_relics":[{"not_picked":["Black Blood","Tiny House"],"picked":"SacredBark"}],"items_purged_floors":[4],"is_endless":false,"potions_floor_spawned":[3,10,12,16,18,19,25,27,29,31],"killed_by":"Automaton","ascension_level":0}}