{"host":"p084pgp93u1tv48k","time":1607876450,"event":{"mods":["AchievementEnabler","BaseMod","Bestiary","Colored Map","Hermit","Lobotomy","LobotomyExtend","Minty Spire (QoL Compilation)","Quick Restart","StSLib"],"gold_per_floor":[109,109,109,68,80,80,80,80],"floor_reached":7,"playtime":284,"items_purged":[],"score":41,"play_id":"73ae2d59-b709-4e14-80d3-8d111dc82028","local_time":"20201213115050","is_ascension_mode":false,"campfire_choices":[{"data":"hermit:Determination","floor":6,"key":"SMITH"}],"circlet_count":0,"master_deck":["hermit:Strike_Hermit","hermit:Strike_Hermit","hermit:Strike_Hermit","hermit:Strike_Hermit","hermit:Defend_Hermit","hermit:Defend_Hermit","hermit:Defend_Hermit","hermit:Defend_Hermit","hermit:Snapshot","hermit:Covet","FairyFestival","hermit:TakeCover","hermit:LowProfile","hermit:Determination+1"],"relics":["hermit:Momento","CogitoBucket","LetterFromLob","Bird Faced Urn"],"acts_visited":["Exordium"],"potions_floor_usage":[7],"damage_taken":[{"damage":0,"enemies":"Cultist","floor":1,"turns":4},{"damage":2,"enemies":"2 Louse","floor":2,"turns":3},{"damage":15,"enemies":"Jaw Worm","floor":5,"turns":5},{"damage":67,"enemies":"Gremlin Nob","floor":7,"turns":5}],"seed_played":"8932981647682910893","potions_obtained":[{"floor":1,"key":"SteroidPotion"},{"floor":2,"key":"BlessingOfTheForge"}],"is_trial":false,"path_per_floor":["M","M","?","$","M","R","E"],"character_chosen":"HERMIT","items_purchased":["hermit:Determination"],"campfire_rested":0,"item_purchase_floors":[4],"current_hp_per_floor":[75,75,63,63,55,55,0,0],"gold":80,"neow_bonus":"","is_daily":false,"chose_seed":false,"campfire_upgraded":1,"win_rate":0.0,"timestamp":1607876450,"path_taken":["M","?","?","$","M","R","E"],"items_purchased_type":["Card"],"build_version":"2020-11-30","purchased_purges":0,"victory":false,"max_hp_per_floor":[75,75,75,75,75,75,75,75],"card_choices":[{"not_picked":["HeroicMonk","MeatLantern"],"picked":"FairyFestival","floor":1},{"not_picked":["hermit:HoleUp","hermit:Manifest"],"picked":"hermit:TakeCover","floor":1},{"not_picked":["hermit:GoldenBullet","hermit:Coalescence"],"picked":"hermit:LowProfile","floor":2},{"not_picked":["hermit:Reprieve","hermit:EyeOfTheStorm","hermit:Dive"],"picked":"SKIP","floor":5}],"player_experience":111607,"relics_obtained":[{"floor":1,"key":"LetterFromLob"}],"event_choices":[{"damage_healed":0,"gold_gain":0,"player_choice":"Success","damage_taken":12,"relics_obtained":["Bird Faced Urn"],"max_hp_gain":0,"max_hp_loss":0,"event_name":"Scrap Ooze","floor":3,"gold_loss":0}],"is_beta":false,"boss_relics":[],"items_purged_floors":[],"is_endless":false,"potions_floor_spawned":[1,2],"killed_by":"Gremlin Nob","ascension_level":0}}