{"host":"mli1kjx8eh35fx4e","time":1607874389,"event":{"mods":["2.2 Compatiblity","Act Like it!","Aspiration","BaseMod","Better Altar","Better Match","Better Note","Better Sensory Stone","Better Skull","Better Third Choice","BetterRewards","CCEM","Colored Map","Conspire","Downfall","Elementarium","Gensokyo","GifTheSpireLib","Googly Eyes","Halation","Hallownest","Hermit","Hubris","Infinite Spire","Jedi Mod","JesterMod","Jorbs\u0027s Wanderer Trilogy","Mimic Mod","Minty Spire (QoL Compilation)","Pale of the Ancients","Permanent Neow","Railgun Mod","Replay The Spire","Robot Space Explorer","Shade Mod","Shop Mod","Spicy Shops","StSLib","Strawberry Spire","Stuff the Spire","SuperFastMode","The Blackbeard","The Bug Knight","The Cursed","The Death Knight","The Hierophant","The Jungle","The Necromancer","The Problem Sleuth","The Witch","[IsaacMod]????"],"gold_per_floor":[109,50,66,66,82,117,117,145,145,2,2,2,2,18,18,117,117,130,130,140,155,155,155,180,180,180,213,213,240,92,230,230,248,248],"floor_reached":33,"playtime":3269,"items_purged":["Shame"],"score":334,"play_id":"324f7cf2-0ecd-474d-a0f7-d7a1611a0caf","local_time":"20201213104629","is_ascension_mode":false,"campfire_choices":[{"floor":7.0,"key":"REST"},{"data":"HollowMod:FocusHealStart","floor":11.0,"key":"SMITH"},{"floor":13.0,"key":"REST"},{"data":"infinitespire:Oblivion","floor":15.0,"key":"SMITH"},{"floor":23.0,"key":"REST"},{"data":"HollowMod:Weaversong","floor":25.0,"key":"SMITH"},{"floor":28,"key":"REST"},{"floor":32,"key":"REST"}],"circlet_count":0,"master_deck":["HollowMod:NailStrikeStart","HollowMod:NailStrikeStart","HollowMod:NailStrikeStart","HollowMod:NailStrikeStart","HollowMod:QuickDashStart","HollowMod:QuickDashStart","HollowMod:QuickDashStart","HollowMod:QuickDashStart","HollowMod:FocusHealStart+1","HollowMod:PogoStrike","HollowMod:SoulShaman","Clumsy","HollowMod:RecoilStrike","HollowMod:DoubleDash","HollowMod:FallenFury","HollowMod:LifebloodCocoon","infinitespire:Oblivion+1","HollowMod:MawleksShell","HollowMod:ZotesMagnificence","HollowMod:Weaversong+1","HollowMod:InfectedCysts","StuffTheSpire:CuriosityCurse","HollowMod:CycloneSlash","HollowMod:HowlingWraiths","HollowMod:BaldurShell","HollowMod:SoulStrike"],"relics":["HollowMod:VesselMask","HushsDoor","DeathBook","aspiration:Nostalgia","Vampire_Amulet","PreservedInsect","Nunchaku","StuffTheSpire:HeavyRock","strawberrySpire:ElefentMask","Tiny Chest","conspire:SlowCooker","halation:OrihimeAndHikoboshiSamaAndTears","theJungle:SneckoAutograph","infinitespire:EmpoweringShard","aspiration:StickyExplosives_weak","halation:IllGainedPizza","Oddly Smooth Stone","BloodDonationMachine","BlankCard"],"acts_visited":["Gensokyo:Gensokyo","theJungle:Jungle"],"potions_floor_usage":[31,33],"damage_taken":[{"damage":4.0,"enemies":"Gensokyo:2_Kodama","floor":1.0,"turns":4.0},{"damage":0.0,"enemies":"Gensokyo:3_Fairies","floor":3.0,"turns":5.0},{"damage":0.0,"enemies":"Gensokyo:Python","floor":5.0,"turns":3.0},{"damage":43.0,"enemies":"Gensokyo:Cirno","floor":6.0,"turns":10.0},{"damage":0.0,"enemies":"Gensokyo:Aya","floor":8.0,"turns":2.0},{"damage":0.0,"enemies":"Gensokyo:LivingMonolith","floor":14.0,"turns":3.0},{"damage":26.0,"enemies":"Gensokyo:Kokoro","floor":16.0,"turns":11.0},{"damage":5.0,"enemies":"theJungle:5_Spyders","floor":18.0,"turns":7.0},{"damage":12.0,"enemies":"Shell Parasite","floor":20.0,"turns":5.0},{"damage":28.0,"enemies":"theJungle:Snecko_Cultist_And_Trap","floor":21.0,"turns":6.0},{"damage":4.0,"enemies":"theJungle:MamaSnecko","floor":24.0,"turns":5.0},{"damage":40,"enemies":"theJungle:MamaSnecko","floor":27,"turns":6},{"damage":29,"enemies":"theJungle:2_Phrogs","floor":31,"turns":6},{"damage":73,"enemies":"theJungle:TotemBoss","floor":33,"turns":4}],"seed_played":"-5713772171076587672","potions_obtained":[{"floor":3.0,"key":"Elixir"},{"floor":5.0,"key":"DeathKnight:RimePotion"},{"floor":6.0,"key":"Venom Potion"},{"floor":8.0,"key":"Cursed Concoction"},{"floor":18.0,"key":"SteroidPotion"},{"floor":24.0,"key":"Ancient Potion"},{"floor":27,"key":"DeathKnight:RimePotion"},{"floor":31,"key":"sneckomod:MuddlingPotion"}],"is_trial":false,"path_per_floor":["M","$","M","?","M","E","R","E","T","$","R","?","R","M","R","B",null,"M","?","M","M","?","R","E","R","T","E","R","T","$","E","R","B"],"character_chosen":"THE_BUGKNIGHT","items_purchased":["PreservedInsect","Tiny Chest","HollowMod:Weaversong","BloodDonationMachine"],"campfire_rested":5,"item_purchase_floors":[2,10,17,30],"current_hp_per_floor":[73,73,75,75,75,37,59,61,61,61,61,43,65,73,73,61,71,71,71,67,49,49,70,71,71,71,54,71,71,71,41,62,0,0],"gold":248,"neow_bonus":"NOSTALGIA","is_daily":false,"chose_seed":false,"campfire_upgraded":3,"win_rate":0.0,"timestamp":1607874389,"path_taken":["M","?","M","?","?","E","R","E","T","?","R","?","R","M","R","BOSS","M","?","M","M","?","R","E","R","T","NM","R","?","?","E","R","BOSS"],"items_purchased_type":["Relic","Relic","Card","Relic"],"build_version":"2020-11-30","purchased_purges":1,"victory":false,"max_hp_per_floor":[75,75,75,75,75,75,75,75,75,75,75,75,75,75,75,75,71,71,71,71,71,71,71,71,71,71,71,71,71,71,71,71,71,71],"card_choices":[{"not_picked":[],"picked":"Bomb","floor":0.0},{"not_picked":["HollowMod:AbyssShriek","HollowMod:LifebloodCocoon"],"picked":"HollowMod:SoulShaman","floor":1.0},{"not_picked":["HollowMod:GoodIntentions","HollowMod:TaintedHusks"],"picked":"HollowMod:RecoilStrike","floor":3.0},{"not_picked":["HollowMod:MidwifesHunger","HollowMod:SoulStrike"],"picked":"HollowMod:DoubleDash","floor":5.0},{"not_picked":["HollowMod:SoulStrike","HollowMod:SharpenedShadows"],"picked":"HollowMod:FallenFury","floor":6.0},{"not_picked":["HollowMod:InfectedCysts","HollowMod:SiblingsSouls"],"picked":"HollowMod:LifebloodCocoon","floor":8.0},{"not_picked":["ReplayTheSpireMod:Haul","infinitespire:SevenWalls"],"picked":"infinitespire:Oblivion","floor":12.0},{"not_picked":["HollowMod:VengefulSpirit","HollowMod:InfectedCysts"],"picked":"HollowMod:MawleksShell","floor":14.0},{"not_picked":["HollowMod:NewInfectedGuardian","HollowMod:theNailsmith"],"picked":"HollowMod:ZotesMagnificence","floor":16.0},{"not_picked":["HollowMod:NewLittleFool","HollowMod:VengefulSpirit"],"picked":"HollowMod:InfectedCysts","floor":18.0},{"not_picked":["HollowMod:MonarchWings","HollowMod:ChannelNail+1"],"picked":"HollowMod:CycloneSlash","floor":20.0},{"not_picked":["HollowMod:GoodIntentions","HollowMod:DesolateDive"],"picked":"HollowMod:HowlingWraiths","floor":21.0},{"not_picked":["HollowMod:AbyssShriek+1","HollowMod:FallenFury"],"picked":"HollowMod:BaldurShell","floor":24.0},{"not_picked":["HollowMod:SiblingsSouls","HollowMod:SharpenedShadows","HollowMod:ShadowDash"],"picked":"SKIP","floor":27},{"not_picked":["HollowMod:ShapeofUnn+1","HollowMod:DungDefenderAura+1"],"picked":"HollowMod:SoulStrike","floor":31}],"player_experience":529987,"relics_obtained":[{"floor":6.0,"key":"Nunchaku"},{"floor":8.0,"key":"StuffTheSpire:HeavyRock"},{"floor":9.0,"key":"strawberrySpire:ElefentMask"},{"floor":24.0,"key":"infinitespire:EmpoweringShard"},{"floor":26.0,"key":"aspiration:StickyExplosives_weak"},{"floor":27,"key":"halation:IllGainedPizza"},{"floor":29,"key":"Oddly Smooth Stone"},{"floor":31,"key":"BlankCard"}],"event_choices":[],"is_beta":false,"boss_relics":[{"not_picked":["halation:MonkeysPaw","Empty Cage"],"picked":"conspire:SlowCooker"},{"not_picked":[]}],"items_purged_floors":[30],"is_endless":false,"potions_floor_spawned":[3,5,6,8,18,24,27,31],"killed_by":"theJungle:TotemBoss","ascension_level":0}}