{"host":"Fredi","time":1607856793,"event":{"mods":["AchievementEnabler","Act Like it!","BaseMod","Better Altar","Better Match","Better Note","Better Sensory Stone","Better Skull","Better Third Choice","Block Reminder","Colored Map","Colored Powertips","Custom Start","Downfall","Gensokyo","Hermit","Highlight Path","Mimic Mod","Minty Spire (QoL Compilation)","Permanent Neow","Quick Restart","Rare Cards Sparkle","Relic Stats","Shop Mod","StSLib","The Cursed","The Runesmith","Transform Curses","Wandering Minibosses","everything is the same but u backflip on backflip"],"gold_per_floor":[18,18,37,51,61,92,92,123,123,141,141,160,179,195,195,298,298,308,322,23,33,48,76,76,106,174,199,213,240,240,258,258,356,356,369,369,33,33,51,51,65,82,121,134,134,148,23,51,51,51,51,51,51,81,81,81],"floor_reached":55,"playtime":4596,"items_purged":["SignatureMove","Pain","Madness"],"score":860,"play_id":"4e30239b-81c6-47af-8d59-78452ab77fa6","local_time":"20201213025313","is_ascension_mode":true,"campfire_choices":[{"data":"Apotheosis","floor":11,"key":"SMITH"},{"floor":15,"key":"RECALL"},{"floor":24,"key":"REST"},{"floor":32,"key":"REST"},{"floor":40,"key":"REST"},{"floor":45,"key":"REST"},{"floor":49,"key":"REST"},{"floor":52,"key":"REST"}],"circlet_count":0,"master_deck":["Strike_R","Strike_R","Strike_R","Strike_R","Strike_R","Defend_R","Defend_R","Defend_R","Defend_R","Bash","Apotheosis+1","Anger","Spot Weakness","Sentinel","Pommel Strike","Battle Trance","True Grit","Exhume","Clash","True Grit+1","Metallicize","Headbutt","Rage","Seeing Red","Inflame+1","Limit Break","expansioncontent:LastStand+1","Madness","Burning Pact+1","Heavy Blade+1","Feel No Pain+1","Warcry","Anger+1","Pommel Strike","Heavy Blade+1"],"relics":["Burning Blood","Happy Flower","Bird Faced Urn","Fusion Hammer","Juzu Bracelet","Incense Burner","Pantograph","Frozen Egg 2","Art of War","Anchor","Mark of Pain","WarpedTongs","Dream Catcher","Unceasing Top","Pocketwatch","Centennial Puzzle"],"acts_visited":["Exordium","TheCity","TheBeyond","TheEnding"],"potions_floor_usage":[6,6,8,10,10,21,21,23,28,44,50,54,55],"damage_taken":[{"damage":1,"enemies":"Cultist","floor":1,"turns":4},{"damage":2,"enemies":"Small Slimes","floor":3,"turns":3},{"damage":4,"enemies":"2 Louse","floor":4,"turns":4},{"damage":16,"enemies":"Lots of Slimes","floor":5,"turns":4},{"damage":21,"enemies":"Gremlin Nob","floor":6,"turns":5},{"damage":10,"enemies":"Lagavulin","floor":8,"turns":4},{"damage":15,"enemies":"Exordium Wildlife","floor":10,"turns":4},{"damage":0,"enemies":"Red Slaver","floor":12,"turns":3},{"damage":0,"enemies":"Exordium Thugs","floor":13,"turns":3},{"damage":0,"enemies":"Large Slime","floor":14,"turns":3},{"damage":0,"enemies":"Slime Boss","floor":16,"turns":6},{"damage":5,"enemies":"Chosen","floor":18,"turns":3},{"damage":10,"enemies":"Shell Parasite","floor":19,"turns":3},{"damage":7,"enemies":"Centurion and Healer","floor":21,"turns":4},{"damage":21,"enemies":"Snecko","floor":22,"turns":6},{"damage":37,"enemies":"Slavers","floor":23,"turns":6},{"damage":10,"enemies":"Book of Stabbing","floor":25,"turns":5},{"damage":8,"enemies":"Gremlin Leader","floor":27,"turns":9},{"damage":14,"enemies":"Sentry and Sphere","floor":28,"turns":8},{"damage":12,"enemies":"Book of Stabbing","floor":29,"turns":7},{"damage":0,"enemies":"Centurion and Healer","floor":31,"turns":4},{"damage":95,"enemies":"Automaton","floor":33,"turns":11},{"damage":45,"enemies":"3 Darklings","floor":35,"turns":7},{"damage":9,"enemies":"Orb Walker","floor":39,"turns":3},{"damage":17,"enemies":"Transient","floor":41,"turns":5},{"damage":31,"enemies":"Sphere and 2 Shapes","floor":42,"turns":6},{"damage":49,"enemies":"4 Shapes","floor":43,"turns":10},{"damage":36,"enemies":"4 Shapes","floor":44,"turns":5},{"damage":28,"enemies":"Maw","floor":46,"turns":8},{"damage":6,"enemies":"Nemesis","floor":48,"turns":5},{"damage":73,"enemies":"Donu and Deca","floor":50,"turns":10},{"damage":57,"enemies":"Shield and Spear","floor":54,"turns":6},{"damage":97,"enemies":"The Heart","floor":55,"turns":3}],"seed_played":"7661422177369754983","potions_obtained":[{"floor":2,"key":"EssenceOfSteel"},{"floor":2,"key":"DuplicationPotion"},{"floor":2,"key":"ColorlessPotion"},{"floor":4,"key":"EntropicBrew"},{"floor":6,"key":"ColorlessPotion"},{"floor":13,"key":"hexamod:EctoCoolerPotion"},{"floor":14,"key":"champ:CounterPotion"},{"floor":25,"key":"FairyPotion"},{"floor":27,"key":"GamblersBrew"},{"floor":33,"key":"SpeedPotion"},{"floor":39,"key":"ColorlessPotion"},{"floor":42,"key":"Regen Potion"},{"floor":44,"key":"Strength Potion"}],"is_trial":false,"path_per_floor":["M","?","M","M","M","E","?","E","T","M","R","M","M","M","R","B",null,"M","M","$","M","M","E","R","E","T","E","M","E","?","M","R","B",null,"M","?","$","?","M","R","M","M","MIM","M","R","M","$","E","R","B",null,"R","$","E","B"],"character_chosen":"IRONCLAD","items_purchased":["Metallicize","Juzu Bracelet","Dream Catcher","expansioncontent:LastStand+1"],"campfire_rested":6,"item_purchase_floors":[20,20,37,37],"current_hp_per_floor":[80,80,80,80,70,55,55,51,51,42,42,48,54,60,60,66,80,80,76,76,77,64,35,59,57,57,57,51,47,47,57,80,30,80,41,41,41,31,44,68,61,52,25,21,45,41,41,47,71,21,80,80,80,43,0,0],"gold":81,"neow_bonus":"RANDOM_COLORLESS_2","is_daily":false,"chose_seed":false,"campfire_upgraded":1,"win_rate":0.0,"timestamp":1607856793,"path_taken":["M","?","M","?","M","E","?","E","T","M","R","?","M","M","R","BOSS","M","M","$","M","M","E","R","E","T","E","M","E","?","M","R","BOSS","M","?","$","?","M","R","M","M","MIM","M","R","M","$","E","R","BOSS","R","$","E","BOSS"],"items_purchased_type":["Card","Relic","Relic","Card"],"build_version":"2020-12-07","purchased_purges":3,"victory":false,"max_hp_per_floor":[80,80,80,80,80,80,80,80,80,80,80,80,80,80,80,80,80,80,80,80,80,80,80,80,80,80,80,80,80,80,80,80,80,80,80,80,80,80,80,80,80,80,80,80,80,80,80,80,80,80,80,80,80,80,80,80],"relic_stats":{"Happy Flower":[52],"counters":[33,177],"Juzu Bracelet":1,"Burning Blood":180,"WarpedTongs":[29],"Dream Catcher":4,"Centennial Puzzle":[3],"Bird Faced Urn":[72],"Pantograph":34,"Art of War":[9],"obtain_stats":[{"Happy Flower":6,"Juzu Bracelet":20,"Incense Burner":23,"Frozen Egg 2":26,"Burning Blood":0,"WarpedTongs":36,"Anchor":29,"Dream Catcher":37,"Centennial Puzzle":54,"Bird Faced Urn":8,"Pantograph":25,"Fusion Hammer":17,"Mark of Pain":34,"Art of War":27,"Unceasing Top":43,"Pocketwatch":48},{"Happy Flower":5,"Juzu Bracelet":13,"Incense Burner":16,"Frozen Egg 2":17,"Burning Blood":0,"WarpedTongs":23,"Anchor":20,"Dream Catcher":23,"Centennial Puzzle":32,"Bird Faced Urn":6,"Pantograph":17,"Fusion Hammer":11,"Mark of Pain":22,"Art of War":18,"Unceasing Top":27,"Pocketwatch":30},{"Happy Flower":20,"Juzu Bracelet":49,"Incense Burner":65,"Frozen Egg 2":70,"Burning Blood":0,"WarpedTongs":116,"Anchor":94,"Dream Catcher":116,"Centennial Puzzle":174,"Bird Faced Urn":24,"Pantograph":70,"Fusion Hammer":43,"Mark of Pain":109,"Art of War":79,"Unceasing Top":140,"Pocketwatch":158}],"Unceasing Top":[20],"Pocketwatch":[9]},"card_choices":[{"not_picked":["Thinking Ahead","Metamorphosis"],"picked":"Apotheosis","floor":0},{"not_picked":["Inflame","Flex"],"picked":"Anger","floor":1},{"not_picked":["Hemokinesis","Armaments"],"picked":"Spot Weakness","floor":3},{"not_picked":["Body Slam","Evolve"],"picked":"Sentinel","floor":4},{"not_picked":["Flex","Armaments"],"picked":"Pommel Strike","floor":5},{"not_picked":["Hemokinesis","Heavy Blade"],"picked":"Battle Trance","floor":6},{"not_picked":["Whirlwind","Cleave","Warcry"],"picked":"SKIP","floor":8},{"not_picked":["Blood for Blood","Berserk","Armaments"],"picked":"SKIP","floor":10},{"not_picked":["Blood for Blood","Berserk","Armaments"],"picked":"SKIP","floor":10},{"not_picked":["Cleave","Shrug It Off","Armaments"],"picked":"SKIP","floor":12},{"not_picked":["Fire Breathing","Perfected Strike","Cleave"],"picked":"SKIP","floor":13},{"not_picked":["Iron Wave","Havoc"],"picked":"True Grit","floor":14},{"not_picked":["Reaper","Berserk"],"picked":"Exhume","floor":16},{"not_picked":["Perfected Strike","Clothesline"],"picked":"Clash","floor":18},{"not_picked":["Evolve+1","Second Wind"],"picked":"True Grit+1","floor":19},{"not_picked":["Shockwave","Heavy Blade"],"picked":"Headbutt","floor":21},{"not_picked":["Headbutt","Thunderclap","Carnage+1"],"picked":"SKIP","floor":22},{"not_picked":["Flex","Headbutt+1"],"picked":"Rage","floor":23},{"not_picked":["Armaments","Demon Form","Carnage"],"picked":"SKIP","floor":25},{"not_picked":["Fire Breathing+1","Armaments","Seeing Red"],"picked":"SKIP","floor":27},{"not_picked":["Shrug It Off+1","Anger"],"picked":"Seeing Red","floor":28},{"not_picked":["Corruption+1","Second Wind"],"picked":"Inflame+1","floor":29},{"not_picked":["Sword Boomerang+1","Shrug It Off+1","Clothesline"],"picked":"SKIP","floor":31},{"not_picked":["Feed","Impervious"],"picked":"Limit Break","floor":33},{"not_picked":["Sword Boomerang+1","Wild Strike+1","Seeing Red"],"picked":"SKIP","floor":35},{"not_picked":["Headbutt","Twin Strike+1"],"picked":"Burning Pact+1","floor":39},{"not_picked":["Searing Blow","Headbutt+1","True Grit"],"picked":"SKIP","floor":41},{"not_picked":["Spot Weakness","Body Slam","Sword Boomerang"],"picked":"SKIP","floor":42},{"not_picked":["Feed","Intimidate"],"picked":"Heavy Blade+1","floor":43},{"not_picked":["Wild Strike","Infernal Blade","Sword Boomerang"],"picked":"SKIP","floor":44},{"not_picked":["Iron Wave+1","Pommel Strike"],"picked":"Feel No Pain+1","floor":45},{"not_picked":["Perfected Strike+1","Thunderclap"],"picked":"Warcry","floor":46},{"not_picked":["Corruption+1","Iron Wave+1"],"picked":"Anger+1","floor":48},{"not_picked":["Clash+1","Headbutt+1"],"picked":"Pommel Strike","floor":49},{"not_picked":["Cleave","Anger"],"picked":"Heavy Blade+1","floor":52},{"not_picked":["Armaments","Clash","Feed"],"picked":"SKIP","floor":54}],"player_experience":219167,"relics_obtained":[{"floor":6,"key":"Happy Flower"},{"floor":8,"key":"Bird Faced Urn"},{"floor":23,"key":"Incense Burner"},{"floor":25,"key":"Pantograph"},{"floor":26,"key":"Frozen Egg 2"},{"floor":27,"key":"Art of War"},{"floor":29,"key":"Anchor"},{"floor":43,"key":"Unceasing Top"},{"floor":48,"key":"Pocketwatch"},{"floor":54,"key":"Centennial Puzzle"}],"event_choices":[{"damage_healed":0,"gold_gain":0,"player_choice":"Got Potions","damage_taken":0,"max_hp_gain":0,"max_hp_loss":0,"event_name":"Lab","floor":2,"gold_loss":0},{"damage_healed":0,"gold_gain":1,"player_choice":"4","damage_taken":0,"max_hp_gain":0,"max_hp_loss":0,"event_name":"betterStone:BetterStone","floor":7,"gold_loss":0,"cards_obtained":["SignatureMove"]},{"cards_removed":["Apotheosis"],"damage_healed":0,"gold_gain":0,"player_choice":"Give","damage_taken":0,"max_hp_gain":0,"max_hp_loss":0,"event_name":"betterNote:BetterNote","floor":30,"gold_loss":0,"cards_obtained":["None"]},{"damage_healed":0,"gold_gain":0,"player_choice":"Rummage","damage_taken":0,"relics_obtained":["WarpedTongs"],"max_hp_gain":0,"max_hp_loss":0,"event_name":"Accursed Blacksmith","floor":36,"gold_loss":0,"cards_obtained":["Pain"]},{"damage_healed":0,"gold_gain":0,"player_choice":"Embrace Madness","damage_taken":10,"max_hp_gain":0,"max_hp_loss":0,"event_name":"Winding Halls","floor":38,"gold_loss":0,"cards_obtained":["Madness","Madness"]}],"is_beta":true,"boss_relics":[{"not_picked":["Runic Cube","SacredBark"],"picked":"Fusion Hammer"},{"not_picked":["Tiny House","Runesmith:UraniumAnvil"],"picked":"Mark of Pain"}],"items_purged_floors":[20,37,47],"is_endless":false,"potions_floor_spawned":[4,6,13,14,16,19,25,27,33,39,42,44],"killed_by":"The Heart","ascension_level":1}}