{"host":"eav5i5w47nlnv2l1","time":1607841306,"event":{"mods":["BaseMod","Minty Spire (QoL Compilation)"],"gold_per_floor":[117,42,57,72,83,83,98,98,98,98,125,145,170,209,209,332,382,397,322,359,57,68,96,96,135,187,187,187,202,222,263,263,386,386,405,405,448,16,36,80,80,109,135,135,148,148,148],"floor_reached":46,"playtime":3697,"items_purged":["Strike_P"],"score":488,"play_id":"eee07880-bb56-4724-8896-9a836a8a436e","local_time":"20201213013506","is_ascension_mode":false,"campfire_choices":[{"data":"Eruption","floor":6,"key":"SMITH"},{"data":"Sanctity","floor":8,"key":"SMITH"},{"floor":15,"key":"REST"},{"floor":24,"key":"REST"},{"floor":27,"key":"REST"},{"floor":32,"key":"REST"},{"floor":41,"key":"REST"}],"circlet_count":0,"master_deck":["Strike_P","Defend_P","Defend_P","Defend_P","Defend_P","Eruption+1","Vigilance","ClearTheMind","Sanctity+1","LikeWater+1","FearNoEvil","MentalFortress","Wish","Prostrate","Prostrate","Brilliance","Crescendo+1","SashWhip+1","Devotion","The Bomb","Alpha","DeceiveReality","Wallop","Halt","SpiritShield","FearNoEvil+1","Apotheosis","Parasite"],"relics":["PureWater","Toy Ornithopter","Damaru","Bottled Flame","Tiny House","Du-Vu Doll","Orichalcum","Fusion Hammer","Mummified Hand","Happy Flower","Lantern"],"acts_visited":["Exordium","TheCity","TheBeyond"],"potions_floor_usage":[5,11,13,23,23,23,31,39,39,42,42],"damage_taken":[{"damage":1,"enemies":"Jaw Worm","floor":1,"turns":3},{"damage":0,"enemies":"Small Slimes","floor":3,"turns":2},{"damage":0,"enemies":"2 Louse","floor":4,"turns":6},{"damage":2,"enemies":"Exordium Wildlife","floor":5,"turns":3},{"damage":4,"enemies":"Red Slaver","floor":7,"turns":4},{"damage":8,"enemies":"Lagavulin","floor":11,"turns":6},{"damage":0,"enemies":"2 Fungi Beasts","floor":12,"turns":4},{"damage":35,"enemies":"Gremlin Nob","floor":13,"turns":6},{"damage":5,"enemies":"Large Slime","floor":14,"turns":8},{"damage":51,"enemies":"Slime Boss","floor":16,"turns":24},{"damage":1,"enemies":"Spheric Guardian","floor":18,"turns":7},{"damage":0,"enemies":"Shell Parasite","floor":20,"turns":5},{"damage":30,"enemies":"Sentry and Sphere","floor":22,"turns":6},{"damage":24,"enemies":"Slavers","floor":23,"turns":4},{"damage":18,"enemies":"Snake Plant","floor":25,"turns":6},{"damage":27,"enemies":"Shelled Parasite and Fungi","floor":29,"turns":6},{"damage":13,"enemies":"Centurion and Healer","floor":30,"turns":6},{"damage":6,"enemies":"Chosen and Byrds","floor":31,"turns":7},{"damage":17,"enemies":"Champ","floor":33,"turns":10},{"damage":39,"enemies":"3 Darklings","floor":35,"turns":6},{"damage":0,"enemies":"3 Shapes","floor":37,"turns":6},{"damage":14,"enemies":"Jaw Worm Horde","floor":39,"turns":4},{"damage":4,"enemies":"Sphere and 2 Shapes","floor":40,"turns":5},{"damage":68,"enemies":"Reptomancer","floor":42,"turns":8},{"damage":2,"enemies":"Writhing Mass","floor":45,"turns":7},{"damage":7,"enemies":"4 Shapes","floor":46,"turns":1}],"seed_played":"4614217139690481511","potions_obtained":[{"floor":4,"key":"StancePotion"},{"floor":5,"key":"Energy Potion"},{"floor":7,"key":"SteroidPotion"},{"floor":16,"key":"PowerPotion"},{"floor":17,"key":"LiquidBronze"},{"floor":20,"key":"Weak Potion"},{"floor":29,"key":"Explosive Potion"},{"floor":30,"key":"ColorlessPotion"},{"floor":31,"key":"StancePotion"},{"floor":37,"key":"Swift Potion"},{"floor":39,"key":"SteroidPotion"}],"is_trial":false,"path_per_floor":["M","$","M","M","M","R","M","R","T","$","E","M","E","M","R","B",null,"M","?","M","$","M","E","R","M","T","R","?","M","M","M","R","B",null,"M","?","M","$","M","M","R","E","T","?","M","M"],"character_chosen":"WATCHER","items_purchased":["Devotion","The Bomb","Mummified Hand","Apotheosis"],"campfire_rested":5,"item_purchase_floors":[21,21,38,38],"current_hp_per_floor":[78,78,78,78,76,76,72,72,72,72,69,69,39,34,57,6,84,83,83,83,83,53,44,69,51,51,76,76,49,36,35,60,43,84,45,45,45,45,41,37,62,4,4,4,2,0,0],"gold":148,"neow_bonus":"TEN_PERCENT_HP_BONUS","is_daily":false,"chose_seed":false,"campfire_upgraded":2,"win_rate":0.0,"timestamp":1607841306,"path_taken":["M","$","M","M","M","R","M","R","T","$","E","M","E","M","R","BOSS","M","?","M","$","M","E","R","M","T","R","?","?","M","M","R","BOSS","M","?","M","$","M","M","R","E","T","?","M","?"],"items_purchased_type":["Card","Card","Relic","Card"],"build_version":"2020-11-30","purchased_purges":1,"victory":false,"max_hp_per_floor":[79,79,79,79,79,79,79,79,79,79,79,79,79,79,79,79,84,84,84,84,84,84,84,84,84,84,84,84,84,84,84,84,84,84,84,84,84,84,84,84,84,84,84,84,84,84,84],"card_choices":[{"not_picked":["EmptyFist","Indignation"],"picked":"ClearTheMind","floor":1},{"not_picked":["CrushJoints","Blasphemy"],"picked":"Sanctity","floor":3},{"not_picked":["FollowUp","Evaluate"],"picked":"LikeWater","floor":4},{"not_picked":["WreathOfFlame","EmptyFist"],"picked":"FearNoEvil","floor":5},{"not_picked":["FollowUp","BattleHymn","Crescendo"],"picked":"SKIP","floor":7},{"not_picked":["EmptyFist","SandsOfTime"],"picked":"MentalFortress","floor":11},{"not_picked":["Wallop","Evaluate"],"picked":"Wish","floor":12},{"not_picked":["InnerPeace","Consecrate"],"picked":"Prostrate","floor":13},{"not_picked":["ThirdEye","FollowUp"],"picked":"Prostrate","floor":14},{"not_picked":["Devotion","Judgement"],"picked":"Brilliance","floor":16},{"not_picked":["SashWhip","Wireheading"],"picked":"Crescendo+1","floor":18},{"not_picked":["EmptyMind","ThirdEye+1"],"picked":"SashWhip+1","floor":20},{"not_picked":["EmptyFist","JustLucky","ClearTheMind+1"],"picked":"SKIP","floor":22},{"not_picked":["ForeignInfluence+1","EmptyMind"],"picked":"Alpha","floor":23},{"not_picked":["Vengeance","WheelKick"],"picked":"DeceiveReality","floor":25},{"not_picked":["WheelKick","JustLucky"],"picked":"Wallop","floor":29},{"not_picked":["Conclude","PathToVictory+1","MentalFortress+1"],"picked":"SKIP","floor":30},{"not_picked":["Vengeance+1","Tantrum"],"picked":"Halt","floor":31},{"not_picked":["Blasphemy","DevaForm"],"picked":"SpiritShield","floor":33},{"not_picked":["Consecrate+1","Swivel","CrushJoints"],"picked":"SKIP","floor":35},{"not_picked":["BowlingBash+1","Crescendo"],"picked":"FearNoEvil+1","floor":37},{"not_picked":["FlyingSleeves","WheelKick","WindmillStrike"],"picked":"SKIP","floor":39},{"not_picked":["SandsOfTime","Halt","CrushJoints"],"picked":"SKIP","floor":40},{"not_picked":["ForeignInfluence","ClearTheMind","CrushJoints"],"picked":"SKIP","floor":42},{"not_picked":["Adaptation","SashWhip","Halt+1"],"picked":"SKIP","floor":45}],"player_experience":1385181,"relics_obtained":[{"floor":9,"key":"Toy Ornithopter"},{"floor":11,"key":"Damaru"},{"floor":13,"key":"Bottled Flame"},{"floor":23,"key":"Du-Vu Doll"},{"floor":26,"key":"Orichalcum"},{"floor":42,"key":"Happy Flower"},{"floor":43,"key":"Lantern"}],"event_choices":[{"cards_removed":["Strike_P"],"damage_healed":0,"gold_gain":0,"player_choice":"Gave Gold","damage_taken":0,"max_hp_gain":0,"max_hp_loss":0,"event_name":"Beggar","floor":19,"gold_loss":75},{"damage_healed":0,"gold_gain":0,"player_choice":"Ignored","damage_taken":0,"max_hp_gain":0,"max_hp_loss":0,"event_name":"The Mausoleum","floor":28,"gold_loss":0},{"damage_healed":0,"gold_gain":0,"player_choice":"Memory 1","damage_taken":0,"max_hp_gain":0,"max_hp_loss":0,"event_name":"SensoryStone","floor":36,"gold_loss":0},{"cards_removed":["Strike_P"],"damage_healed":0,"gold_gain":0,"player_choice":"Purged","damage_taken":0,"max_hp_gain":0,"max_hp_loss":0,"event_name":"Purifier","floor":44,"gold_loss":0}],"is_beta":false,"boss_relics":[{"not_picked":["SacredBark","Runic Pyramid"],"picked":"Tiny House"},{"not_picked":["Snecko Eye","Sozu"],"picked":"Fusion Hammer"}],"items_purged_floors":[2],"is_endless":false,"potions_floor_spawned":[4,5,7,16,20,29,30,31,37,39],"killed_by":"4 Shapes","ascension_level":0}}