{"host":"jgqxb38yl0c1w101","time":1607833878,"event":{"mods":["2.2 Compatiblity","AchievementEnabler","BaseMod","Beaked The Cultist","Colored Map","Downfall","Hermit","Hubris","Infinite Spire","Minty Spire (QoL Compilation)","StSLib"],"gold_per_floor":[99,129,145,145,55,73,73,83,83,108,126,139,139,155,174,279,279,204,204,230,246,246,272,324,524,374,399,411,139,153,109,123,225,225,225,254,254,254,254,269,269,289,314,350,350,370,146,156,166,166,166,201,26,26,26],"floor_reached":56,"playtime":5502,"items_purged":["champ:Defend","Doubt","champ:Strike","hubris:Greed","champ:Strike","champ:Strike"],"score":1379,"play_id":"7c86c63a-ea1d-4d5f-9b3d-09a6118321cd","local_time":"20201212233118","is_ascension_mode":true,"campfire_choices":[{"data":"champ:Devastate","floor":1.0,"key":"SMITH"},{"floor":4.0,"key":"REST"},{"data":"champ:GladiatorStyle","floor":18.0,"key":"SMITH"},{"floor":22.0,"key":"RECALL"},{"floor":26.0,"key":"REST"},{"data":"champ:SteelEdge","floor":35.0,"key":"SMITH"},{"data":"champ:FanOfKnives","floor":38.0,"key":"SMITH"},{"floor":54,"key":"REST"},{"floor":54,"key":"DIG"}],"circlet_count":0,"master_deck":["champ:Strike","champ:Defend","champ:Defend","champ:Defend","champ:Execute","champ:Taunt","champ:Devastate+1","champ:GladiatorsShout","champ:GladiatorStyle+1","champ:VampiricStrike","champ:SwordSigil","champ:FanOfKnives+1","champ:CrownThrow+1","champ:Haymaker","champ:Aggression+1","champ:FocusedGladiator","champ:ViciousMockery+1","champ:SteelEdge+1","champ:BladeFlurry","champ:ArenaPreparation","champ:CalledShot","champ:GladiatorsShout+1"],"relics":["champ:ChampionCrown","Potion Belt","White Beast Statue","hubris:Towel","Cursed Key","downfall:HeartBlessingBlue","FossilizedHelix","Lizard Tail","Toy Ornithopter","downfall:HeartBlessingGreen","downfall:HeartBlessingRed","hubris:ToyBattleship","Pen Nib","hubris:DeckOfHolding","Black Star","Oddly Smooth Stone","Happy Flower","Bottled Flame","Shovel","InkBottle","Sling","hubris:ScarierMask","Cauldron","infinitespire:Magic Flask","Lantern","hubris:MysteriousPyramids"],"acts_visited":["Exordium","TheCity","TheBeyond","TheEnding"],"potions_floor_usage":[52,55,55,55,55],"damage_taken":[{"damage":44.0,"enemies":"3 Sentries","floor":2.0,"turns":11.0},{"damage":7.0,"enemies":"Cultist","floor":3.0,"turns":5.0},{"damage":5.0,"enemies":"downfall:FleeingMerchant","floor":5.0,"turns":4.0},{"damage":8.0,"enemies":"2 Louse","floor":6.0,"turns":4.0},{"damage":16.0,"enemies":"Small Slimes","floor":8.0,"turns":6.0},{"damage":14.0,"enemies":"Lagavulin","floor":10.0,"turns":6.0},{"damage":7.0,"enemies":"Blue Slaver","floor":11.0,"turns":4.0},{"damage":20.0,"enemies":"Exordium Thugs","floor":12.0,"turns":4.0},{"damage":21.0,"enemies":"Large Slime","floor":14.0,"turns":8.0},{"damage":14.0,"enemies":"3 Louse","floor":15.0,"turns":4.0},{"damage":40.0,"enemies":"downfall:Silent","floor":16.0,"turns":8.0},{"damage":13.0,"enemies":"Gremlin Leader","floor":20.0,"turns":5.0},{"damage":0.0,"enemies":"Chosen","floor":21.0,"turns":3.0},{"damage":73.0,"enemies":"Slavers","floor":23.0,"turns":6.0},{"damage":0.0,"enemies":"Gremlin Leader","floor":27.0,"turns":3.0},{"damage":31.0,"enemies":"Cultist and Chosen","floor":28.0,"turns":6.0},{"damage":0.0,"enemies":"downfall:FleeingMerchant","floor":29.0,"turns":4.0},{"damage":10.0,"enemies":"3 Cultists","floor":30.0,"turns":3.0},{"damage":12.0,"enemies":"downfall:FleeingMerchant","floor":31.0,"turns":3.0},{"damage":19.0,"enemies":"Centurion and Healer","floor":32.0,"turns":4.0},{"damage":3.0,"enemies":"downfall:Watcher","floor":33.0,"turns":3.0},{"damage":5.0,"enemies":"beaked:SuperParasite","floor":36.0,"turns":3.0},{"damage":0.0,"enemies":"3 Darklings","floor":40.0,"turns":3.0},{"damage":44.0,"enemies":"3 Shapes","floor":42.0,"turns":5.0},{"damage":12.0,"enemies":"Spire Growth","floor":43.0,"turns":3.0},{"damage":43.0,"enemies":"Giant Head","floor":44.0,"turns":8.0},{"damage":0.0,"enemies":"Jaw Worm Horde","floor":46.0,"turns":2.0},{"damage":13.0,"enemies":"Maw","floor":48.0,"turns":4.0},{"damage":14.0,"enemies":"4 Shapes","floor":49.0,"turns":4.0},{"damage":76.0,"enemies":"downfall:Ironclad","floor":50.0,"turns":6.0},{"damage":74,"enemies":"downfall:CharBossMerchant","floor":52,"turns":6},{"damage":142,"enemies":"downfall:NeowBoss","floor":55,"turns":17}],"seed_played":"-1921907822564001167","potions_obtained":[{"floor":2.0,"key":"Swift Potion"},{"floor":6.0,"key":"Energy Potion"},{"floor":8.0,"key":"FearPotion"},{"floor":10.0,"key":"Guardian:BlockOnCardUsePotion"},{"floor":11.0,"key":"CultistPotion"},{"floor":12.0,"key":"FearPotion"},{"floor":14.0,"key":"Strength Potion"},{"floor":15.0,"key":"Regen Potion"},{"floor":16.0,"key":"ColorlessPotion"},{"floor":20.0,"key":"FearPotion"},{"floor":21.0,"key":"SpeedPotion"},{"floor":23.0,"key":"Dexterity Potion"},{"floor":27.0,"key":"Regen Potion"},{"floor":28.0,"key":"Energy Potion"},{"floor":29.0,"key":"Explosive Potion"},{"floor":30.0,"key":"SkillPotion"},{"floor":31.0,"key":"BlessingOfTheForge"},{"floor":36.0,"key":"AttackPotion"},{"floor":40.0,"key":"champ:UltimateStancePotion"},{"floor":42.0,"key":"Weak Potion"},{"floor":43.0,"key":"Energy Potion"},{"floor":44.0,"key":"Swift Potion"},{"floor":48.0,"key":"Block Potion"},{"floor":52,"key":"FairyPotion"},{"floor":52,"key":"CultistPotion"},{"floor":52,"key":"EssenceOfSteel"}],"is_trial":false,"path_per_floor":["R","E","M","R","$","M","T","M","?","E","M","M","?","M","M","B",null,"R","?","E","M","R","E","T","?","R","E","M","$","M","$","M","B",null,"R","E","?","R","?","M","T","M","M","E","AVR","M","$","M","M","B",null,"E","$","R","B",null],"character_chosen":"THE_CHAMP","items_purchased":["Pen Nib","hubris:DeckOfHolding","champ:CalledShot"],"campfire_rested":3,"item_purchase_floors":[29,31,47],"current_hp_per_floor":[81,42,40,64,64,56,56,58,39,52,55,35,35,29,23,20,81,91,91,90,91,91,32,32,32,59,67,55,85,78,66,77,74,91,91,91,91,91,91,91,91,71,79,91,91,91,91,91,82,23,91,68,68,91,69],"gold":26,"neow_bonus":"THREE_RARE_CARDS","is_daily":false,"chose_seed":false,"campfire_upgraded":4,"win_rate":0.0,"timestamp":1607833878,"path_taken":["R","E","M","R","$","?","T","M","?","E","M","M","?","M","M","BOSS","R","?","E","M","R","E","T","?","R","E","M","$","?","$","M","BOSS","R","E","?","R","?","M","T","M","M","E","AVR","M","$","M","M","BOSS","E","$","R","BOSS"],"items_purchased_type":["Relic","Relic","Card"],"build_version":"2020-11-30","purchased_purges":6,"victory":true,"max_hp_per_floor":[81,81,81,81,81,81,81,81,81,81,81,81,81,81,81,81,81,91,91,91,91,91,91,91,91,91,91,91,91,91,91,91,91,91,91,91,91,91,91,91,91,91,91,91,91,91,91,91,91,91,91,91,91,91,91],"card_choices":[{"not_picked":["champ:DancingMaster","champ:CheapShot"],"picked":"champ:Devastate","floor":0.0},{"not_picked":["champ:PerfectedStrike","champ:Encircle"],"picked":"champ:GladiatorsShout","floor":2.0},{"not_picked":["champ:AdrenalArmor","champ:DefensiveStyle"],"picked":"champ:PreciseThrust","floor":3.0},{"not_picked":["champ:RageSigil","champ:FocusedDefense"],"picked":"champ:GladiatorStyle","floor":5.0},{"not_picked":["champ:IronFortress","champ:FanOfKnives"],"picked":"champ:VampiricStrike","floor":6.0},{"not_picked":["champ:CrookedStrike","champ:FocusedDefense","champ:Control"],"picked":"SKIP","floor":8.0},{"not_picked":["hubris:Rewind","infinitespire:Oblivion"],"picked":"infinitespire:SealOfDarkness+","floor":9.0},{"not_picked":["champ:Backstep","champ:FlashCut","champ:Circumvent"],"picked":"SKIP","floor":10.0},{"not_picked":["champ:GladiatorsShout","champ:PerfectedStrike","champ:Riposte"],"picked":"SKIP","floor":11.0},{"not_picked":["champ:RageSigil","champ:AdrenalArmor"],"picked":"champ:SwordSigil","floor":12.0},{"not_picked":["champ:StanceDance","champ:RisingSlash","champ:RageSigil"],"picked":"SKIP","floor":14.0},{"not_picked":["champ:Encircle","champ:EnragedBash"],"picked":"champ:FanOfKnives","floor":15.0},{"not_picked":["champ:IgnorePain","champ:SwordThrow"],"picked":"champ:CrownThrow","floor":16.0},{"not_picked":["champ:StanceDance+1","champ:HeartStrike"],"picked":"champ:Haymaker","floor":20.0},{"not_picked":["champ:FlashCut","champ:FanOfKnives"],"picked":"champ:Aggression+1","floor":21.0},{"not_picked":["champ:RisingSlash","champ:TornadoPunch","champ:Haymaker"],"picked":"SKIP","floor":23.0},{"not_picked":["champ:ArenaPreparation","champ:Riposte"],"picked":"champ:FocusedGladiator","floor":27.0},{"not_picked":["champ:Circumvent","champ:Balance+1","champ:FightOn"],"picked":"SKIP","floor":28.0},{"not_picked":["champ:BerserkersShout","champ:Balance","champ:FaceSlap"],"picked":"SKIP","floor":29.0},{"not_picked":["champ:StanceDance","champ:RageSigil","champ:CrookedStrike"],"picked":"SKIP","floor":30.0},{"not_picked":["champ:DefensiveStyle+1","champ:Circumvent","champ:RapidStrikes"],"picked":"SKIP","floor":31.0},{"not_picked":["champ:SwordThrow","champ:FaceSlap"],"picked":"champ:ViciousMockery+1","floor":32.0},{"not_picked":["champ:MurderStrike","champ:DancingMaster"],"picked":"champ:SteelEdge","floor":33.0},{"not_picked":["champ:Haymaker","champ:FaceSlap+1","champ:GutPunch+1"],"picked":"SKIP","floor":36.0},{"not_picked":["champ:GladiatorsShout+1","champ:RageSigil","champ:EndlessRage"],"picked":"SKIP","floor":40.0},{"not_picked":["champ:RapidStrikes","champ:PerfectedStrike+1","champ:RageSigil+1"],"picked":"SKIP","floor":42.0},{"not_picked":["champ:BerserkersShout","champ:Haymaker"],"picked":"champ:BladeFlurry","floor":43.0},{"not_picked":["champ:Backstep","champ:ShieldThrow"],"picked":"champ:ArenaPreparation","floor":44.0},{"not_picked":["champ:Haymaker","champ:FanOfKnives","champ:DeathBlow+1"],"picked":"SKIP","floor":46.0},{"not_picked":["champ:TornadoPunch+1","champ:EnragedBash"],"picked":"champ:GladiatorsShout+1","floor":48.0},{"not_picked":["champ:CalledShot+1","champ:FocusedGladiator+1","champ:Duel"],"picked":"SKIP","floor":49.0}],"player_experience":65411,"relics_obtained":[{"floor":2.0,"key":"Potion Belt"},{"floor":10.0,"key":"White Beast Statue"},{"floor":20.0,"key":"FossilizedHelix"},{"floor":23.0,"key":"Lizard Tail"},{"floor":24.0,"key":"Toy Ornithopter"},{"floor":27.0,"key":"hubris:ToyBattleship"},{"floor":36.0,"key":"Oddly Smooth Stone"},{"floor":36.0,"key":"Happy Flower"},{"floor":41.0,"key":"Bottled Flame"},{"floor":44.0,"key":"Shovel"},{"floor":44.0,"key":"InkBottle"},{"floor":52,"key":"Cauldron"},{"floor":52,"key":"infinitespire:Magic Flask"},{"floor":52,"key":"Lantern"},{"floor":54,"key":"hubris:MysteriousPyramids"}],"event_choices":[{"damage_healed":0.0,"max_hp_gain":0.0,"max_hp_loss":0.0,"gold_gain":200.0,"event_name":"Wheel of Change","player_choice":"Gold","floor":25.0,"gold_loss":0.0,"damage_taken":0.0},{"cards_removed":["champ:PreciseThrust"],"damage_healed":0.0,"max_hp_gain":0.0,"max_hp_loss":0.0,"gold_gain":0.0,"event_name":"Falling","player_choice":"Removed Attack","floor":39.0,"gold_loss":0.0,"damage_taken":0.0}],"is_beta":false,"boss_relics":[{"not_picked":["Fusion Hammer","beaked:SacredDeck"],"picked":"Cursed Key"},{"not_picked":["Astrolabe","Snecko Eye"],"picked":"Black Star"}],"items_purged_floors":[5,29,31,45,47,53],"is_endless":false,"potions_floor_spawned":[2,6,8,10,11,12,14,15,16,20,21,23,27,28,29,30,31,32,33,36,40,42,43,44,46,48,49],"ascension_level":1}}