{"host":"uu8qcv8llpcbwyus","time":1607842340,"event":{"mods":["BaseMod","CapriCore","Conspire","Downfall","Hubris","MarisaÅiñ∂âJÅ@ñÇóùçπÅj","Minty Spire (QoL Compilation)","ReimuÅiîé??öÎÅj","RemiliaÅiÂQïƒ‰ª?Åj","Replay The Spire","StSLib","The Administrix","The Animator","The Gatherer","The Immortal","The Servant 0.9.4","TheSwordswoman","WarShipGirlsR/??è≠èóR mod","Åy?ï˚ìÒéü?çÏÅzî™â]éámod"],"gold_per_floor":[110,124,136,136,121,121,121,121,132,232,232,245,245,155,155,251,251,265,283,299,311,327,352,352,352,380,397,413,513,523,523,523,619,619,638,665,680,699,712,16,39,54,69,69,103,123,123,133,58,58],"floor_reached":51,"playtime":3409,"items_purged":["champ:Taunt","champ:Defend"],"score":792,"play_id":"1e011a4b-10eb-4038-8b19-b416d979b937","local_time":"20201212225220","is_ascension_mode":false,"campfire_choices":[{"data":"champ:GladiatorStyle","floor":8,"key":"SMITH"},{"data":"champ:Lariat","floor":15,"key":"SMITH"},{"data":"champ:GladiatorStyle","floor":25,"key":"SMITH"},{"data":"champ:Improvising","floor":32,"key":"SMITH"},{"floor":44,"key":"RECALL"},{"data":"champ:SteelEdge","floor":49,"key":"SMITH"}],"circlet_count":0,"master_deck":["champ:Strike+1","champ:Strike","champ:Defend","champ:Execute+1","champ:GladiatorStyle+1","champ:Circumvent","champ:BladeFlurry","champ:GladiatorStyle+1","champ:RapidStrikes","champ:IgnorePain+1","champ:BladeFlurry+1","champ:VampiricStrike","champ:Lariat+1","champ:FocusedGladiator","champ:ShieldSlam","AbeCurse","champ:ViciousMockery","champ:Improvising+1","champ:Haymaker","champ:SteelEdge+1","champ:HoldFirm"],"relics":["champ:ChampionCrown","Whetstone","Bottled Flame","hubris:FruitBowl","conspire:GlowingRock","Abe\u0027s Treasure","Tiny Chest","Iron Hammer","conspire:TopHat","champ:BlackKnightHelmet","The Courier","hubris:MedicalManual","Coffee Dripper","PreservedInsect","hubris:ToyBattleship","HandDrill","Unceasing Top","Singing Bowl","champ:DefensiveTrainingManual","Pen Nib","downfall:HeartBlessingRed"],"acts_visited":["Exordium","TheCity","TheBeyond"],"potions_floor_usage":[10,28],"damage_taken":[{"damage":15,"enemies":"Cultist","floor":1,"turns":4},{"damage":5,"enemies":"Small Slimes","floor":2,"turns":4},{"damage":0,"enemies":"2 Louse","floor":3,"turns":3},{"damage":1,"enemies":"downfall:FleeingMerchant","floor":5,"turns":4},{"damage":28,"enemies":"2 Fungi Beasts","floor":9,"turns":5},{"damage":25,"enemies":"downfall:Heads","floor":10,"turns":8},{"damage":7,"enemies":"Blue Slaver","floor":12,"turns":3},{"damage":11,"enemies":"downfall:FleeingMerchant","floor":14,"turns":4},{"damage":5,"enemies":"downfall:Watcher","floor":16,"turns":6},{"damage":0,"enemies":"3 Byrds","floor":18,"turns":5},{"damage":0,"enemies":"3 Cultists","floor":19,"turns":4},{"damage":0,"enemies":"Snake Plant","floor":20,"turns":4},{"damage":0,"enemies":"Snecko","floor":21,"turns":3},{"damage":0,"enemies":"Cultist and Chosen","floor":22,"turns":3},{"damage":5,"enemies":"conspire:SneckoGhost","floor":23,"turns":5},{"damage":13,"enemies":"Book of Stabbing","floor":26,"turns":4},{"damage":19,"enemies":"Centurion and Healer","floor":27,"turns":4},{"damage":35,"enemies":"3 Cultists","floor":28,"turns":5},{"damage":16,"enemies":"3 Cultists","floor":29,"turns":6},{"damage":29,"enemies":"Snake Plant","floor":30,"turns":3},{"damage":0,"enemies":"downfall:Defect","floor":33,"turns":5},{"damage":11,"enemies":"3 Darklings","floor":35,"turns":3},{"damage":25,"enemies":"3 Shapes","floor":37,"turns":3},{"damage":15,"enemies":"Writhing Mass","floor":38,"turns":3},{"damage":10,"enemies":"3 Darklings","floor":39,"turns":3},{"damage":7,"enemies":"downfall:FleeingMerchant","floor":40,"turns":3},{"damage":2,"enemies":"Transient","floor":42,"turns":5},{"damage":0,"enemies":"Maw","floor":43,"turns":4},{"damage":11,"enemies":"Nemesis","floor":45,"turns":3},{"damage":1,"enemies":"Writhing Mass","floor":46,"turns":4},{"damage":0,"enemies":"Jaw Worm Horde","floor":48,"turns":3},{"damage":5,"enemies":"downfall:Ironclad","floor":50,"turns":2}],"seed_played":"-2677452694827566162","potions_obtained":[{"floor":1,"key":"Fire Potion"},{"floor":2,"key":"champ:OpenerPotion"},{"floor":12,"key":"Reflective Coating"},{"floor":18,"key":"Weak Potion"},{"floor":30,"key":"SkillPotion"},{"floor":37,"key":"MagicPotion:ReiMu"}],"is_trial":false,"path_per_floor":["M","M","M","?","$","T","T","R","M","?","?","M","$","$","R","B",null,"M","M","M","M","M","E","T","R","E","M","M","?","M","?","R","B",null,"M","T","M","M","M","$","T","M","M","R","E","M","?","M","R","B",null],"character_chosen":"THE_CHAMP","items_purchased":["hubris:FruitBowl","conspire:GlowingRock","PreservedInsect","champ:HoldFirm","hubris:ToyBattleship","HandDrill","Unceasing Top","Dexterity Potion","Singing Bowl"],"campfire_rested":0,"item_purchase_floors":[13,13,40,40,40,40,40,40,40],"current_hp_per_floor":[84,84,84,84,83,83,83,83,74,49,49,52,14,33,33,50,99,99,99,99,99,99,99,99,99,99,99,99,99,83,83,83,83,99,88,88,87,99,99,92,92,102,105,105,97,99,91,94,94,104],"gold":58,"neow_bonus":"TEN_PERCENT_HP_BONUS","is_daily":false,"chose_seed":false,"campfire_upgraded":5,"win_rate":0.0,"timestamp":1607842340,"path_taken":["M","M","?","?","$","?","T","R","M","?","?","M","?","$","R","BOSS","M","M","M","M","M","E","T","R","E","?","M","?","M","?","R","BOSS","M","?","?","M","M","$","T","M","M","R","E","M","?","?","R","BOSS"],"items_purchased_type":["Relic","Relic","Relic","Card","Relic","Relic","Relic","Potion","Relic"],"build_version":"2020-11-30","purchased_purges":2,"victory":true,"max_hp_per_floor":[99,99,99,99,99,99,99,99,99,99,99,99,99,99,99,99,99,99,99,99,99,99,99,99,99,99,99,99,99,99,99,99,99,99,99,99,99,99,99,99,99,102,105,105,108,111,111,114,114,114],"card_choices":[{"not_picked":["champ:FocusedGladiator","champ:Shatter"],"picked":"champ:GladiatorStyle","floor":1},{"not_picked":["champ:EndlessRage","champ:AdrenalArmor"],"picked":"champ:Circumvent","floor":2},{"not_picked":["champ:FanOfKnives","champ:RapidStrikes"],"picked":"champ:BladeFlurry","floor":3},{"not_picked":["champ:TornadoPunch","champ:GutPunch"],"picked":"champ:GladiatorStyle","floor":5},{"not_picked":["champ:Backstep","champ:CrookedStrike"],"picked":"champ:RapidStrikes","floor":9},{"not_picked":["champ:FocusedDefense","champ:DefensiveShout"],"picked":"champ:IgnorePain","floor":10},{"not_picked":[],"picked":"champ:VampiricStrike","floor":11},{"not_picked":["champ:FlashCut","champ:BringItOn"],"picked":"champ:Lariat","floor":12},{"not_picked":["champ:Duel","champ:CalledShot"],"picked":"champ:FocusedGladiator","floor":14},{"not_picked":["champ:DancingMaster","champ:StrikeOfGenius"],"picked":"champ:ShieldSlam","floor":16},{"not_picked":["champ:FocusedBerserking+1","champ:PerfectedStrike+1","champ:BladeFlurry+1"],"picked":"SKIP","floor":18},{"not_picked":["champ:FanOfKnives","champ:StanceDance","champ:HeartStrike"],"picked":"SKIP","floor":19},{"not_picked":["champ:Backstep","champ:TornadoPunch+1","champ:HeavySlash"],"picked":"SKIP","floor":20},{"not_picked":["champ:GladiatorsShout","champ:RapidStrikes","champ:DefensiveStyle"],"picked":"SKIP","floor":21},{"not_picked":["champ:BringItOn","champ:SkillfulDodge","champ:FalseCounter+1"],"picked":"SKIP","floor":22},{"not_picked":["champ:TornadoPunch","champ:CalledShot","champ:BerserkersShout"],"picked":"SKIP","floor":23},{"not_picked":["champ:Encircle","champ:FocusedBerserking"],"picked":"champ:ViciousMockery","floor":26},{"not_picked":["champ:Circumvent","champ:GutPunch+1","champ:BladeFlurry"],"picked":"SKIP","floor":27},{"not_picked":["champ:Haymaker","champ:PerfectedStrike+1"],"picked":"champ:Improvising","floor":28},{"not_picked":["champ:TornadoPunch","champ:AdrenalArmor"],"picked":"champ:Haymaker","floor":29},{"not_picked":["champ:FlashCut","champ:BerserkersShout","champ:EnragedBash"],"picked":"SKIP","floor":30},{"not_picked":["champ:VampiricStrike","champ:HoldFirm"],"picked":"champ:SteelEdge","floor":33},{"not_picked":["champ:Haymaker","champ:StanceDance","champ:Circumvent+1"],"picked":"SKIP","floor":35},{"not_picked":["champ:CrookedStrike","champ:Encircle+1","champ:Shatter"],"picked":"SKIP","floor":37},{"not_picked":["champ:Shatter","champ:PerfectedStrike+1","champ:Backstep"],"picked":"SKIP","floor":38},{"not_picked":["champ:BerserkersShout","champ:Circumvent","champ:FlashCut+1"],"picked":"SKIP","floor":39},{"not_picked":["champ:BerserkersShout","champ:BladeFlurry","champ:EndlessRage"],"picked":"SKIP","floor":40},{"not_picked":["champ:EndlessRage+1","champ:CalledShot+1","champ:CrookedStrike"],"picked":"Singing Bowl","floor":42},{"not_picked":["champ:ShieldThrow","champ:CalledShot+1","champ:Encircle"],"picked":"Singing Bowl","floor":43},{"not_picked":["champ:GladiatorsShout+1","champ:Backstep","champ:BerserkerStyle+1"],"picked":"Singing Bowl","floor":45},{"not_picked":["champ:ViciousMockery+1","champ:Haymaker","champ:FocusedGladiator"],"picked":"Singing Bowl","floor":46},{"not_picked":["champ:BerserkersShout","champ:BerserkerStyle","champ:GladiatorsShout+1"],"picked":"Singing Bowl","floor":48}],"player_experience":1107367,"relics_obtained":[{"floor":6,"key":"Whetstone"},{"floor":7,"key":"Bottled Flame"},{"floor":23,"key":"Tiny Chest"},{"floor":24,"key":"Iron Hammer"},{"floor":26,"key":"conspire:TopHat"},{"floor":29,"key":"champ:BlackKnightHelmet"},{"floor":29,"key":"The Courier"},{"floor":41,"key":"champ:DefensiveTrainingManual"},{"floor":45,"key":"Pen Nib"}],"event_choices":[{"cards_removed":["champ:Defend"],"damage_healed":0,"gold_gain":0,"player_choice":"Purged","damage_taken":0,"max_hp_gain":0,"max_hp_loss":0,"event_name":"Purifier","floor":4,"gold_loss":0}],"is_beta":false,"boss_relics":[{"not_picked":["ChewingGum","hubris:ScarierMask"],"picked":"Abe\u0027s Treasure"},{"not_picked":["Kintsugi","Snecko Eye"],"picked":"Coffee Dripper"}],"items_purged_floors":[14,40],"is_endless":false,"potions_floor_spawned":[1,2,12,18,21,23,26,30,37,39,45,46,48],"ascension_level":0}}