{"host":"kh6fvhxn285ncg0o","time":1607848116,"event":{"mods":["Act Like it!","BaseMod","Colored Map","Friendly Minions","Keyboard Shortcuts","Minty Spire (QoL Compilation)","Quick Restart","Relic Stats","StSLib","SuperFastMode"],"gold_per_floor":[113,113,131,181,204,204,247,268,268,268,268,268],"floor_reached":11,"playtime":225,"items_purged":[],"score":146,"play_id":"7bb2c6a4-bbe4-41f0-95d3-255c0009d12e","local_time":"20201213172836","is_ascension_mode":true,"campfire_choices":[{"data":"Bash","floor":6,"key":"SMITH"},{"data":"Whirlwind","floor":10,"key":"SMITH"}],"circlet_count":0,"master_deck":["AscendersBane","Strike_R","Strike_R","Strike_R","Defend_R","Defend_R","Defend_R","Defend_R","Bash+1","Dropkick","Feel No Pain","Entrench","Whirlwind+1"],"relics":["Burning Blood","Golden Idol","Calipers","Kunai"],"acts_visited":["Exordium"],"potions_floor_usage":[7,11],"damage_taken":[{"damage":14.0,"enemies":"Small Slimes","floor":1.0,"turns":4.0},{"damage":9.0,"enemies":"2 Louse","floor":3.0,"turns":3.0},{"damage":1.0,"enemies":"Cultist","floor":5.0,"turns":3.0},{"damage":30,"enemies":"Lagavulin","floor":7,"turns":6},{"damage":12,"enemies":"Looter","floor":8,"turns":3},{"damage":58,"enemies":"Gremlin Nob","floor":11,"turns":4}],"seed_played":"8673188741124908643","potions_obtained":[{"floor":5.0,"key":"Fire Potion"},{"floor":8,"key":"SteroidPotion"}],"is_trial":false,"path_per_floor":["M","?","M","?","M","R","E","M","T","R","E"],"character_chosen":"IRONCLAD","items_purchased":[],"campfire_rested":0,"item_purchase_floors":[],"current_hp_per_floor":[60,60,57,57,62,62,38,32,32,32,0,0],"gold":268,"neow_bonus":"REMOVE_TWO","is_daily":false,"chose_seed":false,"campfire_upgraded":2,"win_rate":0.0,"timestamp":1607848116,"path_taken":["M","?","M","?","M","R","E","?","T","R","E"],"items_purchased_type":[],"build_version":"2020-11-30","purchased_purges":0,"victory":false,"max_hp_per_floor":[68,62,62,62,62,62,62,62,62,62,62,62],"relic_stats":{"counters":[6,23],"Golden Idol":22,"Kunai":[2],"obtain_stats":[{"Calipers":7,"Golden Idol":2,"Kunai":9,"Burning Blood":0},{"Calipers":4,"Golden Idol":1,"Kunai":5,"Burning Blood":0},{"Calipers":16,"Golden Idol":4,"Kunai":19,"Burning Blood":0}],"Burning Blood":30},"card_choices":[{"not_picked":["Iron Wave","Shockwave"],"picked":"Dropkick","floor":1.0},{"not_picked":["Havoc","Clash","Twin Strike"],"picked":"SKIP","floor":3.0},{"not_picked":["Whirlwind","Flex"],"picked":"Feel No Pain","floor":5.0},{"not_picked":["Iron Wave","Seeing Red"],"picked":"Entrench","floor":7},{"not_picked":["Perfected Strike","Havoc"],"picked":"Whirlwind","floor":8}],"player_experience":3143910,"relics_obtained":[{"floor":7,"key":"Calipers"},{"floor":9,"key":"Kunai"}],"event_choices":[{"damage_healed":0.0,"max_hp_gain":0.0,"max_hp_loss":6.0,"gold_gain":0.0,"event_name":"Golden Idol","player_choice":"Lose Max HP","floor":2.0,"gold_loss":0.0,"damage_taken":0.0,"relics_obtained":["Golden Idol"]},{"damage_healed":0.0,"max_hp_gain":0.0,"max_hp_loss":0.0,"gold_gain":50.0,"event_name":"Golden Shrine","player_choice":"Pray","floor":4.0,"gold_loss":0.0,"damage_taken":0.0}],"is_beta":false,"boss_relics":[],"items_purged_floors":[],"is_endless":false,"potions_floor_spawned":[5,8],"killed_by":"Gremlin Nob","ascension_level":20}}