{"host":"acw864156wjp8gcv","time":1607880040,"event":{"mods":["2.2 Compatiblity","AchievementEnabler","Ascension Reborn","Aspiration","BaseMod","Beaked The Cultist","Better Altar","Better Match","Better Note","Better Sensory Stone","Better Silent Start","Better Skull","Better Third Choice","Better Vampires","Challenge The Spire","Colored Map","Colored Powertips","Conspire","Downfall","Energized Spire","Halation","Hubris","Infinite Spire","Ironclad Rager","Jedi Mod","Mimic Mod","Minty Spire (QoL Compilation)","Relic Sorter","Replay The Spire","Shade Mod","Shop Mod","Spicy Shops","Spikes Relics","StSLib","The Construct","The Jungle","UnlockEverythingMod","Wandering Minibosses","everything is the same but u backflip on backflip","vexMod"],"gold_per_floor":[238,238,64,64,86,117,140,177,206,206,252,280,94,112,112,266,266,290,290,290,308,214,260,260,283,341,378,392,44,90,109,109,263,263,531,556,581,581,622,622,640,669,669,718,794,835,835,835,835,978,978,981,981,1071,1071,1071,1081,1081,1075,1111,1111,1116,1132,1132,1143,1143,1121,1121,1127,1123,1123,1119,1119,1119,1132,1136,1136,1136,1124,1146,1161,1158,1158,1347,1467,1582,1707,1617,1730,1630,1767,1767,1913,1939,1939,1406,1523,1661,1779,1779,1748,1748,1855,1855,2023,2014,2014,2014,2525,2525],"floor_reached":110,"playtime":5533,"items_purged":["Defend_G+1","Defend_G+1","Strike_G+1","Defend_G+1","Strike_G+1","Strike_G+1","Infinite Blades+1","Neutralize+1","Escape Plan+1","Finesse+1","Flash of Steel+1","Replay:Fractal Strike+1"],"score":325,"play_id":"fa0aaba8-62d5-4e83-9e54-128574560f24","local_time":"20201213112040","is_ascension_mode":true,"campfire_choices":[{"data":"Cloak And Dagger","floor":15,"key":"SMITH"},{"data":"Hidden Blade","floor":24,"key":"SMITH"},{"data":"Defend_G+1","floor":32,"key":"PURGE"},{"data":"Phantasmal Killer","floor":40,"key":"SMITH"},{"floor":47,"key":"DIG"},{"data":"Survivor+1","floor":49,"key":"PURGE"},{"data":"Dagger Throw","floor":58,"key":"SMITH"},{"floor":61,"key":"RECALL"},{"floor":66,"key":"DIG"},{"floor":74,"key":"DIG"},{"data":"Hidden Blade+1","floor":83,"key":"PURGE"},{"floor":92,"key":"DIG"},{"floor":95,"key":"DIG"}],"circlet_count":0,"master_deck":["conspire:DoublingDagger+1","Cloak And Dagger+1","After Image+1","Hidden Blade+1","ReplayTheSpireMod:Scrap Shanks+1","Accuracy+1","Accuracy+1","Insight+1","Pot Of Greed+1","Pot Of Greed+1","Blade Dance+1","ReplayTheSpireMod:The Works+1","Cloak And Dagger","Accuracy+1","Unload","Footwork+1","Cloak And Dagger+1","Pride","Pride","Deflect+1","Pride","Pride","Pride","Pot Of Greed+1"],"relics":["jedi:matchstick","hubris:BundleOfHerbs","hubris:DeckOfHolding","infinitespire:CursedDice","infinitespire:BlackEgg","hubris:Icosahedron","vexMod:RedPlottingStone","hubris:64BitClover","Guide Book","Sizzling Blood","Frozen Egg 2","RollingBoulder","ReplayFunnel","halation:LettersToHer","Replay:Mystery Machine","Golden Idol","RetroEgg","Incense Burner","Black Star","halation:SwordOfLegend","Lantern","jedi:bottledfury","Bronze Scales","jedi:sprinkler","Dream Catcher","wanderingMiniBosses:AbyssPearl","MawBank","MealTicket","Membership Card","jedi:cryingmask","aspiration:FetidBarrel","Replay:Multitool","Thread and Needle","aspiration:RandomNobGenerator","Anchor","Grinning Jar","ZombieTooth","hubris:Zylophone","Toy Ornithopter","RoseTintedShades","CrustySpines","halation:Toothbrush","infinitespire:Satchel","BicycleWheel","energizedSpire:PogoStick","jedi:kaleidoscope","ReplayTheSpireMod:Ninjato","aspiration:TomeofQuesting","vexMod:ConsolationPrize","Bag of Preparation","Gremlin Food","halation:AfternoonTea","TungstenRod","Whetstone","vexMod:BarristanHead","Smiling Mask","Tough Bandages","Empty Cage","Ancient Tea Set","halation:KoshaPiece","Oddly Smooth Stone","Replay:Kaleidoscope","Boot","Omamori","infinitespire:EvilPickle","Shovel","Replay:Wanted Poster","aspiration:SeaSaltIceCream","Sizzling Blood","hubris:AncientText","halation:PromiseList","Replay:Wax Seal","Kunai","Replay:Baseball","Pet Ghost","Torii","Akabeko","aspiration:ArtOfWarUpgrade","jedi:archwizardhat","HandDrill","jedi:firstaidkit","MerchantsRug","conspire:BottledYoYo","ReplayTheSpireMod:TigerMarble","MiniBlackHole","Gambling Chip","Turnip","Sozu"],"acts_visited":["Exordium","TheCity","TheBeyond","Exordium","TheCity","TheBeyond","Exordium","Exordium","Exordium","TheBeyond","Exordium","TheEnding"],"potions_floor_usage":[],"damage_taken":[{"damage":0,"enemies":"conspire:RoseBush","floor":1,"turns":2},{"damage":0,"enemies":"2 Louse","floor":5,"turns":2},{"damage":3,"enemies":"Gremlin Nob","floor":6,"turns":4},{"damage":0,"enemies":"Small Slimes","floor":7,"turns":2},{"damage":0,"enemies":"Replay:BlueRogue","floor":8,"turns":4},{"damage":2,"enemies":"3 Sentries","floor":11,"turns":5},{"damage":3,"enemies":"conspire:2 RoseBushes","floor":12,"turns":3},{"damage":7,"enemies":"Lots of Slimes","floor":14,"turns":3},{"damage":5,"enemies":"Fading Forest","floor":16,"turns":9},{"damage":0,"enemies":"Chosen","floor":18,"turns":3},{"damage":2,"enemies":"conspire:FuzzyDice","floor":21,"turns":3},{"damage":1,"enemies":"conspire:SneckoGhost","floor":23,"turns":3},{"damage":0,"enemies":"Shelled Parasite and Fungi","floor":25,"turns":3},{"damage":0,"enemies":"Snecko","floor":26,"turns":5},{"damage":0,"enemies":"Replay:Snechameleon","floor":27,"turns":2},{"damage":0,"enemies":"Nightmare","floor":30,"turns":4},{"damage":0,"enemies":"Snecko","floor":31,"turns":2},{"damage":0,"enemies":"conspire:MysteriousRune","floor":33,"turns":2},{"damage":0,"enemies":"Orb Walker","floor":35,"turns":1},{"damage":0,"enemies":"3 Shapes","floor":36,"turns":1},{"damage":0,"enemies":"Jaw Worm Horde","floor":37,"turns":2},{"damage":0,"enemies":"conspire:MimicChest","floor":39,"turns":2},{"damage":0,"enemies":"3 Darklings","floor":41,"turns":2},{"damage":0,"enemies":"Transient","floor":42,"turns":3},{"damage":0,"enemies":"beaked:SuperParasite","floor":44,"turns":2},{"damage":0,"enemies":"Mind Bloom Boss Battle","floor":45,"turns":1},{"damage":0,"enemies":"Reptomancer","floor":46,"turns":2},{"damage":0,"enemies":"infinitespire:MassOfShapes","floor":50,"turns":1},{"damage":0,"enemies":"Jaw Worm","floor":52,"turns":1},{"damage":0,"enemies":"Lagavulin","floor":57,"turns":1},{"damage":0,"enemies":"Small Slimes","floor":59,"turns":1},{"damage":0,"enemies":"2 Louse","floor":60,"turns":2},{"damage":0,"enemies":"2 Louse","floor":62,"turns":1},{"damage":0,"enemies":"Looter","floor":63,"turns":1},{"damage":0,"enemies":"Large Slime","floor":65,"turns":1},{"damage":0,"enemies":"Slime Boss","floor":67,"turns":1},{"damage":0,"enemies":"3 Byrds","floor":69,"turns":1},{"damage":0,"enemies":"Shell Parasite","floor":70,"turns":2},{"damage":0,"enemies":"Snake Plant","floor":72,"turns":1},{"damage":0,"enemies":"Nightmare","floor":75,"turns":1},{"damage":0,"enemies":"Chosen and Byrds","floor":76,"turns":1},{"damage":0,"enemies":"3 Cultists","floor":79,"turns":1},{"damage":0,"enemies":"Book of Stabbing","floor":80,"turns":1},{"damage":0,"enemies":"Snecko","floor":81,"turns":1},{"damage":0,"enemies":"Centurion and Healer","floor":82,"turns":1},{"damage":0,"enemies":"Pondfish","floor":84,"turns":2},{"damage":0,"enemies":"3 Shapes","floor":86,"turns":1},{"damage":0,"enemies":"3 Darklings","floor":87,"turns":1},{"damage":0,"enemies":"Maw","floor":89,"turns":1},{"damage":0,"enemies":"Reptomancer","floor":91,"turns":1},{"damage":0,"enemies":"Writhing Mass","floor":93,"turns":1},{"damage":0,"enemies":"Jaw Worm Horde","floor":94,"turns":2},{"damage":0,"enemies":"Jaw Worm Horde","floor":97,"turns":1},{"damage":0,"enemies":"R_Hoarder","floor":98,"turns":2},{"damage":0,"enemies":"3 Darklings","floor":99,"turns":1},{"damage":0,"enemies":"infinitespire:LordOfFortification","floor":101,"turns":5},{"damage":0,"enemies":"infinitespire:LordOfFortification","floor":106,"turns":1},{"damage":436,"enemies":"Shield and Spear","floor":110,"turns":10}],"seed_played":"-805221761757987865","potions_obtained":[{"floor":1,"key":"Explosive Potion"},{"floor":6,"key":"Dexterity Potion"},{"floor":14,"key":"Slimebound:ThreeZeroPotion"},{"floor":86,"key":"FairyPotion"}],"is_trial":false,"path_per_floor":["M","?","$","?","M","E","M","E","T","?","E","M","$","M","R","B",null,"M","?","?","M","$","E","R","M","MIM","E","?","$","NM","M","R","B",null,"M","M","M","AVR","?","R","M","M","T","E","?","E","R","?","R","B",null,"M","?","T","$","$","E","R","M","MIM","R","M","M","?","M","R_BF","B",null,"M","M","?","M","?","R","NM","M","T","?","M","E","M","M","R_BF","B",null,"M","M","?","M","$","E","R","M","MIM","R","$","M","E","M","R","B",null,"M","M","M","M","R","$","E"],"character_chosen":"THE_SILENT","items_purchased":["jedi:matchstick","Guide Book","Flash of Steel","Accuracy+1","Membership Card","Escape Plan","jedi:cryingmask","aspiration:TomeofQuesting","vexMod:ConsolationPrize","Akabeko","Art of War","jedi:archwizardhat","HandDrill","jedi:firstaidkit","MerchantsRug"],"campfire_rested":0,"item_purchase_floors":[3,3,13,13,29,29,29,55,55,96,96,96,96,96,96],"current_hp_per_floor":[74,74,74,78,78,78,78,78,78,59,63,66,66,65,65,82,82,82,82,82,82,82,82,82,82,82,82,82,82,82,82,82,86,86,96,96,96,96,96,96,96,96,96,96,96,96,96,96,99,103,103,103,77,77,47,68,74,87,93,99,103,109,109,112,112,112,116,122,122,122,125,125,125,125,125,125,125,125,125,125,125,125,128,132,132,132,132,135,139,145,145,145,145,145,145,156,156,156,156,156,160,160,56,56,160,160,160,160,92,92],"gold":2525,"neow_bonus":"HUNDRED_GOLD","is_daily":false,"chose_seed":false,"campfire_upgraded":4,"win_rate":0.0,"timestamp":1607880040,"path_taken":["M","?","$","?","M","E","M","E","T","?","E","M","?","?","R","BOSS","M","?","?","M","$","E","R","M","MIM","E","?","?","NM","M","R","BOSS","M","?","M","AVR","?","R","M","M","T","E","?","E","R","?","R","BOSS","M","?","?","?","$","E","R","M","MIM","R","M","M","?","M","R_BF","BOSS","M","M","?","?","?","R","NM","M","T","?","M","E","M","M","R_BF","BOSS","M","M","?","?","$","E","R","M","MIM","R","$","?","E","M","R","BOSS","M","R","$","E"],"items_purchased_type":["Relic","Relic","Card","Card","Relic","Card","Relic","Relic","Relic","Relic","Relic","Relic","Relic","Relic","Relic"],"build_version":"2020-11-30","purchased_purges":12,"victory":false,"max_hp_per_floor":[74,74,74,78,78,78,78,78,78,78,78,78,78,78,78,82,82,82,82,82,82,82,82,82,82,82,82,82,82,82,82,82,86,86,96,96,96,96,96,96,96,96,96,96,96,96,96,96,99,103,103,103,103,103,109,109,109,109,109,109,109,109,109,112,112,112,116,122,122,122,125,125,125,125,125,125,125,125,125,125,125,125,128,132,132,132,132,135,139,145,145,145,145,145,145,156,156,156,156,156,160,160,160,160,160,160,160,160,160,160],"card_choices":[{"not_picked":["Poisoned Stab","Deadly Poison+1"],"picked":"conspire:DoublingDagger","floor":1},{"not_picked":["Slice","Bane"],"picked":"Cloak And Dagger","floor":5},{"not_picked":["ReplayTheSpireMod:Scrap Shanks+1","Sucker Punch"],"picked":"After Image+1","floor":6},{"not_picked":["Dodge and Roll","Flechettes","Catalyst"],"picked":"SKIP","floor":6},{"not_picked":["Sucker Punch+1","Poisoned Stab","jedi:unstablefumes+1"],"picked":"SKIP","floor":7},{"not_picked":["Sneak Up","Escape Plan"],"picked":"Hidden Blade","floor":8},{"not_picked":["jedi:pocketpoison","Setup+1","Deadly Poison"],"picked":"SKIP","floor":8},{"not_picked":["Bouncing Flask","Heel Hook"],"picked":"ReplayTheSpireMod:Scrap Shanks+1","floor":11},{"not_picked":["Predator+1","jedi:unstablefumes","Envenom+1"],"picked":"SKIP","floor":11},{"not_picked":["Choke+1","Sucker Punch","Bouncing Flask+1"],"picked":"SKIP","floor":12},{"not_picked":["Dagger Spray+1","Concentrate"],"picked":"Dagger Throw","floor":14},{"not_picked":["Leg Sweep+1","Deadly Poison","Backflip+1"],"picked":"SKIP","floor":18},{"not_picked":["Quick Slash+1","Sucker Punch"],"picked":"Infinite Blades+1","floor":21},{"not_picked":["Eviscerate","Choke+1","conspire:PoisonWeapons+1"],"picked":"SKIP","floor":23},{"not_picked":["Dodge and Roll+1","Dash+1","hubris:SlightOfHand+1"],"picked":"SKIP","floor":25},{"not_picked":["Underhanded Strike+1","Outmaneuver+1"],"picked":"Prepared+1","floor":26},{"not_picked":["Outmaneuver+1","Noxious Fumes+1","Storm of Steel"],"picked":"SKIP","floor":27},{"not_picked":["Footwork+1","Setup","Catalyst"],"picked":"SKIP","floor":30},{"not_picked":["Hidden Blade+1","Bane","Draining Mist+1"],"picked":"SKIP","floor":31},{"not_picked":["Glass Knife","Replay:Bag of Tricks"],"picked":"Phantasmal Killer","floor":33},{"not_picked":["Hidden Blade+1","hubris:SlightOfHand+1","ReplayTheSpireMod:Tripwire"],"picked":"SKIP","floor":35},{"not_picked":["Flying Knee","PiercingWail+1","Acrobatics+1"],"picked":"SKIP","floor":36},{"not_picked":["Bane","Expertise"],"picked":"ReplayTheSpireMod:The Works","floor":37},{"not_picked":["hubris:SlightOfHand+1","Cloak And Dagger+1","jedi:pocketpoison"],"picked":"SKIP","floor":41},{"not_picked":["Dodge and Roll","Draining Mist+1"],"picked":"Hidden Blade+1","floor":42},{"not_picked":["Storm of Steel","Deflect+1","Slice"],"picked":"SKIP","floor":44},{"not_picked":["Skewer+1","Dash"],"picked":"Blade Dance+1","floor":45},{"not_picked":["Blur","Escape Plan","jedi:poisonivy+1"],"picked":"SKIP","floor":46},{"not_picked":["hubris:SlightOfHand","Acrobatics+1","Dagger Spray"],"picked":"SKIP","floor":52},{"not_picked":["infinitespire:UltimateForm","infinitespire:Starlight"],"picked":"Replay:Fractal Strike","floor":53},{"not_picked":["hubris:SlightOfHand","ReplayTheSpireMod:Necrosis","ReplayTheSpireMod:Exploit Weakness"],"picked":"SKIP","floor":57},{"not_picked":["Catalyst","hubris:Sniper","Crippling Poison+1"],"picked":"SKIP","floor":57},{"not_picked":["Dodge and Roll+1","Setup","Dagger Throw+1"],"picked":"SKIP","floor":59},{"not_picked":["Escape Plan","ReplayTheSpireMod:Speed Training"],"picked":"Cloak And Dagger","floor":62},{"not_picked":["conspire:PoisonWeapons+1","Blur","Sucker Punch"],"picked":"SKIP","floor":63},{"not_picked":["Bane","Dagger Throw"],"picked":"Accuracy+1","floor":65},{"not_picked":["Tools of the Trade+1","ReplayTheSpireMod:From All Sides"],"picked":"Unload","floor":67},{"not_picked":["Deadly Poison","Acrobatics+1"],"picked":"Footwork+1","floor":69},{"not_picked":["Choke+1","Heel Hook+1","Deflect+1"],"picked":"SKIP","floor":70},{"not_picked":["Replay:Poison Smokescreen+1","Dagger Spray+1","ReplayTheSpireMod:Shiv Toss"],"picked":"SKIP","floor":72},{"not_picked":["Backflip","Setup"],"picked":"Cloak And Dagger","floor":75},{"not_picked":["Catalyst","Blade Dance","Poisoned Stab+1"],"picked":"SKIP","floor":76},{"not_picked":["Blade Dance","Infinite Blades+1","Prepared"],"picked":"SKIP","floor":79},{"not_picked":["Expertise","Escape Plan+1","Fluid Movement+1"],"picked":"SKIP","floor":80},{"not_picked":["Acrobatics+1","Flying Knee","Slice"],"picked":"SKIP","floor":81},{"not_picked":["Predator","Acrobatics+1","Dodge and Roll"],"picked":"SKIP","floor":82},{"not_picked":["Underhanded Strike","Flying Knee+1","Dagger Spray+1"],"picked":"SKIP","floor":86},{"not_picked":["Dodge and Roll+1","PiercingWail","Cloak And Dagger+1"],"picked":"SKIP","floor":87},{"not_picked":["Distraction+1","After Image+1","Prepared"],"picked":"SKIP","floor":89},{"not_picked":["Terror+1","infinitespire:Neurotoxin","Bane+1"],"picked":"SKIP","floor":91},{"not_picked":["Terror+1","infinitespire:Neurotoxin","Bane+1"],"picked":"SKIP","floor":91},{"not_picked":["hubris:SlightOfHand+1","Sucker Punch+1","Infinite Blades+1"],"picked":"SKIP","floor":93},{"not_picked":["Quick Slash","Hidden Blade+1","ReplayTheSpireMod:Speed Training+1"],"picked":"SKIP","floor":97},{"not_picked":["Dagger Spray","Fluid Movement+1","hubris:SlightOfHand+1"],"picked":"SKIP","floor":98},{"not_picked":["Sucker Punch+1","Deflect","Noxious Fumes+1"],"picked":"SKIP","floor":99},{"not_picked":["Slice+1","Deflect+1","Poisoned Stab+1"],"picked":"SKIP","floor":106},{"not_picked":["Slice+1","Deflect+1","Poisoned Stab+1"],"picked":"SKIP","floor":106},{"not_picked":["Slice+1","Deflect+1","Poisoned Stab+1"],"picked":"SKIP","floor":106},{"not_picked":["Slice+1","Poisoned Stab+1"],"picked":"Deflect+1","floor":106}],"player_experience":104624,"relics_obtained":[{"floor":1,"key":"hubris:64BitClover"},{"floor":5,"key":"Frozen Egg 2"},{"floor":6,"key":"RollingBoulder"},{"floor":8,"key":"ReplayFunnel"},{"floor":9,"key":"halation:LettersToHer"},{"floor":9,"key":"Replay:Mystery Machine"},{"floor":11,"key":"RetroEgg"},{"floor":16,"key":"Incense Burner"},{"floor":21,"key":"halation:SwordOfLegend"},{"floor":21,"key":"Lantern"},{"floor":23,"key":"jedi:bottledfury"},{"floor":23,"key":"Bronze Scales"},{"floor":26,"key":"jedi:sprinkler"},{"floor":26,"key":"halation:LettersToHer"},{"floor":26,"key":"Dream Catcher"},{"floor":26,"key":"wanderingMiniBosses:AbyssPearl"},{"floor":27,"key":"MawBank"},{"floor":27,"key":"MealTicket"},{"floor":30,"key":"aspiration:FetidBarrel"},{"floor":30,"key":"vexMod:RedPlottingStone"},{"floor":31,"key":"Replay:Multitool"},{"floor":33,"key":"Thread and Needle"},{"floor":39,"key":"Grinning Jar"},{"floor":41,"key":"ZombieTooth"},{"floor":43,"key":"hubris:Zylophone"},{"floor":43,"key":"halation:LettersToHer"},{"floor":44,"key":"Toy Ornithopter"},{"floor":44,"key":"RoseTintedShades"},{"floor":45,"key":"hubris:BundleOfHerbs"},{"floor":46,"key":"CrustySpines"},{"floor":46,"key":"halation:Toothbrush"},{"floor":47,"key":"infinitespire:Satchel"},{"floor":50,"key":"BicycleWheel"},{"floor":54,"key":"jedi:kaleidoscope"},{"floor":54,"key":"halation:LettersToHer"},{"floor":54,"key":"ReplayTheSpireMod:Ninjato"},{"floor":57,"key":"Bag of Preparation"},{"floor":57,"key":"Gremlin Food"},{"floor":59,"key":"halation:AfternoonTea"},{"floor":60,"key":"TungstenRod"},{"floor":60,"key":"halation:LettersToHer"},{"floor":63,"key":"Whetstone"},{"floor":65,"key":"vexMod:BarristanHead"},{"floor":66,"key":"Smiling Mask"},{"floor":67,"key":"Tough Bandages"},{"floor":72,"key":"Ancient Tea Set"},{"floor":74,"key":"hubris:DeckOfHolding"},{"floor":75,"key":"infinitespire:CursedDice"},{"floor":75,"key":"halation:KoshaPiece"},{"floor":77,"key":"Oddly Smooth Stone"},{"floor":77,"key":"halation:LettersToHer"},{"floor":77,"key":"Replay:Kaleidoscope"},{"floor":80,"key":"Boot"},{"floor":81,"key":"Omamori"},{"floor":84,"key":"Shovel"},{"floor":89,"key":"aspiration:SeaSaltIceCream"},{"floor":91,"key":"hubris:AncientText"},{"floor":91,"key":"halation:PromiseList"},{"floor":92,"key":"Replay:Wax Seal"},{"floor":93,"key":"Kunai"},{"floor":94,"key":"Replay:Baseball"},{"floor":94,"key":"halation:LettersToHer"},{"floor":94,"key":"Pet Ghost"},{"floor":95,"key":"Torii"},{"floor":97,"key":"conspire:BottledYoYo"},{"floor":98,"key":"ReplayTheSpireMod:TigerMarble"},{"floor":98,"key":"MiniBlackHole"},{"floor":99,"key":"Gambling Chip"},{"floor":101,"key":"Turnip"}],"event_choices":[{"damage_healed":0,"gold_gain":0,"player_choice":"Leave","damage_taken":0,"max_hp_gain":0,"max_hp_loss":0,"event_name":"conspire:Investor","floor":2,"gold_loss":0},{"damage_healed":0,"gold_gain":0,"player_choice":"Take Damage","damage_taken":19,"relics_obtained":["Golden Idol"],"max_hp_gain":0,"max_hp_loss":0,"event_name":"Golden Idol","floor":10,"gold_loss":0},{"cards_removed":["Strike_G"],"damage_healed":0,"gold_gain":0,"player_choice":"Give","damage_taken":0,"max_hp_gain":0,"max_hp_loss":0,"event_name":"betterNote:BetterNote","floor":19,"gold_loss":0,"cards_obtained":["Strike_R"]},{"cards_removed":["Strike_G"],"damage_healed":0,"gold_gain":0,"player_choice":"Offered Basic","damage_taken":0,"max_hp_gain":0,"max_hp_loss":0,"event_name":"Bonfire Elementals","floor":20,"gold_loss":0},{"damage_healed":0,"gold_gain":0,"player_choice":"Insight","damage_taken":0,"max_hp_gain":0,"max_hp_loss":0,"event_name":"betterThird:BetterWriting","floor":28,"gold_loss":0,"cards_obtained":["Insight"]},{"damage_healed":0,"gold_gain":0,"player_choice":"Fight","damage_taken":0,"max_hp_gain":0,"max_hp_loss":0,"event_name":"MindBloom","floor":45,"gold_loss":0},{"damage_healed":0,"gold_gain":0,"player_choice":"Got Potions","damage_taken":0,"max_hp_gain":0,"max_hp_loss":0,"event_name":"Lab","floor":48,"gold_loss":0},{"cards_removed":["Prepared"],"damage_healed":0,"gold_gain":0,"player_choice":"Forget","damage_taken":0,"max_hp_gain":0,"max_hp_loss":0,"event_name":"Living Wall","floor":64,"gold_loss":0},{"cards_removed":["Phantasmal Killer"],"damage_healed":0,"gold_gain":0,"player_choice":"Card Removal","damage_taken":0,"max_hp_gain":0,"max_hp_loss":0,"event_name":"Wheel of Change","floor":71,"gold_loss":0},{"cards_removed":["Pot Of Greed"],"damage_healed":0,"gold_gain":0,"player_choice":"Upgrade and Remove","damage_taken":0,"max_hp_gain":0,"max_hp_loss":0,"event_name":"Designer","floor":88,"gold_loss":90,"cards_upgraded":["Cloak And Dagger"]}],"is_beta":false,"boss_relics":[{"not_picked":["infinitespire:Cupcake","Painkiller Herb"],"picked":"Black Star"},{"not_picked":["hubris:BlackHole","Replay:Bronze Core"],"picked":"aspiration:RandomNobGenerator"},{"not_picked":["aspiration:RitualDagger","hubris:TerracottaHorce"],"picked":"energizedSpire:PogoStick"},{"not_picked":["halation:Prosthetics","Snecko Eye"],"picked":"Empty Cage"},{"not_picked":["energizedSpire:DeadBattery","ChewingGum"],"picked":"Replay:Wanted Poster"},{"not_picked":["Replay:Ancient Bell","energizedSpire:SpiderWeb"],"picked":"Sozu"}],"items_purged_floors":[3,13,22,29,29,38,55,55,90,90,96,96],"is_endless":true,"potions_floor_spawned":[12,18,31,37,39,42,52,65,70,79,82,86,87,97,99],"killed_by":"Shield and Spear","ascension_level":-20}}