{"host":"78hrz0ylpj9lzvi8","time":1607869607,"event":{"mods":["BaseMod","Bestiary","Block Reminder","Minty Spire (QoL Compilation)","Quick Restart","Random Character Button","Relic Stats","StSLib"],"gold_per_floor":[120,26,44,64,83,118,127,156,156,156,56,65,105,124,124,207,207,230,35,62,62,62,71,41,41,41],"floor_reached":25,"playtime":1092,"items_purged":["Strike_G","Strike_G","Strike_G"],"score":468,"play_id":"34959ba9-8637-40d9-be47-2ba0fab2d5db","local_time":"20201213112647","is_ascension_mode":true,"campfire_choices":[{"floor":7,"key":"REST"},{"floor":12,"key":"REST"},{"data":"Blur","floor":15,"key":"SMITH"},{"floor":23,"key":"REST"}],"circlet_count":0,"master_deck":["AscendersBane","Strike_G","Strike_G","Defend_G","Defend_G","Defend_G+1","Defend_G","Defend_G","Survivor","Neutralize","Backstab","Quick Slash","Neutralize","Blur+1","Cloak And Dagger","Poisoned Stab","Predator+1","Dagger Spray","Dagger Throw","Prepared","Corpse Explosion","Venomology","Underhanded Strike","Acrobatics","Backflip","Footwork"],"relics":["Ring of the Snake","CeramicFish","Dream Catcher","Nunchaku","Paper Crane","Snecko Eye"],"acts_visited":["Exordium","TheCity"],"potions_floor_usage":[13,18,18,20,20,25],"damage_taken":[{"damage":1,"enemies":"2 Louse","floor":1,"turns":4},{"damage":0,"enemies":"Cultist","floor":4,"turns":4},{"damage":0,"enemies":"Small Slimes","floor":5,"turns":3},{"damage":42,"enemies":"3 Sentries","floor":6,"turns":15},{"damage":0,"enemies":"2 Fungi Beasts","floor":8,"turns":3},{"damage":0,"enemies":"Gremlin Nob","floor":13,"turns":3},{"damage":0,"enemies":"Looter","floor":14,"turns":3},{"damage":13,"enemies":"The Guardian","floor":16,"turns":12},{"damage":48,"enemies":"Shell Parasite","floor":18,"turns":7},{"damage":3,"enemies":"3 Byrds","floor":20,"turns":3},{"damage":24,"enemies":"Sentry and Sphere","floor":25,"turns":5}],"seed_played":"-7133433518777574517","potions_obtained":[{"floor":1,"key":"FearPotion"},{"floor":8,"key":"Explosive Potion"},{"floor":14,"key":"Ancient Potion"},{"floor":24,"key":"FearPotion"},{"floor":24,"key":"SneckoOil"}],"is_trial":false,"path_per_floor":["M","$","?","M","M","E","R","M","T","?","$","R","E","M","R","B",null,"M","$","M","?","?","R","?","M"],"character_chosen":"THE_SILENT","items_purchased":["Quick Slash","Acrobatics","Fire Potion"],"campfire_rested":3,"item_purchase_floors":[2,19,19],"current_hp_per_floor":[58,58,58,58,58,16,35,35,35,15,15,34,34,34,34,21,55,7,7,4,4,4,23,23,0,0],"gold":41,"neow_bonus":"RANDOM_COMMON_RELIC","is_daily":false,"chose_seed":false,"campfire_upgraded":1,"win_rate":0.0,"timestamp":1607869607,"path_taken":["M","$","?","M","M","E","R","?","T","?","$","R","E","M","R","BOSS","M","$","M","?","?","R","?","?"],"items_purchased_type":["Card","Card","Potion"],"build_version":"2020-11-30","purchased_purges":3,"victory":false,"max_hp_per_floor":[66,66,66,66,66,66,66,66,66,66,66,66,66,66,66,66,66,66,66,66,66,66,66,66,66,66],"relic_stats":{"Dream Catcher":3,"Nunchaku":[6],"counters":[11,62],"CeramicFish":144,"Snecko Eye":[30,31,36,36],"obtain_stats":[{"Dream Catcher":6,"Nunchaku":9,"CeramicFish":0,"Snecko Eye":17,"Paper Crane":13,"Ring of the Snake":0},{"Dream Catcher":4,"Nunchaku":5,"CeramicFish":0,"Snecko Eye":8,"Paper Crane":6,"Ring of the Snake":0},{"Dream Catcher":26,"Nunchaku":29,"CeramicFish":0,"Snecko Eye":47,"Paper Crane":32,"Ring of the Snake":0}],"Ring of the Snake":[22]},"card_choices":[{"not_picked":["PiercingWail","Riddle With Holes"],"picked":"Backstab","floor":1},{"not_picked":["Underhanded Strike","Dodge and Roll"],"picked":"Cloak And Dagger","floor":4},{"not_picked":["Blade Dance","Sucker Punch"],"picked":"Poisoned Stab","floor":5},{"not_picked":["Poisoned Stab","Slice"],"picked":"Predator","floor":6},{"not_picked":["Acrobatics","PiercingWail"],"picked":"Dagger Spray","floor":7},{"not_picked":["Sucker Punch","Expertise"],"picked":"Dagger Throw","floor":8},{"not_picked":["Bouncing Flask","Expertise"],"picked":"Prepared","floor":12},{"not_picked":["Setup","Concentrate"],"picked":"Corpse Explosion","floor":13},{"not_picked":["Deadly Poison","Acrobatics","Quick Slash"],"picked":"SKIP","floor":14},{"not_picked":["Phantasmal Killer","Burst"],"picked":"Venomology","floor":16},{"not_picked":["Predator","Deflect"],"picked":"Underhanded Strike","floor":18},{"not_picked":["Blade Dance","Dagger Throw"],"picked":"Backflip","floor":20},{"not_picked":["Dodge and Roll","Flechettes"],"picked":"Footwork","floor":23}],"player_experience":937696,"relics_obtained":[{"floor":6,"key":"Dream Catcher"},{"floor":9,"key":"Nunchaku"},{"floor":13,"key":"Paper Crane"}],"event_choices":[{"damage_healed":0,"gold_gain":0,"player_choice":"2 cards matched","damage_taken":0,"max_hp_gain":0,"max_hp_loss":0,"event_name":"Match and Keep!","floor":3,"gold_loss":0,"cards_obtained":["Neutralize","Blur"]},{"damage_healed":0,"gold_gain":0,"player_choice":"Entered Light","damage_taken":20,"max_hp_gain":0,"max_hp_loss":0,"event_name":"Shining Light","floor":10,"gold_loss":0,"cards_upgraded":["Defend_G","Predator"]},{"damage_healed":0,"gold_gain":0,"player_choice":"Ignored","damage_taken":0,"max_hp_gain":0,"max_hp_loss":0,"event_name":"Vampires","floor":21,"gold_loss":0},{"damage_healed":0,"gold_gain":0,"player_choice":"Ignored","damage_taken":0,"max_hp_gain":0,"max_hp_loss":0,"event_name":"Cursed Tome","floor":22,"gold_loss":0},{"damage_healed":0,"gold_gain":0,"player_choice":"Bought 2 Potions","damage_taken":0,"max_hp_gain":0,"max_hp_loss":0,"event_name":"The Woman in Blue","floor":24,"gold_loss":0}],"is_beta":false,"boss_relics":[{"not_picked":["Velvet Choker","Pandora\u0027s Box"],"picked":"Snecko Eye"}],"items_purged_floors":[2,11,19],"is_endless":false,"potions_floor_spawned":[1,8,14],"killed_by":"Sentry and Sphere","ascension_level":20}}