{"host":"ya062ahhhuj9au1o","time":1607889478,"event":{"mods":["BaseMod","Better Third Choice","Filter the Spire","Hermit","Minty Spire (QoL Compilation)","Random Character Button","Robot Space Explorer","Somnambulant","StSLib","The Bug Knight","The Cursed","The Servant 0.9.4"],"gold_per_floor":[117,117,140,156,31,31,67,79,137,149,201,213,225,237,249,391,403,430,492,527,356,381,381,381],"floor_reached":23,"playtime":1038,"items_purged":["RobotSpaceExplorer:Defend","RobotSpaceExplorer:Defend"],"score":246,"play_id":"ab5c0e7d-96c2-49f4-bc4d-81d7e50e3871","local_time":"20201213145758","is_ascension_mode":true,"campfire_choices":[{"data":"RobotSpaceExplorer:StarDust","floor":6.0,"key":"SMITH"},{"data":"RobotSpaceExplorer:GlueShot","floor":10.0,"key":"SMITH"},{"floor":12,"key":"REST"},{"data":"RobotSpaceExplorer:SurgingShield","floor":15,"key":"SMITH"}],"circlet_count":0,"master_deck":["RobotSpaceExplorer:Strike","RobotSpaceExplorer:Strike","RobotSpaceExplorer:Strike","RobotSpaceExplorer:Strike","RobotSpaceExplorer:Defend","RobotSpaceExplorer:Scan","RobotSpaceExplorer:MiniLasers","RobotSpaceExplorer:SurgingShield+1","RobotSpaceExplorer:SurgingShield","RobotSpaceExplorer:StarDust+1","RobotSpaceExplorer:Probe","RobotSpaceExplorer:GlueShot+1","RobotSpaceExplorer:Asteroid","CurseOfTheBell","RobotSpaceExplorer:Pulsar+1","Finesse","RobotSpaceExplorer:GearShield+1"],"relics":["Black Star","Golden Idol","MawBank","Bird Faced Urn","RobotSpaceExplorer:ClockworkSextant","Centennial Puzzle","Bottled Flame","Nunchaku","Calling Bell","RobotSpaceExplorer:FoglandsKnife","Blue Candle","Peace Pipe"],"acts_visited":["Exordium","TheCity"],"potions_floor_usage":[18,23],"damage_taken":[{"damage":2.0,"enemies":"2 Louse","floor":1.0,"turns":3.0},{"damage":0.0,"enemies":"Jaw Worm","floor":3.0,"turns":4.0},{"damage":0.0,"enemies":"Cultist","floor":4.0,"turns":4.0},{"damage":24.0,"enemies":"Gremlin Nob","floor":7.0,"turns":4.0},{"damage":20.0,"enemies":"3 Sentries","floor":11.0,"turns":6.0},{"damage":2,"enemies":"Hexaghost","floor":16,"turns":7},{"damage":9,"enemies":"Spheric Guardian","floor":18,"turns":4},{"damage":9,"enemies":"3 Byrds","floor":20,"turns":5},{"damage":43,"enemies":"Shelled Parasite and Fungi","floor":22,"turns":6},{"damage":31,"enemies":"Book of Stabbing","floor":23,"turns":5}],"seed_played":"3496433933603029581","potions_obtained":[{"floor":1.0,"key":"SpeedPotion"},{"floor":3.0,"key":"LiquidBronze"},{"floor":16,"key":"SkillPotion"},{"floor":20,"key":"Swift Potion"},{"floor":22,"key":"Regen Potion"}],"is_trial":false,"path_per_floor":["M","?","M","M","$","R","E","?","T","R","E","R","?","?","R","B",null,"M","?","M","$","M","E"],"character_chosen":"RobotSpaceExplorer","items_purchased":["RobotSpaceExplorer:Probe","Finesse"],"campfire_rested":1,"item_purchase_floors":[5,21],"current_hp_per_floor":[73,55,55,55,55,55,31,31,31,31,13,35,28,28,28,28,63,56,56,49,49,8,0,0],"gold":381,"neow_bonus":"BOSS_RELIC","is_daily":false,"chose_seed":false,"campfire_upgraded":3,"win_rate":0.0,"timestamp":1607889478,"path_taken":["M","?","M","M","$","R","E","?","T","R","E","R","?","?","R","BOSS","M","?","?","$","?","E"],"items_purchased_type":["Card","Card"],"build_version":"2020-11-30","purchased_purges":2,"victory":false,"max_hp_per_floor":[75,75,75,75,75,75,75,75,75,75,75,75,75,75,75,75,75,75,75,75,75,75,75,75],"card_choices":[{"not_picked":["RobotSpaceExplorer:Electropulse","RobotSpaceExplorer:Ammunition"],"picked":"RobotSpaceExplorer:SurgingShield","floor":1.0},{"not_picked":["RobotSpaceExplorer:ScrapMissile","RobotSpaceExplorer:DoubleFind"],"picked":"RobotSpaceExplorer:SurgingShield","floor":3.0},{"not_picked":["RobotSpaceExplorer:MetalStrike","RobotSpaceExplorer:Pulsar"],"picked":"RobotSpaceExplorer:StarDust","floor":4.0},{"not_picked":["RobotSpaceExplorer:MakeshiftVolley","RobotSpaceExplorer:IronShell"],"picked":"RobotSpaceExplorer:GlueShot","floor":7.0},{"not_picked":["RobotSpaceExplorer:Ammunition","RobotSpaceExplorer:Explosion","RobotSpaceExplorer:BigMissile"],"picked":"SKIP","floor":11},{"not_picked":["RobotSpaceExplorer:DroneSwarm","RobotSpaceExplorer:Arsenal"],"picked":"RobotSpaceExplorer:Asteroid","floor":16},{"not_picked":["RobotSpaceExplorer:Electroshield","RobotSpaceExplorer:Reload","RobotSpaceExplorer:ExhaustFan"],"picked":"SKIP","floor":18},{"not_picked":["RobotSpaceExplorer:FrostMissile","RobotSpaceExplorer:LaserBurst+1"],"picked":"RobotSpaceExplorer:Pulsar+1","floor":20},{"not_picked":["RobotSpaceExplorer:FrostMissile","RobotSpaceExplorer:SurgingStrike"],"picked":"RobotSpaceExplorer:GearShield+1","floor":22}],"player_experience":1612069,"relics_obtained":[{"floor":7.0,"key":"MawBank"},{"floor":7.0,"key":"Bird Faced Urn"},{"floor":9.0,"key":"RobotSpaceExplorer:ClockworkSextant"},{"floor":11,"key":"Centennial Puzzle"},{"floor":11,"key":"Bottled Flame"},{"floor":17,"key":"RobotSpaceExplorer:FoglandsKnife"},{"floor":17,"key":"Blue Candle"},{"floor":17,"key":"Peace Pipe"}],"event_choices":[{"damage_healed":0.0,"max_hp_gain":0.0,"max_hp_loss":0.0,"gold_gain":0.0,"event_name":"Golden Idol","player_choice":"Take Damage","floor":2.0,"gold_loss":0.0,"damage_taken":18.0,"relics_obtained":["Golden Idol"]},{"cards_removed":["RobotSpaceExplorer:Defend"],"damage_healed":0.0,"max_hp_gain":0.0,"max_hp_loss":0.0,"gold_gain":0.0,"event_name":"Living Wall","player_choice":"Forget","floor":8.0,"gold_loss":0.0,"damage_taken":0.0},{"damage_healed":0,"gold_gain":0,"player_choice":"Relic ","damage_taken":7,"max_hp_gain":0,"max_hp_loss":0,"event_name":"betterThird:BetterScrap","floor":13,"gold_loss":0,"cards_obtained":["Reflex"]},{"damage_healed":0,"gold_gain":0,"player_choice":"Ignored","damage_taken":237,"max_hp_gain":0,"max_hp_loss":0,"event_name":"betterThird:BetterSerpent","floor":14,"gold_loss":0},{"damage_healed":0,"gold_gain":100,"player_choice":"Bet on Murderer","damage_taken":0,"max_hp_gain":0,"max_hp_loss":0,"event_name":"The Joust","floor":19,"gold_loss":50}],"is_beta":false,"boss_relics":[{"not_picked":["Busted Crown","SacredBark"],"picked":"Calling Bell"}],"items_purged_floors":[5,21],"is_endless":false,"potions_floor_spawned":[1,3,16,20,22],"killed_by":"Book of Stabbing","ascension_level":5}}