{"host":"n5tkjfaoqcucuref","time":1607849022,"event":{"mods":["AchievementEnabler","BaseMod","Colored Map","Colored Powertips","Downfall","Friendly Minions","Hermit","Marisa????????","Minty Spire (QoL Compilation)","Quick Restart","Rare Cards Sparkle","StSLib","The Cursed","The Servant 0.9.4"],"gold_per_floor":[116,94,194,206,206,239,239,274,342,342,359,359,359,369,369,471,471,482,498,517,517,517],"floor_reached":21,"playtime":891,"items_purged":[],"score":264,"play_id":"76817703-40a8-43c8-b889-e6f8d4c5b6d0","local_time":"20201213064342","is_ascension_mode":false,"campfire_choices":[{"data":"hermit:Ricochet","floor":7.0,"key":"SMITH"},{"data":"hermit:Determination","floor":10.0,"key":"SMITH"},{"data":"hermit:FlashPowder","floor":12.0,"key":"SMITH"},{"data":"hermit:Headshot","floor":15.0,"key":"SMITH"}],"circlet_count":0,"master_deck":["hermit:Strike_Hermit","hermit:Strike_Hermit","hermit:Strike_Hermit","hermit:Defend_Hermit","hermit:Defend_Hermit","hermit:Defend_Hermit","hermit:Defend_Hermit","hermit:Snapshot","hermit:Covet","hermit:Headshot+1","hermit:Ricochet+1","hermit:FinalCanter","hermit:Determination+1","hermit:FlashPowder+1","Regret","hermit:RoundhouseKick+1","hermit:Magnum+1","hermit:Virtue+1","hermit:Manifest+1","hermit:Purgatory+1"],"relics":["hermit:Momento","NeowsBlessing","Lantern","InkBottle","Molten Egg 2","Question Card","Coffee Dripper"],"acts_visited":["Exordium","TheCity"],"potions_floor_usage":[],"damage_taken":[{"damage":0.0,"enemies":"Jaw Worm","floor":1.0,"turns":1.0},{"damage":0.0,"enemies":"Cultist","floor":4.0,"turns":1.0},{"damage":0.0,"enemies":"Lagavulin","floor":6.0,"turns":1.0},{"damage":21.0,"enemies":"3 Sentries","floor":8.0,"turns":8.0},{"damage":1.0,"enemies":"2 Louse","floor":11.0,"turns":2.0},{"damage":0.0,"enemies":"Exordium Wildlife","floor":14.0,"turns":3.0},{"damage":0.0,"enemies":"Slime Boss","floor":16.0,"turns":7.0},{"damage":0.0,"enemies":"Chosen","floor":18.0,"turns":3.0},{"damage":23,"enemies":"2 Thieves","floor":19,"turns":4},{"damage":26,"enemies":"Shelled Parasite and Fungi","floor":20,"turns":5},{"damage":36,"enemies":"Snake Plant","floor":21,"turns":1}],"seed_played":"-2608939786888923567","potions_obtained":[{"floor":6.0,"key":"hermit:BlackBile"},{"floor":11.0,"key":"hermit:Tonic"},{"floor":16.0,"key":"SpeedPotion"},{"floor":18.0,"key":"Energy Potion"}],"is_trial":false,"path_per_floor":["M","$","?","M","?","E","R","E","T","R","M","R","?","M","R","B",null,"M","M","M","M"],"character_chosen":"HERMIT","items_purchased":["hermit:Headshot"],"campfire_rested":0,"item_purchase_floors":[2],"current_hp_per_floor":[75,75,75,75,68,68,68,47,47,47,46,46,46,46,46,46,75,75,52,26,0,0],"gold":517,"neow_bonus":"THREE_ENEMY_KILL","is_daily":false,"chose_seed":false,"campfire_upgraded":4,"win_rate":0.0,"timestamp":1607849022,"path_taken":["M","$","?","?","?","E","R","E","T","R","M","R","?","M","R","BOSS","M","M","M","M"],"items_purchased_type":["Card"],"build_version":"2020-11-30","purchased_purges":0,"victory":false,"max_hp_per_floor":[75,75,75,75,75,75,75,75,75,75,75,75,75,75,75,75,75,75,75,75,75,75],"card_choices":[{"not_picked":["hermit:BodyArmor","hermit:WideOpen","hermit:Desperado"],"picked":"SKIP","floor":1.0},{"not_picked":["hermit:ItchyTrigger","hermit:Shortfuse"],"picked":"hermit:Ricochet","floor":4.0},{"not_picked":["hermit:Headshot","hermit:Ricochet"],"picked":"hermit:FinalCanter","floor":6.0},{"not_picked":["hermit:WideOpen","hermit:Vantage"],"picked":"hermit:Determination","floor":8.0},{"not_picked":["hermit:BodyArmor","hermit:Manifest"],"picked":"hermit:FlashPowder","floor":11.0},{"not_picked":["hermit:Dive","hermit:TakeCover","hermit:Misfire+1"],"picked":"hermit:RoundhouseKick+1","floor":14.0},{"not_picked":["hermit:EternalForm","hermit:Roughhouse+1","hermit:HeroicBravado"],"picked":"hermit:Magnum+1","floor":16.0},{"not_picked":["hermit:WideOpen+1","hermit:BodyArmor+1","hermit:Snipe+1"],"picked":"hermit:Virtue+1","floor":18.0},{"not_picked":["hermit:EyeOfTheStorm+1","hermit:LoneWolf","hermit:SprayPray+1"],"picked":"hermit:Manifest+1","floor":19},{"not_picked":["hermit:Manifest","hermit:Glare","hermit:Brawl"],"picked":"hermit:Purgatory+1","floor":20}],"player_experience":25459,"relics_obtained":[{"floor":6.0,"key":"Lantern"},{"floor":8.0,"key":"InkBottle"},{"floor":9.0,"key":"Molten Egg 2"}],"event_choices":[{"damage_healed":0.0,"max_hp_gain":0.0,"max_hp_loss":0.0,"gold_gain":100.0,"event_name":"Wheel of Change","player_choice":"Gold","floor":3.0,"gold_loss":0.0,"damage_taken":0.0},{"cards_removed":["hermit:Strike_Hermit"],"damage_healed":0.0,"max_hp_gain":0.0,"max_hp_loss":0.0,"gold_gain":0.0,"event_name":"Golden Wing","player_choice":"Card Removal","floor":5.0,"gold_loss":0.0,"damage_taken":7.0},{"damage_healed":0.0,"max_hp_gain":0.0,"max_hp_loss":0.0,"gold_gain":0.0,"event_name":"Big Fish","player_choice":"Box","floor":13.0,"gold_loss":0.0,"damage_taken":0.0,"relics_obtained":["Question Card"],"cards_obtained":["Regret"]}],"is_beta":false,"boss_relics":[{"not_picked":["SacredBark","Tiny House"],"picked":"Coffee Dripper"}],"items_purged_floors":[],"is_endless":false,"potions_floor_spawned":[6,11,16,18,20],"killed_by":"Snake Plant","ascension_level":0}}