{"host":"aovv4e73998kgan0","time":1607900999,"event":{"mods":["BaseMod","Minty Spire (QoL Compilation)","StSLib"],"gold_per_floor":[119,42,42,52,66,78,109,126,126,126,161,172,172,48,48,150,150,116,41,131,49,64,64,78,98,98,98,48,60,88,100,100,100,100],"floor_reached":33,"playtime":2749,"items_purged":["Strike_B"],"score":318,"play_id":"cd07b4d0-b113-4f07-adc3-e0e44c4a23d3","local_time":"20201213180959","is_ascension_mode":true,"campfire_choices":[{"data":"Zap","floor":15,"key":"SMITH"},{"floor":23,"key":"REST"},{"floor":27,"key":"REST"},{"floor":32,"key":"REST"}],"circlet_count":0,"master_deck":["Defend_B","Defend_B","Defend_B","Defend_B+1","Zap+1","Dualcast","Swift Strike","Rebound","Defragment+1","Gash","Steam","Auto Shields","Beam Cell","Streamline","Seek+1","Steam+1","Parasite","Conserve Battery+1","Fission+1","Gash","Reprogram+1","Conserve Battery+1","Gash","Hologram+1","Gash","BootSequence+1","Reboot+1"],"relics":["Cracked Core","Lizard Tail","Toxic Egg 2","Orichalcum","Empty Cage","Torii"],"acts_visited":["Exordium","TheCity"],"potions_floor_usage":[11,16,16,25,30,33],"damage_taken":[{"damage":2,"enemies":"2 Louse","floor":1,"turns":2},{"damage":0,"enemies":"Small Slimes","floor":4,"turns":3},{"damage":1,"enemies":"Cultist","floor":5,"turns":3},{"damage":8,"enemies":"Red Slaver","floor":6,"turns":3},{"damage":13,"enemies":"Lagavulin","floor":7,"turns":5},{"damage":0,"enemies":"Exordium Wildlife","floor":8,"turns":3},{"damage":23,"enemies":"Gremlin Nob","floor":11,"turns":4},{"damage":0,"enemies":"Looter","floor":12,"turns":3},{"damage":13,"enemies":"Slime Boss","floor":16,"turns":8},{"damage":31,"enemies":"2 Thieves","floor":18,"turns":5},{"damage":22,"enemies":"Spheric Guardian","floor":22,"turns":6},{"damage":17,"enemies":"Centurion and Healer","floor":24,"turns":11},{"damage":9,"enemies":"Snake Plant","floor":25,"turns":4},{"damage":8,"enemies":"Chosen and Byrds","floor":29,"turns":7},{"damage":104,"enemies":"Gremlin Leader","floor":30,"turns":9},{"damage":1,"enemies":"3 Cultists","floor":31,"turns":6},{"damage":45,"enemies":"Automaton","floor":33,"turns":10}],"seed_played":"-3669093012147003171","potions_obtained":[{"floor":1,"key":"Strength Potion"},{"floor":5,"key":"Explosive Potion"},{"floor":6,"key":"FairyPotion"},{"floor":11,"key":"Explosive Potion"},{"floor":22,"key":"BlessingOfTheForge"},{"floor":24,"key":"PowerPotion"},{"floor":29,"key":"FairyPotion"},{"floor":30,"key":"Block Potion"}],"is_trial":false,"path_per_floor":["M","$","?","M","M","M","E","M","T","?","E","M","?","$","R","B",null,"M","?","?","$","M","R","M","M","T","R","$","M","E","M","R","B"],"character_chosen":"DEFECT","items_purchased":["Defragment","Conserve Battery+1","Reprogram+1","Gash"],"campfire_rested":3,"item_purchase_floors":[2,14,21,28],"current_hp_per_floor":[73,73,58,58,57,49,36,36,36,36,13,13,31,31,31,18,75,44,44,32,32,10,32,15,6,6,28,28,20,19,18,40,0,0],"gold":100,"neow_bonus":"RANDOM_COLORLESS","is_daily":false,"chose_seed":false,"campfire_upgraded":1,"win_rate":0.0,"timestamp":1607900999,"path_taken":["M","$","?","M","M","M","E","M","T","?","E","M","?","$","R","BOSS","M","?","?","$","M","R","?","M","T","R","?","M","E","M","R","BOSS"],"items_purchased_type":["Card","Card","Card","Card"],"build_version":"2020-11-30","purchased_purges":1,"victory":false,"max_hp_per_floor":[75,75,75,75,75,75,75,75,75,75,75,75,75,75,75,75,75,75,75,75,75,75,75,75,75,75,75,75,75,75,75,75,75,75],"card_choices":[{"not_picked":["Forethought","PanicButton"],"picked":"Swift Strike","floor":0},{"not_picked":["Beam Cell","Barrage"],"picked":"Rebound","floor":1},{"not_picked":["Go for the Eyes","Streamline"],"picked":"Gash","floor":4},{"not_picked":["Compile Driver","Sweeping Beam"],"picked":"Steam","floor":5},{"not_picked":["Core Surge","Heatsinks"],"picked":"Auto Shields","floor":6},{"not_picked":["Coolheaded","Lockon"],"picked":"Beam Cell","floor":7},{"not_picked":["Steam","Stack"],"picked":"Streamline","floor":8},{"not_picked":["Steam+1","Reinforced Body+1"],"picked":"Seek+1","floor":11},{"not_picked":["Sweeping Beam","Compile Driver"],"picked":"Steam+1","floor":12},{"not_picked":["Amplify+1","Rainbow+1"],"picked":"Fission+1","floor":16},{"not_picked":["Redo+1","Aggregate+1"],"picked":"Gash","floor":18},{"not_picked":["Rebound+1","Sweeping Beam+1"],"picked":"Conserve Battery+1","floor":22},{"not_picked":["Beam Cell","White Noise+1"],"picked":"Gash","floor":24},{"not_picked":["Gash","Darkness+1"],"picked":"Hologram+1","floor":25},{"not_picked":["FTL+1","Loop"],"picked":"BootSequence+1","floor":29},{"not_picked":["Darkness+1","Cold Snap"],"picked":"Reboot+1","floor":30},{"not_picked":["Recycle+1","Turbo+1","Storm"],"picked":"SKIP","floor":31}],"player_experience":139132,"relics_obtained":[{"floor":7,"key":"Lizard Tail"},{"floor":9,"key":"Toxic Egg 2"},{"floor":11,"key":"Orichalcum"},{"floor":30,"key":"Torii"}],"event_choices":[{"damage_healed":0,"gold_gain":0,"player_choice":"Entered Light","damage_taken":15,"max_hp_gain":0,"max_hp_loss":0,"event_name":"Shining Light","floor":3,"gold_loss":0,"cards_upgraded":["Defragment","Defend_B"]},{"damage_healed":0,"gold_gain":0,"player_choice":"Ignored","damage_taken":0,"max_hp_gain":0,"max_hp_loss":0,"event_name":"Liars Game","floor":10,"gold_loss":0},{"damage_healed":18,"gold_gain":0,"player_choice":"Healed and dodged fight","damage_taken":0,"max_hp_gain":0,"max_hp_loss":0,"event_name":"Mushrooms","floor":13,"gold_loss":0,"cards_obtained":["Parasite"]},{"cards_removed":["Strike_B"],"damage_healed":0,"gold_gain":0,"player_choice":"Gave Gold","damage_taken":0,"max_hp_gain":0,"max_hp_loss":0,"event_name":"Beggar","floor":19,"gold_loss":75},{"damage_healed":0,"gold_gain":90,"player_choice":"GOLD ","damage_taken":12,"max_hp_gain":0,"max_hp_loss":0,"event_name":"Knowing Skull","floor":20,"potions_obtained":[],"gold_loss":0,"cards_obtained":[]}],"is_beta":false,"boss_relics":[{"not_picked":["Pandora\u0027s Box","Runic Pyramid"],"picked":"Empty Cage"}],"items_purged_floors":[14],"is_endless":false,"potions_floor_spawned":[1,5,6,11,22,24,29,30],"killed_by":"Automaton","ascension_level":1}}