{"host":"Ilker","time":1607873150,"event":{"mods":["BaseMod","Bestiary","Block Reminder","Colored Map","DeckTracker","Highlight Path","Minty Spire (QoL Compilation)","Quick Restart","Relic Sorter","Relic Stats"],"gold_per_floor":[111,123,142,156,156,156,168,196,196,224,8,40,40,58,58,58,58],"floor_reached":16,"playtime":615,"items_purged":["Strike_R"],"score":244,"play_id":"7f548d61-f636-435b-924d-3202dd49bb3d","local_time":"20201213182550","is_ascension_mode":true,"campfire_choices":[{"data":"Bash","floor":6.0,"key":"SMITH"},{"floor":15,"key":"REST"}],"circlet_count":0,"master_deck":["AscendersBane","Strike_R","Strike_R","Strike_R","Strike_R","Defend_R","Defend_R","Defend_R","Defend_R","Bash+1","Wild Strike","Heavy Blade+1","Battle Trance","Pommel Strike","Seeing Red","True Grit","Corruption","Inflame","Headbutt+1","Dark Embrace"],"relics":["Burning Blood","NeowsBlessing","Bag of Marbles","Molten Egg 2","StrikeDummy"],"acts_visited":["Exordium"],"potions_floor_usage":[10,12],"damage_taken":[{"damage":0.0,"enemies":"Small Slimes","floor":1.0,"turns":1.0},{"damage":0.0,"enemies":"Cultist","floor":2.0,"turns":1.0},{"damage":0.0,"enemies":"2 Louse","floor":3.0,"turns":1.0},{"damage":4.0,"enemies":"Large Slime","floor":4.0,"turns":5.0},{"damage":13.0,"enemies":"Blue Slaver","floor":7.0,"turns":2.0},{"damage":15.0,"enemies":"Lagavulin","floor":8.0,"turns":4.0},{"damage":43,"enemies":"3 Sentries","floor":10,"turns":9},{"damage":8,"enemies":"Gremlin Nob","floor":12,"turns":3},{"damage":6,"enemies":"Looter","floor":14,"turns":3},{"damage":42,"enemies":"Hexaghost","floor":16,"turns":8}],"seed_played":"2596700833255846090","potions_obtained":[{"floor":2.0,"key":"PowerPotion"},{"floor":7.0,"key":"Strength Potion"},{"floor":8.0,"key":"ElixirPotion"}],"is_trial":false,"path_per_floor":["M","M","M","M","?","R","M","E","T","E","$","E","?","M","R","B"],"character_chosen":"IRONCLAD","items_purchased":["Inflame","Energy Potion"],"campfire_rested":1,"item_purchase_floors":[11,11],"current_hp_per_floor":[74,75,75,75,75,75,68,59,59,22,22,20,20,20,42,0,0],"gold":58,"neow_bonus":"THREE_ENEMY_KILL","is_daily":false,"chose_seed":false,"campfire_upgraded":1,"win_rate":0.0,"timestamp":1607873150,"path_taken":["M","M","M","M","?","R","M","E","T","E","$","E","?","M","R","BOSS"],"items_purchased_type":["Card","Potion"],"build_version":"2020-12-07","purchased_purges":1,"victory":false,"max_hp_per_floor":[75,75,75,75,75,75,75,75,75,75,75,75,75,75,75,75,75],"relic_stats":{"counters":[10,37],"obtain_stats":[{"NeowsBlessing":0,"Molten Egg 2":10,"Bag of Marbles":8,"StrikeDummy":12,"Burning Blood":0},{"NeowsBlessing":0,"Molten Egg 2":7,"Bag of Marbles":6,"StrikeDummy":8,"Burning Blood":0},{"NeowsBlessing":0,"Molten Egg 2":23,"Bag of Marbles":14,"StrikeDummy":26,"Burning Blood":0}],"Burning Blood":41},"card_choices":[{"not_picked":["True Grit","Cleave"],"picked":"Wild Strike","floor":1.0},{"not_picked":["Thunderclap","Flex"],"picked":"Heavy Blade","floor":2.0},{"not_picked":["Clash","Thunderclap"],"picked":"Battle Trance","floor":3.0},{"not_picked":["Iron Wave","Dual Wield"],"picked":"Pommel Strike","floor":4.0},{"not_picked":["Anger","True Grit"],"picked":"Seeing Red","floor":7.0},{"not_picked":["Dropkick","Bludgeon"],"picked":"True Grit","floor":8.0},{"not_picked":["Havoc","Cleave+1"],"picked":"Corruption","floor":10},{"not_picked":["Wild Strike+1","Pommel Strike+1"],"picked":"Headbutt+1","floor":12},{"not_picked":["Headbutt+1","Dropkick+1"],"picked":"Dark Embrace","floor":14}],"player_experience":1666431,"relics_obtained":[{"floor":8.0,"key":"Bag of Marbles"},{"floor":10,"key":"Molten Egg 2"},{"floor":12,"key":"StrikeDummy"}],"event_choices":[{"damage_healed":0.0,"max_hp_gain":0.0,"max_hp_loss":0.0,"gold_gain":0.0,"event_name":"Scrap Ooze","player_choice":"Fled","floor":5.0,"gold_loss":0.0,"damage_taken":0.0},{"damage_healed":0,"gold_gain":0,"player_choice":"Upgraded","damage_taken":0,"max_hp_gain":0,"max_hp_loss":0,"event_name":"Upgrade Shrine","floor":13,"gold_loss":0,"cards_upgraded":["Heavy Blade"]}],"is_beta":true,"boss_relics":[],"items_purged_floors":[11],"is_endless":false,"potions_floor_spawned":[2,7,8],"killed_by":"Hexaghost","ascension_level":20}}