{"host":"bbjnqymry46jz0fa","time":1607857353,"event":{"mods":["BaseMod","DeckTracker","Minty Spire (QoL Compilation)","Quick Restart","StSLib","SuperFastMode"],"gold_per_floor":[110,121,137,153,171,171,198,198,224,238,238,256,256,268,268,342,342,352,352,352,178,196,246,273,273,296,296,296],"floor_reached":27,"playtime":631,"items_purged":["Strike_B"],"score":405,"play_id":"e063a3ad-1d8f-42b4-b6cc-4fd21fcf8a15","local_time":"20201213200233","is_ascension_mode":true,"campfire_choices":[{"data":"Beam Cell","floor":6,"key":"SMITH"},{"data":"Rainbow","floor":8,"key":"SMITH"},{"data":"Recycle","floor":13,"key":"SMITH"},{"floor":15,"key":"REST"},{"data":"Seek","floor":25,"key":"SMITH"}],"circlet_count":0,"master_deck":["AscendersBane","Strike_B","Strike_B","Strike_B","Defend_B+1","Defend_B","Defend_B","Defend_B","Zap","Dualcast+1","Rainbow+1","Cold Snap","Gash","Barrage","Beam Cell+1","Chill","Recycle+1","Reinforced Body","Skim","Seek+1","Capacitor","Finesse","Coolheaded"],"relics":["Cracked Core","War Paint","Akabeko","Ancient Tea Set","Coffee Dripper","Potion Belt","Strawberry"],"acts_visited":["Exordium","TheCity"],"potions_floor_usage":[4,16,18,24],"damage_taken":[{"damage":0,"enemies":"Cultist","floor":1,"turns":4},{"damage":8,"enemies":"Small Slimes","floor":2,"turns":3},{"damage":3,"enemies":"2 Louse","floor":3,"turns":3},{"damage":2,"enemies":"2 Fungi Beasts","floor":4,"turns":3},{"damage":6,"enemies":"Looter","floor":5,"turns":3},{"damage":18,"enemies":"Large Slime","floor":10,"turns":4},{"damage":3,"enemies":"3 Louse","floor":12,"turns":4},{"damage":0,"enemies":"Red Slaver","floor":14,"turns":2},{"damage":10,"enemies":"Slime Boss","floor":16,"turns":10},{"damage":14,"enemies":"3 Byrds","floor":18,"turns":7},{"damage":5,"enemies":"Spheric Guardian","floor":22,"turns":3},{"damage":18,"enemies":"Book of Stabbing","floor":24,"turns":6},{"damage":28,"enemies":"Gremlin Leader","floor":27,"turns":6}],"seed_played":"-7593514598769070679","potions_obtained":[{"floor":2,"key":"Explosive Potion"},{"floor":4,"key":"Energy Potion"},{"floor":5,"key":"PowerPotion"},{"floor":10,"key":"FocusPotion"},{"floor":16,"key":"SkillPotion"}],"is_trial":false,"path_per_floor":["M","M","M","M","M","R","T","R","T","M","?","M","R","M","R","B",null,"M","?","?","$","M","?","E","R","T","E"],"character_chosen":"DEFECT","items_purchased":["Finesse"],"campfire_rested":1,"item_purchase_floors":[21],"current_hp_per_floor":[64,56,53,51,45,45,45,45,45,27,16,13,13,13,32,22,54,40,40,40,40,35,35,17,17,24,0,0],"gold":296,"neow_bonus":"THREE_RARE_CARDS","is_daily":false,"chose_seed":false,"campfire_upgraded":4,"win_rate":0.0,"timestamp":1607857353,"path_taken":["M","M","?","?","M","R","?","R","T","?","?","M","R","M","R","BOSS","M","?","?","$","M","?","E","R","T","E"],"items_purchased_type":["Card"],"build_version":"2020-11-30","purchased_purges":1,"victory":false,"max_hp_per_floor":[64,64,64,64,64,64,64,64,64,64,64,64,64,64,64,64,64,64,64,64,64,64,64,64,64,71,71,71],"card_choices":[{"not_picked":["Meteor Strike","Multi-Cast"],"picked":"Rainbow","floor":0},{"not_picked":["Coolheaded","Hologram"],"picked":"Cold Snap","floor":1},{"not_picked":["Chill","Hello World"],"picked":"Gash","floor":2},{"not_picked":["Turbo","Lockon"],"picked":"Barrage","floor":3},{"not_picked":["Blizzard","Gash"],"picked":"Beam Cell","floor":4},{"not_picked":["All For One","BootSequence"],"picked":"Chill","floor":5},{"not_picked":["Blizzard","Rebound"],"picked":"Recycle","floor":10},{"not_picked":["Gash","Turbo"],"picked":"Reinforced Body","floor":12},{"not_picked":["Beam Cell","Gash"],"picked":"Skim","floor":14},{"not_picked":["Amplify","Creative AI"],"picked":"Seek","floor":16},{"not_picked":["Leap","Hologram"],"picked":"Capacitor","floor":18},{"not_picked":["Barrage","Gash"],"picked":"Coolheaded","floor":22},{"not_picked":["Streamline","Sweeping Beam+1","Beam Cell"],"picked":"SKIP","floor":24}],"player_experience":709878,"relics_obtained":[{"floor":7,"key":"War Paint"},{"floor":9,"key":"Akabeko"},{"floor":24,"key":"Potion Belt"},{"floor":26,"key":"Strawberry"}],"event_choices":[{"damage_healed":0,"gold_gain":0,"player_choice":"Success","damage_taken":11,"relics_obtained":["Ancient Tea Set"],"max_hp_gain":0,"max_hp_loss":0,"event_name":"Scrap Ooze","floor":11,"gold_loss":0},{"damage_healed":0,"gold_gain":0,"player_choice":"Ignored","damage_taken":0,"max_hp_gain":0,"max_hp_loss":0,"event_name":"Vampires","floor":19,"gold_loss":0},{"damage_healed":0,"gold_gain":0,"player_choice":"Ignored","damage_taken":0,"max_hp_gain":0,"max_hp_loss":0,"event_name":"The Mausoleum","floor":20,"gold_loss":0},{"damage_healed":0,"gold_gain":50,"player_choice":"Stole From Cult","damage_taken":0,"max_hp_gain":0,"max_hp_loss":0,"event_name":"Nest","floor":23,"gold_loss":0}],"is_beta":false,"boss_relics":[{"not_picked":["Tiny House","Busted Crown"],"picked":"Coffee Dripper"}],"items_purged_floors":[21],"is_endless":false,"potions_floor_spawned":[2,4,5,10,16],"killed_by":"Gremlin Leader","ascension_level":16}}