{"host":"2461dio7vetlq1z3","time":1607891903,"event":{"mods":["AchievementEnabler","Aspiration","BaseMod","Hermit","Lobotomy","Minty Spire (QoL Compilation)","Relic Stats","Spicy Shops","StSLib","Waifu the Spire"],"gold_per_floor":[110,110,123,143,25,67,67,94,94,118,118,118,118],"floor_reached":12,"playtime":390,"items_purged":[],"score":140,"play_id":"1d0a4736-b896-4c8e-82c6-ac39873df463","local_time":"20201213213823","is_ascension_mode":true,"campfire_choices":[{"data":"Sunder","floor":7,"key":"SMITH"}],"circlet_count":0,"master_deck":["AscendersBane","Strike_B","Strike_B","Defend_B","Defend_B","Defend_B","Zap","Dualcast","Rebound","Bane","Doppelganger","Go for the Eyes","Fusion","Sunder+1","Steam","Meteor Strike","Compile Driver"],"relics":["Cracked Core","aspiration:Nostalgia","Ring of the Snake","CeramicFish","White Beast Statue"],"acts_visited":["Exordium"],"potions_floor_usage":[12,12],"damage_taken":[{"damage":8,"enemies":"Jaw Worm","floor":1,"turns":4},{"damage":0,"enemies":"Small Slimes","floor":3,"turns":3},{"damage":0,"enemies":"Cultist","floor":4,"turns":3},{"damage":20,"enemies":"Lagavulin","floor":6,"turns":6},{"damage":8,"enemies":"Blue Slaver","floor":8,"turns":4},{"damage":24,"enemies":"Large Slime","floor":10,"turns":3},{"damage":7,"enemies":"3 Sentries","floor":12,"turns":3}],"seed_played":"-6727303671310049278","potions_obtained":[{"floor":8,"key":"PowerPotion"},{"floor":10,"key":"Swift Potion"}],"is_trial":false,"path_per_floor":["M","?","M","M","$","E","R","M","T","M","?","E"],"character_chosen":"DEFECT","items_purchased":["Sunder"],"campfire_rested":0,"item_purchase_floors":[5],"current_hp_per_floor":[56,56,56,56,56,36,36,28,28,4,4,0,0],"gold":118,"neow_bonus":"NOSTALGIA","is_daily":false,"chose_seed":false,"campfire_upgraded":1,"win_rate":0.0,"timestamp":1607891903,"path_taken":["M","?","M","M","$","E","R","M","T","M","?","E"],"items_purchased_type":["Card"],"build_version":"2020-11-30","purchased_purges":0,"victory":false,"max_hp_per_floor":[71,71,71,71,71,71,71,71,71,71,71,71,71],"relic_stats":{"counters":[7,26],"CeramicFish":27,"obtain_stats":[{"aspiration:Nostalgia":0,"CeramicFish":6,"Cracked Core":0,"White Beast Statue":9,"Ring of the Snake":0},{"aspiration:Nostalgia":0,"CeramicFish":4,"Cracked Core":0,"White Beast Statue":5,"Ring of the Snake":0},{"aspiration:Nostalgia":0,"CeramicFish":16,"Cracked Core":0,"White Beast Statue":20,"Ring of the Snake":0}],"Ring of the Snake":[14]},"card_choices":[{"not_picked":["Stack","Coolheaded"],"picked":"Rebound","floor":1},{"not_picked":["Rebound","Coolheaded"],"picked":"Go for the Eyes","floor":3},{"not_picked":["aspiration:Polymerization","Melter"],"picked":"Fusion","floor":4},{"not_picked":["Rebound","Hologram"],"picked":"Steam","floor":6},{"not_picked":["Stack","Sweeping Beam"],"picked":"Meteor Strike","floor":8},{"not_picked":["Double Energy","Undo"],"picked":"Compile Driver","floor":10}],"player_experience":697395,"relics_obtained":[{"floor":6,"key":"CeramicFish"},{"floor":9,"key":"White Beast Statue"}],"event_choices":[{"cards_removed":["Eviscerate"],"damage_healed":0,"gold_gain":0,"player_choice":"Purged","damage_taken":0,"max_hp_gain":0,"max_hp_loss":0,"event_name":"Purifier","floor":11,"gold_loss":0}],"is_beta":false,"boss_relics":[],"items_purged_floors":[],"is_endless":false,"potions_floor_spawned":[8,10],"killed_by":"3 Sentries","ascension_level":15}}