{"host":"7k2a2omxz3voj5ax","time":1607881545,"event":{"mods":["BaseMod","Marisa£¨ìFÓê¡¡Ä§ÀíÉ³£©","Minty Spire (QoL Compilation)","Quick Restart","Spicy Shops","StSLib","Starting Relic: Pandora\u0027s Box","óô»ðÖ¸ÄÏ"],"gold_per_floor":[117,3024,3024,3024,3024,3050,3061,2821,2846,2319,2345,2361,2391,2391,2007,2085,2085,2104,1954,1954,1954,2004,2031,2046,1767,1767,1240,1270,1270,1280,1170,844,918,918,931,663,663,506,522,522,556,566,566,596,596,622,647,658,658,658,658,658,282,116,145,145],"floor_reached":57,"playtime":1674,"items_purged":["Bane","Flying Knee","Sucker Punch","Neutralize","Underhanded Strike","Finisher","Underhanded Strike","Leg Sweep","Leg Sweep","Survivor","Apotheosis+1","Burst+1","Concentrate+1"],"score":3680,"play_id":"10478214-c0f9-48c2-bde4-22c4c929429f","local_time":"20201214024545","is_ascension_mode":true,"campfire_choices":[{"data":"Accuracy","floor":29.0,"key":"SMITH"},{"data":"Accuracy","floor":40.0,"key":"SMITH"},{"floor":49.0,"key":"RECALL"}],"circlet_count":0,"master_deck":["AscendersBane","Blade Dance+1","Tactician+1","Accuracy+1","Acrobatics+1","Accuracy+1","Impatience+1","Barricade","Accuracy+1","Terror+1","Wraith Form v2"],"relics":["Black Star","Juzu Bracelet","Blue Candle","Toxic Egg 2","Membership Card","Anchor","Medical Kit","PrismaticShard","Happy Flower","Pocketwatch","FossilizedHelix","Torii","Thread and Needle","Runic Pyramid","Oddly Smooth Stone","Shuriken","Mummified Hand","Gremlin Horn","War Paint","Kunai","Bag of Preparation","Bottled Lightning","TheAbacus","SlaversCollar","Nunchaku","Strawberry","Vajra","Ice Cream","Mango","Singing Bowl","Ornamental Fan","Question Card","Bird Faced Urn","Turnip","Sundial","Tough Bandages","Unceasing Top","Tingsha"],"acts_visited":["Exordium","TheCity","TheBeyond","TheEnding"],"potions_floor_usage":[],"damage_taken":[{"damage":9.0,"enemies":"Jaw Worm","floor":1.0,"turns":2.0},{"damage":19.0,"enemies":"Lagavulin","floor":6.0,"turns":5.0},{"damage":0.0,"enemies":"Cultist","floor":7.0,"turns":2.0},{"damage":8.0,"enemies":"3 Sentries","floor":11.0,"turns":5.0},{"damage":0.0,"enemies":"2 Louse","floor":12.0,"turns":2.0},{"damage":0.0,"enemies":"Lagavulin","floor":13.0,"turns":3.0},{"damage":0.0,"enemies":"Slime Boss","floor":16.0,"turns":4.0},{"damage":0.0,"enemies":"Chosen","floor":18.0,"turns":4.0},{"damage":0.0,"enemies":"Book of Stabbing","floor":23.0,"turns":2.0},{"damage":0.0,"enemies":"Shell Parasite","floor":24.0,"turns":2.0},{"damage":0.0,"enemies":"Gremlin Leader","floor":28.0,"turns":1.0},{"damage":0.0,"enemies":"Sentry and Sphere","floor":30.0,"turns":1.0},{"damage":0.0,"enemies":"Automaton","floor":33.0,"turns":1.0},{"damage":0.0,"enemies":"Orb Walker","floor":35.0,"turns":1.0},{"damage":0.0,"enemies":"3 Darklings","floor":39.0,"turns":1.0},{"damage":0.0,"enemies":"Nemesis","floor":41.0,"turns":1.0},{"damage":0.0,"enemies":"4 Shapes","floor":42.0,"turns":1.0},{"damage":0.0,"enemies":"Reptomancer","floor":44.0,"turns":1.0},{"damage":0.0,"enemies":"Giant Head","floor":46.0,"turns":1.0},{"damage":0.0,"enemies":"Mind Bloom Boss Battle","floor":47.0,"turns":1.0},{"damage":0.0,"enemies":"Jaw Worm Horde","floor":48.0,"turns":1.0},{"damage":0.0,"enemies":"Time Eater","floor":50.0,"turns":2.0},{"damage":0.0,"enemies":"Awakened One","floor":51.0,"turns":2.0},{"damage":0,"enemies":"Shield and Spear","floor":55,"turns":1},{"damage":0,"enemies":"The Heart","floor":56,"turns":4}],"seed_played":"2592576566077054454","potions_obtained":[{"floor":1.0,"key":"AttackPotion"},{"floor":7.0,"key":"FearPotion"},{"floor":33.0,"key":"LiquidMemories"},{"floor":39.0,"key":"FairyPotion"}],"is_trial":false,"path_per_floor":["M","$","?","?","?","E","M","R","T","R","E","M","E","?","R","B",null,"M","$","?","?","?","E","M","$","T","R","E","R","M","?","R","B",null,"M","$","?","$","M","R","E","M","T","E","?","E","?","M","R","B","B",null,"R","$","E","B",null],"character_chosen":"THE_SILENT","items_purchased":["Blade Dance","Juzu Bracelet","Membership Card","Apotheosis+1","Anchor","Medical Kit","Accuracy","PrismaticShard","Burst+1","Thread and Needle","Acrobatics+1","Mummified Hand","War Paint","Kunai","Impatience+1","TheAbacus","Nunchaku","Accuracy","Strawberry","Sundial","Wraith Form v2","Tough Bandages","Unceasing Top"],"campfire_rested":0,"item_purchase_floors":[2,2,8,8,10,10,10,10,10,15,19,25,27,27,32,32,36,38,38,53,53,54,54],"current_hp_per_floor":[50,50,50,50,50,31,31,31,31,31,23,23,23,28,28,28,60,60,60,60,60,53,53,53,53,53,53,53,53,53,53,53,53,67,67,67,67,74,74,74,74,74,88,90,86,88,96,106,106,106,106,106,106,106,108,108],"gold":145,"neow_bonus":"BOSS_RELIC","is_daily":false,"chose_seed":false,"campfire_upgraded":2,"win_rate":0.0,"timestamp":1607881545,"path_taken":["M","$","?","?","?","E","M","R","T","R","E","M","E","?","R","BOSS","M","$","?","?","?","E","M","$","T","R","E","R","M","?","R","BOSS","M","?","?","$","M","R","E","M","T","E","?","E","?","M","R","BOSS","BOSS","R","$","E","BOSS"],"items_purchased_type":["Card","Relic","Relic","Card","Relic","Relic","Card","Relic","Card","Relic","Card","Relic","Relic","Relic","Card","Relic","Relic","Card","Relic","Relic","Card","Relic","Relic"],"build_version":"2020-11-30","purchased_purges":13,"victory":true,"max_hp_per_floor":[66,66,66,66,66,66,66,66,66,66,66,66,66,71,71,71,71,71,71,71,71,71,71,71,71,71,71,71,71,71,71,71,71,71,71,71,71,78,78,78,78,78,92,94,100,102,104,106,106,106,106,106,106,106,108,108],"card_choices":[{"not_picked":["Outmaneuver","Dagger Throw","Dodge and Roll"],"picked":"SKIP","floor":1.0},{"not_picked":["Underhanded Strike","Finisher"],"picked":"Tactician+1","floor":6.0},{"not_picked":["Skewer","Distraction+1"],"picked":"Concentrate+1","floor":7.0},{"not_picked":["Thunderclap","Battle Trance+1","ShootingEcho"],"picked":"SKIP","floor":11.0},{"not_picked":["6A","CarveReality","Deflect+1"],"picked":"SKIP","floor":12.0},{"not_picked":["Dodge and Roll+1","LuminesStrike","Melter"],"picked":"SKIP","floor":13.0},{"not_picked":["Bane","CrushJoints+1","GravityBeat"],"picked":"SKIP","floor":18.0},{"not_picked":["Bane+1","Gash","Sweeping Beam"],"picked":"SKIP","floor":23.0},{"not_picked":["Carnage","Prostrate+1","Compile Driver+1"],"picked":"SKIP","floor":24.0},{"not_picked":["MysteriousBeam","Conclude","Havoc+1"],"picked":"SKIP","floor":28.0},{"not_picked":["Rebound","IllusionStar+1","FollowUp"],"picked":"SKIP","floor":30.0},{"not_picked":["Secret Weapon+1","Thunder Strike"],"picked":"Barricade","floor":33.0},{"not_picked":["Gash","Ball Lightning","BlazeAway+1"],"picked":"SKIP","floor":35.0},{"not_picked":["Body Slam","DC"],"picked":"Terror+1","floor":39.0},{"not_picked":["Slice+1","Sever Soul","Sword Boomerang"],"picked":"SKIP","floor":41.0},{"not_picked":["Perfected Strike","Dagger Spray","Backflip+1"],"picked":"SKIP","floor":42.0},{"not_picked":["PropBag+1","Crescendo+1","Thinking Ahead+1"],"picked":"Singing Bowl","floor":44.0},{"not_picked":["HandOfGreed","Secret Weapon+1","Enlightenment+1"],"picked":"Singing Bowl","floor":45.0},{"not_picked":["Purity+1","Forethought+1","Flash of Steel"],"picked":"Singing Bowl","floor":45.0},{"not_picked":["Enlightenment+1","Purity+1","Apotheosis+1"],"picked":"Singing Bowl","floor":45.0},{"not_picked":["Halt+1","Predator","Barrage"],"picked":"Singing Bowl","floor":46.0},{"not_picked":["Coolheaded+1","True Grit+1","PowerUp+1","Tantrum"],"picked":"Singing Bowl","floor":47.0},{"not_picked":["Coolheaded+1","Cold Snap","Headbutt+1","DoubleSpark"],"picked":"Singing Bowl","floor":48.0},{"not_picked":["Accuracy+1","Hologram+1","Aggregate+1","SuperNova"],"picked":"Singing Bowl","floor":55}],"player_experience":341583,"relics_obtained":[{"floor":6.0,"key":"Blue Candle"},{"floor":6.0,"key":"Toxic Egg 2"},{"floor":11.0,"key":"Happy Flower"},{"floor":11.0,"key":"Pocketwatch"},{"floor":13.0,"key":"FossilizedHelix"},{"floor":13.0,"key":"Torii"},{"floor":23.0,"key":"Oddly Smooth Stone"},{"floor":23.0,"key":"Shuriken"},{"floor":26.0,"key":"Gremlin Horn"},{"floor":28.0,"key":"Bag of Preparation"},{"floor":28.0,"key":"Bottled Lightning"},{"floor":41.0,"key":"Vajra"},{"floor":41.0,"key":"Ice Cream"},{"floor":43.0,"key":"Mango"},{"floor":44.0,"key":"Singing Bowl"},{"floor":44.0,"key":"Ornamental Fan"},{"floor":46.0,"key":"Question Card"},{"floor":46.0,"key":"Bird Faced Urn"},{"floor":47.0,"key":"Turnip"},{"floor":55,"key":"Tingsha"}],"event_choices":[{"damage_healed":0.0,"max_hp_gain":0.0,"max_hp_loss":0.0,"gold_gain":0.0,"event_name":"Accursed Blacksmith","player_choice":"Forge","floor":3.0,"gold_loss":0.0,"damage_taken":0.0,"cards_upgraded":["Prepared"]},{"damage_healed":0.0,"max_hp_gain":0.0,"max_hp_loss":0.0,"gold_gain":0.0,"event_name":"Liars Game","player_choice":"Ignored","floor":4.0,"gold_loss":0.0,"damage_taken":0.0},{"cards_removed":["Setup"],"damage_healed":0.0,"max_hp_gain":0.0,"max_hp_loss":0.0,"gold_gain":0.0,"event_name":"Purifier","player_choice":"Purged","floor":5.0,"gold_loss":0.0,"damage_taken":0.0},{"damage_healed":0.0,"max_hp_gain":5.0,"max_hp_loss":0.0,"gold_gain":0.0,"event_name":"Big Fish","player_choice":"Donut","floor":14.0,"gold_loss":0.0,"damage_taken":0.0},{"damage_healed":0.0,"max_hp_gain":0.0,"max_hp_loss":0.0,"gold_gain":0.0,"event_name":"The Library","player_choice":"Read","floor":20.0,"gold_loss":0.0,"damage_taken":0.0,"cards_obtained":["Accuracy"]},{"damage_healed":0.0,"max_hp_gain":0.0,"max_hp_loss":0.0,"gold_gain":0.0,"event_name":"Ghosts","player_choice":"Ignored","floor":21.0,"gold_loss":0.0,"damage_taken":0.0},{"damage_healed":0.0,"max_hp_gain":0.0,"max_hp_loss":0.0,"gold_gain":50.0,"event_name":"FaceTrader","player_choice":"Touch","floor":22.0,"gold_loss":0.0,"damage_taken":7.0},{"cards_removed":["Prepared"],"damage_healed":0.0,"max_hp_gain":0.0,"max_hp_loss":0.0,"gold_gain":0.0,"event_name":"Designer","player_choice":"Upgrade and Remove","floor":31.0,"gold_loss":110.0,"damage_taken":0.0,"cards_upgraded":["Accuracy"]},{"damage_healed":0.0,"max_hp_gain":0.0,"max_hp_loss":0.0,"gold_gain":0.0,"event_name":"Tomb of Lord Red Mask","player_choice":"Ignored","floor":37.0,"gold_loss":0.0,"damage_taken":0.0},{"damage_healed":0.0,"max_hp_gain":0.0,"max_hp_loss":0.0,"gold_gain":0.0,"event_name":"SensoryStone","player_choice":"Memory 3","floor":45.0,"gold_loss":0.0,"damage_taken":10.0},{"damage_healed":0.0,"max_hp_gain":0.0,"max_hp_loss":0.0,"gold_gain":0.0,"event_name":"MindBloom","player_choice":"Fight","floor":47.0,"gold_loss":0.0,"damage_taken":0.0}],"is_beta":false,"boss_relics":[{"not_picked":["Philosopher\u0027s Stone","Snecko Eye"],"picked":"Runic Pyramid"},{"not_picked":["Busted Crown","Runic Dome"],"picked":"SlaversCollar"}],"items_purged_floors":[2,2,8,10,10,15,15,19,25,27,27,32,36],"is_endless":false,"potions_floor_spawned":[1,7,13,16,24,33,35,39,44,46],"ascension_level":20}}