{"host":"qw1m3zcvi888b4j7","time":1607896373,"event":{"mods":["AchievementEnabler","BaseMod","Block Reminder","Colored Map","Colored Powertips","Consume Value Calculator","DeckTracker","Highlight Path","Minty Spire (QoL Compilation)","Quick Restart","Rare Cards Sparkle","Relic Sorter","Relic Stats"],"gold_per_floor":[118,48,48,66,83,83,60,60,60,91,91,125,141,141,141],"floor_reached":14,"playtime":507,"items_purged":[],"score":129,"play_id":"7fa93aec-2a1c-4671-9568-7f5c9bed741b","local_time":"20201213225253","is_ascension_mode":true,"campfire_choices":[{"floor":6,"key":"RECALL"},{"data":"Hologram","floor":8,"key":"SMITH"}],"circlet_count":0,"master_deck":["Strike_B","Strike_B","Strike_B","Strike_B","Defend_B","Defend_B","Defend_B","Zap","Dualcast","White Noise","Melter","Beam Cell","Double Energy","Hologram+1","Auto Shields","Meteor Strike","Genetic Algorithm","Capacitor","Barrage"],"relics":["Cracked Core","Bronze Scales","Nunchaku","Matryoshka"],"acts_visited":["Exordium"],"potions_floor_usage":[10,12],"damage_taken":[{"damage":0,"enemies":"2 Louse","floor":1,"turns":2},{"damage":1,"enemies":"Cultist","floor":4,"turns":3},{"damage":7,"enemies":"Small Slimes","floor":5,"turns":2},{"damage":0,"enemies":"Gremlin Nob","floor":10,"turns":3},{"damage":36,"enemies":"3 Sentries","floor":12,"turns":6},{"damage":10,"enemies":"Red Slaver","floor":13,"turns":2},{"damage":22,"enemies":"Gremlin Nob","floor":14,"turns":3}],"seed_played":"7166551858615911379","potions_obtained":[{"floor":1,"key":"Fire Potion"},{"floor":5,"key":"Strength Potion"}],"is_trial":false,"path_per_floor":["M","$","?","M","M","R","$","R","T","E","?","E","M","E"],"character_chosen":"DEFECT","items_purchased":["Melter","Hologram"],"campfire_rested":0,"item_purchase_floors":[2,7],"current_hp_per_floor":[75,75,75,74,67,67,67,67,67,67,67,31,21,0,0],"gold":141,"neow_bonus":"RANDOM_COMMON_RELIC","is_daily":false,"chose_seed":false,"campfire_upgraded":1,"win_rate":0.0,"timestamp":1607896373,"path_taken":["M","$","?","M","?","R","$","R","T","E","?","E","M","E"],"items_purchased_type":["Card","Card"],"build_version":"2020-11-30","purchased_purges":0,"victory":false,"max_hp_per_floor":[75,75,75,75,75,75,75,75,75,75,75,75,75,75,75],"relic_stats":{"Nunchaku":[1],"counters":[7,21],"Bronze Scales":[35],"obtain_stats":[{"Nunchaku":10,"Matryoshka":12,"Bronze Scales":0,"Cracked Core":0},{"Nunchaku":4,"Matryoshka":5,"Bronze Scales":0,"Cracked Core":0},{"Nunchaku":10,"Matryoshka":16,"Bronze Scales":0,"Cracked Core":0}]},"card_choices":[{"not_picked":["Leap","Cold Snap"],"picked":"White Noise","floor":1},{"not_picked":["Compile Driver","Gash"],"picked":"Beam Cell","floor":4},{"not_picked":["Seek","Sweeping Beam"],"picked":"Double Energy","floor":5},{"not_picked":["Gash","Ball Lightning"],"picked":"Auto Shields","floor":10},{"not_picked":["Double Energy","Steam"],"picked":"Capacitor","floor":12},{"not_picked":["Steam Power","Streamline"],"picked":"Barrage","floor":13}],"player_experience":48595,"relics_obtained":[{"floor":10,"key":"Nunchaku"},{"floor":12,"key":"Matryoshka"}],"event_choices":[{"cards_removed":["Defend_B"],"damage_healed":0,"gold_gain":0,"player_choice":"Offered Basic","damage_taken":0,"max_hp_gain":0,"max_hp_loss":0,"event_name":"Bonfire Elementals","floor":3,"gold_loss":0},{"damage_healed":0,"gold_gain":0,"player_choice":"2 cards matched","damage_taken":0,"max_hp_gain":0,"max_hp_loss":0,"event_name":"Match and Keep!","floor":11,"gold_loss":0,"cards_obtained":["Meteor Strike","Genetic Algorithm"]}],"is_beta":false,"boss_relics":[],"items_purged_floors":[],"is_endless":false,"potions_floor_spawned":[1,5],"killed_by":"Gremlin Nob","ascension_level":1}}