{"host":"557iavmgkmyrqkcw","time":1607839560,"event":{"mods":["2.2 Compatiblity","AchievementEnabler","BaseMod","Better Note","Better Sensory Stone","Better Third Choice","Downfall","Friendly Minions","HololiveMod","Marisa????????","Minty Spire (QoL Compilation)","Replay The Spire","StSLib","The Alterego","The Fake Hero","The IronCluck","The Servant 0.9.4","Waifu the Spire"],"gold_per_floor":[99,131,131,131,131,231,231,156,182,107,107,121,106,106,120,216,216,216,232,232,258,272,272,272,272,289,289,289],"floor_reached":27,"playtime":1599,"items_purged":[],"score":324,"play_id":"f4d4984b-787d-4380-ab38-1dcf5c1aff50","local_time":"20201212220600","is_ascension_mode":true,"campfire_choices":[{"floor":1,"key":"RECALL"},{"data":"hexamod:PowerFromBeyond","floor":8,"key":"SMITH"},{"data":"hexamod:Sear","floor":10,"key":"SMITH"},{"data":"hexamod:Strike","floor":18,"key":"PURGE"},{"data":"hexamod:EmpoweredFlame","floor":20,"key":"SMITH"}],"circlet_count":0,"master_deck":["hexamod:Defend","hexamod:Defend+1","hexamod:Defend","hexamod:Defend","hexamod:Sear+1","hexamod:Float+1","hexamod:Firestarter","hexamod:PowerFromBeyond+1","hexamod:FastForward+1","hexamod:BurningTouch+1","hexamod:CatchUp+1","hexamod:SwordOfDarkness","hexamod:RadiantFlame","hexamod:AdvancingGuard+1","hexamod:EmpoweredFlame+1","hexamod:HeatCrush","Exhume+1","Barricade+1","hexamod:NightmareGuise+1","hexamod:SearingWound+1","hexamod:Hexaguard+1","hexamod:PowerFromBeyond+1","hexamod:Rewind+1","Bite","Bite","Bite","Bite","Bite"],"relics":["hexamod:SpiritBrand","downfall:HeartsMalice","Sundial","Counterbalance","downfall:HeartBlessingRed","Toxic Egg 2","downfall:HeartBlessingGreen","Guardian:PocketSentry","Divine Protection","Runic Dome","White Beast Statue"],"acts_visited":["Exordium","TheCity"],"potions_floor_usage":[16,27],"damage_taken":[{"damage":0,"enemies":"Gremlin Nob","floor":2,"turns":1},{"damage":0,"enemies":"Small Slimes","floor":5,"turns":1},{"damage":0,"enemies":"3 Sentries","floor":9,"turns":1},{"damage":0,"enemies":"Jaw Worm","floor":12,"turns":3},{"damage":0,"enemies":"downfall:FleeingMerchant","floor":13,"turns":4},{"damage":0,"enemies":"Cultist","floor":15,"turns":3},{"damage":15,"enemies":"downfall:Defect","floor":16,"turns":8},{"damage":0,"enemies":"3 Byrds","floor":19,"turns":4},{"damage":7,"enemies":"Replay:Snechameleon","floor":21,"turns":6},{"damage":0,"enemies":"Chosen","floor":22,"turns":4},{"damage":1,"enemies":"Centurion and Healer","floor":26,"turns":5},{"damage":56,"enemies":"Slavers","floor":27,"turns":5}],"seed_played":"757232395157490075","potions_obtained":[{"floor":2,"key":"hexamod:EctoCoolerPotion"},{"floor":21,"key":"sneckomod:MuddlingPotion"},{"floor":26,"key":"sneckomod:MuddlingPotion"}],"is_trial":false,"path_per_floor":["R","E","?","?","M","?","T","R","E","R","?","M","$","?","M","B",null,"R","M","R","E","M","?","T","?","M","E"],"character_chosen":"THE_SPIRIT","items_purchased":[],"campfire_rested":0,"item_purchase_floors":[],"current_hp_per_floor":[70,70,70,70,70,70,70,70,70,70,70,70,70,21,21,6,70,70,70,70,63,63,63,63,49,49,0,0],"gold":289,"neow_bonus":"THREE_ENEMY_KILL","is_daily":false,"chose_seed":false,"campfire_upgraded":3,"win_rate":0.0,"timestamp":1607839560,"path_taken":["R","E","?","?","?","?","T","R","E","R","?","M","$","?","M","BOSS","R","M","R","E","M","?","T","?","M","E"],"items_purchased_type":[],"build_version":"2020-11-30","purchased_purges":0,"victory":false,"max_hp_per_floor":[70,70,70,70,70,70,70,70,70,70,70,70,70,70,70,70,70,70,70,70,70,70,70,70,49,49,49,49],"card_choices":[{"not_picked":["hexamod:UnleashSpirits","hexamod:SpectralSpark"],"picked":"hexamod:Firestarter","floor":2},{"not_picked":["hexamod:SwordOfDarkness","hexamod:AdvancingGuard"],"picked":"hexamod:PowerFromBeyond","floor":5},{"not_picked":["hexamod:ApocalypseNow+1","hexamod:InspiringFlames+1"],"picked":"hexamod:FastForward+1","floor":9},{"not_picked":["hexamod:FlamesFromBeyond+1","hexamod:SwordOfDarkness"],"picked":"hexamod:EmpoweredFlame","floor":12},{"not_picked":["hexamod:FastForward+1","hexamod:HeatShield+1"],"picked":"hexamod:HeatCrush","floor":13},{"not_picked":["hexamod:SwordOfDarkness","hexamod:ChargedBarrage+1"],"picked":"hexamod:NightmareGuise+1","floor":15},{"not_picked":["hexamod:UnlimitedPower+1","hexamod:Toasty"],"picked":"hexamod:SearingWound+1","floor":16},{"not_picked":["hexamod:AdvancingGuard+1","hexamod:BacktrackSmack"],"picked":"hexamod:Hexaguard+1","floor":19},{"not_picked":["hexamod:NightmareGuise+1","hexamod:GhostLash"],"picked":"hexamod:PowerFromBeyond+1","floor":21},{"not_picked":["hexamod:ThirdSeal","hexamod:AdvancingGuard+1"],"picked":"hexamod:Rewind+1","floor":22},{"not_picked":["hexamod:BurningTouch+1","hexamod:HauntingEcho+1","hexamod:PhantomCloak"],"picked":"SKIP","floor":26}],"player_experience":546304,"relics_obtained":[{"floor":2,"key":"Sundial"},{"floor":7,"key":"Counterbalance"},{"floor":9,"key":"Toxic Egg 2"},{"floor":21,"key":"White Beast Statue"}],"event_choices":[{"cards_removed":["Regret"],"damage_healed":0,"gold_gain":0,"player_choice":"Purged","damage_taken":0,"max_hp_gain":0,"max_hp_loss":0,"event_name":"Purifier","floor":4,"gold_loss":0},{"damage_healed":0,"gold_gain":0,"player_choice":"Became a vampire","damage_taken":0,"max_hp_gain":0,"max_hp_loss":21,"event_name":"Vampires","floor":25,"gold_loss":0,"cards_obtained":["Bite","Bite","Bite","Bite","Bite"]}],"is_beta":false,"boss_relics":[{"not_picked":["Astrolabe","Kintsugi"],"picked":"Runic Dome"}],"items_purged_floors":[],"is_endless":false,"potions_floor_spawned":[2,21,22,26],"killed_by":"Slavers","ascension_level":1}}