{"host":"w7o06k3e8uel8euj","time":1607858490,"event":{"mods":["AchievementEnabler","BaseMod","Colored Powertips","Custom Start","DeckTracker","Keyboard Shortcuts","Minty Spire (QoL Compilation)","Quick Restart","Relic Stats","StSLib","SuperFastMode","everything is the same but u backflip on backflip"],"gold_per_floor":[365,365,74,74,74,74,101,101,101,136,136,163,192,92,92,169,169,179,17,30,46,96,131,150,150,176,201,51,51,61,76,76,150,150,167,177,102,118,118,143,143,172,222,256,256,168,217,234,234,234,234,234,67,96,96],"floor_reached":56,"playtime":1715,"items_purged":["Strike_B","Strike_B","Defend_B","Strike_B","Defend_B"],"score":2445,"play_id":"ba6b302f-42d9-4bad-a192-0c5a516e2a69","local_time":"20201213202130","is_ascension_mode":true,"campfire_choices":[{"data":"Defragment","floor":6.0,"key":"SMITH"},{"data":"Zap","floor":8.0,"key":"SMITH"},{"data":"Recycle","floor":11.0,"key":"SMITH"},{"data":"Defend_B","floor":15.0,"key":"PURGE"},{"data":"Consume","floor":25.0,"key":"SMITH"},{"floor":29.0,"key":"REST"},{"floor":32.0,"key":"REST"},{"data":"Buffer","floor":41.0,"key":"SMITH"},{"floor":49.0,"key":"RECALL"},{"floor":52.0,"key":"REST"}],"circlet_count":0,"master_deck":["AscendersBane","Defend_B","Zap+1","Dualcast+1","Coolheaded+1","Defragment+1","Recycle+1","Consume+1","Cold Snap","Buffer+1","Coolheaded+1","Glacier","Finesse","Impatience","Deep Breath"],"relics":["Cracked Core","DataDisk","Runic Capacitor","MealTicket","Bag of Marbles","War Paint","Peace Pipe","Inserter","Membership Card","Centennial Puzzle","Strawberry","Letter Opener","DollysMirror","Runic Pyramid","Regal Pillow","Meat on the Bone","Orichalcum","Girya","TheAbacus","Lantern","Bag of Preparation"],"acts_visited":["Exordium","TheCity","TheBeyond","TheEnding"],"potions_floor_usage":[55],"damage_taken":[{"damage":14.0,"enemies":"Jaw Worm","floor":1.0,"turns":3.0},{"damage":20.0,"enemies":"3 Sentries","floor":7.0,"turns":9.0},{"damage":10.0,"enemies":"Lagavulin","floor":10.0,"turns":6.0},{"damage":4.0,"enemies":"Gremlin Nob","floor":13.0,"turns":3.0},{"damage":11.0,"enemies":"The Guardian","floor":16.0,"turns":9.0},{"damage":0.0,"enemies":"Spheric Guardian","floor":18.0,"turns":4.0},{"damage":16.0,"enemies":"2 Thieves","floor":20.0,"turns":3.0},{"damage":10.0,"enemies":"Centurion and Healer","floor":21.0,"turns":9.0},{"damage":20.0,"enemies":"Book of Stabbing","floor":23.0,"turns":7.0},{"damage":0.0,"enemies":"Chosen and Byrds","floor":24.0,"turns":7.0},{"damage":18.0,"enemies":"Gremlin Leader","floor":27.0,"turns":6.0},{"damage":24.0,"enemies":"Snake Plant","floor":30.0,"turns":4.0},{"damage":11.0,"enemies":"Centurion and Healer","floor":31.0,"turns":7.0},{"damage":0.0,"enemies":"Automaton","floor":33.0,"turns":9.0},{"damage":23.0,"enemies":"3 Shapes","floor":35.0,"turns":4.0},{"damage":5.0,"enemies":"Orb Walker","floor":36.0,"turns":3.0},{"damage":0.0,"enemies":"Maw","floor":38.0,"turns":6.0},{"damage":5.0,"enemies":"Giant Head","floor":40.0,"turns":7.0},{"damage":0.0,"enemies":"Nemesis","floor":42.0,"turns":13.0},{"damage":0.0,"enemies":"Giant Head","floor":44.0,"turns":8.0},{"damage":22.0,"enemies":"2 Orb Walkers","floor":47.0,"turns":4.0},{"damage":0.0,"enemies":"Spire Growth","floor":48.0,"turns":4.0},{"damage":8.0,"enemies":"Awakened One","floor":50.0,"turns":7.0},{"damage":9.0,"enemies":"Shield and Spear","floor":54.0,"turns":9.0},{"damage":22,"enemies":"The Heart","floor":55,"turns":11}],"seed_played":"473911105430665223","potions_obtained":[{"floor":10.0,"key":"GamblersBrew"},{"floor":13.0,"key":"Explosive Potion"},{"floor":18.0,"key":"PotionOfCapacity"},{"floor":20.0,"key":"FocusPotion"},{"floor":38.0,"key":"Dexterity Potion"},{"floor":48.0,"key":"LiquidBronze"}],"is_trial":false,"path_per_floor":["M","?","$","?","$","R","E","R","T","E","R","T","E","$","R","B",null,"M","$","M","M","?","E","M","R","T","E","$","R","M","M","R","B",null,"M","M","$","M","?","E","R","E","T","E","?","$","?","M","R","B",null,"R","$","E","B",null],"character_chosen":"DEFECT","items_purchased":["Defragment","DataDisk","Runic Capacitor","Membership Card","DollysMirror","TheAbacus","Lantern"],"campfire_rested":3,"item_purchase_floors":[3,3,5,19,28,53,53],"current_hp_per_floor":[50,55,55,55,55,55,35,35,35,25,25,25,21,36,36,25,58,58,69,53,43,37,17,17,17,24,6,21,43,19,8,30,30,65,42,37,52,52,52,47,47,47,47,47,37,52,42,42,42,46,69,76,76,67,45],"gold":96,"neow_bonus":"TWO_FIFTY_GOLD","is_daily":false,"chose_seed":true,"campfire_upgraded":5,"win_rate":0.0,"timestamp":1607858490,"path_taken":["M","?","$","?","$","R","E","R","T","E","R","?","E","?","R","BOSS","M","$","M","M","?","E","M","R","T","E","$","R","M","?","R","BOSS","M","M","$","M","?","E","R","E","T","E","?","$","?","M","R","BOSS","R","$","E","BOSS"],"items_purchased_type":["Card","Relic","Relic","Relic","Relic","Relic","Relic"],"build_version":"2020-11-30","purchased_purges":5,"victory":true,"max_hp_per_floor":[64,69,69,69,69,69,69,69,69,69,69,69,69,69,69,69,69,69,69,69,69,69,69,69,69,76,76,76,76,76,76,76,76,76,76,76,76,76,76,76,76,76,76,76,76,76,76,76,76,76,76,76,76,76,76],"relic_stats":{"Regal Pillow":0,"Inserter":[66],"counters":[25,162],"Bag of Preparation":[2],"Letter Opener":[1114],"War Paint":["Dualcast","Coolheaded"],"Orichalcum":[30],"Peace Pipe":3,"Centennial Puzzle":[30],"TheAbacus":[810],"MealTicket":71,"obtain_stats":[{"Girya":47,"Regal Pillow":40,"Lantern":53,"Inserter":17,"Runic Capacitor":5,"Bag of Preparation":54,"Letter Opener":27,"War Paint":12,"Orichalcum":43,"Peace Pipe":13,"DataDisk":3,"Centennial Puzzle":23,"TheAbacus":53,"DollysMirror":28,"Strawberry":26,"MealTicket":7,"Bag of Marbles":10,"Membership Card":19,"Cracked Core":0,"Runic Pyramid":34,"Meat on the Bone":42},{"Girya":21,"Regal Pillow":18,"Lantern":23,"Inserter":5,"Runic Capacitor":1,"Bag of Preparation":24,"Letter Opener":11,"War Paint":3,"Orichalcum":19,"Peace Pipe":4,"DataDisk":1,"Centennial Puzzle":9,"TheAbacus":23,"DollysMirror":11,"Strawberry":10,"MealTicket":2,"Bag of Marbles":3,"Membership Card":6,"Cracked Core":0,"Runic Pyramid":14,"Meat on the Bone":19},{"Girya":131,"Regal Pillow":106,"Lantern":142,"Inserter":30,"Runic Capacitor":3,"Bag of Preparation":151,"Letter Opener":66,"War Paint":18,"Orichalcum":119,"Peace Pipe":21,"DataDisk":3,"Centennial Puzzle":53,"TheAbacus":142,"DollysMirror":66,"Strawberry":60,"MealTicket":12,"Bag of Marbles":18,"Membership Card":34,"Cracked Core":0,"Runic Pyramid":86,"Meat on the Bone":119}],"Meat on the Bone":24},"card_choices":[{"not_picked":["Gash","Turbo"],"picked":"Coolheaded","floor":1.0},{"not_picked":["Auto Shields","White Noise","Creative AI"],"picked":"SKIP","floor":7.0},{"not_picked":["Steam","Go for the Eyes"],"picked":"Recycle","floor":10.0},{"not_picked":["Go for the Eyes","Ball Lightning","Auto Shields"],"picked":"SKIP","floor":13.0},{"not_picked":["Hello World","Stack"],"picked":"Consume","floor":18.0},{"not_picked":["Streamline","Consume","Darkness"],"picked":"SKIP","floor":20.0},{"not_picked":["Ball Lightning","Conserve Battery"],"picked":"Cold Snap","floor":21.0},{"not_picked":["Beam Cell","Rebound","Undo"],"picked":"SKIP","floor":23.0},{"not_picked":["Redo","Go for the Eyes","Loop"],"picked":"SKIP","floor":24.0},{"not_picked":["Stack","Lockon+1"],"picked":"Buffer","floor":27.0},{"not_picked":["Barrage","Redo","Steam"],"picked":"SKIP","floor":30.0},{"not_picked":["Gash","Steam","Go for the Eyes+1"],"picked":"SKIP","floor":31.0},{"not_picked":["Loop","Reprogram","Gash+1"],"picked":"SKIP","floor":35.0},{"not_picked":["Go for the Eyes","Redo+1"],"picked":"Glacier","floor":36.0},{"not_picked":["Recycle","Rebound","Go for the Eyes"],"picked":"SKIP","floor":38.0},{"not_picked":["Melter+1","Turbo","Consume"],"picked":"SKIP","floor":40.0},{"not_picked":["Genetic Algorithm","Ball Lightning","Barrage"],"picked":"SKIP","floor":42.0},{"not_picked":["Genetic Algorithm","Ball Lightning","Barrage"],"picked":"SKIP","floor":42.0},{"not_picked":["Rebound+1","Consume+1","Turbo"],"picked":"SKIP","floor":44.0},{"not_picked":["Jack Of All Trades","PanicButton"],"picked":"Finesse","floor":45.0},{"not_picked":["Metamorphosis","Mayhem"],"picked":"Impatience","floor":45.0},{"not_picked":["Dark Shackles","Panacea"],"picked":"Deep Breath","floor":45.0},{"not_picked":["Beam Cell+1","Static Discharge","Skim"],"picked":"SKIP","floor":48.0},{"not_picked":["Beam Cell+1","Hologram","Gash"],"picked":"SKIP","floor":54.0}],"player_experience":544759,"relics_obtained":[{"floor":7.0,"key":"MealTicket"},{"floor":10.0,"key":"Bag of Marbles"},{"floor":12.0,"key":"War Paint"},{"floor":13.0,"key":"Peace Pipe"},{"floor":23.0,"key":"Centennial Puzzle"},{"floor":26.0,"key":"Strawberry"},{"floor":27.0,"key":"Letter Opener"},{"floor":40.0,"key":"Regal Pillow"},{"floor":42.0,"key":"Meat on the Bone"},{"floor":43.0,"key":"Orichalcum"},{"floor":47.0,"key":"Girya"},{"floor":54.0,"key":"Bag of Preparation"}],"event_choices":[{"damage_healed":0.0,"max_hp_gain":5.0,"max_hp_loss":0.0,"gold_gain":0.0,"event_name":"Big Fish","player_choice":"Donut","floor":2.0,"gold_loss":0.0,"damage_taken":0.0},{"damage_healed":0.0,"max_hp_gain":0.0,"max_hp_loss":0.0,"gold_gain":0.0,"event_name":"The Cleric","player_choice":"Leave","floor":4.0,"gold_loss":0.0,"damage_taken":0.0},{"damage_healed":0.0,"max_hp_gain":0.0,"max_hp_loss":0.0,"gold_gain":50.0,"event_name":"FaceTrader","player_choice":"Touch","floor":22.0,"gold_loss":0.0,"damage_taken":6.0},{"cards_removed":["Strike_B"],"damage_healed":0.0,"max_hp_gain":0.0,"max_hp_loss":0.0,"gold_gain":0.0,"event_name":"Falling","player_choice":"Removed Attack","floor":39.0,"gold_loss":0.0,"damage_taken":0.0},{"damage_healed":0.0,"max_hp_gain":0.0,"max_hp_loss":0.0,"gold_gain":0.0,"event_name":"SensoryStone","player_choice":"Memory 3","floor":45.0,"gold_loss":0.0,"damage_taken":10.0},{"damage_healed":0.0,"max_hp_gain":0.0,"max_hp_loss":0.0,"gold_gain":0.0,"event_name":"Mysterious Sphere","player_choice":"Fight","floor":47.0,"gold_loss":0.0,"damage_taken":0.0}],"is_beta":false,"boss_relics":[{"not_picked":["Velvet Choker","Calling Bell"],"picked":"Inserter"},{"not_picked":["Runic Dome","Nuclear Battery"],"picked":"Runic Pyramid"}],"items_purged_floors":[3,14,28,37,46],"is_endless":false,"potions_floor_spawned":[10,13,18,20,23,24,38,42,48],"ascension_level":19}}