{"host":"9tzam4717zt8ei1o","time":1607849181,"event":{"mods":["BaseMod","Colored Map","Keyboard Shortcuts","Minty Spire (QoL Compilation)","Quick Restart","StSLib","SuperFastMode"],"gold_per_floor":[115,115,26,36,47,64,64,98,98,98,98,98,98],"floor_reached":12,"playtime":110,"items_purged":[],"score":117,"play_id":"1a25f361-3438-466f-aaea-9e084cc1b79f","local_time":"20201213174621","is_ascension_mode":true,"campfire_choices":[{"data":"Deadly Poison","floor":7,"key":"SMITH"},{"data":"Poisoned Stab","floor":11,"key":"SMITH"}],"circlet_count":0,"master_deck":["AscendersBane","Strike_G","Strike_G","Strike_G","Strike_G","Defend_G","Defend_G","Defend_G","Defend_G","Defend_G","Survivor","Neutralize","Deadly Poison+1","Burst","Poisoned Stab+1"],"relics":["Ring of the Snake","NeowsBlessing","Regal Pillow","Meat on the Bone","Pantograph","The Courier"],"acts_visited":["Exordium"],"potions_floor_usage":[],"damage_taken":[{"damage":0,"enemies":"Jaw Worm","floor":1,"turns":1},{"damage":0,"enemies":"2 Louse","floor":4,"turns":1},{"damage":0,"enemies":"Cultist","floor":5,"turns":1},{"damage":9,"enemies":"Looter","floor":6,"turns":4},{"damage":23,"enemies":"Lagavulin","floor":8,"turns":8},{"damage":46,"enemies":"Gremlin Nob","floor":12,"turns":4}],"seed_played":"-2645103953440172808","potions_obtained":[{"floor":5,"key":"SteroidPotion"}],"is_trial":false,"path_per_floor":["M","?","?","M","M","M","R","E","T","?","R","E"],"character_chosen":"THE_SILENT","items_purchased":[],"campfire_rested":0,"item_purchase_floors":[],"current_hp_per_floor":[63,60,60,60,60,51,51,40,40,33,33,0,0],"gold":98,"neow_bonus":"THREE_ENEMY_KILL","is_daily":false,"chose_seed":false,"campfire_upgraded":2,"win_rate":0.0,"timestamp":1607849181,"path_taken":["M","?","?","?","M","M","R","E","T","?","R","E"],"items_purchased_type":[],"build_version":"2020-11-30","purchased_purges":0,"victory":false,"max_hp_per_floor":[70,70,70,70,70,70,70,70,70,70,70,70,70],"card_choices":[{"not_picked":["Blur","Terror"],"picked":"Deadly Poison","floor":1},{"not_picked":["Underhanded Strike","Prepared","Blade Dance"],"picked":"SKIP","floor":4},{"not_picked":["Quick Slash","Slice","Underhanded Strike"],"picked":"SKIP","floor":5},{"not_picked":["Acrobatics","Distraction"],"picked":"Burst","floor":6},{"not_picked":["Storm of Steel","Quick Slash"],"picked":"Poisoned Stab","floor":8}],"player_experience":66875,"relics_obtained":[{"floor":8,"key":"Pantograph"},{"floor":9,"key":"The Courier"}],"event_choices":[{"damage_healed":0,"gold_gain":0,"player_choice":"Success","damage_taken":3,"relics_obtained":["Regal Pillow"],"max_hp_gain":0,"max_hp_loss":0,"event_name":"Scrap Ooze","floor":2,"gold_loss":0},{"damage_healed":0,"gold_gain":0,"player_choice":"Paid Gold","damage_taken":0,"relics_obtained":["Meat on the Bone"],"max_hp_gain":0,"max_hp_loss":0,"event_name":"WeMeetAgain","floor":3,"gold_loss":89},{"cards_removed":["Strike_G"],"damage_healed":0,"gold_gain":0,"player_choice":"Card Removal","damage_taken":7,"max_hp_gain":0,"max_hp_loss":0,"event_name":"Golden Wing","floor":10,"gold_loss":0}],"is_beta":false,"boss_relics":[],"items_purged_floors":[],"is_endless":false,"potions_floor_spawned":[5],"killed_by":"Gremlin Nob","ascension_level":10}}