{"host":"ugc3gpwm4f221mi7","time":1607899643,"event":{"mods":["BaseMod","Minty Spire (QoL Compilation)"],"gold_per_floor":[112,124,124,74,87,87,106,71,123,143,143,172,347,366,366,366,366],"floor_reached":16,"playtime":945,"items_purged":["Defend_P"],"score":102,"play_id":"b44ed589-d7c1-4b3e-9f47-740818d1cad5","local_time":"20201213224723","is_ascension_mode":false,"campfire_choices":[{"floor":6,"key":"REST"},{"floor":15,"key":"REST"}],"circlet_count":0,"master_deck":["Strike_P","Strike_P","Strike_P","Strike_P","Defend_P","Defend_P","Eruption","Vigilance","Protect","SashWhip","PathToVictory","Sanctity","Crescendo","Regret","Vault","Doubt","CutThroughFate"],"relics":["PureWater","Smiling Mask","Tiny Chest","The Courier","Juzu Bracelet"],"acts_visited":["Exordium"],"potions_floor_usage":[14,14,16],"damage_taken":[{"damage":0,"enemies":"2 Louse","floor":1,"turns":1},{"damage":0,"enemies":"Small Slimes","floor":2,"turns":4},{"damage":0,"enemies":"Jaw Worm","floor":5,"turns":3},{"damage":0,"enemies":"3 Louse","floor":7,"turns":4},{"damage":0,"enemies":"Large Slime","floor":10,"turns":3},{"damage":51,"enemies":"Gremlin Nob","floor":12,"turns":4},{"damage":0,"enemies":"Lots of Slimes","floor":14,"turns":1},{"damage":41,"enemies":"Slime Boss","floor":16,"turns":6}],"seed_played":"-3278461401102093987","potions_obtained":[{"floor":5,"key":"Dexterity Potion"},{"floor":7,"key":"Energy Potion"},{"floor":12,"key":"Explosive Potion"},{"floor":14,"key":"BlessingOfTheForge"}],"is_trial":false,"path_per_floor":["M","M","?","$","M","R","M","?","T","M","?","E","?","M","R","B"],"character_chosen":"WATCHER","items_purchased":[],"campfire_rested":2,"item_purchase_floors":[],"current_hp_per_floor":[72,72,20,20,20,41,41,59,59,59,59,8,8,8,29,0,0],"gold":366,"neow_bonus":"REMOVE_CARD","is_daily":false,"chose_seed":false,"campfire_upgraded":0,"win_rate":0.0,"timestamp":1607899643,"path_taken":["M","M","?","$","M","R","M","?","T","M","?","E","?","M","R","BOSS"],"items_purchased_type":[],"build_version":"2020-11-30","purchased_purges":1,"victory":false,"max_hp_per_floor":[72,72,72,72,72,72,72,72,72,72,72,72,72,72,72,72,72],"card_choices":[{"not_picked":["ThirdEye","SashWhip"],"picked":"Protect","floor":1},{"not_picked":["ThirdEye","BowlingBash"],"picked":"SashWhip","floor":2},{"not_picked":["InnerPeace","CrushJoints"],"picked":"PathToVictory","floor":5},{"not_picked":["Protect","BowlingBash"],"picked":"Sanctity","floor":7},{"not_picked":["Tantrum","Halt"],"picked":"Crescendo","floor":10},{"not_picked":["WindmillStrike","Fasting2"],"picked":"Vault","floor":12},{"not_picked":["Evaluate","FlyingSleeves"],"picked":"CutThroughFate","floor":14}],"player_experience":166283,"relics_obtained":[{"floor":9,"key":"Tiny Chest"},{"floor":12,"key":"Juzu Bracelet"}],"event_choices":[{"damage_healed":0,"gold_gain":0,"player_choice":"Success","damage_taken":52,"relics_obtained":["Smiling Mask"],"max_hp_gain":0,"max_hp_loss":0,"event_name":"Scrap Ooze","floor":3,"gold_loss":0},{"damage_healed":18,"gold_gain":0,"player_choice":"Healed","damage_taken":0,"max_hp_gain":0,"max_hp_loss":0,"event_name":"The Cleric","floor":8,"gold_loss":35},{"damage_healed":0,"gold_gain":0,"player_choice":"Box","damage_taken":0,"relics_obtained":["The Courier"],"max_hp_gain":0,"max_hp_loss":0,"event_name":"Big Fish","floor":11,"gold_loss":0,"cards_obtained":["Regret"]},{"damage_healed":0,"gold_gain":175,"player_choice":"AGREE","damage_taken":0,"max_hp_gain":0,"max_hp_loss":0,"event_name":"Liars Game","floor":13,"gold_loss":0,"cards_obtained":["Doubt"]}],"is_beta":false,"boss_relics":[],"items_purged_floors":[4],"is_endless":false,"potions_floor_spawned":[5,7,12,14],"killed_by":"Slime Boss","ascension_level":0}}