{"host":"9d9dhukr2jywmy0f","time":1607878845,"event":{"mods":["2.2 Compatiblity","Alarm Clock","BaseMod","Bestiary","Block Reminder","Colored Map","Colored Powertips","Curses Come First","DeckTracker","Displayed Cursed Tome","Highlight Path","Key Reminder","Keyboard Shortcuts","Minty Spire (QoL Compilation)","MonsterHotkey","Potion Indicator Mod","Quick Restart","RNG Fix","Rare Cards Sparkle","Relic Sorter","Relic Stats","Spire Birthday Party","StSLib","Synergy Search","The Cursed","Unceasing Turn Reminder","Unknown Chances"],"gold_per_floor":[114,126,51,68,82,107,107,127,203,203,219,219,55,65,65,166,166,184,196,196,246,19,47,47,82,129,163,182,196,206,222,222,322,322,334,353,353,263,283,283,314,314,337,362,362,392,392,411,411,411,411,411,27,53,53],"floor_reached":56,"playtime":4003,"items_purged":["TheCursedMod:Strike_TheCursed","TheCursedMod:Strike_TheCursed","TheCursedMod:CursedStaff"],"score":1569,"play_id":"731a852d-0ae0-4348-94f1-1947a2dbba15","local_time":"20201214010045","is_ascension_mode":true,"campfire_choices":[{"data":"TheCursedMod:LuckyCharm","floor":7.0,"key":"SMITH"},{"data":"TheCursedMod:CleanUpWorkshop","floor":10.0,"key":"SMITH"},{"data":"TheCursedMod:VoidForm","floor":15.0,"key":"SMITH"},{"data":"TheCursedMod:NeowsMight","floor":24.0,"key":"SMITH"},{"data":"TheCursedMod:CircleOfAbyss","floor":32.0,"key":"SMITH"},{"data":"TheCursedMod:SpitefulPlan","floor":40.0,"key":"SMITH"},{"data":"TheCursedMod:LuckyCharm","floor":42.0,"key":"SMITH"},{"data":"TheCursedMod:TacticalStrike","floor":45.0,"key":"SMITH"},{"floor":49.0,"key":"RECALL"},{"data":"TheCursedMod:EmpowerCircles","floor":52.0,"key":"SMITH"}],"circlet_count":0,"master_deck":["TheCursedMod:Strike_TheCursed","TheCursedMod:Defend_TheCursed","TheCursedMod:Defend_TheCursed","TheCursedMod:Defend_TheCursed","TheCursedMod:CursedWand","TheCursedMod:CleanUpWorkshop+1","TheCursedMod:Dregs","TheCursedMod:TacticalStrike+1","TheCursedMod:LuckyCharm+1","TheCursedMod:Grudge","TheCursedMod:EmpowerCircles+1","TheCursedMod:Wield","TheCursedMod:VoidForm+1","TheCursedMod:NeowsMight+1","TheCursedMod:CircleOfAbyss+1","TheCursedMod:SmokeScreen","TheCursedMod:CursedAmulet+1","TheCursedMod:Obscuration+1","TheCursedMod:CursedBlade","TheCursedMod:LuckyCharm+1","TheCursedMod:HellsGateOpen","TheCursedMod:SpitefulPlan+1","TheCursedMod:CursedAmulet+1","TheCursedMod:Grudge"],"relics":["TheCursedMod:BlackMagic101","Blood Vial","Anchor","SacredBark","Membership Card","Happy Flower","Toy Ornithopter","Smiling Mask","Nunchaku","TheCursedMod:CrystalBall","Philosopher\u0027s Stone","Bag of Preparation","Art of War","Gremlin Horn","Orichalcum","FossilizedHelix","HornCleat","Boot"],"acts_visited":["Exordium","TheCity","TheBeyond","TheEnding"],"potions_floor_usage":[54,55,55],"damage_taken":[{"damage":4.0,"enemies":"Jaw Worm","floor":1.0,"turns":3.0},{"damage":0.0,"enemies":"2 Louse","floor":2.0,"turns":3.0},{"damage":0.0,"enemies":"Cultist","floor":4.0,"turns":3.0},{"damage":0.0,"enemies":"Red Slaver","floor":5.0,"turns":5.0},{"damage":31.0,"enemies":"Lagavulin","floor":6.0,"turns":8.0},{"damage":3.0,"enemies":"Blue Slaver","floor":8.0,"turns":6.0},{"damage":0.0,"enemies":"Looter","floor":11.0,"turns":3.0},{"damage":0.0,"enemies":"3 Louse","floor":14.0,"turns":2.0},{"damage":34.0,"enemies":"Slime Boss","floor":16.0,"turns":9.0},{"damage":2.0,"enemies":"Chosen","floor":18.0,"turns":4.0},{"damage":0.0,"enemies":"Spheric Guardian","floor":19.0,"turns":3.0},{"damage":0.0,"enemies":"Book of Stabbing","floor":23.0,"turns":4.0},{"damage":17.0,"enemies":"Slavers","floor":25.0,"turns":5.0},{"damage":38.0,"enemies":"Gremlin Leader","floor":27.0,"turns":7.0},{"damage":13.0,"enemies":"Centurion and Healer","floor":28.0,"turns":7.0},{"damage":11.0,"enemies":"Sentry and Sphere","floor":29.0,"turns":4.0},{"damage":14.0,"enemies":"Snecko","floor":30.0,"turns":5.0},{"damage":1.0,"enemies":"Chosen and Byrds","floor":31.0,"turns":6.0},{"damage":31.0,"enemies":"Champ","floor":33.0,"turns":11.0},{"damage":4.0,"enemies":"3 Shapes","floor":35.0,"turns":7.0},{"damage":0.0,"enemies":"Orb Walker","floor":36.0,"turns":5.0},{"damage":0.0,"enemies":"Writhing Mass","floor":39.0,"turns":5.0},{"damage":0.0,"enemies":"Nemesis","floor":41.0,"turns":5.0},{"damage":5.0,"enemies":"Giant Head","floor":44.0,"turns":7.0},{"damage":0.0,"enemies":"Reptomancer","floor":46.0,"turns":8.0},{"damage":0.0,"enemies":"Jaw Worm Horde","floor":48.0,"turns":4.0},{"damage":4.0,"enemies":"Donu and Deca","floor":50.0,"turns":6.0},{"damage":1,"enemies":"Shield and Spear","floor":54,"turns":7},{"damage":19,"enemies":"The Heart","floor":55,"turns":7}],"seed_played":"-4703466340688638761","potions_obtained":[{"floor":1.0,"key":"Strength Potion"},{"floor":4.0,"key":"Regen Potion"},{"floor":5.0,"key":"LiquidMemories"},{"floor":11.0,"key":"SneckoOil"},{"floor":16.0,"key":"SteroidPotion"},{"floor":23.0,"key":"DuplicationPotion"},{"floor":27.0,"key":"SkillPotion"},{"floor":28.0,"key":"GamblersBrew"},{"floor":29.0,"key":"SpeedPotion"},{"floor":44.0,"key":"Block Potion"},{"floor":54,"key":"EssenceOfSteel"}],"is_trial":false,"path_per_floor":["M","M","$","M","M","E","R","M","T","R","M","?","$","M","R","B",null,"M","M","?","?","$","E","R","E","T","E","M","M","M","M","R","B",null,"M","M","?","$","M","R","E","R","T","E","R","E","?","M","R","B",null,"R","$","E","B",null],"character_chosen":"THE_CURSED","items_purchased":["TheCursedMod:VoidForm","Membership Card","Happy Flower","TheCursedMod:HellsGateOpen","FossilizedHelix","HornCleat","Swift Potion","DistilledChaos"],"campfire_rested":0,"item_purchase_floors":[13,22,22,38,53,53,53,53],"current_hp_per_floor":[71,73,73,75,75,44,44,43,43,43,45,45,45,47,47,15,75,73,75,75,75,75,75,75,58,58,27,66,62,50,51,51,22,75,71,73,73,73,75,75,75,75,75,70,70,75,75,75,75,71,75,75,75,74,56],"gold":53,"neow_bonus":"RANDOM_COMMON_RELIC","is_daily":false,"chose_seed":false,"campfire_upgraded":9,"win_rate":0.0,"timestamp":1607878845,"path_taken":["M","M","$","M","M","E","R","M","T","R","M","?","$","M","R","BOSS","M","M","?","?","$","E","R","E","T","E","M","M","M","M","R","BOSS","M","M","?","$","M","R","E","R","T","E","R","E","?","M","R","BOSS","R","$","E","BOSS"],"items_purchased_type":["Card","Relic","Relic","Card","Relic","Relic","Potion","Potion"],"build_version":"2020-11-30","purchased_purges":3,"victory":true,"max_hp_per_floor":[75,75,75,75,75,75,75,75,75,75,75,75,75,75,75,75,75,75,75,75,75,75,75,75,75,75,75,75,75,75,75,75,75,75,75,75,75,75,75,75,75,75,75,75,75,75,75,75,75,75,75,75,75,75,75],"relic_stats":{"Blood Vial":33,"Nunchaku":[18],"Happy Flower":[36],"Gremlin Horn":[9,8],"counters":[29,159],"Bag of Preparation":[12],"Art of War":[2],"Orichalcum":[0],"Smiling Mask":13,"Boot":[0],"obtain_stats":[{"TheCursedMod:BlackMagic101":0,"Happy Flower":22,"Gremlin Horn":44,"SacredBark":17,"Bag of Preparation":41,"Orichalcum":46,"Smiling Mask":25,"Boot":54,"Blood Vial":0,"keyreminder:keyreminder":6,"Anchor":6,"Nunchaku":26,"HornCleat":53,"TheCursedMod:CrystalBall":27,"Philosopher\u0027s Stone":34,"Art of War":43,"Membership Card":22,"Toy Ornithopter":23,"FossilizedHelix":53},{"TheCursedMod:BlackMagic101":0,"Happy Flower":11,"Gremlin Horn":24,"SacredBark":9,"Bag of Preparation":23,"Orichalcum":25,"Smiling Mask":13,"Boot":28,"Blood Vial":0,"keyreminder:keyreminder":5,"Anchor":5,"Nunchaku":13,"HornCleat":27,"TheCursedMod:CrystalBall":14,"Philosopher\u0027s Stone":19,"Art of War":23,"Membership Card":11,"Toy Ornithopter":12,"FossilizedHelix":27},{"TheCursedMod:BlackMagic101":0,"Happy Flower":49,"Gremlin Horn":127,"SacredBark":42,"Bag of Preparation":120,"Orichalcum":135,"Smiling Mask":58,"Boot":152,"Blood Vial":0,"keyreminder:keyreminder":22,"Anchor":22,"Nunchaku":58,"HornCleat":145,"TheCursedMod:CrystalBall":65,"Philosopher\u0027s Stone":98,"Art of War":120,"Membership Card":49,"Toy Ornithopter":53,"FossilizedHelix":145}],"Toy Ornithopter":18},"card_choices":[{"not_picked":["TheCursedMod:SpitefulPray","TheCursedMod:BlessingInDisguise","TheCursedMod:CursedMace"],"picked":"SKIP","floor":1.0},{"not_picked":["TheCursedMod:CursedBlade","TheCursedMod:Stigma"],"picked":"TheCursedMod:TacticalStrike","floor":2.0},{"not_picked":["TheCursedMod:CursedBlade","TheCursedMod:Torture"],"picked":"TheCursedMod:CursedStaff","floor":4.0},{"not_picked":["TheCursedMod:CursedMace","TheCursedMod:Obscuration"],"picked":"TheCursedMod:LuckyCharm","floor":5.0},{"not_picked":["TheCursedMod:FuryStrike","TheCursedMod:CircleOfFocus"],"picked":"TheCursedMod:Grudge","floor":6.0},{"not_picked":["TheCursedMod:AbyssShockwave","TheCursedMod:CircleOfBlood"],"picked":"TheCursedMod:EmpowerCircles","floor":8.0},{"not_picked":["TheCursedMod:HellfireBreathing","TheCursedMod:Stigma"],"picked":"TheCursedMod:Wield","floor":11.0},{"not_picked":["TheCursedMod:TroublousMinions","TheCursedMod:CursedBlade","TheCursedMod:TacticalStrike"],"picked":"SKIP","floor":14.0},{"not_picked":["TheCursedMod:Neurasthenia","TheCursedMod:StunningStrike"],"picked":"TheCursedMod:NeowsMight","floor":16.0},{"not_picked":["TheCursedMod:WearCloak","TheCursedMod:CursedBoomerang","TheCursedMod:Hemoplague"],"picked":"SKIP","floor":18.0},{"not_picked":["TheCursedMod:CursedShiv","TheCursedMod:VitalStrike","TheCursedMod:CircleOfWindfury"],"picked":"SKIP","floor":19.0},{"not_picked":["TheCursedMod:RavingStaff+1","TheCursedMod:SmokeScreen","TheCursedMod:CursedRelics"],"picked":"SKIP","floor":23.0},{"not_picked":["TheCursedMod:PrepareRite","TheCursedMod:CursedMace"],"picked":"TheCursedMod:CircleOfAbyss","floor":25.0},{"not_picked":["TheCursedMod:CursedStaff","TheCursedMod:SurpriseAttack"],"picked":"TheCursedMod:SmokeScreen","floor":27.0},{"not_picked":["TheCursedMod:CircleOfAmplification","TheCursedMod:CircleOfBlood+1"],"picked":"TheCursedMod:CursedAmulet+1","floor":28.0},{"not_picked":["TheCursedMod:Stretching","TheCursedMod:DoubleShield+1","TheCursedMod:Mangle"],"picked":"SKIP","floor":29.0},{"not_picked":["TheCursedMod:WearCloak","TheCursedMod:ParallelWorld","TheCursedMod:SpitefulStrike"],"picked":"SKIP","floor":30.0},{"not_picked":["TheCursedMod:SoulReap+1","TheCursedMod:CursedMace"],"picked":"TheCursedMod:Obscuration+1","floor":31.0},{"not_picked":["TheCursedMod:CircleOfBlood","TheCursedMod:SmokeScreen"],"picked":"TheCursedMod:CursedBlade","floor":35.0},{"not_picked":["TheCursedMod:FleshFromBone","TheCursedMod:WearCloak+1"],"picked":"TheCursedMod:LuckyCharm","floor":36.0},{"not_picked":["TheCursedMod:AbyssShockwave+1","TheCursedMod:CursedAmulet+1"],"picked":"TheCursedMod:SpitefulPlan","floor":39.0},{"not_picked":["TheCursedMod:Torture+1","TheCursedMod:Obscuration"],"picked":"TheCursedMod:CursedAmulet+1","floor":41.0},{"not_picked":["TheCursedMod:Hemoplague","TheCursedMod:CursedShiv+1","TheCursedMod:Stretching+1"],"picked":"SKIP","floor":44.0},{"not_picked":["TheCursedMod:SpitefulPray+1","TheCursedMod:VoidForm","TheCursedMod:Stigma"],"picked":"SKIP","floor":46.0},{"not_picked":["TheCursedMod:SurpriseAttack+1","TheCursedMod:RavingStaff+1"],"picked":"TheCursedMod:Grudge","floor":48.0},{"not_picked":["TheCursedMod:Hemoplague+1","TheCursedMod:CursedAmulet","TheCursedMod:DoubleShield"],"picked":"SKIP","floor":54}],"player_experience":695306,"relics_obtained":[{"floor":6.0,"key":"Anchor"},{"floor":23.0,"key":"Toy Ornithopter"},{"floor":25.0,"key":"Smiling Mask"},{"floor":26.0,"key":"Nunchaku"},{"floor":27.0,"key":"TheCursedMod:CrystalBall"},{"floor":41.0,"key":"Bag of Preparation"},{"floor":43.0,"key":"Art of War"},{"floor":44.0,"key":"Gremlin Horn"},{"floor":46.0,"key":"Orichalcum"},{"floor":54,"key":"Boot"}],"event_choices":[{"cards_removed":["TheCursedMod:Strike_TheCursed"],"damage_healed":0.0,"max_hp_gain":0.0,"max_hp_loss":0.0,"gold_gain":0.0,"event_name":"Bonfire Elementals","player_choice":"Offered Basic","floor":12.0,"gold_loss":0.0,"damage_taken":0.0},{"damage_healed":0.0,"max_hp_gain":0.0,"max_hp_loss":0.0,"gold_gain":0.0,"event_name":"Vampires","player_choice":"Ignored","floor":20.0,"gold_loss":0.0,"damage_taken":0.0},{"damage_healed":0.0,"max_hp_gain":0.0,"max_hp_loss":0.0,"gold_gain":100.0,"event_name":"The Joust","player_choice":"Bet on Murderer","floor":21.0,"gold_loss":50.0,"damage_taken":0.0},{"damage_healed":0.0,"max_hp_gain":0.0,"max_hp_loss":0.0,"gold_gain":0.0,"event_name":"SecretPortal","player_choice":"Ignored","floor":37.0,"gold_loss":0.0,"damage_taken":0.0},{"cards_removed":["TheCursedMod:Defend_TheCursed"],"damage_healed":0.0,"max_hp_gain":0.0,"max_hp_loss":0.0,"gold_gain":0.0,"event_name":"Purifier","player_choice":"Purged","floor":47.0,"gold_loss":0.0,"damage_taken":0.0}],"is_beta":false,"boss_relics":[{"not_picked":["Astrolabe","Sozu"],"picked":"SacredBark"},{"not_picked":["Snecko Eye","Tiny House"],"picked":"Philosopher\u0027s Stone"}],"items_purged_floors":[3,38,53],"is_endless":false,"potions_floor_spawned":[1,4,5,11,16,23,25,27,28,29,41,44,54],"ascension_level":4}}