{"host":"migkglet3gdlgm9g","time":1607883778,"event":{"mods":["BaseMod","Colored Map","Highlight Path","Minty Spire (QoL Compilation)","Quick Restart","StSLib","SuperFastMode"],"gold_per_floor":[113,263,263,281,17,17,342,342,342,367,367,377,40,40,40,129,129,152,167,192,192,192],"floor_reached":21,"playtime":808,"items_purged":["Strike_G","Strike_G"],"score":374,"play_id":"a6edd4ff-a9da-45d3-9a0f-a0241fcbd46b","local_time":"20201213192258","is_ascension_mode":true,"campfire_choices":[{"data":"Noxious Fumes","floor":6,"key":"SMITH"},{"data":"Skewer","floor":8,"key":"SMITH"},{"floor":11,"key":"REST"},{"data":"Apotheosis","floor":15,"key":"SMITH"}],"circlet_count":0,"master_deck":["AscendersBane","Strike_G","Strike_G","Strike_G","Defend_G","Defend_G","Defend_G","Defend_G","Defend_G","Survivor","Neutralize","Underhanded Strike","Skewer+1","Noxious Fumes+1","Flying Knee","Dash","Predator","Apotheosis+1","Dagger Spray","Burst","Flying Knee","PiercingWail"],"relics":["Ring of the Snake","Old Coin","InkBottle","Art of War","Golden Idol","Runic Pyramid"],"acts_visited":["Exordium","TheCity"],"potions_floor_usage":[4,7,10,20,20,21],"damage_taken":[{"damage":2,"enemies":"2 Louse","floor":1,"turns":3},{"damage":8,"enemies":"Jaw Worm","floor":4,"turns":3},{"damage":12,"enemies":"Lagavulin","floor":7,"turns":7},{"damage":24,"enemies":"Gremlin Nob","floor":10,"turns":4},{"damage":3,"enemies":"Small Slimes","floor":12,"turns":4},{"damage":16,"enemies":"Hexaghost","floor":16,"turns":10},{"damage":1,"enemies":"Spheric Guardian","floor":18,"turns":8},{"damage":23,"enemies":"Shell Parasite","floor":19,"turns":6},{"damage":27,"enemies":"Shelled Parasite and Fungi","floor":20,"turns":5},{"damage":18,"enemies":"Masked Bandits","floor":21,"turns":2}],"seed_played":"-304898372276800541","potions_obtained":[{"floor":0,"key":"LiquidMemories"},{"floor":0,"key":"FairyPotion"},{"floor":7,"key":"Weak Potion"},{"floor":12,"key":"SpeedPotion"},{"floor":18,"key":"EntropicBrew"}],"is_trial":false,"path_per_floor":["M","?","?","M","$","R","E","R","T","E","R","M","$","?","R","B",null,"M","M","M","?"],"character_chosen":"THE_SILENT","items_purchased":["Noxious Fumes","GhostInAJar","Apotheosis","Dagger Spray"],"campfire_rested":1,"item_purchase_floors":[5,5,13,13],"current_hp_per_floor":[57,57,57,49,49,49,37,37,37,13,32,29,29,29,29,13,48,47,24,18,0,0],"gold":192,"neow_bonus":"THREE_SMALL_POTIONS","is_daily":false,"chose_seed":false,"campfire_upgraded":3,"win_rate":0.0,"timestamp":1607883778,"path_taken":["M","?","?","M","$","R","E","R","T","E","R","M","?","?","R","BOSS","M","M","M","?"],"items_purchased_type":["Card","Potion","Card","Card"],"build_version":"2020-11-30","purchased_purges":2,"victory":false,"max_hp_per_floor":[66,66,66,66,66,66,66,66,66,66,66,66,66,60,60,60,60,60,60,60,60,60],"card_choices":[{"not_picked":["Underhanded Strike","Acrobatics","Flechettes"],"picked":"SKIP","floor":1},{"not_picked":["Acrobatics","Flechettes"],"picked":"Underhanded Strike","floor":1},{"not_picked":["Well Laid Plans","Doppelganger"],"picked":"Skewer","floor":4},{"not_picked":["Noxious Fumes","Outmaneuver"],"picked":"Flying Knee","floor":7},{"not_picked":["Flying Knee","Calculated Gamble"],"picked":"Dash","floor":10},{"not_picked":["Riddle With Holes","Heel Hook"],"picked":"Predator","floor":12},{"not_picked":["Night Terror","Storm of Steel"],"picked":"Burst","floor":16},{"not_picked":["Cloak And Dagger","PiercingWail"],"picked":"Flying Knee","floor":18},{"not_picked":["Infinite Blades+1","Dash"],"picked":"PiercingWail","floor":19},{"not_picked":["Dodge and Roll","Underhanded Strike","Sucker Punch"],"picked":"SKIP","floor":20}],"player_experience":2053797,"relics_obtained":[{"floor":7,"key":"Old Coin"},{"floor":9,"key":"InkBottle"},{"floor":10,"key":"Art of War"}],"event_choices":[{"damage_healed":0,"gold_gain":150,"player_choice":"AGREE","damage_taken":0,"max_hp_gain":0,"max_hp_loss":0,"event_name":"Liars Game","floor":2,"gold_loss":0,"cards_obtained":["Doubt"]},{"cards_removed":["Doubt"],"damage_healed":0,"gold_gain":0,"player_choice":"Forget","damage_taken":0,"max_hp_gain":0,"max_hp_loss":0,"event_name":"Living Wall","floor":3,"gold_loss":0},{"damage_healed":0,"gold_gain":0,"player_choice":"Lose Max HP","damage_taken":0,"relics_obtained":["Golden Idol"],"max_hp_gain":0,"max_hp_loss":6,"event_name":"Golden Idol","floor":14,"gold_loss":0},{"damage_healed":0,"gold_gain":0,"player_choice":"Fought Bandits","damage_taken":0,"max_hp_gain":0,"max_hp_loss":0,"event_name":"Masked Bandits","floor":21,"gold_loss":0}],"is_beta":false,"boss_relics":[{"not_picked":["SacredBark","Snecko Eye"],"picked":"Runic Pyramid"}],"items_purged_floors":[5,13],"is_endless":false,"potions_floor_spawned":[7,12,18],"killed_by":"Masked Bandits","ascension_level":20}}