{"host":"zi8o4akxlgxypwgb","time":1607888207,"event":{"mods":["BaseMod","Minty Spire (QoL Compilation)","Replay The Spire","StSLib","SuperFastMode"],"gold_per_floor":[210,210,229,240,190,190,203,203,203,0,16,16,16,29,29,125,125,139,10,21,21,21,50,65,85,85,105,139,139,153,163,163,260,260,270,72,84,101,113,130,164,164,164,251,266,294,294,0,0,0,0],"floor_reached":50,"playtime":2635,"items_purged":[],"score":663,"play_id":"62074b04-71c2-4027-ab01-e5d964c47af0","local_time":"20201214033647","is_ascension_mode":false,"campfire_choices":[{"data":"Eruption","floor":6.0,"key":"SMITH"},{"data":"Crescendo","floor":8.0,"key":"SMITH"},{"data":"ReachHeaven","floor":13.0,"key":"SMITH"},{"data":"Dagger Throw","floor":15.0,"key":"SMITH"},{"data":"Wallop","floor":29.0,"key":"SMITH"},{"data":"Hidden Blade","floor":32.0,"key":"SMITH"},{"data":"Madness","floor":47,"key":"SMITH"}],"circlet_count":0,"master_deck":["Strike_P","Strike_P","Strike_P+1","Strike_P","Defend_P","Defend_P","Eruption+1","Vigilance","ReachHeaven+1","Nirvana","Evaluate","Crescendo+1","CutThroughFate+1","Hemogenesis+1","Dagger Throw+1","Die Die Die+1","CurseOfTheBell","Hemokinesis","Injury","Secret Weapon+1","SashWhip+1","Evaluate+1","Expertise+1","Shame","Wallop+1","Infinite Blades","ThirdEye+1","Hemokinesis","Undo+1","Go for the Eyes","Streamline+1","Skim+1","Hidden Blade+1","Machine Learning+1","Run Through+1","Armaments+1","LessonLearned+1","BattleHymn+1","FollowUp+1","Madness+1","Replay:Cycle+1","Armaments+1","Replay:BluntJabs+1","Venomology+1","Beam Cell+1","Survey Options+1","WheelKick+1","FollowUp+1","Replay:Undeath\u0027s Touch","Distraction+1","Leap+1","ReplayTheSpireMod:Repulse+1","Prostrate"],"relics":["PureWater","White Beast Statue","Golden Egg","PrismaticShard","Calling Bell","Art of War","ReplayTheSpireMod:Shallot","Durian","ReplayTheSpireMod:CursedCoin","Omamori","Lantern","CloakClasp","Prayer Wheel","Snecko Heart","Blood Vial","Ring of Fury","Eternal Feather","Whetstone","Darkstone Periapt","Red Mask"],"acts_visited":["Exordium","TheCity","TheBeyond"],"potions_floor_usage":[46,46,50,50,50,50],"damage_taken":[{"damage":0.0,"enemies":"2 Louse","floor":1.0,"turns":4.0},{"damage":6.0,"enemies":"Jaw Worm","floor":3.0,"turns":3.0},{"damage":0.0,"enemies":"Cultist","floor":4.0,"turns":2.0},{"damage":0.0,"enemies":"Large Slime","floor":7.0,"turns":4.0},{"damage":0.0,"enemies":"3 Louse","floor":11.0,"turns":2.0},{"damage":0.0,"enemies":"Red Slaver","floor":14.0,"turns":1.0},{"damage":24.0,"enemies":"Hexaghost","floor":16.0,"turns":6.0},{"damage":0.0,"enemies":"Chosen","floor":18.0,"turns":3.0},{"damage":22.0,"enemies":"Spheric Guardian","floor":20.0,"turns":4.0},{"damage":15.0,"enemies":"Gremlin Leader","floor":23.0,"turns":6.0},{"damage":30.0,"enemies":"3 Cultists","floor":24.0,"turns":4.0},{"damage":0.0,"enemies":"Centurion and Healer","floor":25.0,"turns":5.0},{"damage":0.0,"enemies":"Snecko","floor":27.0,"turns":4.0},{"damage":17.0,"enemies":"Slavers","floor":28.0,"turns":3.0},{"damage":0.0,"enemies":"Shelled Parasite and Fungi","floor":30.0,"turns":5.0},{"damage":11.0,"enemies":"Chosen and Byrds","floor":31.0,"turns":6.0},{"damage":2.0,"enemies":"Collector","floor":33.0,"turns":6.0},{"damage":1.0,"enemies":"Orb Walker","floor":35.0,"turns":3.0},{"damage":8.0,"enemies":"3 Darklings","floor":37.0,"turns":4.0},{"damage":27.0,"enemies":"4 Shapes","floor":38.0,"turns":7.0},{"damage":0.0,"enemies":"Transient","floor":39.0,"turns":5.0},{"damage":5.0,"enemies":"Jaw Worm Horde","floor":40.0,"turns":3.0},{"damage":3.0,"enemies":"Giant Head","floor":41.0,"turns":5.0},{"damage":0.0,"enemies":"Maw","floor":45.0,"turns":4.0},{"damage":4,"enemies":"Nemesis","floor":46,"turns":7},{"damage":81,"enemies":"Time Eater","floor":50,"turns":8}],"seed_played":"-8939755786505079232","potions_obtained":[{"floor":3.0,"key":"Regen Potion"},{"floor":4.0,"key":"GamblersBrew"},{"floor":7.0,"key":"PowerPotion"},{"floor":14.0,"key":"Swift Potion"},{"floor":16.0,"key":"FearPotion"},{"floor":18.0,"key":"Flashbang"},{"floor":20.0,"key":"SkillPotion"},{"floor":23.0,"key":"Weak Potion"},{"floor":24.0,"key":"EntropicBrew"},{"floor":25.0,"key":"Reflective Coating"},{"floor":27.0,"key":"Reflective Coating"},{"floor":28.0,"key":"BlessingOfTheForge"},{"floor":30.0,"key":"Ambrosia"},{"floor":33.0,"key":"Fire Potion"},{"floor":35.0,"key":"SkillPotion"},{"floor":37.0,"key":"Elixir"},{"floor":38.0,"key":"LifebloodPotion"},{"floor":39.0,"key":"BlessingOfTheForge"},{"floor":45.0,"key":"SkillPotion"},{"floor":46,"key":"Energy Potion"}],"is_trial":false,"path_per_floor":["M","?","M","M","?","R","M","R","T","$","M","$","R","M","R","B",null,"M","$","M","?","$","E","M","M","T","M","E","R","M","M","R","B",null,"M","$","M","M","M","M","E","?","T","?","M","E","R","?","R","B"],"character_chosen":"WATCHER","items_purchased":["PrismaticShard","CutThroughFate","ReplayTheSpireMod:CursedCoin","Secret Weapon","SashWhip","Evaluate","LessonLearned","BattleHymn","FollowUp"],"campfire_rested":0,"item_purchase_floors":[10,10,19,19,19,19,36,36,36],"current_hp_per_floor":[72,65,59,59,59,59,59,59,59,59,59,59,59,59,59,35,77,77,77,63,63,63,48,27,35,35,35,18,18,18,7,7,5,77,77,77,69,50,50,45,50,50,50,50,52,58,77,77,77,0,0],"gold":0,"neow_bonus":"HUNDRED_GOLD","is_daily":false,"chose_seed":false,"campfire_upgraded":7,"win_rate":0.0,"timestamp":1607888207,"path_taken":["M","?","M","M","?","R","M","R","T","$","M","?","R","M","R","BOSS","M","?","M","?","$","E","M","M","T","M","E","R","M","M","R","BOSS","M","$","M","M","M","M","E","?","T","?","?","E","R","?","R","BOSS"],"items_purchased_type":["Relic","Card","Relic","Card","Card","Card","Card","Card","Card"],"build_version":"2020-11-30","purchased_purges":0,"victory":false,"max_hp_per_floor":[72,72,72,72,72,72,72,72,72,72,72,72,72,72,72,72,77,77,77,77,77,77,77,77,77,77,77,77,77,77,77,77,77,77,77,77,77,77,77,77,77,77,77,77,77,77,77,77,77,77,77],"card_choices":[{"not_picked":["CrushJoints","FlurryOfBlows"],"picked":"ReachHeaven","floor":1.0},{"not_picked":["EmptyFist","BowlingBash"],"picked":"Nirvana","floor":3.0},{"not_picked":["JustLucky","LikeWater"],"picked":"Evaluate","floor":4.0},{"not_picked":["LikeWater","Adaptation"],"picked":"Crescendo","floor":7.0},{"not_picked":["ReplayTheSpireMod:Speed Training","Flame Barrier"],"picked":"Hemogenesis","floor":11.0},{"not_picked":["Iron Wave","Prepared"],"picked":"Dagger Throw","floor":14.0},{"not_picked":["Electrodynamics","ReplayUltimateDefense"],"picked":"Die Die Die","floor":16.0},{"not_picked":["Heavy Blade","Sanctity"],"picked":"Hemokinesis","floor":18.0},{"not_picked":["Replay:Undeath\u0027s Touch","Leap"],"picked":"Expertise+1","floor":20.0},{"not_picked":["Dark Embrace","Doom and Gloom"],"picked":"Wallop","floor":23.0},{"not_picked":["Conclude","Sucker Punch"],"picked":"Infinite Blades","floor":24.0},{"not_picked":["Double Energy","Replay:Anticipation"],"picked":"ThirdEye+1","floor":25.0},{"not_picked":["Perfected Strike","EmptyBody"],"picked":"Hemokinesis","floor":27.0},{"not_picked":["Bloodletting","Endless Agony"],"picked":"Undo+1","floor":28.0},{"not_picked":["True Grit","Underhanded Strike"],"picked":"Go for the Eyes","floor":30.0},{"not_picked":["Streamline+1","Conserve Battery+1","Heel Hook"],"picked":"SKIP","floor":30.0},{"not_picked":["Conserve Battery+1","Heel Hook"],"picked":"Streamline+1","floor":30.0},{"not_picked":["Study","Warcry+1"],"picked":"Skim+1","floor":31.0},{"not_picked":["Evaluate","Crescendo"],"picked":"Hidden Blade","floor":31.0},{"not_picked":["Night Terror","Metamorphosis"],"picked":"Machine Learning","floor":33.0},{"not_picked":["Burning Pact+1","Scrape+1"],"picked":"Run Through+1","floor":35.0},{"not_picked":["Perfected Strike","Hemokinesis+1"],"picked":"Armaments+1","floor":35.0},{"not_picked":["DeceiveReality+1","Flex"],"picked":"Madness","floor":37.0},{"not_picked":["Backstab+1","Loop"],"picked":"Replay:Cycle+1","floor":37.0},{"not_picked":["Dagger Throw","Sword Boomerang+1"],"picked":"Armaments+1","floor":38.0},{"not_picked":["Choke","ReplayTheSpireMod:Strike From Hell+1"],"picked":"Replay:BluntJabs","floor":38.0},{"not_picked":["Gash","Anger+1"],"picked":"Venomology","floor":39.0},{"not_picked":["Caltrops","Evaluate"],"picked":"Beam Cell+1","floor":39.0},{"not_picked":["Shrug It Off+1","Go for the Eyes+1"],"picked":"Survey Options+1","floor":40.0},{"not_picked":["EmptyBody+1","Redo+1","Replay:Undeath\u0027s Touch"],"picked":"SKIP","floor":40.0},{"not_picked":["Infernal Blade+1","Static Discharge"],"picked":"WheelKick+1","floor":41.0},{"not_picked":["Lockon","Heel Hook"],"picked":"FollowUp+1","floor":44.0},{"not_picked":["Outmaneuver","Gash"],"picked":"Replay:Undeath\u0027s Touch","floor":44.0},{"not_picked":["Headbutt+1","Die Die Die"],"picked":"Distraction+1","floor":45.0},{"not_picked":["Run Through","Halt+1"],"picked":"Leap+1","floor":45.0},{"not_picked":["Self Repair+1","Pummel"],"picked":"ReplayTheSpireMod:Repulse+1","floor":46}],"player_experience":301159,"relics_obtained":[{"floor":9.0,"key":"Golden Egg"},{"floor":17.0,"key":"Art of War"},{"floor":17.0,"key":"ReplayTheSpireMod:Shallot"},{"floor":17.0,"key":"Durian"},{"floor":23.0,"key":"Lantern"},{"floor":26.0,"key":"CloakClasp"},{"floor":28.0,"key":"Prayer Wheel"},{"floor":41.0,"key":"Blood Vial"},{"floor":42.0,"key":"Ring of Fury"},{"floor":43.0,"key":"Eternal Feather"},{"floor":44.0,"key":"Whetstone"},{"floor":46,"key":"Darkstone Periapt"}],"event_choices":[{"damage_healed":0.0,"max_hp_gain":0.0,"max_hp_loss":0.0,"gold_gain":0.0,"event_name":"Scrap Ooze","player_choice":"Success","floor":2.0,"gold_loss":0.0,"damage_taken":7.0,"relics_obtained":["White Beast Statue"]},{"cards_removed":["Defend_P"],"damage_healed":0.0,"max_hp_gain":0.0,"max_hp_loss":0.0,"gold_gain":0.0,"event_name":"The Cleric","player_choice":"Card Removal","floor":5.0,"gold_loss":50.0,"damage_taken":0.0},{"damage_healed":0.0,"max_hp_gain":0.0,"max_hp_loss":0.0,"gold_gain":0.0,"event_name":"Addict","player_choice":"Stole Relic","floor":21.0,"gold_loss":0.0,"damage_taken":0.0,"relics_obtained":["Omamori"],"cards_obtained":["Shame"]},{"damage_healed":0,"gold_gain":0,"player_choice":"Paid","damage_taken":0,"relics_obtained":["Red Mask"],"max_hp_gain":0,"max_hp_loss":0,"event_name":"Tomb of Lord Red Mask","floor":48,"gold_loss":294}],"is_beta":false,"boss_relics":[{"not_picked":["Replay:Drink Me","Abe\u0027s Treasure"],"picked":"Calling Bell"},{"not_picked":["SacredBark","Runic Dome"],"picked":"Snecko Heart"}],"items_purged_floors":[],"is_endless":false,"potions_floor_spawned":[3,4,7,11,14,16,18,20,23,24,25,27,28,30,31,33,35,37,38,39,40,41,45,46],"killed_by":"Time Eater","ascension_level":0}}