{"host":"f5gffvlv6a66yqkd","time":1607875977,"event":{"mods":["2.2 Compatiblity","BaseMod","Colored Map","DeckTracker","Keyboard Shortcuts","Minty Spire (QoL Compilation)","Permanent Neow","Quick Restart","Relic Stats","StSLib","SuperFastMode"],"gold_per_floor":[114,114,133,58,71,71,86,86,138,150,161,161,86,47,47,118,118,135,50,82,82,98,98,132,132,157,173,189,189,114,114,114,114,114],"floor_reached":33,"playtime":745,"items_purged":["Shame"],"score":510,"play_id":"5a8443a1-d9fe-4b3b-b239-309ad0663856","local_time":"20201214011257","is_ascension_mode":true,"campfire_choices":[{"data":"Consume","floor":6.0,"key":"SMITH"},{"data":"Dualcast","floor":8.0,"key":"SMITH"},{"data":"Creative AI","floor":12.0,"key":"SMITH"},{"data":"Defragment","floor":15.0,"key":"SMITH"},{"floor":23.0,"key":"REST"},{"data":"Capacitor","floor":25.0,"key":"SMITH"},{"floor":29.0,"key":"REST"},{"floor":32.0,"key":"REST"}],"circlet_count":0,"master_deck":["AscendersBane","Defend_B","Zap+1","Dualcast+1","Secret Technique","Conserve Battery","Consume+1","Sweeping Beam","Creative AI+1","Cold Snap","Defragment+1","Fission","Static Discharge+1","Sunder+1","Leap+1","BootSequence","Heatsinks","Genetic Algorithm","Go for the Eyes","Loop+1","Capacitor+1"],"relics":["Cracked Core","Oddly Smooth Stone","Astrolabe","Blood Vial","Red Mask","Mercury Hourglass","DataDisk"],"acts_visited":["Exordium","TheCity"],"potions_floor_usage":[33],"damage_taken":[{"damage":0.0,"enemies":"Small Slimes","floor":1.0,"turns":2.0},{"damage":0.0,"enemies":"Cultist","floor":3.0,"turns":3.0},{"damage":7.0,"enemies":"Jaw Worm","floor":5.0,"turns":3.0},{"damage":19.0,"enemies":"3 Louse","floor":7.0,"turns":3.0},{"damage":4.0,"enemies":"2 Fungi Beasts","floor":10.0,"turns":2.0},{"damage":0.0,"enemies":"Large Slime","floor":11.0,"turns":4.0},{"damage":2.0,"enemies":"The Guardian","floor":16.0,"turns":10.0},{"damage":9.0,"enemies":"2 Thieves","floor":18.0,"turns":4.0},{"damage":37.0,"enemies":"Masked Bandits","floor":20.0,"turns":3.0},{"damage":3.0,"enemies":"3 Byrds","floor":22.0,"turns":4.0},{"damage":10.0,"enemies":"Book of Stabbing","floor":24.0,"turns":7.0},{"damage":7.0,"enemies":"Centurion and Healer","floor":27.0,"turns":8.0},{"damage":14.0,"enemies":"Sentry and Sphere","floor":28.0,"turns":4.0},{"damage":37,"enemies":"Automaton","floor":33,"turns":4}],"seed_played":"3909749438273649515","potions_obtained":[{"floor":1.0,"key":"PowerPotion"},{"floor":3.0,"key":"DuplicationPotion"},{"floor":16.0,"key":"Swift Potion"},{"floor":28.0,"key":"LiquidMemories"}],"is_trial":false,"path_per_floor":["M","?","M","$","M","R","M","R","T","M","M","R","?","$","R","B",null,"M","?","?","?","M","R","E","R","T","M","M","R","?","?","R","B"],"character_chosen":"DEFECT","items_purchased":["Defragment"],"campfire_rested":3,"item_purchase_floors":[14],"current_hp_per_floor":[64,64,64,64,57,57,38,38,38,34,34,34,34,34,34,32,61,52,52,17,17,16,37,29,29,29,24,12,33,33,13,35,0,0],"gold":114,"neow_bonus":"RANDOM_COLORLESS_2","is_daily":false,"chose_seed":false,"campfire_upgraded":5,"win_rate":0.0,"timestamp":1607875977,"path_taken":["M","?","M","$","M","R","M","R","T","?","M","R","?","$","R","BOSS","M","?","?","?","M","R","E","R","T","M","M","R","?","?","R","BOSS"],"items_purchased_type":["Card"],"build_version":"2020-11-30","purchased_purges":1,"victory":false,"max_hp_per_floor":[71,71,71,71,71,71,71,71,71,71,71,71,71,71,71,71,71,71,71,71,71,71,71,71,71,71,71,71,71,71,76,76,76,76],"relic_stats":{"Blood Vial":12,"counters":[14,61],"Astrolabe":["Static Discharge","Sunder","Leap"],"obtain_stats":[{"Blood Vial":19,"DataDisk":26,"Astrolabe":17,"Oddly Smooth Stone":9,"Red Mask":20,"Cracked Core":0,"Mercury Hourglass":24},{"Blood Vial":8,"DataDisk":11,"Astrolabe":7,"Oddly Smooth Stone":4,"Red Mask":9,"Cracked Core":0,"Mercury Hourglass":11},{"Blood Vial":31,"DataDisk":45,"Astrolabe":27,"Oddly Smooth Stone":11,"Red Mask":34,"Cracked Core":0,"Mercury Hourglass":45}],"Mercury Hourglass":[69]},"card_choices":[{"not_picked":["Secret Weapon","Sadistic Nature"],"picked":"Secret Technique","floor":0.0},{"not_picked":["Hologram","Redo"],"picked":"Conserve Battery","floor":1.0},{"not_picked":["BootSequence","Beam Cell"],"picked":"Consume","floor":3.0},{"not_picked":["Go for the Eyes","Barrage"],"picked":"Sweeping Beam","floor":5.0},{"not_picked":["Reprogram","Gash","Barrage"],"picked":"SKIP","floor":7.0},{"not_picked":["Genetic Algorithm","Barrage"],"picked":"Creative AI","floor":10.0},{"not_picked":["Scrape","Stack"],"picked":"Cold Snap","floor":11.0},{"not_picked":["Echo Form","Creative AI"],"picked":"Fission","floor":16.0},{"not_picked":["Hologram+1","Stack"],"picked":"BootSequence","floor":18.0},{"not_picked":["Scrape","Gash"],"picked":"Heatsinks","floor":20.0},{"not_picked":["Force Field","Auto Shields"],"picked":"Loop+1","floor":22.0},{"not_picked":["Stack","Go for the Eyes"],"picked":"Capacitor","floor":24.0},{"not_picked":["Hologram","Leap","Doom and Gloom"],"picked":"SKIP","floor":27.0},{"not_picked":["Beam Cell","Streamline","Redo"],"picked":"SKIP","floor":28.0}],"player_experience":1451673,"relics_obtained":[{"floor":9.0,"key":"Oddly Smooth Stone"},{"floor":20.0,"key":"Red Mask"},{"floor":24.0,"key":"Mercury Hourglass"},{"floor":26.0,"key":"DataDisk"}],"event_choices":[{"damage_healed":0.0,"max_hp_gain":0.0,"max_hp_loss":0.0,"gold_gain":0.0,"event_name":"Accursed Blacksmith","player_choice":"Forge","floor":2.0,"gold_loss":0.0,"damage_taken":0.0,"cards_upgraded":["Zap"]},{"cards_removed":["Strike_B"],"damage_healed":0.0,"max_hp_gain":0.0,"max_hp_loss":0.0,"gold_gain":0.0,"event_name":"The Cleric","player_choice":"Card Removal","floor":13.0,"gold_loss":75.0,"damage_taken":0.0},{"damage_healed":0.0,"max_hp_gain":0.0,"max_hp_loss":0.0,"gold_gain":0.0,"event_name":"Addict","player_choice":"Obtained Relic","floor":19.0,"gold_loss":85.0,"damage_taken":0.0,"relics_obtained":["Blood Vial"]},{"damage_healed":0.0,"max_hp_gain":0.0,"max_hp_loss":0.0,"gold_gain":0.0,"event_name":"Masked Bandits","player_choice":"Fought Bandits","floor":20.0,"gold_loss":0.0,"damage_taken":0.0},{"damage_healed":0.0,"max_hp_gain":0.0,"max_hp_loss":0.0,"gold_gain":0.0,"cards_transformed":["Defend_B","Defend_B"],"event_name":"Drug Dealer","player_choice":"Became Test Subject","floor":21.0,"gold_loss":0.0,"damage_taken":0.0,"cards_obtained":["Genetic Algorithm","Go for the Eyes"]},{"cards_removed":["Defend_B"],"damage_healed":0.0,"max_hp_gain":0.0,"max_hp_loss":0.0,"gold_gain":0.0,"event_name":"Beggar","player_choice":"Gave Gold","floor":30.0,"gold_loss":75.0,"damage_taken":0.0},{"damage_healed":0.0,"max_hp_gain":5.0,"max_hp_loss":0.0,"gold_gain":0.0,"event_name":"Forgotten Altar","player_choice":"Shed Blood","floor":31.0,"gold_loss":0.0,"damage_taken":25.0}],"is_beta":false,"boss_relics":[{"not_picked":["FrozenCore","Inserter"],"picked":"Astrolabe"}],"items_purged_floors":[4],"is_endless":false,"potions_floor_spawned":[1,3,11,16,18,28],"killed_by":"Automaton","ascension_level":20}}