{"host":"ks12kfi5c4d9hdxy","time":1607892541,"event":{"mods":["BaseMod","Conspire","GifTheSpireLib","HololiveMod","Koishi","LagranYue(拉格朗・月)","Marisa（F雨　魔理沙）","Minty Spire (QoL Compilation)","Reimu（博丽灵梦）","Remilia（蕾米莉亚）","Replay The Spire","RumiaBox-露米娅的神秘盒子","StSLib","SuperFastMode","The Administrix","The Servant 0.9.4","Youmu（魂魄妖梦）","Yuyuko","【功能Mod】混沌之环修复补丁","【功能Mod】聪明的最终Boss","篝火指南"],"gold_per_floor":[116,131,141,66,16,50,70,102,102,127,127,92,119,119,119,197,197,234,258,258,258],"floor_reached":20,"playtime":540,"items_purged":["Defend_MRS"],"score":340,"play_id":"8a5cab96-e050-4526-800f-1934e28942ec","local_time":"20201214044901","is_ascension_mode":true,"campfire_choices":[{"data":"UpSweep","floor":15,"key":"SMITH"}],"circlet_count":0,"master_deck":["AscendersBane","Strike_MRS","Strike_MRS","Strike_MRS","Strike_MRS","Defend_MRS","Defend_MRS","Defend_MRS","MasterSpark","UpSweep+1","FairyDestructionRay","MilkyWay","AsteroidBelt","conspire:SpireCoStock","FinalSpark"],"relics":["MiniHakkero","LagranYue:RandomDrawCardRelic","NeowsBlessing","Dream Catcher","Peace Pipe","GodSword1","PlanX","conspire:RoyalGoblet"],"acts_visited":["Exordium","TheCity"],"potions_floor_usage":[10,16,18],"damage_taken":[{"damage":0.0,"enemies":"Cultist","floor":1.0,"turns":1.0},{"damage":0.0,"enemies":"Jaw Worm","floor":2.0,"turns":1.0},{"damage":0.0,"enemies":"Small Slimes","floor":3.0,"turns":1.0},{"damage":28.0,"enemies":"Lagavulin","floor":6.0,"turns":8.0},{"damage":0.0,"enemies":"3 Louse","floor":7.0,"turns":1.0},{"damage":7.0,"enemies":"Large Slime","floor":8.0,"turns":6.0},{"damage":20,"enemies":"Gremlin Nob","floor":10,"turns":4},{"damage":9,"enemies":"3 Sentries","floor":13,"turns":6},{"damage":38,"enemies":"Fading Forest","floor":16,"turns":11},{"damage":28,"enemies":"Chosen","floor":18,"turns":6},{"damage":19,"enemies":"Spheric Guardian","floor":19,"turns":5}],"seed_played":"-4956833339264725128","potions_obtained":[{"floor":3.0,"key":"FairyPotion"},{"floor":7.0,"key":"Strength Potion"},{"floor":10,"key":"Adrenaline Potion"},{"floor":16,"key":"DuplicationPotion"},{"floor":18,"key":"Milkshake"}],"is_trial":false,"path_per_floor":["M","M","M","$","?","E","M","M","T","E","?","?","E","?","R","B",null,"M","M","?"],"character_chosen":"MARISA","items_purchased":[],"campfire_rested":0,"item_purchase_floors":[],"current_hp_per_floor":[63,63,63,63,63,35,35,28,28,8,8,25,16,16,16,21,58,30,11,0,0],"gold":258,"neow_bonus":"THREE_ENEMY_KILL","is_daily":false,"chose_seed":false,"campfire_upgraded":1,"win_rate":0.0,"timestamp":1607892541,"path_taken":["M","?","M","$","?","E","M","M","T","E","?","?","E","?","R","BOSS","M","M","?"],"items_purchased_type":[],"build_version":"2020-11-30","purchased_purges":1,"victory":false,"max_hp_per_floor":[70,70,70,70,70,70,70,70,70,70,70,70,70,70,70,70,70,70,70,75,75],"card_choices":[{"not_picked":["UnstableBomb","MachineGunSpark"],"picked":"FairyDestructionRay","floor":1.0},{"not_picked":["ManaConvection","ChargeUpSpray"],"picked":"MilkyWay","floor":2.0},{"not_picked":["DoubleSpark","Orbital"],"picked":"AsteroidBelt","floor":3.0},{"not_picked":["DoubleSpark","PowerUp","Occultation"],"picked":"SKIP","floor":6.0},{"not_picked":["ShootingEcho","MysteriousBeam","LuminesStrike"],"picked":"SKIP","floor":7.0},{"not_picked":["DragonMeteor","BlazingStar","DC"],"picked":"SKIP","floor":8.0},{"not_picked":["DragonMeteor","6A","WitchOfGreed"],"picked":"SKIP","floor":10},{"not_picked":["AlicesGift","ChargeUpSpray","6A"],"picked":"SKIP","floor":13},{"not_picked":["BinaryStars","BlazingStar"],"picked":"FinalSpark","floor":16},{"not_picked":["PulseMagic","ShootingEcho","IllusionStar"],"picked":"SKIP","floor":18},{"not_picked":["EventHorizon","MysteriousBeam","GravityBeat"],"picked":"SKIP","floor":19}],"player_experience":456277,"relics_obtained":[{"floor":6.0,"key":"Dream Catcher"},{"floor":9.0,"key":"Peace Pipe"},{"floor":10,"key":"GodSword1"},{"floor":13,"key":"PlanX"}],"event_choices":[{"damage_healed":0.0,"max_hp_gain":0.0,"max_hp_loss":0.0,"gold_gain":0.0,"event_name":"conspire:Investor","player_choice":"Invest 1","floor":5.0,"gold_loss":0.0,"damage_taken":0.0},{"damage_healed":0,"gold_gain":0,"player_choice":"Ignored","damage_taken":0,"max_hp_gain":0,"max_hp_loss":0,"event_name":"Golden Wing","floor":11,"gold_loss":0},{"damage_healed":17,"gold_gain":0,"player_choice":"Healed","damage_taken":0,"max_hp_gain":0,"max_hp_loss":0,"event_name":"The Cleric","floor":12,"gold_loss":35},{"damage_healed":0,"gold_gain":0,"player_choice":"Ignored","damage_taken":0,"max_hp_gain":0,"max_hp_loss":0,"event_name":"Liars Game","floor":14,"gold_loss":0}],"is_beta":false,"boss_relics":[{"not_picked":["Coffee Dripper","Astrolabe"],"picked":"conspire:RoyalGoblet"}],"items_purged_floors":[4],"is_endless":false,"potions_floor_spawned":[3,7,10,16,18],"ascension_level":15}}