{"host":"gt2xw11t93hs94eb","time":1607822226,"event":{"mods":["Act Like it!","Aspiration","BaseMod","Colored Powertips","Conspire","Luminous","Minty Spire (QoL Compilation)","Pale of the Ancients","Relic Stats","Replay The Spire","Shop Mod","Spicy Shops","StSLib"],"gold_per_floor":[99,99,113,58,76,76,87,107,107,117,137,157,229,255,255,329,329,342,302,302],"floor_reached":19,"playtime":1155,"items_purged":[],"score":343,"play_id":"731b1c25-2a91-4634-b7b7-13e5b494ec1b","local_time":"20201213021706","daily_mods":["Draft","Specialized","Vintage","Allstar","Diverse","Heirloom","Flight"],"is_ascension_mode":true,"campfire_choices":[{"data":"DevaForm","floor":6,"key":"SMITH"}],"circlet_count":0,"master_deck":["Demon Form","Wraith Form v2","Echo Form","DevaForm+1","AscendersBane","All Out Attack","All Out Attack","All Out Attack","All Out Attack","Turbo","Luminous:Dark_Moonlight_Spear","Luminous:Light_Gather","Endless Agony","Bloodletting","Luminous:Dusk_Guard_Luminous","Dagger Spray","Luminous:Dark_Morning_Star","Luminous:Light_Sylvan_Lance","Double Energy","Hidden Blade","Luminous:Dark_Raid","Catalyst","Sucker Punch","Replay:Poison Smokescreen","Sickly","Battle Trance","Luminous:Light_Sylvan_Lance","Luminous:Flash_Blink_Luminous","Doppelganger"],"relics":["Luminous:MirrorRelic","conspire:InfiniteJournal","PrismaticShard","Replay:Mystery Machine","conspire:TopHat","Pantograph","Pet Ghost","Replay:Towering Pillar of Hats","Art of War","Odd Mushroom","Lantern","Omamori","SlaversCollar","Du-Vu Doll"],"acts_visited":["Exordium","TheCity"],"potions_floor_usage":[],"damage_taken":[{"damage":0,"enemies":"Small Slimes","floor":3,"turns":2},{"damage":13,"enemies":"2 Louse","floor":5,"turns":2},{"damage":0,"enemies":"Cultist","floor":7,"turns":2},{"damage":10,"enemies":"Red Slaver","floor":8,"turns":2},{"damage":5,"enemies":"3 Louse","floor":10,"turns":2},{"damage":0,"enemies":"The Mushroom Lair","floor":11,"turns":1},{"damage":7,"enemies":"Blue Slaver","floor":12,"turns":2},{"damage":34,"enemies":"The Guardian","floor":16,"turns":6},{"damage":41,"enemies":"3 Byrds","floor":18,"turns":5},{"damage":22,"enemies":"2 Thieves","floor":19,"turns":1}],"seed_played":"9217015098811021133","potions_obtained":[{"floor":5,"key":"LiquidBronze"},{"floor":10,"key":"Regen Potion"}],"is_trial":true,"path_per_floor":["?","?","M","$","M","R","M","M","T","M","?","M","?","T","R","B",null,"M","M"],"character_chosen":"LuminousClass","items_purchased":["Luminous:Light_Sylvan_Lance"],"campfire_rested":0,"item_purchase_floors":[4],"current_hp_per_floor":[68,68,68,68,55,55,55,45,45,40,40,33,33,33,33,24,62,21,0,0],"gold":302,"neow_bonus":"","is_daily":false,"chose_seed":false,"campfire_upgraded":1,"win_rate":0.0,"timestamp":1607822226,"path_taken":["?","?","?","?","M","R","M","?","T","M","?","M","?","?","R","BOSS","M","?"],"items_purchased_type":["Card"],"build_version":"2020-11-30","purchased_purges":0,"victory":false,"max_hp_per_floor":[75,75,75,75,75,75,75,75,75,75,75,75,75,75,75,75,75,75,75,75],"relic_stats":{"counters":[10,25],"Pantograph":25,"Art of War":[1],"obtain_stats":[{"Lantern":12,"Replay:Towering Pillar of Hats":9,"Omamori":14,"Replay:Mystery Machine":3,"Odd Mushroom":11,"PrismaticShard":1,"conspire:TopHat":5,"Pet Ghost":8,"conspire:InfiniteJournal":0,"Du-Vu Doll":18,"SlaversCollar":17,"Pantograph":7,"Art of War":10},{"Lantern":7,"Replay:Towering Pillar of Hats":4,"Omamori":7,"Replay:Mystery Machine":1,"Odd Mushroom":6,"PrismaticShard":0,"conspire:TopHat":2,"Pet Ghost":4,"conspire:InfiniteJournal":0,"Du-Vu Doll":9,"SlaversCollar":8,"Pantograph":3,"Art of War":5},{"Lantern":13,"Replay:Towering Pillar of Hats":8,"Omamori":13,"Replay:Mystery Machine":2,"Odd Mushroom":11,"PrismaticShard":0,"conspire:TopHat":4,"Pet Ghost":8,"conspire:InfiniteJournal":0,"Du-Vu Doll":24,"SlaversCollar":19,"Pantograph":6,"Art of War":10}]},"card_choices":[{"not_picked":["ReplayTheSpireMod:Tripwire","Rip and Tear"],"picked":"Turbo","floor":0},{"not_picked":["Backflip","Panic Button"],"picked":"Luminous:Dark_Moonlight_Spear","floor":0},{"not_picked":["Wild Strike","Luminous:Shadow_Shell_Luminous"],"picked":"Luminous:Light_Gather","floor":0},{"not_picked":["All Out Attack","conspire:DoublingDagger"],"picked":"Endless Agony","floor":0},{"not_picked":["Poisoned Stab","Ghostly Armor"],"picked":"Bloodletting","floor":0},{"not_picked":["Stack","Hidden Blade"],"picked":"Luminous:Dusk_Guard_Luminous","floor":0},{"not_picked":["Rampage","Infernal Blade"],"picked":"Dagger Spray","floor":0},{"not_picked":["Flying Knee","Pommel Strike"],"picked":"Luminous:Dark_Morning_Star","floor":0},{"not_picked":["Slice","Luminous:Sympathy_Luminous"],"picked":"Luminous:Light_Sylvan_Lance","floor":0},{"not_picked":["Body Slam","Combust"],"picked":"Double Energy","floor":0},{"not_picked":["Streamline","ReplayTheSpireMod:Strike From Hell"],"picked":"Hidden Blade","floor":0},{"not_picked":["Luminous:Light_Gather","Ball Lightning"],"picked":"Luminous:Dark_Raid","floor":0},{"not_picked":["Luminous:Mana_Overload_Luminous","Clothesline"],"picked":"Catalyst","floor":0},{"not_picked":["Dodge and Roll","ReplayTheSpireMod:Limb From Limb"],"picked":"Sucker Punch","floor":0},{"not_picked":["Chill","Loop"],"picked":"Replay:Poison Smokescreen","floor":0},{"not_picked":["Conserve Battery","Luminous:Light_Wash_Luminous"],"picked":"Luminous:Flash_Blink_Luminous","floor":11},{"not_picked":["Brilliance","Grand Finale"],"picked":"Doppelganger","floor":16}],"player_experience":251586,"relics_obtained":[{"floor":3,"key":"Replay:Mystery Machine"},{"floor":5,"key":"conspire:TopHat"},{"floor":7,"key":"Pantograph"},{"floor":8,"key":"Pet Ghost"},{"floor":9,"key":"Replay:Towering Pillar of Hats"},{"floor":10,"key":"Art of War"},{"floor":11,"key":"Odd Mushroom"},{"floor":12,"key":"Lantern"},{"floor":14,"key":"Omamori"},{"floor":18,"key":"Du-Vu Doll"}],"event_choices":[{"damage_healed":0,"gold_gain":0,"cards_transformed":["All Out Attack"],"player_choice":"Transformed","damage_taken":0,"max_hp_gain":0,"max_hp_loss":0,"event_name":"Transmorgrifier","floor":2,"gold_loss":0,"cards_obtained":["Battle Trance"]},{"damage_healed":0,"gold_gain":0,"player_choice":"Fought Mushrooms","damage_taken":0,"max_hp_gain":0,"max_hp_loss":0,"event_name":"Mushrooms","floor":11,"gold_loss":0},{"damage_healed":0,"gold_gain":72,"player_choice":"Gained Gold","damage_taken":0,"max_hp_gain":0,"max_hp_loss":0,"event_name":"Golden Wing","floor":13,"gold_loss":0}],"is_beta":false,"boss_relics":[{"not_picked":["Snecko Heart","Snecko Eye"],"picked":"SlaversCollar"}],"items_purged_floors":[],"is_endless":true,"potions_floor_spawned":[5,10,12,16],"killed_by":"2 Thieves","ascension_level":20}}