{"host":"17xjy7b7ubl548g2","time":1607826755,"event":{"mods":["2.2 Compatiblity","Act Like it!","Aspiration","Astrologer","Bard","BaseMod","Bestiary","Challenge The Spire","ChefMod","Colored Map","Conspire","Elementarium","Energized Spire","GifTheSpireLib","Halation","Hallownest","Hermit","Hubris","Infinite Spire","Jedi Mod","Jorbs\u0027s Wanderer Trilogy","Marisa（霧雨　魔理沙）","Marked Mod","Minty Spire (QoL Compilation)","Pale of the Ancients","Permanent Neow","Puzzle Mod","Replay The Spire","Robot Space Explorer","Spicy Shops","StSLib","Stuff the Spire","The Blue Laboratory","The Bug Knight","The Construct","The Disciple","The Hayseed","The Hierophant","The Runesmith","The Sage"],"gold_per_floor":[13,13,13,29,43,43,26,54,100,112,142,142,177,252,252,325,325,336,336,347,359,12,12,40,50,50,50,62,75,75,85,85,169,169,196,196,196,3,3,3,3,3,3,3,3,3,3,3,3,3,3],"floor_reached":50,"playtime":4700,"items_purged":["StuffTheSpire:Perfection","Strike_R","Strike_R"],"score":1215,"play_id":"4f5efda6-d021-4ed7-8b38-1b23d8531c58","local_time":"20201212213235","is_ascension_mode":true,"campfire_choices":[{"data":"Metallicize","floor":6.0,"key":"SMITH"},{"data":"ReplayTheSpireMod:Corrosion Curse","floor":12.0,"key":"SMITH"},{"data":"Thunderclap","floor":15.0,"key":"SMITH"},{"floor":23.0,"key":"REST"},{"floor":27.0,"key":"REST"},{"data":"Demon Form","floor":40.0,"key":"SMITH"},{"data":"Inflame","floor":42.0,"key":"SMITH"},{"data":"Disarm","floor":45.0,"key":"SMITH"},{"floor":49.0,"key":"REST"}],"circlet_count":0,"master_deck":["AscendersBane","Strike_R+1","Strike_R","Strike_R","Defend_R","Defend_R","Defend_R","Defend_R+1","Bash+1","StuffTheSpire:Incineration","Metallicize+1","Twin Strike","Thunderclap+1","ReplayTheSpireMod:Corrosion Curse+1","Replay:Undeath\u0027s Touch+1","Offering","Impervious+1","Warcry+1","Inflame+1","Anger+1","Disarm+1","Wild Strike+1","StuffTheSpire:Slingshot+1","infinitespire:Punishment+1","True Grit+1","Demon Form+1","Wild Strike+1","Shrug It Off","Shrug It Off","Runesmith:NanitesCloud","Hemokinesis+1","Runesmith:DoubleUp+1"],"relics":["Burning Blood","HollowMod:PaleOreRelic","The Courier","Juzu Bracelet","energizedSpire:DeadBattery","Molten Egg 2","Replay:Bottled Flurry","jedi:Pinwheel","infinitespire:EvilPickle","aspiration:RunesmithSkillbook","jedi:ominousloannote","Pear","Magic Flower","StuffTheSpire:DarkSteelAnvil","Boot","Lantern"],"acts_visited":["Exordium","TheCity","TheBeyond"],"potions_floor_usage":[],"damage_taken":[{"damage":6.0,"enemies":"Cultist","floor":1.0,"turns":4.0},{"damage":7.0,"enemies":"Jaw Worm","floor":4.0,"turns":3.0},{"damage":1.0,"enemies":"conspire:RoseBush","floor":5.0,"turns":3.0},{"damage":7.0,"enemies":"Exordium Thugs","floor":7.0,"turns":4.0},{"damage":3.0,"enemies":"Lagavulin","floor":8.0,"turns":8.0},{"damage":20.0,"enemies":"Blue Slaver","floor":10.0,"turns":3.0},{"damage":14.0,"enemies":"HollowMod:MossKnight","floor":11.0,"turns":10.0},{"damage":0.0,"enemies":"Gremlin Nob","floor":13.0,"turns":2.0},{"damage":45.0,"enemies":"Slime Boss","floor":16.0,"turns":10.0},{"damage":19.0,"enemies":"3 Byrds","floor":18.0,"turns":5.0},{"damage":23.0,"enemies":"2 Thieves","floor":20.0,"turns":5.0},{"damage":16.0,"enemies":"Sentry and Sphere","floor":21.0,"turns":5.0},{"damage":26.0,"enemies":"Slavers","floor":24.0,"turns":4.0},{"damage":12.0,"enemies":"Cultist and Chosen","floor":25.0,"turns":5.0},{"damage":6.0,"enemies":"Centurion and Healer","floor":28.0,"turns":3.0},{"damage":15.0,"enemies":"Snake Plant","floor":29.0,"turns":4.0},{"damage":8.0,"enemies":"Shelled Parasite and Fungi","floor":31.0,"turns":3.0},{"damage":56.0,"enemies":"Pondfish","floor":33.0,"turns":12.0},{"damage":1.0,"enemies":"Orb Walker","floor":35.0,"turns":3.0},{"damage":30.0,"enemies":"Nightmare","floor":41.0,"turns":10.0},{"damage":41.0,"enemies":"conspire:MimicChest","floor":44.0,"turns":8.0},{"damage":10.0,"enemies":"3 Darklings","floor":46.0,"turns":5.0},{"damage":2.0,"enemies":"Sphere and 2 Shapes","floor":47.0,"turns":3.0},{"damage":46,"enemies":"Time Eater","floor":50,"turns":3}],"seed_played":"9074563296108543413","potions_obtained":[{"floor":5.0,"key":"blueLaboratory:FrostheartPotion"},{"floor":7.0,"key":"jedi:StrikingPotion"},{"floor":8.0,"key":"blueLaboratory:ConflagurationPotion"},{"floor":16.0,"key":"Elixir"},{"floor":18.0,"key":"blueLaboratory:CorrosionFlask"},{"floor":21.0,"key":"blueLaboratory:EnragingPotion"},{"floor":29.0,"key":"Block Potion"},{"floor":33.0,"key":"Block Potion"}],"is_trial":false,"path_per_floor":["M","?","?","M","M","R","M","E","T","M","E","R","E","?","R","B",null,"M","?","M","M","$","R","E","M","T","R","M","M","AVR","M","R_BF","B",null,"M","?","?","$","?","R","NM","R","T","?","R","M","M","$","R","B"],"character_chosen":"IRONCLAD","items_purchased":["Molten Egg 2","Anger+1","blueLaboratory:HorrorPotion","jedi:ominousloannote","Pear","Magic Flower","Shrug It Off","Runesmith:NanitesCloud"],"campfire_rested":3,"item_purchase_floors":[22,22,22,38,38,38,38,38],"current_hp_per_floor":[82,82,82,81,86,86,85,88,88,74,66,66,72,61,61,22,72,59,44,27,17,17,43,23,17,17,43,43,34,34,32,58,8,69,74,74,74,84,84,84,63,63,63,31,31,30,37,37,66,20,20],"gold":3,"neow_bonus":"TWENTY_PERCENT_HP_BONUS","is_daily":false,"chose_seed":false,"campfire_upgraded":6,"win_rate":0.0,"timestamp":1607826755,"path_taken":["M","?","?","M","M","R","M","E","T","M","E","R","E","?","R","BOSS","M","?","M","M","$","R","E","M","T","R","M","M","AVR","M","R_BF","BOSS","M","?","?","$","?","R","NM","R","T","?","R","M","M","$","R","BOSS"],"items_purchased_type":["Relic","Card","Potion","Relic","Relic","Relic","Card","Card"],"build_version":"2020-11-30","purchased_purges":3,"victory":false,"max_hp_per_floor":[89,89,89,89,89,89,89,89,89,89,89,89,89,89,89,89,89,89,89,89,89,89,89,89,89,89,89,89,89,89,89,89,89,89,89,89,89,99,99,99,99,99,99,99,99,99,99,99,99,99,99],"card_choices":[{"not_picked":["hubris:CleavingFinish","jedi:fear"],"picked":"StuffTheSpire:Incineration","floor":1.0},{"not_picked":["Thunderclap","Armaments"],"picked":"Metallicize","floor":4.0},{"not_picked":["StuffTheSpire:BloodClot","Flex"],"picked":"Twin Strike","floor":5.0},{"not_picked":["Dropkick","Armaments"],"picked":"Thunderclap","floor":7.0},{"not_picked":["hubris:CleavingFinish","Sentinel"],"picked":"ReplayTheSpireMod:Corrosion Curse","floor":8.0},{"not_picked":["Burning Pact","Dark Embrace","jedi:hate"],"picked":"SKIP","floor":10.0},{"not_picked":["Perfected Strike","Massacre"],"picked":"Replay:Undeath\u0027s Touch","floor":11.0},{"not_picked":["jedi:fear","ReplayTheSpireMod:Strike From Hell"],"picked":"Offering","floor":13.0},{"not_picked":["Eclipse","Hemogenesis"],"picked":"Impervious","floor":16.0},{"not_picked":["Massacre","Havoc","Flex"],"picked":"SKIP","floor":18.0},{"not_picked":["Armaments","jedi:MakeshiftSword"],"picked":"Warcry+1","floor":20.0},{"not_picked":["Clash","Spot Weakness"],"picked":"Inflame","floor":21.0},{"not_picked":["Reckless Charge+1","Life Link"],"picked":"Disarm","floor":24.0},{"not_picked":["Armaments","Flex+1"],"picked":"Wild Strike+1","floor":25.0},{"not_picked":["Perfected Strike+1","StuffTheSpire:RockThrow+1"],"picked":"StuffTheSpire:Slingshot+1","floor":28.0},{"not_picked":["Brutality","StuffTheSpire:Incineration+1","Blood for Blood+1"],"picked":"SKIP","floor":29.0},{"not_picked":["Twin Strike+1","Body Slam+1"],"picked":"True Grit+1","floor":31.0},{"not_picked":["Eclipse","StuffTheSpire:TitanForm"],"picked":"Demon Form","floor":33.0},{"not_picked":["Runesmith:Firestorm","Runesmith:Refine","Sentinel"],"picked":"Wild Strike+1","floor":35.0},{"not_picked":["Runesmith:ArcReactor","ReplayTheSpireMod:Strike From Hell+1","Second Wind","StuffTheSpire:Incineration+1"],"picked":"SKIP","floor":41.0},{"not_picked":["Warcry","Runesmith:FieryHammer+1","Body Slam+1"],"picked":"Hemokinesis+1","floor":44.0},{"not_picked":["Runesmith:DuctTape","jedi:fear","Runesmith:Refine+1","Runesmith:MakeshiftArmor"],"picked":"SKIP","floor":46.0},{"not_picked":["Runesmith:UnstableHammer+1","Sever Soul+1","aspiration:UnbridledHammer+1"],"picked":"Runesmith:DoubleUp+1","floor":47.0}],"player_experience":1516178,"relics_obtained":[{"floor":8.0,"key":"HollowMod:PaleOreRelic"},{"floor":11.0,"key":"The Courier"},{"floor":13.0,"key":"Juzu Bracelet"},{"floor":24.0,"key":"Replay:Bottled Flurry"},{"floor":26.0,"key":"jedi:Pinwheel"},{"floor":41.0,"key":"StuffTheSpire:DarkSteelAnvil"},{"floor":43.0,"key":"Boot"},{"floor":44.0,"key":"Lantern"}],"event_choices":[{"damage_healed":0.0,"max_hp_gain":0.0,"max_hp_loss":0.0,"gold_gain":0.0,"event_name":"Living Wall","player_choice":"Grow","floor":3.0,"gold_loss":0.0,"damage_taken":0.0,"cards_upgraded":["Bash"]},{"damage_healed":0.0,"max_hp_gain":0.0,"max_hp_loss":0.0,"gold_gain":75.0,"event_name":"World of Goop","player_choice":"Gather Gold","floor":14.0,"gold_loss":0.0,"damage_taken":11.0},{"damage_healed":0.0,"max_hp_gain":0.0,"max_hp_loss":0.0,"gold_gain":0.0,"event_name":"SecretPortal","player_choice":"Ignored","floor":37.0,"gold_loss":0.0,"damage_taken":0.0},{"damage_healed":0.0,"max_hp_gain":0.0,"max_hp_loss":0.0,"gold_gain":0.0,"event_name":"Match and Keep!","player_choice":"0 cards matched","floor":39.0,"gold_loss":0.0,"damage_taken":0.0,"cards_obtained":[]}],"is_beta":false,"boss_relics":[{"not_picked":["hubris:TerracottaHorce","energizedSpire:HugeHouse"],"picked":"energizedSpire:DeadBattery"},{"not_picked":["Replay:Drink Me","jedi:battlestandard"],"picked":"aspiration:RunesmithSkillbook"}],"items_purged_floors":[22,30,38],"is_endless":false,"potions_floor_spawned":[5,7,8,16,18,21,29,33],"killed_by":"Time Eater","ascension_level":14}}