{"host":"ar7ngit67p83lwvr","time":1607889100,"event":{"mods":["BaseMod","Better Third Choice","Hermit","Koishi","Minty Spire (QoL Compilation)","StSLib","The Cursed","The Disciple","The Runesmith","The Servant 0.9.4"],"gold_per_floor":[118,131,131,81,81,81,101,116,116,140,140,168,168,168,168,289,289,284,303,378,399,412,448,448,448,522,522,522],"floor_reached":27,"playtime":2619,"items_purged":[],"score":223,"play_id":"1e7f17b7-54d0-46c6-8978-2c5f10833cc3","local_time":"20201213115140","is_ascension_mode":false,"campfire_choices":[{"data":"Exchange","floor":6,"key":"SMITH"},{"data":"SurpressingFire","floor":11,"key":"SMITH"},{"data":"BottledTime","floor":13,"key":"SMITH"},{"floor":15,"key":"REST"},{"floor":24,"key":"REST"}],"circlet_count":0,"master_deck":["Strike_S","Strike_S","Strike_S","Defend_S","Defend_S","Defend_S","Defend_S","KidneyShot","Exchange+1","Unruled","Defy","ShiftingGears","InstantArmor","BottledTime+1","SurpressingFire+1","Sabotage","Burn","MurderousAura","SurpressingFire","FastForward","Foresight+1","FastForward","Starlight"],"relics":["Uniform","Runesmith:Locket","Golden Idol","Unceasing Top","Odd Mushroom","Runesmith:UraniumAnvil","Ice Cream","Omamori","Mercury Hourglass"],"acts_visited":["Exordium","TheCity"],"potions_floor_usage":[16,18],"damage_taken":[{"damage":10,"enemies":"Small Slimes","floor":1,"turns":4},{"damage":5,"enemies":"Jaw Worm","floor":2,"turns":3},{"damage":5,"enemies":"2 Louse","floor":7,"turns":2},{"damage":5,"enemies":"Exordium Thugs","floor":8,"turns":5},{"damage":0,"enemies":"3 Louse","floor":10,"turns":4},{"damage":10,"enemies":"The Mushroom Lair","floor":12,"turns":6},{"damage":45,"enemies":"The Guardian","floor":16,"turns":23},{"damage":4,"enemies":"2 Thieves","floor":18,"turns":4},{"damage":0,"enemies":"Shell Parasite","floor":19,"turns":6},{"damage":38,"enemies":"3 Cultists","floor":21,"turns":8},{"damage":5,"enemies":"Snecko","floor":22,"turns":8},{"damage":25,"enemies":"Slavers","floor":23,"turns":8},{"damage":20,"enemies":"Cultist and Chosen","floor":27,"turns":8}],"seed_played":"581592300718676886","potions_obtained":[{"floor":7,"key":"FairyPotion"},{"floor":10,"key":"Dexterity Potion"},{"floor":16,"key":"Block Potion"},{"floor":19,"key":"SpeedPotion"}],"is_trial":false,"path_per_floor":["M","M","?","?","?","R","M","M","T","M","R","?","R","?","R","B",null,"M","M","?","M","M","E","R","?","T","M"],"character_chosen":"THE_SERVANT","items_purchased":[],"campfire_rested":2,"item_purchase_floors":[],"current_hp_per_floor":[55,50,50,50,50,50,45,40,40,40,40,30,30,30,48,3,60,56,56,50,12,7,1,19,19,19,0,0],"gold":522,"neow_bonus":"ONE_RARE_RELIC","is_daily":false,"chose_seed":false,"campfire_upgraded":3,"win_rate":0.0,"timestamp":1607889100,"path_taken":["M","M","?","?","?","R","M","M","T","?","R","?","R","?","R","BOSS","M","M","?","?","M","E","R","?","T","?"],"items_purchased_type":[],"build_version":"2020-11-30","purchased_purges":0,"victory":false,"max_hp_per_floor":[65,65,60,60,60,60,60,60,60,60,60,60,60,60,60,60,60,60,60,60,60,60,60,60,60,60,60,60],"card_choices":[{"not_picked":["Spin","Ricochet"],"picked":"Unruled","floor":1},{"not_picked":["Rewind","FastForward"],"picked":"Defy","floor":2},{"not_picked":["DoubleEdge","ShatteredReality"],"picked":"InstantArmor","floor":7},{"not_picked":["TimeWarp","Hightail"],"picked":"BottledTime","floor":8},{"not_picked":["MoonPhase","Spin"],"picked":"SurpressingFire","floor":10},{"not_picked":["Starlight","Defy"],"picked":"Sabotage","floor":12},{"not_picked":["FlawlessForm","Dilation"],"picked":"MurderousAura","floor":16},{"not_picked":["GearUp+1","Replace"],"picked":"SurpressingFire","floor":18},{"not_picked":["DoubleEdge","DualDimension"],"picked":"FastForward","floor":19},{"not_picked":["Replace","Defy"],"picked":"Foresight+1","floor":21},{"not_picked":["Replace","Unruled"],"picked":"FastForward","floor":22},{"not_picked":["Reset+1","Rearm"],"picked":"Starlight","floor":23}],"player_experience":159759,"relics_obtained":[{"floor":9,"key":"Unceasing Top"},{"floor":12,"key":"Odd Mushroom"},{"floor":23,"key":"Ice Cream"},{"floor":26,"key":"Mercury Hourglass"}],"event_choices":[{"damage_healed":0,"gold_gain":0,"player_choice":"Lose Max HP","damage_taken":0,"relics_obtained":["Golden Idol"],"max_hp_gain":0,"max_hp_loss":5,"event_name":"Golden Idol","floor":3,"gold_loss":0},{"cards_removed":["Decay"],"damage_healed":0,"gold_gain":0,"player_choice":"Card Removal","damage_taken":0,"max_hp_gain":0,"max_hp_loss":0,"event_name":"The Cleric","floor":4,"gold_loss":50},{"damage_healed":0,"gold_gain":0,"cards_transformed":["Strike_S"],"player_choice":"Change","damage_taken":0,"max_hp_gain":0,"max_hp_loss":0,"event_name":"Living Wall","floor":5,"gold_loss":0,"cards_obtained":["ShiftingGears"]},{"damage_healed":0,"gold_gain":0,"player_choice":"Fought Mushrooms","damage_taken":0,"max_hp_gain":0,"max_hp_loss":0,"event_name":"Mushrooms","floor":12,"gold_loss":0},{"damage_healed":30,"gold_gain":0,"player_choice":"Embrace Burn","damage_taken":0,"max_hp_gain":0,"max_hp_loss":60,"event_name":"betterThird:BetterShining","floor":14,"gold_loss":0},{"damage_healed":0,"gold_gain":75,"player_choice":"Touch","damage_taken":6,"max_hp_gain":0,"max_hp_loss":0,"event_name":"FaceTrader","floor":20,"gold_loss":0},{"damage_healed":0,"gold_gain":0,"player_choice":"Gave Potion","damage_taken":0,"relics_obtained":["Omamori"],"max_hp_gain":0,"max_hp_loss":0,"event_name":"WeMeetAgain","floor":25,"gold_loss":0}],"is_beta":false,"boss_relics":[{"not_picked":["SacredBark","Runic Dome"],"picked":"Runesmith:UraniumAnvil"}],"items_purged_floors":[],"is_endless":false,"potions_floor_spawned":[7,10,16,19],"killed_by":"Cultist and Chosen","ascension_level":0}}