{"host":"kjmsjq3kpb3v9rdj","time":1607895922,"event":{"mods":["Aspiration","BaseMod","CCEM","Colored Powertips","Conspire","Downfall","GifTheSpireLib","Halation","Highlight Path","Hubris","Ironclad Rager","Minty Spire (QoL Compilation)","Quick Restart","Relic Sorter","Small Relic Pack","Spicy Shops","Spikes Relics","StSLib","Stuff the Spire","The Blue Laboratory","The Disciple","The Necromancer","The Runesmith","The Showman","Trackpad","vexMod"],"gold_per_floor":[99,118,118,136,151,151,151,76,103,103,13,27,42,61,71,172,172,97,126,126,143,143,171,171,197,197,224,240,254,269,43,56,158,158,83,109,138,47,47,66,66,66,66,101,23,35,35,49,62,62,62,97,20,20,20],"floor_reached":56,"playtime":3812,"items_purged":[],"score":1719,"play_id":"fbe05e4f-de7c-4793-8679-6c785d97e7ab","local_time":"20201213134522","is_ascension_mode":true,"campfire_choices":[{"data":"Eruption","floor":1,"key":"SMITH"},{"data":"ReachHeaven","floor":8,"key":"SMITH"},{"floor":10,"key":"RECALL"},{"floor":26,"key":"REST"},{"data":"BattleHymn","floor":39,"key":"SMITH"},{"floor":43,"key":"REST"},{"data":"Crescendo","floor":54,"key":"SMITH"}],"circlet_count":0,"master_deck":["conspire:GhostlyStrike","conspire:GhostlyStrike","conspire:GhostlyStrike","conspire:GhostlyStrike","conspire:GhostlyDefend","conspire:GhostlyDefend","conspire:GhostlyDefend","Vigilance","CutThroughFate","EmptyFist","ReachHeaven+1","Eruption+1","CutThroughFate","Judgement","Crescendo+1","FlurryOfBlows","CarveReality","CutThroughFate","EmptyFist+1","WheelKick","MentalFortress","Consecrate","Prostrate","ClearTheMind","Ragnarok","CurseOfTheBell","EmptyBody+1","BattleHymn+1","Conclude","FlurryOfBlows","JustLucky+1"],"relics":["VioletLotus","halation:VictoryRuler","halation:TrafficLight","vexMod:BarristanHead","downfall:HeartBlessingBlue","StuffTheSpire:Mouthbags","aspiration:ArtOfWarUpgrade","Busted Crown","downfall:HeartBlessingRed","WingedGreaves","trackpad:ByrdBGone","hubris:SphereOfDissonance","trackpad:AdjectivePendant","Calling Bell","StuffTheSpire:Barrel","Darkstone Periapt","Thread and Needle","downfall:HeartBlessingGreen","trackpad:IceCube","trackpad:BottledTsunami","conspire:DeflatedDodgeball","halation:KoshaPiece","hubris:DisguiseKit","vexMod:Spyglass"],"acts_visited":["Exordium","TheCity","TheBeyond","TheEnding"],"potions_floor_usage":[11,16,19,27,29,30,33,33,44,50,50,55],"damage_taken":[{"damage":0,"enemies":"Cultist","floor":2,"turns":2},{"damage":0,"enemies":"Small Slimes","floor":4,"turns":2},{"damage":0,"enemies":"Jaw Worm","floor":5,"turns":2},{"damage":10,"enemies":"3 Sentries","floor":9,"turns":3},{"damage":5,"enemies":"downfall:FleeingMerchant","floor":11,"turns":4},{"damage":22,"enemies":"Exordium Thugs","floor":12,"turns":3},{"damage":0,"enemies":"Lots of Slimes","floor":13,"turns":2},{"damage":13,"enemies":"Blue Slaver","floor":14,"turns":2},{"damage":0,"enemies":"Large Slime","floor":15,"turns":2},{"damage":0,"enemies":"Slime Boss","floor":16,"turns":4},{"damage":15,"enemies":"Book of Stabbing","floor":19,"turns":3},{"damage":12,"enemies":"Chosen","floor":21,"turns":2},{"damage":0,"enemies":"conspire:Head Lice","floor":23,"turns":2},{"damage":56,"enemies":"Slavers","floor":25,"turns":3},{"damage":18,"enemies":"Gremlin Leader","floor":27,"turns":3},{"damage":0,"enemies":"Centurion and Healer","floor":28,"turns":2},{"damage":0,"enemies":"Cultist and Chosen","floor":29,"turns":2},{"damage":12,"enemies":"Snake Plant","floor":30,"turns":3},{"damage":8,"enemies":"downfall:FleeingMerchant","floor":31,"turns":3},{"damage":8,"enemies":"Shelled Parasite and Fungi","floor":32,"turns":2},{"damage":0,"enemies":"downfall:Watcher","floor":33,"turns":2},{"damage":9,"enemies":"Giant Head","floor":36,"turns":3},{"damage":32,"enemies":"conspire:MimicChest","floor":37,"turns":3},{"damage":25,"enemies":"3 Shapes","floor":40,"turns":2},{"damage":21,"enemies":"Reptomancer","floor":44,"turns":4},{"damage":3,"enemies":"3 Darklings","floor":46,"turns":2},{"damage":18,"enemies":"Sphere and 2 Shapes","floor":48,"turns":2},{"damage":6,"enemies":"Maw","floor":49,"turns":3},{"damage":0,"enemies":"downfall:Defect","floor":50,"turns":2},{"damage":0,"enemies":"downfall:CharBossMerchant","floor":52,"turns":3},{"damage":79,"enemies":"downfall:NeowBoss","floor":55,"turns":17}],"seed_played":"-6179140984835550415","potions_obtained":[{"floor":4,"key":"Strength Potion"},{"floor":9,"key":"Weak Potion"},{"floor":14,"key":"Block Potion"},{"floor":21,"key":"blueLaboratory:FrostheartPotion"},{"floor":25,"key":"Fire Potion"},{"floor":27,"key":"blueLaboratory:Moonshine"},{"floor":28,"key":"DistilledChaos"},{"floor":32,"key":"Swift Potion"},{"floor":37,"key":"blueLaboratory:PhilterOfMotion"},{"floor":49,"key":"Fire Potion"}],"is_trial":false,"path_per_floor":["R","M","?","M","M","?","T","R","E","R","$","M","M","M","M","B",null,"R","E","?","M","R","E","T","E","R","E","M","M","M","$","M","B",null,"R","E","?","$","R","M","T","?","R","E","$","M","$","M","M","B",null,"E","$","R","B",null],"character_chosen":"WATCHER","items_purchased":["Art of War","trackpad:AdjectivePendant","halation:TrafficLight","BattleHymn","Swift Potion","StancePotion","vexMod:Spyglass"],"campfire_rested":2,"item_purchase_floors":[11,31,31,38,38,45,53],"current_hp_per_floor":[72,72,65,65,65,65,65,75,65,65,60,38,38,25,25,25,82,82,67,92,80,80,80,80,24,51,33,33,33,21,13,5,5,92,92,83,51,51,51,34,34,34,61,40,40,45,45,35,37,37,92,92,92,92,21],"gold":20,"neow_bonus":"BOSS_RELIC","is_daily":false,"chose_seed":false,"campfire_upgraded":4,"win_rate":0.0,"timestamp":1607895922,"path_taken":["R","?","?","M","M","?","T","R","E","R","$","M","M","M","M","BOSS","R","E","?","?","R","E","T","E","R","E","M","M","M","$","M","BOSS","R","E","?","$","R","M","T","?","R","E","$","M","$","?","M","BOSS","E","$","R","BOSS"],"items_purchased_type":["Relic","Relic","Relic","Card","Potion","Potion","Relic"],"build_version":"2020-11-30","purchased_purges":0,"victory":true,"max_hp_per_floor":[72,72,72,72,72,72,72,82,82,82,82,82,82,82,82,82,82,82,82,92,92,92,92,92,92,92,92,92,92,92,92,92,92,92,92,92,92,92,92,92,92,92,92,92,92,92,92,92,92,92,92,92,92,92,92],"card_choices":[{"not_picked":["Adaptation","Consecrate"],"picked":"CutThroughFate","floor":2},{"not_picked":["Study","CutThroughFate"],"picked":"EmptyFist","floor":4},{"not_picked":["FlurryOfBlows","Prostrate"],"picked":"ReachHeaven","floor":5},{"not_picked":["LessonLearned","Omniscience"],"picked":"CutThroughFate","floor":9},{"not_picked":["BowlingBash","FollowUp"],"picked":"Judgement","floor":11},{"not_picked":["DeceiveReality","Protect"],"picked":"Crescendo","floor":12},{"not_picked":["Crescendo","FollowUp"],"picked":"FlurryOfBlows","floor":13},{"not_picked":["FlurryOfBlows","Protect","JustLucky"],"picked":"SKIP","floor":14},{"not_picked":["Sanctity","Halt"],"picked":"CarveReality","floor":15},{"not_picked":["Vault","LessonLearned"],"picked":"MasterReality","floor":16},{"not_picked":[],"picked":"CutThroughFate","floor":19},{"not_picked":["FlyingSleeves"],"picked":"SKIP","floor":21},{"not_picked":[],"picked":"EmptyFist+1","floor":23},{"not_picked":[],"picked":"WheelKick","floor":25},{"not_picked":[],"picked":"MentalFortress","floor":27},{"not_picked":["Swivel"],"picked":"SKIP","floor":28},{"not_picked":[],"picked":"Consecrate","floor":29},{"not_picked":[],"picked":"Prostrate","floor":30},{"not_picked":["ReachHeaven"],"picked":"SKIP","floor":31},{"not_picked":[],"picked":"ClearTheMind","floor":32},{"not_picked":[],"picked":"Ragnarok","floor":33},{"not_picked":[],"picked":"Fasting2","floor":36},{"not_picked":[],"picked":"EmptyBody+1","floor":37},{"not_picked":["FollowUp"],"picked":"SKIP","floor":40},{"not_picked":["SignatureMove+1"],"picked":"SKIP","floor":44},{"not_picked":[],"picked":"FlurryOfBlows","floor":46},{"not_picked":["Pray"],"picked":"SKIP","floor":48},{"not_picked":[],"picked":"JustLucky+1","floor":49},{"not_picked":["Fasting2"],"picked":"SKIP","floor":52}],"player_experience":447469,"relics_obtained":[{"floor":9,"key":"StuffTheSpire:Mouthbags"},{"floor":19,"key":"WingedGreaves"},{"floor":23,"key":"vexMod:BarristanHead"},{"floor":24,"key":"halation:VictoryRuler"},{"floor":25,"key":"trackpad:ByrdBGone"},{"floor":27,"key":"hubris:SphereOfDissonance"},{"floor":34,"key":"StuffTheSpire:Barrel"},{"floor":34,"key":"Darkstone Periapt"},{"floor":34,"key":"Thread and Needle"},{"floor":36,"key":"trackpad:IceCube"},{"floor":37,"key":"trackpad:BottledTsunami"},{"floor":41,"key":"conspire:DeflatedDodgeball"},{"floor":44,"key":"halation:KoshaPiece"},{"floor":52,"key":"hubris:DisguiseKit"}],"event_choices":[{"cards_removed":["Defend_P"],"damage_healed":0,"gold_gain":0,"player_choice":"Card Removal","damage_taken":7,"max_hp_gain":0,"max_hp_loss":0,"event_name":"Golden Wing","floor":3,"gold_loss":0},{"damage_healed":0,"gold_gain":0,"player_choice":"Agree","damage_taken":0,"max_hp_gain":0,"max_hp_loss":0,"event_name":"conspire:LoneGhost","floor":6,"gold_loss":0},{"cards_removed":["MasterReality"],"damage_healed":15,"gold_gain":0,"player_choice":"Offered Rare","damage_taken":0,"max_hp_gain":10,"max_hp_loss":0,"event_name":"Bonfire Elementals","floor":20,"gold_loss":0},{"damage_healed":0,"gold_gain":0,"cards_transformed":["Fasting2"],"player_choice":"Transformed","damage_taken":0,"max_hp_gain":0,"max_hp_loss":0,"event_name":"Transmorgrifier","floor":42,"gold_loss":0,"cards_obtained":["Conclude"]}],"is_beta":false,"boss_relics":[{"not_picked":["CCEMRelics:GreenEgg","CosmicIsotope"],"picked":"Busted Crown"},{"not_picked":["halation:CatFaceCupcake","Black Star"],"picked":"Calling Bell"}],"items_purged_floors":[],"is_endless":false,"potions_floor_spawned":[4,9,14,21,25,27,28,32,37,49],"ascension_level":3}}