{"host":"2461dio7vetlq1z3","time":1607870747,"event":{"mods":["AchievementEnabler","Aspiration","BaseMod","Hermit","Lobotomy","Minty Spire (QoL Compilation)","Relic Stats","Spicy Shops","StSLib","Waifu the Spire"],"gold_per_floor":[160,22,22,48,67,67,17,43,43,43,71,71,84,94,94,166,166,182,182,182,198,45,74,74,89,89,89,115,128,142,174,174,249,249,265,265,275,1,13,38,38,52,100,120,120,149,67,82,82,82,82,82,4,35,35],"floor_reached":56,"playtime":3708,"items_purged":["Parasite"],"score":1865,"play_id":"7f9bc648-fbd7-438f-877c-07961149f421","local_time":"20201213154547","is_ascension_mode":true,"campfire_choices":[{"data":"Neutralize","floor":6,"key":"SMITH"},{"data":"Glass Knife","floor":10,"key":"SMITH"},{"floor":15,"key":"REST"},{"data":"True Grit","floor":24,"key":"SMITH"},{"data":"Malaise","floor":27,"key":"SMITH"},{"data":"Uppercut","floor":32,"key":"SMITH"},{"data":"Burst","floor":41,"key":"SMITH"},{"data":"Leg Sweep","floor":45,"key":"SMITH"},{"floor":49,"key":"RECALL"},{"data":"Phantasmal Killer","floor":52,"key":"SMITH"}],"circlet_count":0,"master_deck":["AscendersBane","Strike_G+1","Strike_G+1","Strike_G+1","Defend_G+1","Defend_G+1","Defend_G+1","Defend_G+1","Defend_G+1","Neutralize+1","Masterful Stab","Leg Sweep+1","Escape Plan","Heel Hook","Glass Knife+1","Dagger Throw","Noxious Fumes","Phantasmal Killer+1","True Grit+1","Malaise+1","Reaper","Calculated Gamble+1","Headbutt","Uppercut+1","Dropkick","Brutality","Burst+1","Uppercut+1","Finisher","Backflip","Battle Trance","Heel Hook","Finesse"],"relics":["Tiny House","Happy Flower","Ancient Tea Set","Regal Pillow","Akabeko","Sundial","aspiration:IroncladSkillbook","Chemical X","Bag of Marbles","Unceasing Top","Lantern","aspiration:ChemicalBlood","Cursed Key","Membership Card","Shuriken","Bottled Tornado","FossilizedHelix","Torii","Bird Faced Urn"],"acts_visited":["Exordium","TheCity","TheBeyond","TheEnding"],"potions_floor_usage":[8,28,31,33,33,39,40,55,55,55,55,55],"damage_taken":[{"damage":9,"enemies":"Small Slimes","floor":1,"turns":4},{"damage":2,"enemies":"Jaw Worm","floor":5,"turns":4},{"damage":8,"enemies":"3 Sentries","floor":8,"turns":15},{"damage":12,"enemies":"Gremlin Nob","floor":11,"turns":5},{"damage":0,"enemies":"Cultist","floor":13,"turns":1},{"damage":0,"enemies":"Large Slime","floor":14,"turns":4},{"damage":6,"enemies":"Slime Boss","floor":16,"turns":10},{"damage":0,"enemies":"Spheric Guardian","floor":18,"turns":2},{"damage":0,"enemies":"Chosen","floor":21,"turns":3},{"damage":2,"enemies":"Gremlin Leader","floor":23,"turns":8},{"damage":3,"enemies":"Centurion and Healer","floor":25,"turns":6},{"damage":12,"enemies":"Slavers","floor":28,"turns":7},{"damage":0,"enemies":"Snake Plant","floor":29,"turns":4},{"damage":2,"enemies":"Chosen and Byrds","floor":30,"turns":6},{"damage":7,"enemies":"Gremlin Leader","floor":31,"turns":9},{"damage":61,"enemies":"Automaton","floor":33,"turns":11},{"damage":0,"enemies":"3 Shapes","floor":35,"turns":5},{"damage":8,"enemies":"Orb Walker","floor":37,"turns":2},{"damage":10,"enemies":"3 Darklings","floor":39,"turns":6},{"damage":60,"enemies":"Nemesis","floor":40,"turns":11},{"damage":0,"enemies":"Sphere and 2 Shapes","floor":42,"turns":9},{"damage":34,"enemies":"Jaw Worm Horde","floor":44,"turns":6},{"damage":21,"enemies":"Reptomancer","floor":46,"turns":6},{"damage":22,"enemies":"4 Shapes","floor":48,"turns":7},{"damage":34,"enemies":"Time Eater","floor":50,"turns":11},{"damage":7,"enemies":"Shield and Spear","floor":54,"turns":6},{"damage":53,"enemies":"The Heart","floor":55,"turns":11}],"seed_played":"-1932248222038493865","potions_obtained":[{"floor":0,"key":"EssenceOfSteel"},{"floor":1,"key":"Weak Potion"},{"floor":14,"key":"SpeedPotion"},{"floor":16,"key":"Poison Potion"},{"floor":18,"key":"PowerPotion"},{"floor":28,"key":"DistilledChaos"},{"floor":33,"key":"Ancient Potion"},{"floor":33,"key":"PowerPotion"},{"floor":39,"key":"Regen Potion"},{"floor":39,"key":"GhostInAJar"},{"floor":40,"key":"FairyPotion"},{"floor":48,"key":"GhostInAJar"}],"is_trial":false,"path_per_floor":["M","$","?","T","M","R","?","E","T","R","E","?","M","M","R","B",null,"M","?","?","M","$","E","R","M","T","R","E","M","M","E","R","B",null,"M","?","M","$","M","E","R","M","T","M","R","E","$","M","R","B",null,"R","$","E","B",null],"character_chosen":"THE_SILENT","items_purchased":["Escape Plan","Chemical X","Membership Card","Shuriken","Finesse","Torii"],"campfire_rested":1,"item_purchase_floors":[2,22,38,38,47,53],"current_hp_per_floor":[55,55,48,48,46,46,46,38,38,38,26,23,23,23,59,53,67,71,71,71,71,71,71,71,71,71,71,71,71,71,68,68,23,59,71,71,68,68,71,45,45,49,49,47,47,55,55,57,57,38,61,61,61,68,49],"gold":35,"neow_bonus":"BOSS_RELIC","is_daily":false,"chose_seed":false,"campfire_upgraded":8,"win_rate":0.0,"timestamp":1607870747,"path_taken":["M","$","?","?","?","R","?","E","T","R","E","?","M","M","R","BOSS","M","?","?","M","$","E","R","?","T","R","E","M","M","E","R","BOSS","M","?","M","$","M","E","R","M","T","M","R","E","$","M","R","BOSS","R","$","E","BOSS"],"items_purchased_type":["Card","Relic","Relic","Relic","Card","Relic"],"build_version":"2020-11-30","purchased_purges":1,"victory":true,"max_hp_per_floor":[71,71,71,71,71,71,71,71,71,71,71,71,71,71,71,71,71,71,71,71,71,71,71,71,71,71,71,71,71,71,71,71,71,71,71,71,71,71,71,71,71,71,71,71,71,71,68,68,68,68,68,68,68,68,68],"relic_stats":{"Regal Pillow":15,"Happy Flower":[58],"Torii":66,"counters":[27,179],"Sundial":[20],"Shuriken":[31],"Bird Faced Urn":[0],"Chemical X":[21],"Cursed Key":1,"obtain_stats":[{"Regal Pillow":9,"Lantern":28,"Tiny House":0,"Happy Flower":4,"Torii":53,"Bottled Tornado":40,"Ancient Tea Set":8,"Cursed Key":34,"Akabeko":11,"aspiration:IroncladSkillbook":17,"Sundial":12,"Shuriken":38,"Bird Faced Urn":54,"Bag of Marbles":23,"Chemical X":22,"Membership Card":38,"Unceasing Top":26,"FossilizedHelix":46,"Ring of the Snake":0,"aspiration:ChemicalBlood":31},{"Regal Pillow":3,"Lantern":12,"Tiny House":0,"Happy Flower":1,"Torii":25,"Bottled Tornado":20,"Ancient Tea Set":3,"Cursed Key":16,"Akabeko":4,"aspiration:IroncladSkillbook":7,"Sundial":4,"Shuriken":18,"Bird Faced Urn":26,"Bag of Marbles":10,"Chemical X":9,"Membership Card":18,"Unceasing Top":11,"FossilizedHelix":23,"Ring of the Snake":0,"aspiration:ChemicalBlood":15},{"Regal Pillow":23,"Lantern":69,"Tiny House":0,"Happy Flower":4,"Torii":162,"Bottled Tornado":123,"Ancient Tea Set":23,"Cursed Key":99,"Akabeko":28,"aspiration:IroncladSkillbook":43,"Sundial":28,"Shuriken":106,"Bird Faced Urn":168,"Bag of Marbles":56,"Chemical X":48,"Membership Card":106,"Unceasing Top":62,"FossilizedHelix":144,"Ring of the Snake":0,"aspiration:ChemicalBlood":88}],"Unceasing Top":[25]},"card_choices":[{"not_picked":["Bouncing Flask","Underhanded Strike"],"picked":"Masterful Stab","floor":0},{"not_picked":["Catalyst","Tactician"],"picked":"Leg Sweep","floor":1},{"not_picked":["Bane","Prepared"],"picked":"Heel Hook","floor":5},{"not_picked":["Bouncing Flask","Flying Knee"],"picked":"Glass Knife","floor":8},{"not_picked":["Masterful Stab","Sucker Punch","Underhanded Strike"],"picked":"SKIP","floor":11},{"not_picked":["Flying Knee","Slice"],"picked":"Dagger Throw","floor":13},{"not_picked":["Outmaneuver","PiercingWail"],"picked":"Noxious Fumes","floor":14},{"not_picked":["Tools of the Trade","Venomology"],"picked":"Phantasmal Killer","floor":16},{"not_picked":["Slice","Intimidate","Cloak And Dagger"],"picked":"True Grit","floor":18},{"not_picked":["Seeing Red+1","Setup","Prepared","Warcry"],"picked":"SKIP","floor":21},{"not_picked":["Iron Wave","Poisoned Stab+1","Blood for Blood"],"picked":"Reaper","floor":23},{"not_picked":["True Grit","Twin Strike","Wild Strike"],"picked":"Calculated Gamble+1","floor":25},{"not_picked":["Flex","Reflex","Pommel Strike"],"picked":"Headbutt","floor":28},{"not_picked":["Masterful Stab","Heavy Blade","Havoc"],"picked":"Uppercut","floor":29},{"not_picked":["Rage","Clothesline","Prepared"],"picked":"Dropkick","floor":30},{"not_picked":["Deadly Poison","Reckless Charge","Quick Slash"],"picked":"Brutality","floor":31},{"not_picked":["Corpse Explosion","Wraith Form v2","Unload"],"picked":"Burst","floor":33},{"not_picked":["Perfected Strike","Cloak And Dagger+1","Searing Blow"],"picked":"Uppercut+1","floor":35},{"not_picked":["Havoc+1","Carnage","Finisher","Clash"],"picked":"SKIP","floor":37},{"not_picked":["Havoc+1","Carnage","Clash"],"picked":"Finisher","floor":37},{"not_picked":["Entrench","Slice+1","Catalyst+1"],"picked":"Backflip","floor":39},{"not_picked":["Flex","Poisoned Stab","Warcry"],"picked":"Battle Trance","floor":40},{"not_picked":["Cloak And Dagger","Flex","Poisoned Stab"],"picked":"Heel Hook","floor":42},{"not_picked":["Blade Dance","Berserk","Searing Blow","Dark Embrace"],"picked":"SKIP","floor":44},{"not_picked":["Fire Breathing","Masterful Stab+1","Bane","Choke"],"picked":"SKIP","floor":46},{"not_picked":["Quick Slash+1","Uppercut","Clothesline","Heavy Blade"],"picked":"SKIP","floor":48},{"not_picked":["Perfected Strike+1","Havoc+1","Reflex","Underhanded Strike+1"],"picked":"SKIP","floor":54},{"not_picked":["Perfected Strike+1","Havoc+1","Reflex","Underhanded Strike+1"],"picked":"SKIP","floor":54}],"player_experience":676491,"relics_obtained":[{"floor":4,"key":"Happy Flower"},{"floor":8,"key":"Ancient Tea Set"},{"floor":9,"key":"Regal Pillow"},{"floor":11,"key":"Akabeko"},{"floor":23,"key":"Bag of Marbles"},{"floor":26,"key":"Unceasing Top"},{"floor":28,"key":"Lantern"},{"floor":31,"key":"aspiration:ChemicalBlood"},{"floor":40,"key":"Bottled Tornado"},{"floor":46,"key":"FossilizedHelix"},{"floor":54,"key":"Bird Faced Urn"}],"event_choices":[{"cards_removed":["Strike_G"],"damage_healed":0,"gold_gain":0,"player_choice":"Card Removal","damage_taken":7,"max_hp_gain":0,"max_hp_loss":0,"event_name":"Golden Wing","floor":3,"gold_loss":0},{"cards_removed":["Strike_G"],"damage_healed":0,"gold_gain":0,"player_choice":"Card Removal","damage_taken":0,"max_hp_gain":0,"max_hp_loss":0,"event_name":"The Cleric","floor":7,"gold_loss":50},{"damage_healed":0,"gold_gain":0,"player_choice":"Success","damage_taken":3,"relics_obtained":["Sundial"],"max_hp_gain":0,"max_hp_loss":0,"event_name":"Scrap Ooze","floor":12,"gold_loss":0},{"damage_healed":0,"gold_gain":0,"player_choice":"Read","damage_taken":0,"max_hp_gain":0,"max_hp_loss":0,"event_name":"The Library","floor":19,"gold_loss":0,"cards_obtained":["Malaise"]},{"damage_healed":0,"gold_gain":0,"player_choice":"Simplicity","damage_taken":0,"max_hp_gain":0,"max_hp_loss":0,"event_name":"Back to Basics","floor":20,"gold_loss":0,"cards_upgraded":["Strike_G","Strike_G","Defend_G","Defend_G","Defend_G","Defend_G","Defend_G"]},{"cards_removed":["Survivor"],"damage_healed":0,"gold_gain":0,"player_choice":"Removed Skill","damage_taken":0,"max_hp_gain":0,"max_hp_loss":0,"event_name":"Falling","floor":36,"gold_loss":0}],"is_beta":false,"boss_relics":[{"not_picked":["Snecko Eye","aspiration:FutureDiary"],"picked":"aspiration:IroncladSkillbook"},{"not_picked":["Fusion Hammer","Busted Crown"],"picked":"Cursed Key"}],"items_purged_floors":[47],"is_endless":false,"potions_floor_spawned":[1,14,16,18,23,25,28,39,40,46],"ascension_level":14}}