{"host":"4pmzrw6j7p9u06vv","time":1607896421,"event":{"mods":["BaseMod","BetterRewards","Downfall","MarisaÅiñ∂âJÅ@ñÇóùçπÅj","Minty Spire (QoL Compilation)","Replay The Spire","StSLib","The Disciple","The Jungle"],"gold_per_floor":[117,117,132,152,164,164,10,74,74,74,22,37,37,71,71,173,173,183,196,210,135,154,124,124,157,181,207,207,207,132,150,150,267,267,277,312,312,328,328],"floor_reached":38,"playtime":3942,"items_purged":["Writhe"],"score":396,"play_id":"e41f406f-88d9-43ca-96bf-50d2b055369f","local_time":"20201213185341","is_ascension_mode":false,"campfire_choices":[{"floor":6,"key":"REST"},{"data":"Searing Blow+2","floor":13,"key":"SMITH"},{"data":"Searing Blow+3","floor":15,"key":"SMITH"},{"data":"Searing Blow+4","floor":24,"key":"SMITH"},{"floor":29,"key":"REST"},{"floor":32,"key":"REST"}],"circlet_count":0,"master_deck":["Strike_R","Strike_R","Strike_R","Strike_R","Defend_R","Defend_R","Defend_R","Defend_R","Bash","Searing Blow+5","Double Tap+1","Intimidate","Hemogenesis"],"relics":["SacredBark","Guide Book","Blue Doll","Garlic","Philosopher\u0027s Stone","Replay:Bandana","Bag of Marbles","Juzu Bracelet","Busted Crown"],"acts_visited":["Exordium","TheCity","TheBeyond"],"potions_floor_usage":[14,16,16,18,24,33,33,35,36],"damage_taken":[{"damage":5.0,"enemies":"Small Slimes","floor":1.0,"turns":4.0},{"damage":5.0,"enemies":"Cultist","floor":3.0,"turns":4.0},{"damage":15.0,"enemies":"Jaw Worm","floor":4.0,"turns":4.0},{"damage":19.0,"enemies":"Blue Slaver","floor":5.0,"turns":3.0},{"damage":4,"enemies":"3 Louse","floor":12,"turns":3},{"damage":4,"enemies":"3 Sentries","floor":14,"turns":3},{"damage":48,"enemies":"Fading Forest","floor":16,"turns":11},{"damage":12,"enemies":"2 Thieves","floor":18,"turns":1},{"damage":1,"enemies":"Chosen","floor":19,"turns":3},{"damage":18,"enemies":"3 Cultists","floor":20,"turns":6},{"damage":34,"enemies":"Cultist and Chosen","floor":22,"turns":5},{"damage":19,"enemies":"Replay:Snechameleon","floor":25,"turns":4},{"damage":2,"enemies":"Snecko","floor":27,"turns":3},{"damage":10,"enemies":"Snake Plant","floor":31,"turns":2},{"damage":38,"enemies":"Automaton","floor":33,"turns":5},{"damage":20,"enemies":"3 Darklings","floor":35,"turns":3},{"damage":1,"enemies":"Orb Walker","floor":36,"turns":3},{"damage":78,"enemies":"Awakened One","floor":38,"turns":6}],"seed_played":"-3899215702261378000","potions_obtained":[{"floor":1.0,"key":"SpeedPotion"},{"floor":3.0,"key":"SteroidPotion"},{"floor":14,"key":"Slimebound:ThreeZeroPotion"},{"floor":18,"key":"BloodPotion"},{"floor":23,"key":"CultistPotion"},{"floor":23,"key":"SmokeBomb"},{"floor":25,"key":"champ:CounterPotion"},{"floor":33,"key":"Strength Potion"},{"floor":36,"key":"SmokeBomb"}],"is_trial":false,"path_per_floor":["M","?","M","M","M","R","$","?","T","?","$","M","R","E","R","B",null,"M","M","M","?","M","?","R","E","T","M","?","R","$","M","R","B",null,"M","M","?","B"],"character_chosen":"IRONCLAD","items_purchased":["Guide Book","AttackPotion"],"campfire_rested":3,"item_purchase_floors":[7,11],"current_hp_per_floor":[75,67,62,47,28,52,52,52,52,52,52,48,48,44,44,22,80,68,67,49,49,15,15,47,28,28,26,26,50,50,40,64,26,80,60,69,69,0,0],"gold":328,"neow_bonus":"BOSS_RELIC","is_daily":false,"chose_seed":false,"campfire_upgraded":3,"win_rate":0.0,"timestamp":1607896421,"path_taken":["M","?","?","M","?","R","$","?","T","?","?","M","R","E","R","BOSS","M","M","M","?","M","?","R","E","T","?","?","R","$","M","R","BOSS","M","M","?","BOSS"],"items_purchased_type":["Relic","Potion"],"build_version":"2020-11-30","purchased_purges":1,"victory":false,"max_hp_per_floor":[80,80,80,80,80,80,80,80,80,80,80,80,80,80,80,80,80,80,80,80,80,80,80,80,80,80,80,80,80,80,80,80,80,80,80,80,80,80,80],"card_choices":[{"not_picked":["Warcry","ReplayTheSpireMod:Strike From Hell","Body Slam"],"picked":"SKIP","floor":1.0},{"not_picked":["Cleave","Headbutt"],"picked":"Searing Blow","floor":3.0},{"not_picked":["Twin Strike","Clash","Flex"],"picked":"SKIP","floor":4.0},{"not_picked":["Shockwave","Flex"],"picked":"Double Tap","floor":5},{"not_picked":["Clash","ReplayTheSpireMod:Corrosion Curse","Entrench"],"picked":"SKIP","floor":12},{"not_picked":["Metallicize","Clothesline","Sword Boomerang"],"picked":"SKIP","floor":14},{"not_picked":["Perfected Strike","Warcry+1","Reckless Charge"],"picked":"SKIP","floor":18},{"not_picked":["Rupture","Searing Blow","Cleave"],"picked":"SKIP","floor":19},{"not_picked":["Armaments","Pummel","Reckless Charge"],"picked":"SKIP","floor":20},{"not_picked":["Whirlwind+1","Pommel Strike+1"],"picked":"Intimidate","floor":22},{"not_picked":["Feel No Pain","Uppercut","Pummel"],"picked":"SKIP","floor":25},{"not_picked":["Rupture","Pommel Strike+1","ReplayTheSpireMod:Strike From Hell+1"],"picked":"SKIP","floor":27},{"not_picked":["Headbutt","Dropkick","True Grit+1"],"picked":"SKIP","floor":31},{"not_picked":["Demonic Infusion","Impervious"],"picked":"Hemogenesis","floor":33},{"not_picked":["Dual Wield+1"],"picked":"SKIP","floor":36}],"player_experience":7137,"relics_obtained":[{"floor":9,"key":"Blue Doll"},{"floor":14,"key":"Garlic"},{"floor":25,"key":"Replay:Bandana"},{"floor":26,"key":"Bag of Marbles"}],"event_choices":[{"damage_healed":0.0,"max_hp_gain":0.0,"max_hp_loss":0.0,"gold_gain":0.0,"event_name":"Wheel of Change","player_choice":"Damaged","floor":2.0,"gold_loss":0.0,"damage_taken":8.0},{"damage_healed":0,"gold_gain":64,"player_choice":"Gained Gold","damage_taken":0,"max_hp_gain":0,"max_hp_loss":0,"event_name":"Golden Wing","floor":8,"gold_loss":0},{"damage_healed":0,"gold_gain":0,"player_choice":"Grow","damage_taken":0,"max_hp_gain":0,"max_hp_loss":0,"event_name":"Living Wall","floor":10,"gold_loss":0,"cards_upgraded":["Searing Blow"]},{"cards_removed":["Strike_R"],"damage_healed":0,"gold_gain":0,"player_choice":"Gave Gold","damage_taken":0,"max_hp_gain":0,"max_hp_loss":0,"event_name":"Beggar","floor":21,"gold_loss":75},{"damage_healed":0,"gold_gain":0,"player_choice":"Bought 2 Potions","damage_taken":0,"max_hp_gain":0,"max_hp_loss":0,"event_name":"The Woman in Blue","floor":23,"gold_loss":0},{"damage_healed":0,"gold_gain":0,"player_choice":"Opened","damage_taken":0,"relics_obtained":["Juzu Bracelet"],"max_hp_gain":0,"max_hp_loss":0,"event_name":"The Mausoleum","floor":28,"gold_loss":0,"cards_obtained":["Writhe"]},{"damage_healed":0,"gold_gain":0,"player_choice":"Took Portal","damage_taken":0,"max_hp_gain":0,"max_hp_loss":0,"event_name":"SecretPortal","floor":37,"gold_loss":0}],"is_beta":false,"boss_relics":[{"not_picked":["Ectoplasm","Snecko Eye"],"picked":"Philosopher\u0027s Stone"},{"not_picked":["Electric Blood","Cursed Key"],"picked":"Busted Crown"}],"items_purged_floors":[30],"is_endless":false,"potions_floor_spawned":[1,3,14,18,25,33,35,36],"killed_by":"Awakened One","ascension_level":0}}