{"host":"i4eavuqabbk5mi94","time":1607864801,"event":{"mods":["BaseMod","Googly Eyes","Minty Spire (QoL Compilation)"],"gold_per_floor":[13,13,26,46,46,79,102,143,143,143,157,157,200,224,224,353,353,377,302,302,217,268,309,309,334,410,410,435,97,115,154,154,154,154],"floor_reached":33,"playtime":1909,"items_purged":["Injury","Defend_G"],"score":336,"play_id":"f19e6af1-b9eb-4214-a905-93bdac9823bf","local_time":"20201213130641","is_ascension_mode":true,"campfire_choices":[{"data":"Envenom","floor":10,"key":"SMITH"},{"floor":12,"key":"REST"},{"data":"Calculated Gamble","floor":15,"key":"SMITH"},{"data":"PiercingWail","floor":24,"key":"SMITH"},{"floor":32,"key":"REST"}],"circlet_count":0,"master_deck":["Strike_G","Strike_G","Strike_G","Strike_G","Strike_G","Defend_G","Defend_G","Defend_G","Defend_G","Survivor","Neutralize","Apotheosis+1","Dagger Spray","Envenom+1","Poisoned Stab","Backflip","Sucker Punch","PiercingWail+1","Blade Dance","A Thousand Cuts","Calculated Gamble+1","After Image","Catalyst","Burst","Bullet Time"],"relics":["Ring of the Snake","Golden Idol","Gremlin Horn","Ornamental Fan","Bottled Tornado","Black Star","Toy Ornithopter","Smiling Mask","FossilizedHelix","Potion Belt","Singing Bowl","Nloth\u0027s Gift","The Specimen","Letter Opener","Molten Egg 2"],"acts_visited":["Exordium","TheCity"],"potions_floor_usage":[16,23,28,31,31],"damage_taken":[{"damage":0,"enemies":"2 Louse","floor":1,"turns":3},{"damage":0,"enemies":"Small Slimes","floor":3,"turns":2},{"damage":0,"enemies":"Cultist","floor":4,"turns":4},{"damage":10,"enemies":"3 Sentries","floor":6,"turns":8},{"damage":3,"enemies":"Exordium Wildlife","floor":7,"turns":4},{"damage":15,"enemies":"Lagavulin","floor":8,"turns":7},{"damage":1,"enemies":"Blue Slaver","floor":11,"turns":4},{"damage":1,"enemies":"3 Sentries","floor":13,"turns":5},{"damage":0,"enemies":"Large Slime","floor":14,"turns":4},{"damage":4,"enemies":"Slime Boss","floor":16,"turns":7},{"damage":15,"enemies":"Spheric Guardian","floor":18,"turns":6},{"damage":4,"enemies":"Book of Stabbing","floor":23,"turns":7},{"damage":20,"enemies":"2 Thieves","floor":25,"turns":5},{"damage":0,"enemies":"Snake Plant","floor":28,"turns":5},{"damage":26,"enemies":"3 Cultists","floor":30,"turns":6},{"damage":55,"enemies":"Slavers","floor":31,"turns":7},{"damage":36,"enemies":"Automaton","floor":33,"turns":8}],"seed_played":"-8425214123032034155","potions_obtained":[{"floor":3,"key":"FairyPotion"},{"floor":6,"key":"Swift Potion"},{"floor":11,"key":"EssenceOfSteel"},{"floor":14,"key":"GhostInAJar"},{"floor":25,"key":"Block Potion"},{"floor":28,"key":"Poison Potion"},{"floor":30,"key":"Explosive Potion"}],"is_trial":false,"path_per_floor":["M","?","M","M","?","E","M","E","T","R","M","R","E","M","R","B",null,"M","$","?","?","T","E","R","M","T","?","M","$","M","E","R","B"],"character_chosen":"THE_SILENT","items_purchased":["The Specimen"],"campfire_rested":2,"item_purchase_floors":[29],"current_hp_per_floor":[70,70,70,70,70,60,57,42,42,42,41,62,61,61,61,57,70,55,55,70,70,70,66,66,46,46,46,51,51,25,10,31,0,0],"gold":154,"neow_bonus":"RANDOM_COLORLESS_2","is_daily":false,"chose_seed":false,"campfire_upgraded":3,"win_rate":0.0,"timestamp":1607864801,"path_taken":["M","?","M","M","?","E","M","E","T","R","?","R","E","M","R","BOSS","M","$","?","?","?","E","R","M","T","?","?","$","M","E","R","BOSS"],"items_purchased_type":["Relic"],"build_version":"2020-11-30","purchased_purges":2,"victory":false,"max_hp_per_floor":[70,70,70,70,70,70,70,70,70,70,70,70,70,70,70,70,70,70,70,70,70,70,70,70,70,70,70,70,70,70,72,72,72,72],"card_choices":[{"not_picked":["Thinking Ahead","Magnetism"],"picked":"Apotheosis","floor":0},{"not_picked":["Bane","Flying Knee"],"picked":"Dagger Spray","floor":1},{"not_picked":["Sucker Punch","Deflect"],"picked":"Envenom","floor":3},{"not_picked":["Deadly Poison","Deflect"],"picked":"Poisoned Stab","floor":4},{"not_picked":["Dagger Spray","Quick Slash"],"picked":"Backflip","floor":6},{"not_picked":["Prepared","Accuracy"],"picked":"Sucker Punch","floor":7},{"not_picked":["Dagger Spray","Accuracy"],"picked":"PiercingWail","floor":8},{"not_picked":["Crippling Poison","Caltrops"],"picked":"Blade Dance","floor":11},{"not_picked":["Cloak And Dagger","Flying Knee"],"picked":"A Thousand Cuts","floor":13},{"not_picked":["Flying Knee","Acrobatics"],"picked":"Calculated Gamble","floor":14},{"not_picked":["Glass Knife","Doppelganger"],"picked":"After Image","floor":16},{"not_picked":["Dagger Spray","Bouncing Flask"],"picked":"Catalyst","floor":18},{"not_picked":["Prepared","Finisher","Deflect"],"picked":"SKIP","floor":23},{"not_picked":["Flying Knee","Calculated Gamble+1","Deadly Poison+1"],"picked":"SKIP","floor":25},{"not_picked":["Caltrops","Quick Slash"],"picked":"Burst","floor":28},{"not_picked":["Outmaneuver","Noxious Fumes"],"picked":"Bullet Time","floor":30},{"not_picked":["Phantasmal Killer","Choke+1","After Image"],"picked":"Singing Bowl","floor":31}],"player_experience":321733,"relics_obtained":[{"floor":6,"key":"Gremlin Horn"},{"floor":8,"key":"Ornamental Fan"},{"floor":9,"key":"Bottled Tornado"},{"floor":13,"key":"Art of War"},{"floor":22,"key":"Smiling Mask"},{"floor":23,"key":"FossilizedHelix"},{"floor":23,"key":"Potion Belt"},{"floor":26,"key":"Singing Bowl"},{"floor":31,"key":"Letter Opener"},{"floor":31,"key":"Molten Egg 2"}],"event_choices":[{"damage_healed":0,"gold_gain":0,"player_choice":"Take Wound","damage_taken":0,"relics_obtained":["Golden Idol"],"max_hp_gain":0,"max_hp_loss":0,"event_name":"Golden Idol","floor":2,"gold_loss":0,"cards_obtained":["Injury"]},{"damage_healed":0,"gold_gain":0,"player_choice":"Forge","damage_taken":0,"max_hp_gain":0,"max_hp_loss":0,"event_name":"Accursed Blacksmith","floor":5,"gold_loss":0,"cards_upgraded":["Apotheosis"]},{"damage_healed":23,"gold_gain":0,"player_choice":"Heal","damage_taken":0,"max_hp_gain":0,"max_hp_loss":0,"event_name":"The Library","floor":20,"gold_loss":0},{"damage_healed":0,"gold_gain":0,"player_choice":"Obtained Relic","damage_taken":0,"relics_obtained":["Toy Ornithopter"],"max_hp_gain":0,"max_hp_loss":0,"event_name":"Addict","floor":21,"gold_loss":85},{"damage_healed":0,"gold_gain":0,"player_choice":"Traded Relic","damage_taken":0,"relics_obtained":["Nloth\u0027s Gift"],"max_hp_gain":0,"max_hp_loss":0,"event_name":"N\u0027loth","floor":27,"relics_lost":["Art of War"],"gold_loss":0}],"is_beta":false,"boss_relics":[{"not_picked":["Coffee Dripper","Cursed Key"],"picked":"Black Star"}],"items_purged_floors":[19,29],"is_endless":false,"potions_floor_spawned":[3,6,11,13,14,25,28,30],"killed_by":"Automaton","ascension_level":2}}