{"host":"9544bpadt41uu5ar","time":1607845742,"event":{"mods":["Act Like it!","Aspiration","BaseMod","Conspire","Gensokyo","Hallownest","Highlight Path","KinomotoSakuraMod(木之本樱)","KomeijiMod","Luminous","Marisa（F雨　魔理沙）","Minty Spire (QoL Compilation)","Reimu（博丽灵梦）","Remilia_Scarlet Moed（蕾米莉亚・斯卡雷特）3.3.5","Remilia（蕾米莉亚）","Replay The Spire","StSLib","The Bug Knight","The Gatherer","The Hierophant","The Servant 0.9.4","WarShipGirlsR/战舰少女R mod","Youmu（魂魄妖梦）","Yuyuko","【东方二次创作】八云紫mod","【遗物卡牌】REMEMod"],"gold_per_floor":[112,112,112,128,128,160,185,196,196,221,221,256,256,283,283,381,381,398,398,398,398,798,828,900,914,914,946,946,972,982,372,372,471,471,490,490,490,28,18,47,97,127,127,58,68,68,82,115,115,219,269,288,238,238,238,238,342,442,485,515,515,515,533,533,533,564,590,590,298,325,325,341,341,446,446,463,478,496,496,239,272,298,298,329,329,341,253,264,278,338,439,439,439],"floor_reached":92,"playtime":4743,"items_purged":["Starlight","SilverBlades","Night Terror","Shame","Burn"],"score":2885,"play_id":"7a690abe-2e00-4dd6-a039-4824e2963e0a","local_time":"20201213154902","daily_mods":["SealedDeck","Vintage","Heirloom","Time Dilation","Flight","Elite Swarm"],"is_ascension_mode":true,"campfire_choices":[{"floor":15.0,"key":"DIG"},{"data":"MurderousAura","floor":28,"key":"SMITH"},{"data":"MurderousAura","floor":28,"key":"SMITH"},{"data":"FloweringNight","floor":49,"key":"SMITH"},{"data":"FloweringNight","floor":49,"key":"SMITH"},{"data":"Initiator","floor":71,"key":"PURGE"},{"floor":73,"key":"DIG"},{"floor":83,"key":"DIG"}],"circlet_count":0,"master_deck":["ShatteredReality","BottledTime+1","BottledTime+1","ShatteredReality","Alleviate","Contraction+1","FloweringNight+1","Dilation","MurderousAura+1","Dilation","FloweringNight+1","Potential","MurderousAura+1","TimeWarp","Dilation","MurderousAura","Embodiment","ShatteredReality","MurderousAura","Collapse+1","MurderousAura","Dilation","Burn","Collapse"],"relics":["SplendidAttire","replay:Trail_Library","REME_ComplimentaryCards","CaptainsWheel","Replay:Bottled Eggs","Ancient Tea Set","Torii","Ginger","Gremlin Food","Replay:Wax Seal","Blue Candle","Replay:Kaleidoscope","aspiration:ChemicalBlood","Shuriken","REME_PuzzleBoxRelic","Bottled Flame","Replay:Drink Me","Mummified Hand","aspiration:HatOfInfinitePower","Gensokyo:ChorusOfJoy","Gensokyo:MosesMiracle","HollowMod:PaleOreRelic","Matryoshka","Snack Pack","Smiling Mask","Replay:Arrowhead","REME_HourglassOfDeath","Tea:ReiMu","Mastiff:ReiMu","Lantern","OrangePellets","Incense Burner","aspiration:SecretTechniqueScroll","TungstenRod","AntiCross","REME_CardOfGreed","KneeBrace","Prayer Wheel","Mercury Hourglass","Replay:Bottled Flurry","PureWhite:ReiMu","Replay:Multitool","Pondfish Scales","Turnip","Pen Nib","Tiny House","Tiny Chest","conspire:GlowingRock","FossilizedHelix","Replay:Wanted Poster","aspiration:ArtOfWarUpgrade","Toy Ornithopter","WarpedTongs","Ornamental Fan","conspire:TopHat","Darkstone Periapt","HollowMod:LifeEnderRelic","aspiration:FrozenJewel","ReplayTheSpireMod:Ninjato","Counterbalance","Cursed Key"],"acts_visited":["Gensokyo:Gensokyo","Gensokyo:Gensokyoer","TheBeyond","Hallownest:Greenpath","Hallownest:CityofTears","Hallownest:KingdomsEdge","Exordium"],"potions_floor_usage":[33,33,90],"damage_taken":[{"damage":0.0,"enemies":"Gensokyo:2_Kodama","floor":1.0,"turns":2.0},{"damage":0.0,"enemies":"Gensokyo:Gryphon","floor":4.0,"turns":2.0},{"damage":0.0,"enemies":"Gensokyo:Mamizou","floor":6.0,"turns":7.0},{"damage":0.0,"enemies":"Gensokyo:Cirno","floor":7.0,"turns":4.0},{"damage":0.0,"enemies":"Gensokyo:3_Fairies","floor":8.0,"turns":2.0},{"damage":0.0,"enemies":"Gensokyo:Mamizou","floor":10.0,"turns":5.0},{"damage":0.0,"enemies":"Gensokyo:Cirno","floor":12.0,"turns":5.0},{"damage":0.0,"enemies":"Gensokyo:Aya","floor":14.0,"turns":4.0},{"damage":0.0,"enemies":"Gensokyo:Yukari","floor":16.0,"turns":4.0},{"damage":0,"enemies":"Gensokyo:Chomper","floor":18,"turns":2},{"damage":0,"enemies":"Gensokyo:Reisen","floor":23,"turns":4},{"damage":0,"enemies":"Gensokyo:3_Dogs","floor":25,"turns":2},{"damage":0,"enemies":"Gensokyo:Koishi","floor":27,"turns":2},{"damage":0,"enemies":"Gensokyo:Tenshi","floor":29,"turns":1},{"damage":10,"enemies":"Gensokyo:Swordslinger","floor":30,"turns":2},{"damage":8,"enemies":"Gensokyo:Kaguya","floor":33,"turns":4},{"damage":3,"enemies":"3 Shapes","floor":35,"turns":2},{"damage":0,"enemies":"HollowMod:StalkingDevout","floor":40,"turns":2},{"damage":0,"enemies":"Giant Head","floor":42,"turns":3},{"damage":0,"enemies":"Reptomancer","floor":44,"turns":2},{"damage":0,"enemies":"3 Darklings","floor":45,"turns":1},{"damage":8,"enemies":"4 Shapes","floor":47,"turns":2},{"damage":0,"enemies":"Nemesis","floor":48,"turns":3},{"damage":0,"enemies":"Donu and Deca","floor":50,"turns":4},{"damage":0,"enemies":"Hallownest:2_Tiktiks_and_1_Crawlid","floor":52,"turns":1},{"damage":0,"enemies":"Hallownest:monsterMarmu","floor":54,"turns":1},{"damage":0,"enemies":"Hallownest:BossBrokenVessel","floor":57,"turns":1},{"damage":0,"enemies":"Hallownest:3_Youths","floor":59,"turns":3},{"damage":0,"enemies":"Hallownest:eliteSoulWarrior","floor":60,"turns":2},{"damage":0,"enemies":"Hallownest:Guard_and_Sentry","floor":63,"turns":1},{"damage":45,"enemies":"Hallownest:eliteWatcherKnight","floor":66,"turns":5},{"damage":0,"enemies":"Hallownest:eliteSoulWarrior","floor":67,"turns":2},{"damage":0,"enemies":"Hallownest:eliteWatcherKnight","floor":70,"turns":5},{"damage":0,"enemies":"Hallownest:3_Mistakes","floor":72,"turns":1},{"damage":0,"enemies":"Hallownest:BossSoulMaster","floor":74,"turns":2},{"damage":0,"enemies":"Hallownest:Shield_Heavy","floor":76,"turns":1},{"damage":0,"enemies":"Hallownest:2_Littles","floor":77,"turns":2},{"damage":0,"enemies":"Hallownest:Slobbering_and_Violent","floor":78,"turns":2},{"damage":0,"enemies":"Hallownest:eliteCollector","floor":81,"turns":1},{"damage":0,"enemies":"conspire:MimicChest","floor":82,"turns":1},{"damage":13,"enemies":"Hallownest:StalkingDevout","floor":84,"turns":2},{"damage":0,"enemies":"Hallownest:monsterPrimalAspid","floor":86,"turns":1},{"damage":0,"enemies":"Hallownest:Xero_Hu_Marmu","floor":88,"turns":1},{"damage":0,"enemies":"Hallownest:2_Wandering_and_1_Horned","floor":89,"turns":2},{"damage":7,"enemies":"Hallownest:2_Primals","floor":90,"turns":2},{"damage":0,"enemies":"Hallownest:Radiance","floor":91,"turns":3}],"seed_played":"-3837992397718889898","potions_obtained":[{"floor":6.0,"key":"LiquidMemories"},{"floor":10.0,"key":"AttackPotion"},{"floor":12.0,"key":"EssenceOfSteel"},{"floor":33,"key":"Fruit Juice"}],"is_trial":true,"path_per_floor":["M","?","?","M","?","E","E","M","T","E","?","E","T","E","R","B",null,"M","?","?","?","?","E","T","M","T","E","R","E","M","$","R","B",null,"M","?","?","$","?","E","$","E","T","E","M","T","M","E","R","B",null,"M","$","?","?","?","B",null,"M","E","?","?","M","R","R","E","E","?","$","E","R","M","R","B",null,"M","M","M","$","$","E","R","R","E","R","M","$","M","M","R","B",null],"character_chosen":"THE_SERVANT","items_purchased":["Lantern","OrangePellets","Incense Burner","AntiCross","REME_CardOfGreed","Ornamental Fan","HollowMod:LifeEnderRelic","Collapse"],"campfire_rested":0,"item_purchase_floors":[31,31,31,38,38,69,80,87],"current_hp_per_floor":[65,39,26,26,41,41,41,41,41,41,41,41,41,41,41,41,49,49,46,46,46,46,46,46,46,46,46,46,46,36,36,32,37,51,50,50,50,50,50,50,50,51,51,51,51,51,43,45,45,51,56,56,56,56,21,21,23,56,56,56,56,56,56,56,56,13,17,17,17,25,25,25,25,27,56,56,56,56,56,56,56,56,56,45,45,45,45,47,47,45,49,56,56],"gold":439,"neow_bonus":"","is_daily":false,"chose_seed":false,"campfire_upgraded":4,"win_rate":0.0,"timestamp":1607845742,"path_taken":["M","?","?","?","?","E","E","?","T","E","?","E","?","E","R","BOSS","M","?","?","?","?","E","?","?","T","E","R","E","?","$","R","BOSS","M","?","?","$","?","E","?","E","T","E","?","?","?","E","R","BOSS","M","$","?","?","?","BOSS","M","?","?","?","?","R","R","?","E","?","?","?","R","M","R","BOSS","M","M","M","$","$","E","R","R","E","R","M","$","M","M","R","BOSS"],"items_purchased_type":["Relic","Relic","Relic","Relic","Relic","Relic","Relic","Card"],"build_version":"2020-11-30","purchased_purges":5,"victory":false,"max_hp_per_floor":[65,65,65,65,65,65,65,65,65,65,65,65,65,65,65,65,49,49,46,46,46,46,46,46,46,46,46,46,46,46,46,46,51,51,51,51,51,51,51,51,51,51,51,51,51,51,51,51,51,51,56,56,56,56,56,56,56,56,56,56,56,56,56,56,56,56,56,56,56,56,56,56,56,56,56,56,56,56,56,56,56,56,56,56,56,56,56,56,56,56,56,56,56],"card_choices":[{"not_picked":["Initiator","KillingDoll"],"picked":"FloweringNight","floor":6.0},{"not_picked":["FlawlessForm","Duplication"],"picked":"Dilation","floor":7.0},{"not_picked":["Initiator","KillingDoll"],"picked":"Deny","floor":10.0},{"not_picked":["FloweringNight","Solidify"],"picked":"MurderousAura","floor":12.0},{"not_picked":["MurderousAura","TrueSight"],"picked":"Dilation","floor":14.0},{"not_picked":["Duplication","Deny"],"picked":"FloweringNight","floor":16.0},{"not_picked":["Duplication","ForgedInTime"],"picked":"Initiator","floor":23},{"not_picked":["LightFlow","TrueSight"],"picked":"MurderousAura","floor":27},{"not_picked":["SoulSculpture","LightFlow"],"picked":"Dilation","floor":29},{"not_picked":["ForgedInTime","KillingDoll"],"picked":"PendulumOfEternity","floor":33},{"not_picked":[],"picked":"MurderousAura","floor":39},{"not_picked":["LightFlow","FlawlessForm","ForgedInTime"],"picked":"SKIP","floor":40},{"not_picked":["TrueSight","ForgedInTime"],"picked":"Embodiment","floor":42},{"not_picked":["PendulumOfEternity","KillingDoll","FlawlessForm"],"picked":"SKIP","floor":44},{"not_picked":["FlawlessForm","TrueSight","Duplication"],"picked":"SKIP","floor":48},{"not_picked":["KillingDoll","Sunlight"],"picked":"MurderousAura","floor":50},{"not_picked":["Potential","Comet"],"picked":"Collapse+1","floor":51},{"not_picked":["Sunlight","FlawlessForm","LightFlow"],"picked":"SKIP","floor":60},{"not_picked":["TrueSight","FloweringNight"],"picked":"MurderousAura","floor":66},{"not_picked":["LightFlow","Deny"],"picked":"Dilation","floor":67},{"not_picked":["TrueSight","FlawlessForm","SoulSculpture"],"picked":"SKIP","floor":70},{"not_picked":["Solidify","Sunlight","SoulSculpture"],"picked":"SKIP","floor":81},{"not_picked":["SoulSculpture","Solidify","LightFlow"],"picked":"SKIP","floor":84}],"player_experience":71742,"relics_obtained":[{"floor":1.0,"key":"CaptainsWheel"},{"floor":2.0,"key":"Replay:Bottled Eggs"},{"floor":4.0,"key":"Torii"},{"floor":6.0,"key":"Ginger"},{"floor":7.0,"key":"Gremlin Food"},{"floor":8.0,"key":"Replay:Wax Seal"},{"floor":9.0,"key":"Blue Candle"},{"floor":10.0,"key":"Replay:Kaleidoscope"},{"floor":12.0,"key":"aspiration:ChemicalBlood"},{"floor":13.0,"key":"Shuriken"},{"floor":14.0,"key":"REME_PuzzleBoxRelic"},{"floor":15.0,"key":"Bottled Flame"},{"floor":18,"key":"Mummified Hand"},{"floor":23,"key":"HollowMod:PaleOreRelic"},{"floor":24,"key":"Matryoshka"},{"floor":25,"key":"Snack Pack"},{"floor":26,"key":"Smiling Mask"},{"floor":26,"key":"Replay:Arrowhead"},{"floor":27,"key":"Gensokyo:MosesMiracle"},{"floor":27,"key":"REME_HourglassOfDeath"},{"floor":29,"key":"Tea:ReiMu"},{"floor":30,"key":"Mastiff:ReiMu"},{"floor":35,"key":"TungstenRod"},{"floor":40,"key":"KneeBrace"},{"floor":42,"key":"Prayer Wheel"},{"floor":43,"key":"Mercury Hourglass"},{"floor":43,"key":"Replay:Bottled Flurry"},{"floor":44,"key":"PureWhite:ReiMu"},{"floor":45,"key":"Replay:Multitool"},{"floor":46,"key":"Pondfish Scales"},{"floor":47,"key":"Turnip"},{"floor":48,"key":"Pen Nib"},{"floor":52,"key":"Tiny Chest"},{"floor":59,"key":"Art of War"},{"floor":63,"key":"Toy Ornithopter"},{"floor":73,"key":"conspire:TopHat"},{"floor":77,"key":"Darkstone Periapt"},{"floor":86,"key":"aspiration:FrozenJewel"},{"floor":88,"key":"ReplayTheSpireMod:Ninjato"},{"floor":90,"key":"Counterbalance"}],"event_choices":[{"damage_healed":0,"gold_gain":0,"player_choice":"Memory 1","damage_taken":0,"max_hp_gain":0,"max_hp_loss":0,"event_name":"SensoryStone","floor":36,"gold_loss":0}],"is_beta":false,"boss_relics":[{"not_picked":["Replay:Ancient Bell","REME_DuelDisc"],"picked":"Replay:Drink Me"},{"not_picked":["Honey Jar","aspiration:RunicSpoon"],"picked":"aspiration:SecretTechniqueScroll"},{"not_picked":["Runic Dome","Snecko Eye"],"picked":"Tiny House"},{"not_picked":["conspire:SlowCooker","Runic Pyramid"],"picked":"Replay:Wanted Poster"},{"not_picked":["ReplayTheSpireMod:DimensionalGlitch","aspiration:DefectSkillbook"],"picked":"SplendidAttire"},{"not_picked":["Empty Cage","Calling Bell"],"picked":"Cursed Key"}],"items_purged_floors":[38,41,53,69,87],"is_endless":true,"potions_floor_spawned":[6,10,12,14,23,30,44,45,48,50,52,63,66,67,70,72,81,82,84,86,90],"ascension_level":1}}