{"host":"dntw6kil9p09eemm","time":1607888898,"event":{"mods":["BaseMod","Colored Powertips","Downfall","Minty Spire (QoL Compilation)","StSLib"],"gold_per_floor":[99,114,114,114,114,133,133,133,145,70,84,97,97,97,97,194,194,119,145,163,163,179,179,179,203,221,252,252,252,252,272,291,291,291,216,216,216,216,216,242,242,242,242,242,242,242,542,542,542,542,542,542,542,542,542],"floor_reached":56,"playtime":485,"items_purged":[],"score":1817,"play_id":"d4d31f6d-434c-40ac-b258-f3e59d5ba328","local_time":"20201214044818","is_ascension_mode":false,"campfire_choices":[{"floor":1.0,"key":"RECALL"},{"floor":10.0,"key":"REST"},{"floor":18.0,"key":"REST"},{"floor":21.0,"key":"REST"},{"floor":35,"key":"REST"},{"floor":44,"key":"REST"},{"floor":54,"key":"REST"}],"circlet_count":0,"master_deck":["Guardian:Strike_Guardian","Guardian:Strike_Guardian","Guardian:Strike_Guardian","Guardian:Strike_Guardian","Guardian:Defend_Guardian","Guardian:Defend_Guardian","Guardian:Defend_Guardian","Guardian:Defend_Guardian","Guardian:CurlUp","Guardian:TwinSlam","Parasite"],"relics":["Guardian:ModeShifterPlus","downfall:HeartBlessingBlue","Guardian:StasisSlotReductionRelic","downfall:HeartBlessingRed","Red Mask","Mango","hexamod:BolsterEngine","Boot","WingedGreaves","downfall:HeartBlessingGreen","Sundial","Smiling Mask"],"acts_visited":["Exordium","TheCity","TheBeyond","TheEnding"],"potions_floor_usage":[],"damage_taken":[{"damage":0.0,"enemies":"Small Slimes","floor":2.0,"turns":1.0},{"damage":0.0,"enemies":"Cultist","floor":5.0,"turns":1.0},{"damage":0.0,"enemies":"2 Louse","floor":6.0,"turns":1.0},{"damage":0.0,"enemies":"3 Sentries","floor":8.0,"turns":1.0},{"damage":0.0,"enemies":"Large Slime","floor":9.0,"turns":1.0},{"damage":0.0,"enemies":"2 Fungi Beasts","floor":11.0,"turns":1.0},{"damage":0.0,"enemies":"Blue Slaver","floor":12.0,"turns":1.0},{"damage":0.0,"enemies":"Exordium Wildlife","floor":13.0,"turns":1.0},{"damage":0.0,"enemies":"Exordium Thugs","floor":15.0,"turns":1.0},{"damage":0.0,"enemies":"downfall:Watcher","floor":16.0,"turns":1.0},{"damage":0.0,"enemies":"Masked Bandits","floor":19.0,"turns":1.0},{"damage":0.0,"enemies":"Spheric Guardian","floor":20.0,"turns":1.0},{"damage":0.0,"enemies":"Shell Parasite","floor":22.0,"turns":1.0},{"damage":0,"enemies":"Cultist and Chosen","floor":26,"turns":1},{"damage":0,"enemies":"Book of Stabbing","floor":27,"turns":1},{"damage":0,"enemies":"Snake Plant","floor":28,"turns":1},{"damage":0,"enemies":"Chosen and Byrds","floor":29,"turns":1},{"damage":0,"enemies":"Shelled Parasite and Fungi","floor":31,"turns":1},{"damage":0,"enemies":"Snake Plant","floor":32,"turns":1},{"damage":0,"enemies":"downfall:Silent","floor":33,"turns":1},{"damage":0,"enemies":"Orb Walker","floor":36,"turns":1},{"damage":0,"enemies":"Nemesis","floor":37,"turns":1},{"damage":0,"enemies":"3 Darklings","floor":38,"turns":1},{"damage":0,"enemies":"Transient","floor":39,"turns":1},{"damage":0,"enemies":"Reptomancer","floor":40,"turns":1},{"damage":0,"enemies":"Giant Head","floor":42,"turns":1},{"damage":0,"enemies":"Spire Growth","floor":46,"turns":1},{"damage":0,"enemies":"downfall:FleeingMerchant","floor":47,"turns":1},{"damage":0,"enemies":"Writhing Mass","floor":48,"turns":1},{"damage":0,"enemies":"Sphere and 2 Shapes","floor":49,"turns":1},{"damage":0,"enemies":"downfall:Ironclad","floor":50,"turns":1},{"damage":0,"enemies":"downfall:CharBossMerchant","floor":52,"turns":1},{"damage":0,"enemies":"downfall:NeowBoss","floor":55,"turns":7}],"seed_played":"5763504652304314452","potions_obtained":[{"floor":2.0,"key":"Strength Potion"},{"floor":6.0,"key":"ColorlessPotion"},{"floor":26,"key":"Fire Potion"}],"is_trial":false,"path_per_floor":["R","M","?","?","M","M","T","E","M","R","M","M","M","?","M","B",null,"R","?","M","R","M","?","T","T","M","E","M","M","T","M","M","B",null,"R","M","E","M","M","E","T","E","?","R","?","M","$","M","M","B",null,"E","$","R","B",null],"character_chosen":"GUARDIAN","items_purchased":[],"campfire_rested":6,"item_purchase_floors":[],"current_hp_per_floor":[80,80,80,90,90,90,90,90,90,100,100,100,100,100,100,100,100,100,100,100,100,100,100,114,114,114,114,114,114,114,114,114,114,114,114,114,114,114,114,114,114,114,114,114,114,114,114,114,114,114,114,114,114,114,114],"gold":542,"neow_bonus":"ONE_RANDOM_RARE_CARD","is_daily":false,"chose_seed":false,"campfire_upgraded":0,"win_rate":0.0,"timestamp":1607888898,"path_taken":["R","M","?","?","M","?","T","E","M","R","M","M","M","?","M","BOSS","R","?","M","R","M","?","T","?","M","E","M","?","?","M","M","BOSS","R","M","E","M","M","E","T","E","?","R","?","M","$","M","M","BOSS","E","$","R","BOSS"],"items_purchased_type":[],"build_version":"2020-11-30","purchased_purges":0,"victory":true,"max_hp_per_floor":[80,80,80,90,90,90,90,90,90,100,100,100,100,100,100,100,100,100,100,100,100,100,100,114,114,114,114,114,114,114,114,114,114,114,114,114,114,114,114,114,114,114,114,114,114,114,114,114,114,114,114,114,114,114,114],"card_choices":[{"not_picked":["Guardian:ShieldSpikes","Guardian:TemporalShield","Guardian:PiercingHide"],"picked":"SKIP","floor":2.0},{"not_picked":["Guardian:TemporalStrike","Guardian:RollAttack","Guardian:Recover"],"picked":"SKIP","floor":5.0},{"not_picked":["Guardian:Recover","Guardian:Planning","Guardian:Suspension"],"picked":"SKIP","floor":6.0},{"not_picked":["Guardian:BronzeArmor","Guardian:RollAttack","Guardian:TemporalShield"],"picked":"SKIP","floor":8.0},{"not_picked":["Guardian:Recover","Guardian:Clone","Guardian:ChargeCore"],"picked":"SKIP","floor":9.0},{"not_picked":["Guardian:RefractedBeam","Guardian:Gem_Green","Guardian:GuardianWhirl"],"picked":"SKIP","floor":11.0},{"not_picked":["Guardian:ArmoredProtocol","Guardian:ShieldCharger","Guardian:CrystalBeam"],"picked":"SKIP","floor":12.0},{"not_picked":["Guardian:PiercingHide","Guardian:GemFire","Guardian:EvasiveProtocol"],"picked":"SKIP","floor":13.0},{"not_picked":["Guardian:Harden","Guardian:PrimingBeam","Guardian:Gem_Purple"],"picked":"SKIP","floor":15.0},{"not_picked":["Guardian:ShieldSpikes","Guardian:ShieldCharger+1","Guardian:ChargeCore"],"picked":"SKIP","floor":20.0},{"not_picked":["Guardian:MultiBeam","Guardian:Reroute+1","Guardian:Gem_Red"],"picked":"SKIP","floor":22.0},{"not_picked":["Guardian:ShieldSpikes","Guardian:Reroute","Guardian:BronzeArmor+1"],"picked":"SKIP","floor":26},{"not_picked":["Guardian:WalkerClaw","Guardian:Incinerate+1","Guardian:TimeBomb"],"picked":"SKIP","floor":27},{"not_picked":["Guardian:Incinerate","Guardian:Planning+1","Guardian:EvasiveProtocol+1"],"picked":"SKIP","floor":28},{"not_picked":["Guardian:DecasProtection","Guardian:Reroute","Guardian:Gem_Synthetic"],"picked":"SKIP","floor":29},{"not_picked":["Guardian:Gem_Crimson","Guardian:ChargeUp","Guardian:TemporalStrike"],"picked":"SKIP","floor":31},{"not_picked":["Guardian:Suspension","Guardian:RollAttack","Guardian:PrimingBeam"],"picked":"SKIP","floor":32},{"not_picked":["Guardian:TemporalStrike+1","Guardian:ShieldSpikes+1","Guardian:Gem_Fragmented"],"picked":"SKIP","floor":36},{"not_picked":["Guardian:PrimingBeam+1","Guardian:PolyBeam","Guardian:ShieldSpikes"],"picked":"SKIP","floor":37},{"not_picked":["Guardian:Reroute","Guardian:Recover+1","Guardian:Gem_Lightblue"],"picked":"SKIP","floor":38},{"not_picked":["Guardian:Gem_Crimson","Guardian:TemporalStrike","Guardian:Reroute+1"],"picked":"SKIP","floor":39},{"not_picked":["Guardian:FloatingOrbs+1","Guardian:ShieldSpikes","Guardian:PrismaticBarrier+1"],"picked":"SKIP","floor":40},{"not_picked":["Guardian:TemporalStrike","Guardian:Clone+1","Guardian:PolyBeam"],"picked":"SKIP","floor":42},{"not_picked":["Guardian:Gem_Blue","Guardian:Gem_Green","Guardian:Incinerate+1"],"picked":"SKIP","floor":46},{"not_picked":["Guardian:PolyBeam","Guardian:TemporalStrike","Guardian:Gem_Lightblue"],"picked":"SKIP","floor":47},{"not_picked":["Guardian:Suspension","Guardian:Gem_Crimson","Guardian:Gem_Fragmented"],"picked":"SKIP","floor":48},{"not_picked":["Guardian:SentryBeam","Guardian:Reroute+1","Guardian:AncientConstruct"],"picked":"SKIP","floor":49},{"not_picked":["Guardian:SentryBeam","Guardian:DonusPower+1","Guardian:StasisField"],"picked":"SKIP","floor":52}],"player_experience":293374,"relics_obtained":[{"floor":19.0,"key":"Red Mask"},{"floor":24,"key":"Mango"},{"floor":25,"key":"hexamod:BolsterEngine"},{"floor":27,"key":"Boot"},{"floor":30,"key":"WingedGreaves"},{"floor":41,"key":"Sundial"},{"floor":43,"key":"Smiling Mask"}],"event_choices":[{"cards_removed":["Guardian:FastForward"],"damage_healed":0.0,"max_hp_gain":10.0,"max_hp_loss":0.0,"gold_gain":0.0,"event_name":"Bonfire Elementals","player_choice":"Offered Rare","floor":4.0,"gold_loss":0.0,"damage_taken":0.0},{"damage_healed":25.0,"max_hp_gain":0.0,"max_hp_loss":0.0,"gold_gain":0.0,"event_name":"Mushrooms","player_choice":"Healed and dodged fight","floor":14.0,"gold_loss":0.0,"damage_taken":0.0,"cards_obtained":["Parasite"]},{"damage_healed":0.0,"max_hp_gain":0.0,"max_hp_loss":0.0,"gold_gain":0.0,"event_name":"Masked Bandits","player_choice":"Fought Bandits","floor":19.0,"gold_loss":0.0,"damage_taken":0.0},{"damage_healed":0,"gold_gain":0,"player_choice":"Got Potions","damage_taken":0,"max_hp_gain":0,"max_hp_loss":0,"event_name":"Lab","floor":45,"gold_loss":0}],"is_beta":false,"boss_relics":[{"not_picked":["Runic Pyramid","Empty Cage"],"picked":"Guardian:StasisSlotReductionRelic"},{"not_picked":["Runic Dome","Philosopher\u0027s Stone"],"picked":"Guardian:ModeShifterPlus"}],"items_purged_floors":[],"is_endless":false,"potions_floor_spawned":[2,6,13,22,26,28,32,33,38,42,46,48],"ascension_level":0}}