{"host":"pwhq7648p2dwl3jg","time":1607874475,"event":{"mods":["AchievementEnabler","BaseMod","Colored Map","Minty Spire (QoL Compilation)","Rare Cards Sparkle","SuperFastMode"],"gold_per_floor":[111,73,73,97,109,121,150,162,174,206,218,263,288,314,326,433,445,472,409,122,132,149,178,178,103,172,172,172,182,193,203,203,306,306,321,321,29,41,41,41,55,68,94,94,94,105,66,81,81,81],"floor_reached":51,"playtime":1420,"items_purged":["Strike_B"],"score":853,"play_id":"18e8374f-3db5-4851-8a14-60cb8f339c3b","local_time":"20201214004755","is_ascension_mode":true,"campfire_choices":[{"data":"Blizzard","floor":6,"key":"SMITH"},{"data":"Dualcast","floor":8,"key":"SMITH"},{"floor":15,"key":"REST"},{"floor":27,"key":"REST"},{"floor":32,"key":"REST"},{"floor":40,"key":"REST"},{"floor":49,"key":"REST"}],"circlet_count":0,"master_deck":["Defend_B","Defend_B","Defend_B","Defend_B","Dualcast+1","Conserve Battery","Cold Snap","Blizzard+1","Glacier","Biased Cognition","Coolheaded","Chill","Cold Snap+1","Cold Snap+1","Conserve Battery","Capacitor","Redo+1","Hologram+1","Defragment","Parasite","Barrage","Capacitor"],"relics":["Cracked Core","Regal Pillow","MawBank","Symbiotic Virus","Odd Mushroom","Emotion Chip","Black Star","Calipers","Tiny Chest","Nunchaku","Mercury Hourglass","SacredBark","Dream Catcher","Potion Belt","Blood Vial","Art of War"],"acts_visited":["Exordium","TheCity","TheBeyond"],"potions_floor_usage":[10,22,42,50,50,50],"damage_taken":[{"damage":0,"enemies":"2 Louse","floor":1,"turns":2},{"damage":2,"enemies":"Jaw Worm","floor":7,"turns":4},{"damage":4,"enemies":"The Mushroom Lair","floor":10,"turns":4},{"damage":20,"enemies":"3 Sentries","floor":12,"turns":9},{"damage":0,"enemies":"Small Slimes","floor":13,"turns":2},{"damage":6,"enemies":"Blue Slaver","floor":14,"turns":3},{"damage":21,"enemies":"Slime Boss","floor":16,"turns":7},{"damage":13,"enemies":"3 Byrds","floor":18,"turns":7},{"damage":0,"enemies":"Chosen","floor":21,"turns":6},{"damage":6,"enemies":"Snecko","floor":22,"turns":9},{"damage":27,"enemies":"Slavers","floor":23,"turns":5},{"damage":10,"enemies":"Chosen and Byrds","floor":29,"turns":9},{"damage":12,"enemies":"Centurion and Healer","floor":30,"turns":5},{"damage":5,"enemies":"Snecko","floor":31,"turns":9},{"damage":48,"enemies":"Automaton","floor":33,"turns":14},{"damage":20,"enemies":"3 Shapes","floor":35,"turns":6},{"damage":23,"enemies":"3 Darklings","floor":38,"turns":6},{"damage":4,"enemies":"Writhing Mass","floor":41,"turns":9},{"damage":22,"enemies":"Jaw Worm Horde","floor":42,"turns":7},{"damage":7,"enemies":"4 Shapes","floor":46,"turns":6},{"damage":3,"enemies":"Sphere and 2 Shapes","floor":48,"turns":6},{"damage":22,"enemies":"Time Eater","floor":50,"turns":14}],"seed_played":"5856681813524994161","potions_obtained":[{"floor":1,"key":"Fire Potion"},{"floor":12,"key":"Ancient Potion"},{"floor":16,"key":"FearPotion"},{"floor":22,"key":"GamblersBrew"},{"floor":23,"key":"FearPotion"},{"floor":30,"key":"Energy Potion"},{"floor":35,"key":"FocusPotion"},{"floor":41,"key":"SkillPotion"}],"is_trial":false,"path_per_floor":["M","$","?","T","?","R","M","R","T","?","$","E","M","M","R","B",null,"M","?","$","M","M","E","?","$","T","R","?","M","M","M","R","B",null,"M","T","$","M","$","R","M","M","T","?","?","M","$","M","R","B",null],"character_chosen":"DEFECT","items_purchased":["Blizzard","Calipers","Potion Belt","Blood Vial","Capacitor"],"campfire_rested":5,"item_purchase_floors":[2,20,37,37,47],"current_hp_per_floor":[75,75,68,68,68,68,66,66,66,62,62,42,42,36,73,52,69,56,56,56,56,50,23,23,23,23,60,60,50,38,33,70,22,62,42,42,42,21,21,58,56,36,36,36,36,31,31,30,67,47],"gold":81,"neow_bonus":"THREE_CARDS","is_daily":false,"chose_seed":false,"campfire_upgraded":2,"win_rate":0.0,"timestamp":1607874475,"path_taken":["M","$","?","?","?","R","?","R","T","?","$","E","M","M","R","BOSS","M","?","$","M","M","E","?","?","T","R","?","M","M","M","R","BOSS","M","?","$","M","$","R","M","M","T","?","?","M","?","M","R","BOSS"],"items_purchased_type":["Card","Relic","Relic","Relic","Card"],"build_version":"2020-11-30","purchased_purges":1,"victory":true,"max_hp_per_floor":[75,75,75,75,75,75,75,75,75,75,75,75,75,75,75,75,75,75,75,75,75,75,75,75,75,75,75,75,75,75,75,75,75,75,75,75,75,75,75,75,75,75,75,75,75,75,75,75,75,75],"card_choices":[{"not_picked":["Rebound","Go for the Eyes"],"picked":"Conserve Battery","floor":0},{"not_picked":["Steam Power","Static Discharge"],"picked":"Cold Snap","floor":1},{"not_picked":["Storm","Steam Power","BootSequence"],"picked":"SKIP","floor":7},{"not_picked":["Beam Cell","Ball Lightning"],"picked":"Glacier","floor":10},{"not_picked":["Conserve Battery","Compile Driver","Reprogram"],"picked":"SKIP","floor":12},{"not_picked":["Turbo","Loop","Go for the Eyes"],"picked":"SKIP","floor":13},{"not_picked":["Consume","BootSequence","Lockon"],"picked":"SKIP","floor":14},{"not_picked":["Creative AI","Fission"],"picked":"Biased Cognition","floor":16},{"not_picked":["Gash+1","Consume+1"],"picked":"Coolheaded","floor":18},{"not_picked":["Chaos","Melter"],"picked":"Chill","floor":21},{"not_picked":["Hello World","Reinforced Body+1"],"picked":"Cold Snap+1","floor":22},{"not_picked":["Ball Lightning","Double Energy"],"picked":"Cold Snap+1","floor":23},{"not_picked":["Rip and Tear","Sweeping Beam+1","Consume"],"picked":"SKIP","floor":29},{"not_picked":["Cold Snap","Steam","Ball Lightning"],"picked":"SKIP","floor":30},{"not_picked":["Electrodynamics","Conserve Battery+1","Rebound"],"picked":"SKIP","floor":31},{"not_picked":["Undo+1","Blizzard"],"picked":"Redo+1","floor":35},{"not_picked":["Skim+1","Gash"],"picked":"Hologram+1","floor":38},{"not_picked":["Genetic Algorithm+1","Beam Cell+1"],"picked":"Defragment","floor":40},{"not_picked":["Rebound+1","Leap+1","Scrape+1"],"picked":"SKIP","floor":41},{"not_picked":["Beam Cell","Ball Lightning"],"picked":"Barrage","floor":42},{"not_picked":["Sweeping Beam","Electrodynamics","Streamline+1"],"picked":"SKIP","floor":46},{"not_picked":["Redo","Genetic Algorithm+1","Cold Snap"],"picked":"SKIP","floor":48}],"player_experience":204544,"relics_obtained":[{"floor":4,"key":"MawBank"},{"floor":9,"key":"Symbiotic Virus"},{"floor":10,"key":"Odd Mushroom"},{"floor":12,"key":"Emotion Chip"},{"floor":23,"key":"Tiny Chest"},{"floor":23,"key":"Nunchaku"},{"floor":26,"key":"Mercury Hourglass"},{"floor":36,"key":"Dream Catcher"},{"floor":43,"key":"Art of War"}],"event_choices":[{"damage_healed":0,"gold_gain":0,"player_choice":"Success","damage_taken":7,"relics_obtained":["Regal Pillow"],"max_hp_gain":0,"max_hp_loss":0,"event_name":"Scrap Ooze","floor":3,"gold_loss":0},{"damage_healed":0,"gold_gain":0,"player_choice":"Ignored","damage_taken":0,"max_hp_gain":0,"max_hp_loss":0,"event_name":"Golden Wing","floor":5,"gold_loss":0},{"damage_healed":0,"gold_gain":0,"player_choice":"Fought Mushrooms","damage_taken":0,"max_hp_gain":0,"max_hp_loss":0,"event_name":"Mushrooms","floor":10,"gold_loss":0},{"cards_removed":["Strike_B"],"damage_healed":0,"gold_gain":0,"player_choice":"Gave Gold","damage_taken":0,"max_hp_gain":0,"max_hp_loss":0,"event_name":"Beggar","floor":19,"gold_loss":75},{"damage_healed":0,"gold_gain":0,"cards_transformed":["Strike_B","Strike_B"],"player_choice":"Became Test Subject","damage_taken":0,"max_hp_gain":0,"max_hp_loss":0,"event_name":"Drug Dealer","floor":24,"gold_loss":0,"cards_obtained":["Conserve Battery","Capacitor"]},{"damage_healed":0,"gold_gain":0,"player_choice":"Ignored","damage_taken":0,"max_hp_gain":0,"max_hp_loss":0,"event_name":"Ghosts","floor":28,"gold_loss":0},{"cards_removed":["Zap"],"damage_healed":0,"gold_gain":0,"player_choice":"Removed Skill","damage_taken":0,"max_hp_gain":0,"max_hp_loss":0,"event_name":"Falling","floor":44,"gold_loss":0},{"damage_healed":0,"gold_gain":0,"player_choice":"Ignored","damage_taken":0,"max_hp_gain":0,"max_hp_loss":0,"event_name":"Mysterious Sphere","floor":45,"gold_loss":0}],"is_beta":false,"boss_relics":[{"not_picked":["Ectoplasm","Philosopher\u0027s Stone"],"picked":"Black Star"},{"not_picked":["Sozu","Busted Crown"],"picked":"SacredBark"}],"items_purged_floors":[25],"is_endless":false,"potions_floor_spawned":[1,12,16,22,23,30,35,41],"ascension_level":5}}