{"host":"wppa8gky53tnknhf","time":1607899979,"event":{"mods":["AchievementEnabler","Act Like it!","BaseMod","Better Third Choice","BetterRewards","Card Forge","Colored Powertips","Energized Spire","Hubris","Infinite Spire","Marked Mod","Minty Spire (QoL Compilation)","Permanent Neow","Quick Restart","Rare Cards Sparkle","Relic Stats","Remove Card Discount Mod","Replay The Spire","Spikes Relics","Spire Birthday Party","StSLib"],"gold_per_floor":[15,30,30,50,62,91,266,280,307,335,335,361,361,386,386,482,582,582],"floor_reached":17,"playtime":421,"items_purged":[],"score":219,"play_id":"0ff3f7fa-8aa0-460c-81cc-722e151dc9e0","local_time":"20201213225259","is_ascension_mode":true,"campfire_choices":[{"floor":11,"key":"RECALL"},{"floor":15,"key":"REST"}],"circlet_count":0,"master_deck":["Strike_R+1","Strike_R+1","Strike_R+1","Strike_R+1","Strike_R+1","Defend_R+1","Defend_R+1","Defend_R+1","Defend_R+1","Bash+1","Berserk+1","Rampage+1","Thunderclap+1","Thunderclap+1","Pommel Strike+1","Thunderclap+1","Perfected Strike+1","Run Through+1","BarbarianYell+1","Disarm+1","Thunderclap+1","Barricade"],"relics":["Burning Blood","Hammer of Thor","Seething Fire","Anvil of the Gods","Tiny Chest","Juzu Bracelet","Gremlin Horn","Bag of Marbles","Replay:Grab Bag","ChewingGum","Replay:Wanted Poster","Sandwich","hubris:Backtick","hubris:Potato"],"acts_visited":["Exordium","TheCity"],"potions_floor_usage":[6,12,14],"damage_taken":[{"damage":0,"enemies":"2 Louse","floor":1,"turns":2},{"damage":0,"enemies":"Small Slimes","floor":2,"turns":3},{"damage":11,"enemies":"Jaw Worm","floor":4,"turns":2},{"damage":18,"enemies":"Lots of Slimes","floor":5,"turns":3},{"damage":10,"enemies":"Lagavulin","floor":6,"turns":3},{"damage":0,"enemies":"Looter","floor":8,"turns":2},{"damage":22,"enemies":"3 Sentries","floor":10,"turns":4},{"damage":14,"enemies":"Lagavulin","floor":12,"turns":4},{"damage":9,"enemies":"3 Sentries","floor":14,"turns":4},{"damage":28,"enemies":"Hexaghost","floor":16,"turns":7}],"seed_played":"7603345275635656968","potions_obtained":[{"floor":1,"key":"EssenceOfSteel"},{"floor":4,"key":"PowerPotion"},{"floor":10,"key":"LiquidMemories"},{"floor":12,"key":"ColorlessPotion"},{"floor":16,"key":"Dexterity Potion"}],"is_trial":false,"path_per_floor":["M","M","$","M","M","E","?","M","T","E","R","E","?","E","R","B",null],"character_chosen":"IRONCLAD","items_purchased":[],"campfire_rested":1,"item_purchase_floors":[],"current_hp_per_floor":[80,80,80,75,63,59,59,65,65,49,49,41,41,38,62,40,80,80],"gold":582,"neow_bonus":"THREE_RARE_CARDS","is_daily":false,"chose_seed":false,"campfire_upgraded":0,"win_rate":0.0,"timestamp":1607899979,"path_taken":["M","M","$","M","M","E","?","M","T","E","R","E","?","E","R","BOSS"],"items_purchased_type":[],"build_version":"2020-11-30","purchased_purges":0,"victory":false,"max_hp_per_floor":[80,80,80,80,80,80,80,80,80,80,80,80,80,80,80,80,80,80],"relic_stats":{"Gremlin Horn":[2,2],"counters":[10,34],"Tiny Chest":0,"Juzu Bracelet":0,"obtain_stats":[{"Gremlin Horn":12,"Replay:Grab Bag":17,"Hammer of Thor":0,"Juzu Bracelet":9,"Seething Fire":0,"Burning Blood":0,"Replay:Wanted Poster":17,"Sandwich":17,"hubris:Backtick":17,"Anvil of the Gods":0,"Tiny Chest":6,"ChewingGum":17,"Bag of Marbles":14,"hubris:Potato":17},{"Gremlin Horn":8,"Replay:Grab Bag":10,"Hammer of Thor":0,"Juzu Bracelet":6,"Seething Fire":0,"Burning Blood":0,"Replay:Wanted Poster":10,"Sandwich":10,"hubris:Backtick":10,"Anvil of the Gods":0,"Tiny Chest":5,"ChewingGum":10,"Bag of Marbles":9,"hubris:Potato":10},{"Gremlin Horn":23,"Replay:Grab Bag":34,"Hammer of Thor":0,"Juzu Bracelet":15,"Seething Fire":0,"Burning Blood":0,"Replay:Wanted Poster":34,"Sandwich":34,"hubris:Backtick":34,"Anvil of the Gods":0,"Tiny Chest":13,"ChewingGum":34,"Bag of Marbles":27,"hubris:Potato":34}],"Burning Blood":48},"card_choices":[{"not_picked":["Bludgeon","hubris:StunningStrike"],"picked":"Berserk","floor":0},{"not_picked":["Anger","hubris:ReadiedAction"],"picked":"Rampage","floor":1},{"not_picked":["Fire Breathing","Armaments"],"picked":"Thunderclap","floor":2},{"not_picked":["Power Through","Rupture"],"picked":"Thunderclap","floor":4},{"not_picked":["Replay:Undeath\u0027s Touch","Feel No Pain"],"picked":"Pommel Strike","floor":5},{"not_picked":["Infernal Blade","Havoc"],"picked":"Thunderclap","floor":6},{"not_picked":["Battle Trance","Anger"],"picked":"Perfected Strike","floor":8},{"not_picked":["Anger","Eclipse"],"picked":"Run Through","floor":10},{"not_picked":["Replay:Undeath\u0027s Touch","Wild Strike"],"picked":"BarbarianYell","floor":12},{"not_picked":["Armaments","Blood for Blood"],"picked":"Thunderclap","floor":14},{"not_picked":["Eclipse","Bludgeon"],"picked":"Barricade","floor":16}],"player_experience":665744,"relics_obtained":[{"floor":6,"key":"Tiny Chest"},{"floor":9,"key":"Juzu Bracelet"},{"floor":12,"key":"Gremlin Horn"},{"floor":14,"key":"Bag of Marbles"}],"event_choices":[{"damage_healed":0,"gold_gain":175,"player_choice":"AGREE","damage_taken":91,"max_hp_gain":0,"max_hp_loss":0,"event_name":"betterThird:BetterSerpent","floor":7,"gold_loss":0}],"is_beta":false,"boss_relics":[{"not_picked":["Replay:Ancient Bell","hubris:ScarierMask"],"picked":"Replay:Grab Bag"},{"not_picked":["CosmicIsotope","Electric Blood"],"picked":"ChewingGum"},{"not_picked":["Ectoplasm","energizedSpire:EnergizedDie"],"picked":"Replay:Wanted Poster"},{"not_picked":["Replay:Drink Me","Astrolabe"],"picked":"Sandwich"},{"not_picked":["Runic Cube","SacredBark"],"picked":"hubris:Backtick"}],"items_purged_floors":[],"is_endless":false,"potions_floor_spawned":[1,4,10,12,16],"ascension_level":1}}