{"host":"gt2xw11t93hs94eb","time":1607902752,"event":{"mods":["Act Like it!","Aspiration","BaseMod","Colored Map","Colored Powertips","Conspire","Gold Saver","Minty Spire (QoL Compilation)","Pale of the Ancients","Quick Restart","Replay The Spire","Shop Mod","Spicy Shops","StSLib","The Servant 0.9.4","篝火指南"],"gold_per_floor":[116,136,136,136,146,146,155,155,231,74,74,74,74],"floor_reached":12,"playtime":657,"items_purged":[],"score":282,"play_id":"5254726e-829b-4149-9654-3019d4e2ccdd","local_time":"20201214003912","daily_mods":["Draft","Specialized","Vintage","Allstar","Diverse","Colorless Cards","Heirloom","Flight"],"is_ascension_mode":true,"campfire_choices":[{"data":"Genetic Algorithm","floor":6,"key":"SMITH"}],"circlet_count":0,"master_deck":["Demon Form","Wraith Form v2","Echo Form","DevaForm","FlawlessForm","AscendersBane","Sword Boomerang","Sword Boomerang","Sword Boomerang","Sword Boomerang","Sword Boomerang","Genetic Algorithm+1","Starlight","Dark Shackles","Anger","All Out Attack","FastForward","Bane","Unruled","Rearm","Ball Lightning","Swift Strike","Spin","Backflip","Dodge and Roll","Shuttle","Rupture","Looming Evil","Injury","ReplayTheSpireMod:Splinters","Overencumbered","Calculated Gamble","Seeing Red","Metallicize","Poisoned Stab","Sever Soul","Panache","Injury"],"relics":["ReplayTheSpireMod:Ring of Collecting","Ring of Greed","MerchantsRug","Frozen Egg 2"],"acts_visited":["Exordium"],"potions_floor_usage":[],"damage_taken":[{"damage":8,"enemies":"Small Slimes","floor":1,"turns":3},{"damage":14,"enemies":"2 Louse","floor":2,"turns":2},{"damage":7,"enemies":"Jaw Worm","floor":5,"turns":3},{"damage":20,"enemies":"Lagavulin","floor":12,"turns":3}],"seed_played":"-3570531129773227778","potions_obtained":[{"floor":5,"key":"ColorlessPotion"}],"is_trial":true,"path_per_floor":["M","M","?","?","M","R","?","?","T","$","?","E"],"character_chosen":"THE_SERVANT","items_purchased":["MerchantsRug","Calculated Gamble","Seeing Red","Metallicize","Poisoned Stab","Sever Soul","Panache"],"campfire_rested":0,"item_purchase_floors":[10,10,10,10,10,10,10],"current_hp_per_floor":[46,34,37,37,32,32,8,8,8,8,8,0,0],"gold":74,"neow_bonus":"","is_daily":false,"chose_seed":false,"campfire_upgraded":1,"win_rate":0.0,"timestamp":1607902752,"path_taken":["?","M","?","?","?","R","?","?","T","$","?","E"],"items_purchased_type":["Relic","Card","Card","Card","Card","Card","Card"],"build_version":"2020-12-13","purchased_purges":0,"victory":false,"max_hp_per_floor":[60,60,60,60,60,60,60,60,60,60,60,60,60],"card_choices":[{"not_picked":["ReplayTheSpireMod:Strike From Hell","Leap"],"picked":"Genetic Algorithm","floor":0.0},{"not_picked":["Barrage","Dagger Throw"],"picked":"Starlight","floor":0.0},{"not_picked":["Quick Slash","Hello World"],"picked":"Dark Shackles","floor":0.0},{"not_picked":["Hidden Blade","Starlight"],"picked":"Anger","floor":0.0},{"not_picked":["Reflex","Replace"],"picked":"All Out Attack","floor":0.0},{"not_picked":["ReplayTheSpireMod:Uncanny Aura","Panic Button"],"picked":"FastForward","floor":0.0},{"not_picked":["Acrobatics","Panic Button"],"picked":"Bane","floor":0.0},{"not_picked":["Manipulate","Cold Snap"],"picked":"Unruled","floor":0.0},{"not_picked":["Gash","Swift Strike"],"picked":"Rearm","floor":0.0},{"not_picked":["Quick Slash","ReplayTheSpireMod:System Scan"],"picked":"Ball Lightning","floor":0.0},{"not_picked":["Hidden Blade","True Grit"],"picked":"Swift Strike","floor":0.0},{"not_picked":["Wild Strike","BottledTime"],"picked":"Spin","floor":0.0},{"not_picked":["Rebound","TimeWarp"],"picked":"Backflip","floor":0.0},{"not_picked":["Replay:Sssssssssstrike","Streamline"],"picked":"Dodge and Roll","floor":0.0},{"not_picked":["Hightail","Underhanded Strike"],"picked":"Shuttle","floor":0.0},{"not_picked":["Bane","Replace"],"picked":"Rupture","floor":7}],"player_experience":246722,"relics_obtained":[{"floor":1,"key":"Blood Vial"},{"floor":2,"key":"aspiration:HiddenCompartment"},{"floor":5,"key":"Replay:Accelerometer"},{"floor":7,"key":"aspiration:AnachronicSnailShell"},{"floor":8,"key":"ReplayTheSpireMod:Ring of Collecting"},{"floor":9,"key":"Gremlin Food"},{"floor":9,"key":"Ring of Greed"},{"floor":9,"key":"Golden Egg"},{"floor":9,"key":"The Courier"}],"event_choices":[{"damage_healed":0,"gold_gain":0,"player_choice":"Agree","damage_taken":0,"max_hp_gain":0,"max_hp_loss":0,"event_name":"conspire:LoneGhost","floor":4,"gold_loss":0}],"is_beta":false,"boss_relics":[],"items_purged_floors":[],"is_endless":true,"potions_floor_spawned":[5],"killed_by":"Lagavulin","ascension_level":20}}