{"host":"xd92u7alcwi518yp","time":1607851798,"event":{"mods":["Aspiration","BaseMod","BetterRewards","Colored Map","Colored Powertips","Hubris","Minty Spire (QoL Compilation)","Quick Restart","StSLib"],"gold_per_floor":[112,112,126,136,136,136,154,183,183,110,128,140,153,165,165,260,260,271,271,286,304,62,62,87,102,102,113,113,113,142,142,142,240,240,254,254,254,90,109,109,122,122,122,132,161,161,173,24,24,24,24,24,24,56,56],"floor_reached":56,"playtime":5199,"items_purged":[],"score":1221,"play_id":"e434ce5a-0b21-4320-88cd-6df7bafc8f59","local_time":"20201213012958","is_ascension_mode":false,"campfire_choices":[{"floor":6,"key":"REST"},{"floor":15,"key":"RECALL"},{"data":"Rupture","floor":23,"key":"SMITH"},{"data":"1","floor":29,"key":"LIFT"},{"data":"2","floor":32,"key":"LIFT"},{"data":"3","floor":40,"key":"LIFT"},{"data":"Apotheosis","floor":42,"key":"SMITH"},{"data":"Heavy Blade","floor":52,"key":"SMITH"}],"circlet_count":0,"master_deck":["Strike_R","Strike_R","Strike_R","Strike_R","Strike_R","Defend_R","Defend_R","Defend_R","Defend_R","Bash","Armaments","Thunderclap","Rupture+1","hubris:ReadiedAction","Rage","Sword Boomerang","Heavy Blade+1","Inflame","Bloodletting","Sword Boomerang","Rupture","Seeing Red","Flame Barrier","Dropkick","Reaper","Flex","Reaper","Shockwave","Battle Trance","Apotheosis+1","Outmaneuver","Bash","Sword Boomerang","Infernal Blade","Protect+1","Protect","Headbutt","Metallicize","Blade Dance+1"],"relics":["Burning Blood","aspiration:HatOfInfinitePower","Ice Cream","hubris:ToyBattleship","Ancient Tea Set","hubris:MysteriousPyramids","Busted Crown","Shuriken","aspiration:SeaSaltIceCream","Girya","PrismaticShard","White Beast Statue","Smiling Mask","aspiration:SecretTechniqueScroll","Membership Card","Bottled Flame","aspiration:ArtOfWarUpgrade","TungstenRod","hubris:Spice"],"acts_visited":["Exordium","TheCity","TheBeyond","TheEnding"],"potions_floor_usage":[7,8,11,12,24,25,45,55,55],"damage_taken":[{"damage":1,"enemies":"Cultist","floor":1,"turns":3},{"damage":0,"enemies":"Small Slimes","floor":3,"turns":2},{"damage":1,"enemies":"Jaw Worm","floor":4,"turns":4},{"damage":10,"enemies":"Exordium Thugs","floor":7,"turns":3},{"damage":14,"enemies":"Gremlin Nob","floor":8,"turns":3},{"damage":3,"enemies":"Lots of Slimes","floor":11,"turns":3},{"damage":0,"enemies":"3 Louse","floor":12,"turns":3},{"damage":13,"enemies":"Looter","floor":13,"turns":3},{"damage":9,"enemies":"Large Slime","floor":14,"turns":4},{"damage":28,"enemies":"Hexaghost","floor":16,"turns":6},{"damage":7,"enemies":"Chosen","floor":18,"turns":4},{"damage":19,"enemies":"Shell Parasite","floor":20,"turns":5},{"damage":20,"enemies":"Sentry and Sphere","floor":21,"turns":5},{"damage":16,"enemies":"Book of Stabbing","floor":24,"turns":3},{"damage":22,"enemies":"Shelled Parasite and Fungi","floor":25,"turns":5},{"damage":5,"enemies":"Centurion and Healer","floor":27,"turns":5},{"damage":3,"enemies":"Gremlin Leader","floor":30,"turns":4},{"damage":27,"enemies":"Automaton","floor":33,"turns":6},{"damage":14,"enemies":"3 Darklings","floor":35,"turns":3},{"damage":12,"enemies":"3 Shapes","floor":39,"turns":3},{"damage":3,"enemies":"Transient","floor":41,"turns":5},{"damage":13,"enemies":"4 Shapes","floor":44,"turns":3},{"damage":16,"enemies":"Reptomancer","floor":45,"turns":4},{"damage":5,"enemies":"Spire Growth","floor":47,"turns":2},{"damage":19,"enemies":"hubris:GrandSnecko","floor":50,"turns":5},{"damage":14,"enemies":"Shield and Spear","floor":54,"turns":4},{"damage":77,"enemies":"The Heart","floor":55,"turns":8}],"seed_played":"-224326687719754825","potions_obtained":[{"floor":3,"key":"ColorlessPotion"},{"floor":4,"key":"SkillPotion"},{"floor":11,"key":"AttackPotion"},{"floor":14,"key":"BloodPotion"},{"floor":16,"key":"BlessingOfTheForge"},{"floor":18,"key":"PowerPotion"},{"floor":33,"key":"Swift Potion"},{"floor":35,"key":"HeartOfIron"},{"floor":45,"key":"Weak Potion"},{"floor":47,"key":"LiquidMemories"}],"is_trial":false,"path_per_floor":["M","?","M","M","?","R","M","E","T","$","M","M","M","M","R","B",null,"M","?","M","M","$","R","E","M","T","M","?","R","E","?","R","B",null,"M","$","?","$","M","R","M","R","T","M","E","R","M","$","R","B",null,"R","$","E","B",null],"character_chosen":"IRONCLAD","items_purchased":["Armaments","Thunderclap","Rupture","ColorlessPotion","hubris:ReadiedAction","Rupture","Shuriken","Membership Card","Infernal Blade","TungstenRod"],"campfire_rested":1,"item_purchase_floors":[0,0,0,0,0,10,22,38,38,48],"current_hp_per_floor":[49,31,37,42,42,66,62,54,54,54,57,63,56,53,53,31,80,80,80,80,68,68,68,68,58,58,80,72,72,80,80,80,79,80,80,80,80,80,74,74,80,80,80,80,80,80,80,80,80,80,80,80,80,88,80],"gold":56,"neow_bonus":"","is_daily":false,"chose_seed":false,"campfire_upgraded":3,"win_rate":0.0,"timestamp":1607851798,"path_taken":["M","?","M","M","?","R","?","E","T","$","M","M","M","M","R","BOSS","M","?","M","M","?","R","E","M","T","M","?","R","E","?","R","BOSS","M","$","?","$","?","R","M","R","T","M","E","R","M","$","R","BOSS","R","$","E","BOSS"],"items_purchased_type":["Card","Card","Card","Potion","Card","Card","Relic","Relic","Card","Relic"],"build_version":"2020-11-30","purchased_purges":0,"victory":true,"max_hp_per_floor":[80,80,80,80,80,80,80,80,80,80,80,80,80,80,80,80,80,80,80,80,80,80,80,80,80,80,80,80,80,80,80,80,80,80,80,80,80,80,80,80,80,80,80,80,80,80,80,80,80,80,80,80,80,88,88],"card_choices":[{"not_picked":["Reckless Charge","Thunderclap"],"picked":"Rage","floor":1},{"not_picked":["Intimidate","Clothesline"],"picked":"Sword Boomerang","floor":3},{"not_picked":["Power Through","Shrug It Off"],"picked":"Heavy Blade","floor":4},{"not_picked":["Combust","Heavy Blade"],"picked":"Bloodletting","floor":7},{"not_picked":["Havoc","Fiend Fire"],"picked":"Sword Boomerang","floor":8},{"not_picked":["Pommel Strike","Body Slam","Reckless Charge"],"picked":"SKIP","floor":11},{"not_picked":["Warcry","Shrug It Off"],"picked":"Seeing Red","floor":12},{"not_picked":["Metallicize","Shrug It Off"],"picked":"Flame Barrier","floor":13},{"not_picked":["Body Slam","Wild Strike"],"picked":"Dropkick","floor":14},{"not_picked":["Exhume","Feed"],"picked":"Reaper","floor":16},{"not_picked":[],"picked":"Flex","floor":18},{"not_picked":["Havoc"],"picked":"SKIP","floor":20},{"not_picked":[],"picked":"Shockwave","floor":21},{"not_picked":["Reckless Charge"],"picked":"SKIP","floor":24},{"not_picked":[],"picked":"Battle Trance","floor":25},{"not_picked":["Anger+1"],"picked":"SKIP","floor":27},{"not_picked":["Worship"],"picked":"SKIP","floor":30},{"not_picked":[],"picked":"Apotheosis","floor":33},{"not_picked":[],"picked":"Outmaneuver","floor":35},{"not_picked":[],"picked":"Protect+1","floor":39},{"not_picked":[],"picked":"Protect","floor":41},{"not_picked":["SashWhip"],"picked":"SKIP","floor":44},{"not_picked":[],"picked":"Headbutt","floor":45},{"not_picked":[],"picked":"Metallicize","floor":47},{"not_picked":[],"picked":"Blade Dance+1","floor":54}],"player_experience":315240,"relics_obtained":[{"floor":8,"key":"Ancient Tea Set"},{"floor":9,"key":"hubris:MysteriousPyramids"},{"floor":24,"key":"aspiration:SeaSaltIceCream"},{"floor":28,"key":"PrismaticShard"},{"floor":30,"key":"White Beast Statue"},{"floor":43,"key":"Bottled Flame"},{"floor":45,"key":"Art of War"},{"floor":54,"key":"hubris:Spice"}],"event_choices":[{"damage_healed":0,"gold_gain":0,"player_choice":"Success","damage_taken":18,"relics_obtained":["hubris:ToyBattleship"],"max_hp_gain":0,"max_hp_loss":0,"event_name":"Scrap Ooze","floor":2,"gold_loss":0},{"damage_healed":0,"gold_gain":0,"player_choice":"Copied","damage_taken":0,"max_hp_gain":0,"max_hp_loss":0,"event_name":"Duplicator","floor":19,"gold_loss":0,"cards_obtained":["Reaper"]},{"damage_healed":0,"gold_gain":0,"player_choice":"Opened","damage_taken":0,"relics_obtained":["Smiling Mask"],"max_hp_gain":0,"max_hp_loss":0,"event_name":"The Mausoleum","floor":31,"gold_loss":0},{"damage_healed":0,"gold_gain":0,"player_choice":"2 cards matched","damage_taken":0,"max_hp_gain":0,"max_hp_loss":0,"event_name":"Match and Keep!","floor":37,"gold_loss":0,"cards_obtained":["Bash","Sword Boomerang"]}],"is_beta":false,"boss_relics":[{"not_picked":["Runic Pyramid","hubris:BlackHole"],"picked":"Busted Crown"},{"not_picked":["hubris:CrackedHourglass","Velvet Choker"],"picked":"aspiration:SecretTechniqueScroll"}],"items_purged_floors":[],"is_endless":false,"potions_floor_spawned":[3,4,11,14,16,18,20,21,33,35,39,41,44,45,47,54],"ascension_level":0}}