{"host":"y3h3n3f7seyagppx","time":1607820822,"event":{"mods":["AlwaysNeverKeys","BaseMod","Better Vampires","Colored Powertips","DeckTracker","Emptier Cage","Minty Spire (QoL Compilation)","Permanent Neow","Quick Restart","Rare Cards Sparkle","Relic Sorter","Relic Stats","StSLib","Transform Curses"],"gold_per_floor":[119,136,155,175,191,224,224,257,334,359,376,41,68,68,68,68,68],"floor_reached":16,"playtime":989,"items_purged":[],"score":264,"play_id":"7299556b-49e0-48a4-8af1-b3e0c9266893","local_time":"20201212195342","is_ascension_mode":true,"campfire_choices":[{"data":"Immolate","floor":7.0,"key":"SMITH"},{"data":"Shockwave","floor":15.0,"key":"SMITH"}],"circlet_count":0,"master_deck":["AscendersBane","Strike_R","Strike_R","Strike_R","Strike_R","Strike_R","Defend_R","Defend_R","Defend_R","Defend_R","Bash","Immolate+1","Shockwave+1","Carnage","Impervious","Disarm","Evolve"],"relics":["Burning Blood","Matryoshka","Pear","Centennial Puzzle","Ornamental Fan","Ancient Tea Set","Medical Kit","Akabeko","CeramicFish","Boot"],"acts_visited":["Exordium"],"potions_floor_usage":[16],"damage_taken":[{"damage":0.0,"enemies":"2 Louse","floor":1.0,"turns":1.0},{"damage":12.0,"enemies":"Jaw Worm","floor":2.0,"turns":3.0},{"damage":6.0,"enemies":"Cultist","floor":3.0,"turns":3.0},{"damage":0.0,"enemies":"Gremlin Gang","floor":4.0,"turns":1.0},{"damage":3.0,"enemies":"Exordium Wildlife","floor":5.0,"turns":3.0},{"damage":7.0,"enemies":"3 Sentries","floor":6.0,"turns":6.0},{"damage":29.0,"enemies":"Gremlin Nob","floor":8.0,"turns":4.0},{"damage":8.0,"enemies":"Lagavulin","floor":10.0,"turns":7.0},{"damage":10.0,"enemies":"3 Louse","floor":11.0,"turns":3.0},{"damage":18.0,"enemies":"3 Sentries","floor":13.0,"turns":5.0},{"damage":48,"enemies":"Hexaghost","floor":16,"turns":11}],"seed_played":"1640396085204045217","potions_obtained":[{"floor":1.0,"key":"Swift Potion"},{"floor":3.0,"key":"Regen Potion"},{"floor":5.0,"key":"Fire Potion"},{"floor":6.0,"key":"SkillPotion"},{"floor":11.0,"key":"EssenceOfSteel"}],"is_trial":false,"path_per_floor":["M","M","M","M","M","E","R","E","T","E","M","$","E","?","R","B"],"character_chosen":"IRONCLAD","items_purchased":["Medical Kit","Akabeko"],"campfire_rested":0,"item_purchase_floors":[12,12],"current_hp_per_floor":[68,62,62,68,68,67,67,54,54,52,48,48,36,31,31,0,0],"gold":68,"neow_bonus":"THREE_RARE_CARDS","is_daily":false,"chose_seed":false,"campfire_upgraded":2,"win_rate":0.0,"timestamp":1607820822,"path_taken":["M","M","M","M","M","E","R","E","T","E","M","$","E","?","R","BOSS"],"items_purchased_type":["Relic","Relic"],"build_version":"2020-11-30","purchased_purges":0,"victory":false,"max_hp_per_floor":[68,68,68,68,68,68,68,78,78,78,78,78,78,78,78,78,78],"relic_stats":{"Centennial Puzzle":[12],"counters":[11,47],"Ornamental Fan":[16],"CeramicFish":0,"Medical Kit":[10],"Boot":[0],"obtain_stats":[{"Centennial Puzzle":9,"Matryoshka":6,"Pear":8,"Ornamental Fan":9,"CeramicFish":13,"Ancient Tea Set":10,"Medical Kit":12,"Boot":14,"Burning Blood":0,"Akabeko":12},{"Centennial Puzzle":7,"Matryoshka":6,"Pear":7,"Ornamental Fan":7,"CeramicFish":10,"Ancient Tea Set":8,"Medical Kit":9,"Boot":10,"Burning Blood":0,"Akabeko":9},{"Centennial Puzzle":21,"Matryoshka":17,"Pear":21,"Ornamental Fan":21,"CeramicFish":36,"Ancient Tea Set":28,"Medical Kit":31,"Boot":36,"Burning Blood":0,"Akabeko":31}],"Burning Blood":51},"card_choices":[{"not_picked":["Offering","Juggernaut"],"picked":"Immolate","floor":0.0},{"not_picked":["Entrench","Sword Boomerang","Infernal Blade"],"picked":"SKIP","floor":1.0},{"not_picked":["Sword Boomerang","Dark Embrace"],"picked":"Shockwave","floor":2.0},{"not_picked":["Heavy Blade","Infernal Blade","Sword Boomerang"],"picked":"SKIP","floor":3.0},{"not_picked":["Bloodletting","Sever Soul","True Grit"],"picked":"SKIP","floor":4.0},{"not_picked":["Clash","Sentinel"],"picked":"Carnage","floor":5.0},{"not_picked":["Flex","Blood for Blood"],"picked":"Impervious","floor":6.0},{"not_picked":["Seeing Red","Clash"],"picked":"Disarm","floor":8.0},{"not_picked":["Flame Barrier","Shrug It Off"],"picked":"Evolve","floor":10.0},{"not_picked":["Wild Strike","Havoc","Sword Boomerang"],"picked":"SKIP","floor":11.0},{"not_picked":["Havoc","Pommel Strike","Iron Wave"],"picked":"SKIP","floor":13.0}],"player_experience":19958316,"relics_obtained":[{"floor":6.0,"key":"Matryoshka"},{"floor":8.0,"key":"Pear"},{"floor":9.0,"key":"Centennial Puzzle"},{"floor":9.0,"key":"Ornamental Fan"},{"floor":10.0,"key":"Ancient Tea Set"},{"floor":13.0,"key":"CeramicFish"}],"event_choices":[{"damage_healed":0.0,"max_hp_gain":0.0,"max_hp_loss":0.0,"gold_gain":0.0,"event_name":"Scrap Ooze","player_choice":"Success","floor":14.0,"gold_loss":0.0,"damage_taken":5.0,"relics_obtained":["Boot"]}],"is_beta":false,"boss_relics":[],"items_purged_floors":[],"is_endless":false,"potions_floor_spawned":[1,3,5,6,11],"killed_by":"Hexaghost","ascension_level":20}}