{"host":"cvdbfwtypahr1w62","time":1607881997,"event":{"mods":["AchievementEnabler","Act Like it!","BaseMod","BetterRewards","Colored Map","Filter the Spire","Hallownest","Highlight Path","Jorbs\u0027s Wanderer Trilogy","Marisa????????","Minty Spire (QoL Compilation)","Rare Cards Sparkle","Relic Stats","Shop Mod","StSLib","The Bug Knight","The Cursed"],"gold_per_floor":[115,115,125,45,45,45,55,82,108,108,108,108,126,144,144,218,218,231,242,242,267,117,117,146,160,183,8,33,33,59,59,59,133,133,151,151,162,162,175,201,213,213,213,213,223,43,123,142,142,216],"floor_reached":51,"playtime":2127,"items_purged":["Strike_G","Strike_G","Strike_G","Strike_G","Strike_G"],"score":2255,"play_id":"1ffbff93-fb1f-4858-80e1-1562e16f55aa","local_time":"20201213185317","is_ascension_mode":true,"campfire_choices":[{"floor":6,"key":"REST"},{"floor":10,"key":"REST"},{"data":"Noxious Fumes","floor":15,"key":"SMITH"},{"data":"Cloak And Dagger","floor":23,"key":"SMITH"},{"data":"Neutralize","floor":29,"key":"SMITH"},{"data":"Panacea","floor":32,"key":"SMITH"},{"data":"A Thousand Cuts","floor":44,"key":"SMITH"},{"floor":49,"key":"REST"}],"circlet_count":0,"master_deck":["AscendersBane","Defend_G+1","Defend_G","Defend_G","Survivor","Neutralize+1","Accuracy","Cloak And Dagger+1","Blade Dance+1","Panacea+1","Noxious Fumes+1","Blur","Footwork","Slice","Accuracy","Footwork","Infinite Blades","Corpse Explosion","Adrenaline","A Thousand Cuts+1","Caltrops+1","Dodge and Roll","After Image"],"relics":["Ring of the Snake","Torii","HollowMod:JonisBlessing","Kunai","Vajra","Regal Pillow","Hallownest:DreamNailRelic","WristBlade","Hallownest:WatcherSealRelic","Omamori","Darkstone Periapt","Tiny Chest","HornCleat","PreservedInsect","Empty Cage","Hallownest:BeastSealRelic","War Paint","Mummified Hand","Bottled Flame","Hallownest:StagBellRelic1"],"acts_visited":["Exordium","Hallownest:Greenpath","Hallownest:CityofTears"],"potions_floor_usage":[16,18,19,25,30,33,33,33,35,39,50,50],"damage_taken":[{"damage":0,"enemies":"Hallownest:2_MossCreeps","floor":1,"turns":7},{"damage":0,"enemies":"Hallownest:monsterHuskWarrior","floor":3,"turns":5},{"damage":0,"enemies":"Hallownest:2_Tiktiks_and_1_Crawlid","floor":7,"turns":5},{"damage":0,"enemies":"Hallownest:eliteCrystalGuardian","floor":8,"turns":6},{"damage":0,"enemies":"Hallownest:monsterAspidMother","floor":13,"turns":6},{"damage":0,"enemies":"Hallownest:1_Ooma_and_2_Uuma","floor":14,"turns":6},{"damage":0,"enemies":"Hallownest:BossBrokenVessel","floor":16,"turns":9},{"damage":0,"enemies":"Hallownest:Flukemon_and_Top","floor":18,"turns":6},{"damage":0,"enemies":"Hallownest:3_Youths","floor":19,"turns":2},{"damage":0,"enemies":"Hallownest:eliteSoulWarrior","floor":24,"turns":6},{"damage":0,"enemies":"Hallownest:2_Flukemon","floor":25,"turns":4},{"damage":0,"enemies":"Hallownest:Nosk","floor":28,"turns":5},{"damage":0,"enemies":"Hallownest:eliteWatcherKnight","floor":30,"turns":8},{"damage":0,"enemies":"Hallownest:BossSoulMaster","floor":33,"turns":7},{"damage":17,"enemies":"Hallownest:3_Siblings","floor":35,"turns":5},{"damage":0,"enemies":"Hallownest:Shield_Heavy","floor":37,"turns":5},{"damage":0,"enemies":"Hallownest:2_Wandering_and_1_Horned","floor":39,"turns":4},{"damage":21,"enemies":"Hallownest:eliteHiveKnight","floor":40,"turns":5},{"damage":0,"enemies":"Hallownest:Shield_Sturdy","floor":41,"turns":6},{"damage":0,"enemies":"Hallownest:2_Wing_and_1_Kings","floor":45,"turns":3},{"damage":0,"enemies":"Hallownest:2_Wing_and_1_Kings","floor":47,"turns":3},{"damage":0,"enemies":"Hallownest:2_Wing_and_1_Kings","floor":47,"turns":4},{"damage":0,"enemies":"Hallownest:Xero_Hu_Marmu","floor":48,"turns":3},{"damage":0,"enemies":"Hallownest:Radiance","floor":50,"turns":7}],"seed_played":"-9065308492265469608","potions_obtained":[{"floor":3,"key":"GhostInAJar"},{"floor":16,"key":"Swift Potion"},{"floor":18,"key":"Fire Potion"},{"floor":24,"key":"EssenceOfSteel"},{"floor":30,"key":"SteroidPotion"},{"floor":33,"key":"Fire Potion"},{"floor":35,"key":"Fire Potion"},{"floor":40,"key":"Explosive Potion"}],"is_trial":false,"path_per_floor":["M","?","M","$","?","R","M","E","T","R","?","$","M","M","R","B",null,"M","M","?","T","$","R","E","M","T","$","E","R","E","?","R","B",null,"M","?","M","$","M","E","M","T","T","R","M","?","?","M","R","B",null],"character_chosen":"THE_SILENT","items_purchased":["Accuracy","Cloak And Dagger","Blade Dance","Panacea","Noxious Fumes","HollowMod:JonisBlessing","Blur","Footwork","Kunai","PowerPotion","Slice","Accuracy"],"campfire_rested":3,"item_purchase_floors":[0,0,0,0,0,0,0,0,0,0,0,4],"current_hp_per_floor":[18,18,18,18,7,26,26,26,26,60,60,60,60,60,60,60,65,65,65,65,65,65,65,65,65,65,65,65,65,65,65,65,65,66,49,49,49,49,49,28,28,28,28,28,28,28,28,28,62,62],"gold":216,"neow_bonus":"","is_daily":false,"chose_seed":false,"campfire_upgraded":5,"win_rate":0.0,"timestamp":1607881997,"path_taken":["M","?","M","$","?","R","M","E","T","R","?","$","?","M","R","BOSS","M","M","?","?","$","R","E","M","T","$","E","R","E","?","R","BOSS","M","?","M","$","?","E","M","?","T","R","M","?","?","M","R","BOSS"],"items_purchased_type":["Card","Card","Card","Card","Card","Relic","Card","Card","Relic","Potion","Card","Card"],"build_version":"2020-11-30","purchased_purges":5,"victory":true,"max_hp_per_floor":[66,66,66,66,66,66,66,66,66,66,66,66,66,66,66,66,66,66,66,66,66,66,66,66,66,66,66,66,66,66,66,66,66,66,66,66,66,66,66,66,66,66,66,66,66,66,66,66,66,66],"relic_stats":{"Darkstone Periapt":0,"Regal Pillow":30,"Torii":0,"counters":[336,1845],"Mummified Hand":[56],"Tiny Chest":2,"PreservedInsect":71,"Kunai":[68],"War Paint":["Blade Dance","Defend_G"],"obtain_stats":[{"TwistedFunnel":19,"Whetstone":0,"Bottled Tornado":28,"Boot":8,"Sling":19,"Blood Vial":2,"Sundial":43,"MealTicket":7,"Fusion Hammer":34,"Kunai":9,"HollowMod:PaleOreRelic":40,"HollowMod:QueensCombRelic":0,"Pear":9,"Blue Candle":31,"HollowMod:JonisBlessing":0,"Eternal Feather":13,"Pen Nib":27,"Paper Crane":10,"Akabeko":45,"SlaversCollar":17,"MutagenicStrength":20,"Bird Faced Urn":25,"Ring of the Serpent":34,"Unceasing Top":14,"Lantern":24,"Regal Pillow":26,"Torii":0,"Singing Bowl":9,"Magic Flower":0,"StoneCalendar":0,"Bag of Preparation":25,"Smiling Mask":9,"Hallownest:GodTamersBeastRelic":45,"Cursed Key":17,"Matryoshka":31,"Shovel":0,"WristBlade":34,"Ninja Scroll":0,"WingedGreaves":0,"Chemical X":30,"InkBottle":14,"Potion Belt":43,"Lee\u0027s Waffle":30,"Golden Idol":2,"Circlet":30,"Thread and Needle":40,"PreservedInsect":5,"Omamori":13,"Frozen Egg 2":22,"Hallownest:WatcherSealRelic":20,"Busted Crown":34,"Ornamental Fan":11,"Turnip":24,"Bottled Lightning":26,"Toy Ornithopter":9,"Ice Cream":39,"Mark of the Bloom":36,"Calipers":10,"Tiny House":17,"Gremlin Horn":29,"CeramicFish":26,"Vajra":10,"HoveringKite":34,"HollowMod:VesselMask":0,"HollowMod:StagPassRelic":9,"Sozu":34,"Lizard Tail":43,"HornCleat":0,"Strawberry":26,"Philosopher\u0027s Stone":17,"Prayer Wheel":27,"Toxic Egg 2":9,"Girya":8,"Happy Flower":0,"Oddly Smooth Stone":0,"War Paint":30,"Question Card":26,"WarpedTongs":28,"Bottled Flame":26,"Shuriken":9,"Bronze Scales":20,"Molten Egg 2":45,"CatCart":37,"Pocketwatch":0,"Meat on the Bone":4,"Darkstone Periapt":26,"Hallownest:StagBellRelic1":3,"SacredBark":34,"Enchiridion":27,"Mango":0,"Snake Skull":0,"Juzu Bracelet":43,"Incense Burner":2,"Hallownest:DreamNailRelic":3,"Empty Cage":17,"ClockworkSouvenir":0,"Nunchaku":26,"Dream Catcher":9,"Tough Bandages":0,"Mummified Hand":44,"Pantograph":6,"Tiny Chest":31,"Red Mask":48,"Runic Pyramid":34,"Hallownest:BeastSealRelic":48,"Hallownest:SalubrasBlessingRelic":2,"HollowMod:LifeEnderRelic":40,"Odd Mushroom":11,"Orichalcum":44,"White Beast Statue":26,"Peace Pipe":13,"Anchor":30,"Membership Card":0,"TungstenRod":43},{"TwistedFunnel":198,"Whetstone":0,"Bottled Tornado":112,"Boot":4,"Sling":64,"Blood Vial":56,"Sundial":17,"MealTicket":96,"Fusion Hammer":46,"Kunai":20,"HollowMod:PaleOreRelic":287,"HollowMod:QueensCombRelic":188,"Pear":58,"Blue Candle":158,"HollowMod:JonisBlessing":0,"Eternal Feather":238,"Pen Nib":68,"Paper Crane":148,"Akabeko":73,"SlaversCollar":39,"MutagenicStrength":111,"Bird Faced Urn":111,"Ring of the Serpent":136,"Unceasing Top":218,"Lantern":10,"Regal Pillow":131,"Torii":250,"Singing Bowl":292,"Magic Flower":55,"StoneCalendar":55,"Bag of Preparation":179,"Smiling Mask":4,"Hallownest:GodTamersBeastRelic":54,"Cursed Key":110,"Matryoshka":12,"Shovel":289,"WristBlade":182,"Ninja Scroll":210,"WingedGreaves":105,"Chemical X":44,"InkBottle":22,"Potion Belt":230,"Lee\u0027s Waffle":68,"Golden Idol":106,"Circlet":222,"Thread and Needle":184,"PreservedInsect":99,"Omamori":173,"Frozen Egg 2":9,"Hallownest:WatcherSealRelic":41,"Busted Crown":115,"Ornamental Fan":36,"Turnip":130,"Bottled Lightning":280,"Toy Ornithopter":107,"Ice Cream":286,"Mark of the Bloom":183,"Calipers":124,"Tiny House":127,"Gremlin Horn":200,"CeramicFish":179,"Vajra":59,"HoveringKite":202,"HollowMod:VesselMask":0,"HollowMod:StagPassRelic":255,"Sozu":244,"Lizard Tail":287,"HornCleat":188,"Strawberry":261,"Philosopher\u0027s Stone":7,"Prayer Wheel":87,"Toxic Egg 2":34,"Girya":255,"Happy Flower":55,"Oddly Smooth Stone":119,"War Paint":68,"Question Card":155,"WarpedTongs":43,"Bottled Flame":11,"Shuriken":123,"Bronze Scales":25,"Molten Egg 2":208,"CatCart":226,"Pocketwatch":0,"Meat on the Bone":106,"Darkstone Periapt":198,"Hallownest:StagBellRelic1":145,"SacredBark":70,"Enchiridion":241,"Mango":18,"Snake Skull":188,"Juzu Bracelet":17,"Incense Burner":19,"Hallownest:DreamNailRelic":31,"Empty Cage":63,"ClockworkSouvenir":18,"Nunchaku":67,"Dream Catcher":147,"Tough Bandages":250,"Mummified Hand":207,"Pantograph":3,"Tiny Chest":303,"Red Mask":75,"Runic Pyramid":13,"Hallownest:BeastSealRelic":54,"Hallownest:SalubrasBlessingRelic":290,"HollowMod:LifeEnderRelic":229,"Odd Mushroom":102,"Orichalcum":187,"White Beast Statue":86,"Peace Pipe":81,"Anchor":134,"Membership Card":55,"TungstenRod":140},{"TwistedFunnel":1059,"Whetstone":0,"Bottled Tornado":608,"Boot":16,"Sling":351,"Blood Vial":314,"Sundial":91,"MealTicket":529,"Fusion Hammer":267,"Kunai":105,"HollowMod:PaleOreRelic":1541,"HollowMod:QueensCombRelic":1010,"Pear":321,"Blue Candle":829,"HollowMod:JonisBlessing":0,"Eternal Feather":1270,"Pen Nib":370,"Paper Crane":780,"Akabeko":387,"SlaversCollar":217,"MutagenicStrength":605,"Bird Faced Urn":605,"Ring of the Serpent":725,"Unceasing Top":1160,"Lantern":51,"Regal Pillow":701,"Torii":1334,"Singing Bowl":1609,"Magic Flower":310,"StoneCalendar":310,"Bag of Preparation":959,"Smiling Mask":16,"Hallownest:GodTamersBeastRelic":299,"Cursed Key":602,"Matryoshka":59,"Shovel":1574,"WristBlade":981,"Ninja Scroll":1121,"WingedGreaves":578,"Chemical X":253,"InkBottle":113,"Potion Belt":1228,"Lee\u0027s Waffle":370,"Golden Idol":582,"Circlet":1184,"Thread and Needle":990,"PreservedInsect":549,"Omamori":913,"Frozen Egg 2":39,"Hallownest:WatcherSealRelic":230,"Busted Crown":624,"Ornamental Fan":195,"Turnip":698,"Bottled Lightning":1495,"Toy Ornithopter":585,"Ice Cream":1536,"Mark of the Bloom":985,"Calipers":675,"Tiny House":688,"Gremlin Horn":1072,"CeramicFish":959,"Vajra":325,"HoveringKite":1081,"HollowMod:VesselMask":0,"HollowMod:StagPassRelic":1359,"Sozu":1306,"Lizard Tail":1541,"HornCleat":1010,"Strawberry":1400,"Philosopher\u0027s Stone":32,"Prayer Wheel":476,"Toxic Egg 2":181,"Girya":1359,"Happy Flower":310,"Oddly Smooth Stone":643,"War Paint":370,"Question Card":814,"WarpedTongs":248,"Bottled Flame":55,"Shuriken":667,"Bronze Scales":137,"Molten Egg 2":1106,"CatCart":1208,"Pocketwatch":0,"Meat on the Bone":582,"Darkstone Periapt":1059,"Hallownest:StagBellRelic1":767,"SacredBark":378,"Enchiridion":1289,"Mango":100,"Snake Skull":1010,"Juzu Bracelet":91,"Incense Burner":102,"Hallownest:DreamNailRelic":168,"Empty Cage":346,"ClockworkSouvenir":100,"Nunchaku":364,"Dream Catcher":775,"Tough Bandages":1334,"Mummified Hand":1100,"Pantograph":11,"Tiny Chest":1687,"Red Mask":396,"Runic Pyramid":71,"Hallownest:BeastSealRelic":299,"Hallownest:SalubrasBlessingRelic":1591,"HollowMod:LifeEnderRelic":1224,"Odd Mushroom":563,"Orichalcum":1003,"White Beast Statue":466,"Peace Pipe":431,"Anchor":716,"Membership Card":310,"TungstenRod":739}],"Ring of the Snake":[130]},"card_choices":[{"not_picked":["Blade Dance","Underhanded Strike","Reflex"],"picked":"SKIP","floor":1},{"not_picked":["Finisher","Deadly Poison","Slice"],"picked":"SKIP","floor":3},{"not_picked":["Concentrate","Backflip","Distraction"],"picked":"SKIP","floor":7},{"not_picked":["Riddle With Holes","Eviscerate","Deflect"],"picked":"SKIP","floor":8},{"not_picked":["Quick Slash","Endless Agony"],"picked":"Footwork","floor":13},{"not_picked":["Backstab","Dodge and Roll"],"picked":"Infinite Blades","floor":14},{"not_picked":["Bullet Time","Tools of the Trade"],"picked":"Corpse Explosion","floor":16},{"not_picked":["Prepared","Slice","Blade Dance"],"picked":"SKIP","floor":18},{"not_picked":["Catalyst","Bane","Cloak And Dagger"],"picked":"SKIP","floor":19},{"not_picked":["Slice","Backflip","Dagger Throw+1"],"picked":"SKIP","floor":24},{"not_picked":["Predator","Skewer","Tactician+1"],"picked":"SKIP","floor":25},{"not_picked":["Deflect","Concentrate"],"picked":"Adrenaline","floor":28},{"not_picked":["Dagger Spray","Skewer","Deadly Poison"],"picked":"SKIP","floor":30},{"not_picked":["Glass Knife","Adrenaline"],"picked":"A Thousand Cuts","floor":33},{"not_picked":["Blade Dance+1","Leg Sweep","Outmaneuver"],"picked":"SKIP","floor":35},{"not_picked":["Slice","Prepared","Cloak And Dagger"],"picked":"SKIP","floor":37},{"not_picked":["Dagger Spray+1","Poisoned Stab","Setup+1"],"picked":"SKIP","floor":39},{"not_picked":["Dagger Throw+1","Bouncing Flask","Calculated Gamble"],"picked":"SKIP","floor":40},{"not_picked":["Blade Dance","Prepared+1"],"picked":"Caltrops+1","floor":41},{"not_picked":["Sucker Punch","Flechettes"],"picked":"Dodge and Roll","floor":45},{"not_picked":["Poisoned Stab","Prepared","Leg Sweep+1"],"picked":"SKIP","floor":48},{"not_picked":["Tools of the Trade","Storm of Steel"],"picked":"After Image","floor":50}],"player_experience":776857,"relics_obtained":[{"floor":8,"key":"Vajra"},{"floor":9,"key":"Regal Pillow"},{"floor":21,"key":"Omamori"},{"floor":24,"key":"Darkstone Periapt"},{"floor":26,"key":"Tiny Chest"},{"floor":28,"key":"HornCleat"},{"floor":30,"key":"PreservedInsect"},{"floor":40,"key":"War Paint"},{"floor":42,"key":"Mummified Hand"},{"floor":43,"key":"Bottled Flame"}],"event_choices":[],"is_beta":false,"boss_relics":[{"not_picked":["Black Star","Astrolabe"],"picked":"WristBlade"},{"not_picked":["Pandora\u0027s Box","HoveringKite"],"picked":"Empty Cage"}],"items_purged_floors":[0,0,0,22,27],"is_endless":false,"potions_floor_spawned":[3,13,16,18,24,30,33,35,40,45,47],"ascension_level":18}}