{"host":"efgqx4zs42teb71b","time":1607892799,"event":{"mods":["AchievementEnabler","BaseMod","Minty Spire (QoL Compilation)","Relic Stats","StSLib"],"gold_per_floor":[112,131,131,144,155,184,199,199,199,28,62,62,131,148,148,226,226,240,240,240,260,275,275,97,0,0,51,70,70,70],"floor_reached":29,"playtime":942,"items_purged":["Writhe"],"score":470,"play_id":"eaa0fc3b-5ab5-427d-baf9-284550d060ee","local_time":"20201213155319","is_ascension_mode":true,"campfire_choices":[{"floor":8,"key":"REST"},{"data":"Uppercut","floor":12,"key":"SMITH"},{"data":"Inflame","floor":15,"key":"SMITH"},{"floor":23,"key":"REST"}],"circlet_count":0,"master_deck":["AscendersBane","Strike_R","Strike_R","Strike_R","Strike_R","Strike_R","Defend_R","Defend_R","Defend_R","Defend_R","Bash","Uppercut+1","Pummel","Metallicize","Twin Strike","Cleave","Metallicize","Twin Strike","Inflame+1","Barricade","Blood for Blood+1","Shrug It Off+1","Shrug It Off","Ghostly Armor"],"relics":["Burning Blood","Vajra","GremlinMask","Nunchaku","Ornamental Fan","Lee\u0027s Waffle","Blood Vial","Sozu","Ice Cream","Frozen Egg 2","Potion Belt"],"acts_visited":["Exordium","TheCity"],"potions_floor_usage":[6,7,21],"damage_taken":[{"damage":9,"enemies":"2 Louse","floor":1,"turns":3},{"damage":1,"enemies":"Cultist","floor":2,"turns":3},{"damage":11,"enemies":"Jaw Worm","floor":4,"turns":3},{"damage":19,"enemies":"2 Fungi Beasts","floor":5,"turns":4},{"damage":31,"enemies":"3 Sentries","floor":6,"turns":11},{"damage":16,"enemies":"3 Louse","floor":7,"turns":2},{"damage":39,"enemies":"Gremlin Nob","floor":11,"turns":5},{"damage":7,"enemies":"Looter","floor":14,"turns":3},{"damage":12,"enemies":"Slime Boss","floor":16,"turns":6},{"damage":28,"enemies":"3 Byrds","floor":18,"turns":6},{"damage":19,"enemies":"2 Thieves","floor":21,"turns":4},{"damage":42,"enemies":"Shelled Parasite and Fungi","floor":22,"turns":6},{"damage":29,"enemies":"Snecko","floor":28,"turns":6},{"damage":29,"enemies":"Slavers","floor":29,"turns":2}],"seed_played":"6756445925765810230","potions_obtained":[{"floor":1,"key":"ElixirPotion"},{"floor":2,"key":"Dexterity Potion"},{"floor":5,"key":"Energy Potion"},{"floor":6,"key":"FairyPotion"},{"floor":11,"key":"ColorlessPotion"}],"is_trial":false,"path_per_floor":["M","M","?","M","M","E","M","R","T","$","E","R","?","M","R","B",null,"M","?","?","M","M","R","$","?","T","T","M","E"],"character_chosen":"IRONCLAD","items_purchased":["Lee\u0027s Waffle","Shrug It Off","Ghostly Armor"],"campfire_rested":2,"item_purchase_floors":[10,24,24],"current_hp_per_floor":[65,70,70,65,52,27,17,39,39,82,49,49,49,50,50,46,73,53,53,29,18,20,46,46,46,46,46,25,0,0],"gold":70,"neow_bonus":"RANDOM_COMMON_RELIC","is_daily":false,"chose_seed":false,"campfire_upgraded":2,"win_rate":0.0,"timestamp":1607892799,"path_taken":["M","M","?","?","M","E","M","R","T","$","E","R","?","M","R","BOSS","M","?","?","M","M","R","$","?","T","?","?","E"],"items_purchased_type":["Relic","Card","Card"],"build_version":"2020-11-30","purchased_purges":1,"victory":false,"max_hp_per_floor":[75,75,75,75,75,75,75,75,75,82,82,82,82,82,82,82,82,82,82,87,87,87,87,87,87,87,87,87,87,87],"relic_stats":{"Blood Vial":14,"Sozu":2,"Nunchaku":[7],"Lee\u0027s Waffle":43,"counters":[14,64],"Ornamental Fan":[44],"obtain_stats":[{"Blood Vial":11,"Sozu":17,"Ice Cream":19,"Potion Belt":27,"Nunchaku":6,"Lee\u0027s Waffle":10,"Ornamental Fan":9,"Vajra":0,"GremlinMask":3,"Frozen Egg 2":26,"Burning Blood":0},{"Blood Vial":7,"Sozu":9,"Ice Cream":10,"Potion Belt":12,"Nunchaku":5,"Lee\u0027s Waffle":6,"Ornamental Fan":6,"Vajra":0,"GremlinMask":2,"Frozen Egg 2":12,"Burning Blood":0},{"Blood Vial":31,"Sozu":40,"Ice Cream":46,"Potion Belt":56,"Nunchaku":24,"Lee\u0027s Waffle":26,"Ornamental Fan":26,"Vajra":0,"GremlinMask":6,"Frozen Egg 2":56,"Burning Blood":0}],"Burning Blood":78},"card_choices":[{"not_picked":["Second Wind","Intimidate"],"picked":"Uppercut","floor":1},{"not_picked":["Bloodletting","Power Through"],"picked":"Pummel","floor":2},{"not_picked":["Clothesline","Shrug It Off"],"picked":"Metallicize","floor":4},{"not_picked":["Shockwave","Power Through"],"picked":"Twin Strike","floor":5},{"not_picked":["Bludgeon","Perfected Strike"],"picked":"Cleave","floor":6},{"not_picked":["True Grit","Dark Embrace"],"picked":"Metallicize","floor":7},{"not_picked":["Body Slam","Headbutt"],"picked":"Twin Strike","floor":11},{"not_picked":["Fire Breathing","Sword Boomerang"],"picked":"Inflame","floor":14},{"not_picked":["Double Tap","Fiend Fire"],"picked":"Barricade","floor":16},{"not_picked":["Wild Strike","Pommel Strike","Havoc"],"picked":"SKIP","floor":18},{"not_picked":["Sword Boomerang","Rampage"],"picked":"Blood for Blood+1","floor":21},{"not_picked":["Clothesline","Twin Strike"],"picked":"Shrug It Off+1","floor":22},{"not_picked":["Iron Wave","Corruption+1","Flex"],"picked":"SKIP","floor":28}],"player_experience":627245,"relics_obtained":[{"floor":6,"key":"Nunchaku"},{"floor":9,"key":"Ornamental Fan"},{"floor":11,"key":"Blood Vial"},{"floor":26,"key":"Frozen Egg 2"},{"floor":27,"key":"Potion Belt"}],"event_choices":[{"damage_healed":0,"gold_gain":0,"player_choice":"Trade","damage_taken":0,"relics_obtained":["GremlinMask"],"max_hp_gain":0,"max_hp_loss":0,"event_name":"FaceTrader","floor":3,"gold_loss":0},{"damage_healed":0,"gold_gain":69,"player_choice":"Gained Gold","damage_taken":0,"max_hp_gain":0,"max_hp_loss":0,"event_name":"Golden Wing","floor":13,"gold_loss":0},{"damage_healed":0,"gold_gain":0,"player_choice":"Opened","damage_taken":0,"relics_obtained":["Ice Cream"],"max_hp_gain":0,"max_hp_loss":0,"event_name":"The Mausoleum","floor":19,"gold_loss":0,"cards_obtained":["Writhe"]},{"damage_healed":0,"gold_gain":0,"player_choice":"Shed Blood","damage_taken":29,"max_hp_gain":5,"max_hp_loss":0,"event_name":"Forgotten Altar","floor":20,"gold_loss":0},{"damage_healed":0,"gold_gain":0,"player_choice":"Paid Fearfully","damage_taken":0,"max_hp_gain":0,"max_hp_loss":0,"event_name":"Masked Bandits","floor":25,"gold_loss":97}],"is_beta":false,"boss_relics":[{"not_picked":["Fusion Hammer","Pandora\u0027s Box"],"picked":"Sozu"}],"items_purged_floors":[24],"is_endless":false,"potions_floor_spawned":[1,2,5,6,11,21,22],"killed_by":"Slavers","ascension_level":20}}