{"host":"51oymzdi1vqwwubu","time":1607900946,"event":{"mods":["Alarm Clock","BaseMod","Become a monster ???","Better Altar","Better Match","Better Note","Better Sensory Stone","Better Skull","Better Vampires","Block Reminder","Colored Map","Colored Powertips","Curses Come First","DeckTracker","Defective Defect","Downfall","FTL Soundtrack","Highlight Path","Key Reminder","Keyboard Shortcuts","Minty Spire (QoL Compilation)","Quick Restart","Rare Cards Sparkle","Relic Stats","Reorder Act Four","StSLib","SuperFastMode","Waifu the Spire"],"gold_per_floor":[110,125,125,75,94,125,125,136,136,29,48,68,68,78,78,78,78],"floor_reached":16,"playtime":944,"items_purged":[],"score":104,"play_id":"66a2a3ab-2693-4833-9dd6-49299d69e61b","local_time":"20201214020906","is_ascension_mode":false,"campfire_choices":[{"floor":13,"key":"REST"},{"floor":15,"key":"REST"}],"circlet_count":0,"master_deck":["Strike_B","Defend_B","Defend_B","Defend_B","Zap","Dualcast","Consume","Double Energy","Heatsinks","Scrape","Gash","Self Repair","Fission"],"relics":["Empty Cage","Mummified Hand","keyreminder:keyreminder","Kunai"],"acts_visited":["Exordium"],"potions_floor_usage":[12,16],"damage_taken":[{"damage":1.0,"enemies":"2 Louse","floor":1.0,"turns":2.0},{"damage":1.0,"enemies":"Jaw Worm","floor":2.0,"turns":6.0},{"damage":4.0,"enemies":"Cultist","floor":5.0,"turns":4.0},{"damage":22.0,"enemies":"3 Sentries","floor":6.0,"turns":5.0},{"damage":7.0,"enemies":"Blue Slaver","floor":8.0,"turns":4.0},{"damage":7.0,"enemies":"3 Louse","floor":11.0,"turns":4.0},{"damage":29,"enemies":"Large Slime","floor":12,"turns":8},{"damage":19,"enemies":"Blue Slaver","floor":14,"turns":4},{"damage":51,"enemies":"Slime Boss","floor":16,"turns":7}],"seed_played":"-5010435662934322331","potions_obtained":[{"floor":2.0,"key":"Energy Potion"},{"floor":5.0,"key":"EntropicBrew"},{"floor":8.0,"key":"Fruit Juice"},{"floor":12,"key":"DuplicationPotion"}],"is_trial":false,"path_per_floor":["M","M","?","?","M","E","?","M","T","$","M","M","R","M","R","B"],"character_chosen":"DEFECT","items_purchased":["Heatsinks","Scrape"],"campfire_rested":2,"item_purchase_floors":[10,10],"current_hp_per_floor":[74,73,73,73,69,47,40,38,38,38,31,2,26,14,38,0,0],"gold":78,"neow_bonus":"BOSS_RELIC","is_daily":false,"chose_seed":false,"campfire_upgraded":0,"win_rate":0.0,"timestamp":1607900946,"path_taken":["M","M","?","?","M","E","?","?","T","$","M","M","R","M","R","BOSS"],"items_purchased_type":["Card","Card"],"build_version":"2020-11-30","purchased_purges":0,"victory":false,"max_hp_per_floor":[75,75,75,75,75,75,75,80,80,80,80,80,80,80,80,80,80],"relic_stats":{"counters":[9,44],"Mummified Hand":[7],"Kunai":[2],"obtain_stats":[{"keyreminder:keyreminder":6,"Mummified Hand":6,"Kunai":9,"Cracked Core":0,"Empty Cage":0},{"keyreminder:keyreminder":4,"Mummified Hand":4,"Kunai":5,"Cracked Core":0,"Empty Cage":0},{"keyreminder:keyreminder":17,"Mummified Hand":17,"Kunai":21,"Cracked Core":0,"Empty Cage":0}]},"card_choices":[{"not_picked":["Go for the Eyes","Redo"],"picked":"Consume","floor":1.0},{"not_picked":["Compile Driver","Reprogram","Conserve Battery"],"picked":"SKIP","floor":2.0},{"not_picked":["Heatsinks","Stack"],"picked":"Double Energy","floor":5.0},{"not_picked":["Sweeping Beam","Aggregate","Conserve Battery"],"picked":"SKIP","floor":6.0},{"not_picked":["Darkness","Steam","Barrage"],"picked":"SKIP","floor":8.0},{"not_picked":["Sunder","Redo"],"picked":"Gash","floor":11.0},{"not_picked":["Conserve Battery","Darkness"],"picked":"Self Repair","floor":12},{"not_picked":["Compile Driver","Static Discharge"],"picked":"Fission","floor":14}],"player_experience":129219,"relics_obtained":[{"floor":6.0,"key":"Mummified Hand"},{"floor":9.0,"key":"Kunai"}],"event_choices":[{"damage_healed":0.0,"max_hp_gain":0.0,"max_hp_loss":0.0,"gold_gain":0.0,"event_name":"Liars Game","player_choice":"Ignored","floor":3.0,"gold_loss":0.0,"damage_taken":0.0},{"cards_removed":["Defend_B"],"damage_healed":0.0,"max_hp_gain":0.0,"max_hp_loss":0.0,"gold_gain":0.0,"event_name":"The Cleric","player_choice":"Card Removal","floor":4.0,"gold_loss":50.0,"damage_taken":0.0},{"cards_removed":["Strike_B"],"damage_healed":0.0,"max_hp_gain":0.0,"max_hp_loss":0.0,"gold_gain":0.0,"event_name":"Golden Wing","player_choice":"Card Removal","floor":7.0,"gold_loss":0.0,"damage_taken":7.0}],"is_beta":false,"boss_relics":[],"items_purged_floors":[],"is_endless":false,"potions_floor_spawned":[2,5,8,12],"killed_by":"Slime Boss","ascension_level":0}}