{"host":"x6tlfgqpy55vgxdn","time":1607854189,"event":{"mods":["AchievementEnabler","BaseMod","DeckTracker","Minty Spire (QoL Compilation)","Permanent Neow","StSLib","SuperFastMode"],"gold_per_floor":[111,111,211,224,224,224,257,257,280,309,309,341,341,354,354,452,452,469,469,4,21,37,65,65,100,100,199,217,83,110,125,125,228,228,242,242,259,33,33,33,0,0,0,25,25,38,38,38,38,38],"floor_reached":51,"playtime":7413,"items_purged":["LikeWater","FollowUp","Decay"],"score":1090,"play_id":"eb230e50-3de0-49e1-8947-c072f787dc13","local_time":"20201213190949","is_ascension_mode":true,"campfire_choices":[{"data":"Eruption","floor":6.0,"key":"SMITH"},{"data":"MentalFortress","floor":8.0,"key":"SMITH"},{"data":"Devotion","floor":15.0,"key":"SMITH"},{"data":"Adaptation","floor":32,"key":"SMITH"},{"data":"TalkToTheHand","floor":40,"key":"SMITH"},{"data":"Vigilance","floor":42,"key":"SMITH"},{"data":"CarveReality","floor":45,"key":"SMITH"},{"data":"FollowUp","floor":49,"key":"SMITH"}],"circlet_count":0,"master_deck":["Eruption+1","Vigilance+1","MentalFortress+1","FollowUp+1","FlurryOfBlows+1","EmptyFist","Devotion+1","Omniscience+1","EmptyBody+1","DeusExMachina+1","InnerPeace+1","Collect+1","CarveReality+1","Prostrate+1","TalkToTheHand+1","Adaptation+1","Adaptation+1","Scrawl+1","Omniscience+1"],"relics":["Coffee Dripper","Bag of Preparation","Lizard Tail","Blood Vial","Toxic Egg 2","Juzu Bracelet","Pandora\u0027s Box","OrangePellets","Pantograph","The Courier","Darkstone Periapt","Kunai","Bottled Tornado","Bag of Marbles","Busted Crown","Medical Kit","Red Mask","Letter Opener","Mercury Hourglass"],"acts_visited":["Exordium","TheCity","TheBeyond"],"potions_floor_usage":[30,30],"damage_taken":[{"damage":0.0,"enemies":"Jaw Worm","floor":1.0,"turns":3.0},{"damage":1.0,"enemies":"Cultist","floor":4.0,"turns":4.0},{"damage":32.0,"enemies":"Gremlin Nob","floor":7.0,"turns":3.0},{"damage":9.0,"enemies":"3 Sentries","floor":10.0,"turns":8.0},{"damage":31.0,"enemies":"Lagavulin","floor":12.0,"turns":6.0},{"damage":0.0,"enemies":"2 Louse","floor":14.0,"turns":1.0},{"damage":29.0,"enemies":"The Guardian","floor":16.0,"turns":9.0},{"damage":1.0,"enemies":"2 Thieves","floor":18.0,"turns":2.0},{"damage":0.0,"enemies":"3 Byrds","floor":21.0,"turns":3.0},{"damage":7,"enemies":"Snake Plant","floor":22,"turns":5},{"damage":0,"enemies":"Gremlin Leader","floor":23,"turns":4},{"damage":4,"enemies":"Book of Stabbing","floor":25,"turns":5},{"damage":0,"enemies":"Centurion and Healer","floor":28,"turns":3},{"damage":6,"enemies":"Gremlin Leader","floor":30,"turns":4},{"damage":0,"enemies":"Snecko","floor":31,"turns":5},{"damage":0,"enemies":"Automaton","floor":33,"turns":5},{"damage":0,"enemies":"3 Darklings","floor":35,"turns":3},{"damage":0,"enemies":"3 Shapes","floor":37,"turns":2},{"damage":0,"enemies":"Nemesis","floor":44,"turns":3},{"damage":0,"enemies":"Transient","floor":46,"turns":4},{"damage":0,"enemies":"Awakened One","floor":50,"turns":2}],"seed_played":"-4355823120668961947","potions_obtained":[{"floor":7.0,"key":"Dexterity Potion"},{"floor":12.0,"key":"Fire Potion"},{"floor":21.0,"key":"Weak Potion"},{"floor":23,"key":"StancePotion"},{"floor":30,"key":"CultistPotion"},{"floor":33,"key":"SteroidPotion"},{"floor":35,"key":"Energy Potion"}],"is_trial":false,"path_per_floor":["M","?","?","M","?","R","E","R","T","E","?","E","?","M","R","B",null,"M","?","$","M","M","E","?","E","T","?","M","$","E","M","R","B",null,"M","?","M","$","?","R","?","R","T","E","R","M","?","?","R","B",null],"character_chosen":"WATCHER","items_purchased":["OrangePellets","Pantograph","Adaptation","Medical Kit"],"campfire_rested":0,"item_purchase_floors":[20,20,29,38],"current_hp_per_floor":[72,54,54,53,53,53,21,21,21,14,72,41,27,29,29,2,55,56,43,43,45,40,42,42,40,40,40,42,42,38,40,40,67,75,77,83,83,83,83,83,83,83,83,83,83,83,83,83,83,83],"gold":38,"neow_bonus":"BOSS_RELIC","is_daily":false,"chose_seed":false,"campfire_upgraded":8,"win_rate":0.0,"timestamp":1607854189,"path_taken":["M","?","?","?","?","R","E","R","T","E","?","E","?","M","R","BOSS","M","?","$","M","M","E","?","E","T","?","M","$","E","M","R","BOSS","M","?","M","$","?","R","?","R","T","E","R","M","?","?","R","BOSS"],"items_purchased_type":["Relic","Relic","Card","Relic"],"build_version":"2020-11-30","purchased_purges":3,"victory":true,"max_hp_per_floor":[72,72,72,72,72,72,72,72,72,72,72,72,72,72,72,72,72,72,77,77,77,77,77,77,77,77,77,77,77,77,77,77,77,77,77,83,83,83,83,83,83,83,83,83,83,83,83,83,83,83],"card_choices":[{"not_picked":["Consecrate","WreathOfFlame"],"picked":"MentalFortress","floor":1.0},{"not_picked":["Prostrate","Evaluate"],"picked":"FollowUp","floor":4.0},{"not_picked":["Pray","Evaluate"],"picked":"FlurryOfBlows","floor":7.0},{"not_picked":["Protect+1","Weave"],"picked":"Sanctity+1","floor":10.0},{"not_picked":["BowlingBash","Weave"],"picked":"EmptyFist","floor":12.0},{"not_picked":["Fasting2","ThirdEye+1"],"picked":"Devotion","floor":14.0},{"not_picked":["MasterReality","SpiritShield+1"],"picked":"Omniscience+1","floor":16.0},{"not_picked":["Conclude","SashWhip","Consecrate+1"],"picked":"SKIP","floor":18.0},{"not_picked":["JustLucky","BowlingBash"],"picked":"Prostrate+1","floor":21.0},{"not_picked":["Perseverance+1","ThirdEye+1","CrushJoints"],"picked":"SKIP","floor":22},{"not_picked":["Halt+1","FollowUp"],"picked":"TalkToTheHand","floor":23},{"not_picked":["Ragnarok","ClearTheMind+1","Halt+1"],"picked":"SKIP","floor":25},{"not_picked":["CrushJoints","Vengeance+1","EmptyBody+1"],"picked":"SKIP","floor":28},{"not_picked":["Halt+1","Nirvana","JustLucky"],"picked":"SKIP","floor":30},{"not_picked":["Conclude","MentalFortress"],"picked":"Adaptation+1","floor":31},{"not_picked":["ConjureBlade+1","Ragnarok"],"picked":"Scrawl+1","floor":33},{"not_picked":["ReachHeaven+1"],"picked":"SKIP","floor":35},{"not_picked":["EmptyBody+1"],"picked":"SKIP","floor":37},{"not_picked":["Consecrate"],"picked":"SKIP","floor":44},{"not_picked":["BattleHymn+1"],"picked":"SKIP","floor":46}],"player_experience":131153,"relics_obtained":[{"floor":7.0,"key":"Lizard Tail"},{"floor":9.0,"key":"Blood Vial"},{"floor":10.0,"key":"Toxic Egg 2"},{"floor":12.0,"key":"Juzu Bracelet"},{"floor":23,"key":"The Courier"},{"floor":25,"key":"Kunai"},{"floor":26,"key":"Bottled Tornado"},{"floor":30,"key":"Bag of Marbles"},{"floor":43,"key":"Letter Opener"},{"floor":44,"key":"Mercury Hourglass"}],"event_choices":[{"damage_healed":0.0,"max_hp_gain":0.0,"max_hp_loss":0.0,"gold_gain":0.0,"event_name":"Scrap Ooze","player_choice":"Success","floor":2.0,"gold_loss":0.0,"damage_taken":18.0,"relics_obtained":["Bag of Preparation"]},{"damage_healed":0.0,"max_hp_gain":0.0,"max_hp_loss":0.0,"gold_gain":100.0,"event_name":"Golden Shrine","player_choice":"Pray","floor":3.0,"gold_loss":0.0,"damage_taken":0.0},{"damage_healed":0.0,"max_hp_gain":0.0,"max_hp_loss":0.0,"gold_gain":0.0,"event_name":"Liars Game","player_choice":"Ignored","floor":5.0,"gold_loss":0.0,"damage_taken":0.0},{"cards_removed":["Sanctity"],"damage_healed":58.0,"max_hp_gain":0.0,"max_hp_loss":0.0,"gold_gain":0.0,"event_name":"Bonfire Elementals","player_choice":"Offered Uncommon","floor":11.0,"gold_loss":0.0,"damage_taken":0.0},{"damage_healed":0.0,"max_hp_gain":0.0,"max_hp_loss":0.0,"gold_gain":0.0,"event_name":"Shining Light","player_choice":"Entered Light","floor":13.0,"gold_loss":0.0,"damage_taken":14.0,"cards_upgraded":["FlurryOfBlows","Strike_P"]},{"damage_healed":0.0,"max_hp_gain":5.0,"max_hp_loss":0.0,"gold_gain":0.0,"event_name":"Forgotten Altar","player_choice":"Shed Blood","floor":19.0,"gold_loss":0.0,"damage_taken":18.0},{"damage_healed":0,"gold_gain":0,"player_choice":"Gave Potion","damage_taken":0,"relics_obtained":["Darkstone Periapt"],"max_hp_gain":0,"max_hp_loss":0,"event_name":"WeMeetAgain","floor":24,"gold_loss":0},{"damage_healed":0,"gold_gain":99,"player_choice":"Stole From Cult","damage_taken":0,"max_hp_gain":0,"max_hp_loss":0,"event_name":"Nest","floor":27,"gold_loss":0},{"damage_healed":0,"gold_gain":0,"player_choice":"Cursed","damage_taken":0,"max_hp_gain":0,"max_hp_loss":0,"event_name":"Wheel of Change","floor":36,"gold_loss":0,"cards_obtained":["Decay"]},{"damage_healed":0,"gold_gain":0,"player_choice":"Copied","damage_taken":0,"max_hp_gain":0,"max_hp_loss":0,"event_name":"Duplicator","floor":39,"gold_loss":0,"cards_obtained":["Omniscience"]},{"damage_healed":0,"gold_gain":0,"player_choice":"Paid","damage_taken":0,"relics_obtained":["Red Mask"],"max_hp_gain":0,"max_hp_loss":0,"event_name":"Tomb of Lord Red Mask","floor":41,"gold_loss":33},{"cards_removed":["Perseverance"],"damage_healed":0,"gold_gain":0,"player_choice":"Removed Skill","damage_taken":0,"max_hp_gain":0,"max_hp_loss":0,"event_name":"Falling","floor":47,"gold_loss":0},{"damage_healed":0,"gold_gain":0,"player_choice":"Ignored","damage_taken":0,"max_hp_gain":0,"max_hp_loss":0,"event_name":"SecretPortal","floor":48,"gold_loss":0}],"is_beta":false,"boss_relics":[{"not_picked":["SacredBark","SlaversCollar"],"picked":"Pandora\u0027s Box"},{"not_picked":["Black Star","Velvet Choker"],"picked":"Busted Crown"}],"items_purged_floors":[20,29,38],"is_endless":false,"potions_floor_spawned":[7,12,21,23,30,33,35,46],"ascension_level":5}}