{"host":"hszimsrtxxc2k25w","time":1607889263,"event":{"mods":["AchievementEnabler","BaseMod","Colored Map","DeckTracker","Minty Spire (QoL Compilation)","Rare Cards Sparkle","SuperFastMode"],"gold_per_floor":[118,118,128,128,203,237,27,44,44,44,64,86,102,115,115,211,211,230,96,96,116,215,215,235,253,276,297,197,197,215,215,215,324,324,337,360,374,195,207,207,242,242,242,268,268,93,93,127,127,127],"floor_reached":51,"playtime":1448,"items_purged":["Strike_P","LessonLearned","EmptyFist","Strike_P","Defend_P"],"score":1177,"play_id":"57462b80-973f-47c8-b829-3861162cfdae","local_time":"20201214045423","is_ascension_mode":true,"campfire_choices":[{"data":"Apotheosis","floor":10.0,"key":"SMITH"},{"data":"Adaptation","floor":15.0,"key":"SMITH"},{"floor":23.0,"key":"REST"},{"floor":29.0,"key":"REST"},{"floor":32.0,"key":"REST"},{"floor":40,"key":"REST"},{"floor":42,"key":"REST"},{"floor":49,"key":"REST"}],"circlet_count":0,"master_deck":["Strike_P","Defend_P","Eruption","Vigilance","FlurryOfBlows+1","Apotheosis+1","Adaptation+1","WheelKick","MentalFortress","FearNoEvil","Sanctity","Meditate","SpiritShield","SandsOfTime"],"relics":["PureWater","NeowsBlessing","Centennial Puzzle","Bottled Tornado","Odd Mushroom","Fusion Hammer","CeramicFish","Nloth\u0027s Gift","Busted Crown","Akabeko","TeardropLocket","Pantograph","Gremlin Horn","Kunai"],"acts_visited":["Exordium","TheCity","TheBeyond"],"potions_floor_usage":[50,50,50],"damage_taken":[{"damage":0.0,"enemies":"2 Louse","floor":1.0,"turns":1.0},{"damage":0.0,"enemies":"Jaw Worm","floor":3.0,"turns":1.0},{"damage":0.0,"enemies":"3 Sentries","floor":6.0,"turns":2.0},{"damage":4.0,"enemies":"Small Slimes","floor":8.0,"turns":3.0},{"damage":1.0,"enemies":"3 Louse","floor":11.0,"turns":3.0},{"damage":4.0,"enemies":"The Mushroom Lair","floor":12.0,"turns":4.0},{"damage":1.0,"enemies":"Red Slaver","floor":13.0,"turns":2.0},{"damage":0.0,"enemies":"Large Slime","floor":14.0,"turns":3.0},{"damage":4.0,"enemies":"Hexaghost","floor":16.0,"turns":7.0},{"damage":14.0,"enemies":"2 Thieves","floor":18.0,"turns":5.0},{"damage":0.0,"enemies":"Chosen","floor":21.0,"turns":2.0},{"damage":0.0,"enemies":"Shelled Parasite and Fungi","floor":24.0,"turns":2.0},{"damage":6.0,"enemies":"Sentry and Sphere","floor":25.0,"turns":3.0},{"damage":10.0,"enemies":"Snecko","floor":27.0,"turns":3.0},{"damage":9.0,"enemies":"Collector","floor":33.0,"turns":6.0},{"damage":6.0,"enemies":"3 Darklings","floor":35.0,"turns":3.0},{"damage":0.0,"enemies":"Orb Walker","floor":37.0,"turns":3.0},{"damage":10,"enemies":"Writhing Mass","floor":39,"turns":5},{"damage":43,"enemies":"Giant Head","floor":41,"turns":8},{"damage":10,"enemies":"Reptomancer","floor":44,"turns":6},{"damage":53,"enemies":"Nemesis","floor":48,"turns":7},{"damage":22,"enemies":"Time Eater","floor":50,"turns":9}],"seed_played":"-8826161080758897435","potions_obtained":[{"floor":1.0,"key":"BlessingOfTheForge"},{"floor":11.0,"key":"Dexterity Potion"},{"floor":13.0,"key":"LiquidMemories"},{"floor":37.0,"key":"LiquidBronze"}],"is_trial":false,"path_per_floor":["M","?","M","?","?","E","$","M","T","R","M","?","M","M","R","B",null,"M","$","?","M","?","R","M","M","T","M","$","R","?","?","R","B",null,"M","T","M","$","M","R","E","R","T","E","?","$","$","E","R","B",null],"character_chosen":"WATCHER","items_purchased":["Apotheosis","WheelKick","SandsOfTime"],"campfire_rested":6,"item_purchase_floors":[7,19,38],"current_hp_per_floor":[65,53,53,39,28,28,28,24,24,24,23,19,18,18,18,14,58,44,44,44,44,44,65,65,59,59,49,49,70,70,70,72,63,70,64,64,64,64,54,72,29,50,50,40,72,72,72,19,40,43],"gold":127,"neow_bonus":"THREE_ENEMY_KILL","is_daily":false,"chose_seed":false,"campfire_upgraded":2,"win_rate":0.0,"timestamp":1607889263,"path_taken":["M","?","M","?","?","E","$","M","T","R","M","?","M","M","R","BOSS","M","$","?","?","?","R","M","M","T","M","$","R","?","?","R","BOSS","M","?","M","$","M","R","E","R","T","E","?","?","$","E","R","BOSS"],"items_purchased_type":["Card","Card","Card"],"build_version":"2020-11-30","purchased_purges":5,"victory":true,"max_hp_per_floor":[72,72,72,72,72,72,72,72,72,72,72,72,72,72,72,72,72,72,72,72,72,72,72,72,72,72,72,72,72,72,72,72,72,72,72,72,72,72,72,72,72,72,72,72,72,72,72,72,72,72],"card_choices":[{"not_picked":["Collect","FlyingSleeves","FollowUp"],"picked":"SKIP","floor":1.0},{"not_picked":["BowlingBash","FlyingSleeves"],"picked":"FlurryOfBlows","floor":3.0},{"not_picked":["Perseverance","CarveReality","WaveOfTheHand"],"picked":"SKIP","floor":6.0},{"not_picked":["EmptyFist","Crescendo"],"picked":"Adaptation","floor":8.0},{"not_picked":["EmptyBody","WaveOfTheHand","PathToVictory"],"picked":"SKIP","floor":11.0},{"not_picked":["CutThroughFate","Meditate"],"picked":"ForeignInfluence","floor":13.0},{"not_picked":["BowlingBash","ReachHeaven","FlyingSleeves"],"picked":"SKIP","floor":14.0},{"not_picked":["Alpha","MasterReality"],"picked":"LessonLearned","floor":16.0},{"not_picked":["JustLucky","Study","Crescendo"],"picked":"SKIP","floor":18.0},{"not_picked":["CutThroughFate","Evaluate"],"picked":"EmptyFist","floor":21.0},{"not_picked":["Pray","BowlingBash","CutThroughFate"],"picked":"SKIP","floor":24.0},{"not_picked":["EmptyMind+1","Indignation"],"picked":"MentalFortress","floor":25.0},{"not_picked":["FlurryOfBlows","Weave"],"picked":"FearNoEvil","floor":27.0},{"not_picked":["ConjureBlade","LessonLearned"],"picked":"SpiritShield","floor":33.0},{"not_picked":["CarveReality"],"picked":"SKIP","floor":35.0},{"not_picked":["EmptyFist+1"],"picked":"SKIP","floor":37.0},{"not_picked":["FlurryOfBlows+1"],"picked":"SKIP","floor":39},{"not_picked":["SpiritShield"],"picked":"SKIP","floor":41},{"not_picked":["JustLucky+1"],"picked":"SKIP","floor":44},{"not_picked":["Wish"],"picked":"SKIP","floor":48}],"player_experience":583663,"relics_obtained":[{"floor":6.0,"key":"The Courier"},{"floor":9.0,"key":"Bottled Tornado"},{"floor":12.0,"key":"Odd Mushroom"},{"floor":26.0,"key":"CeramicFish"},{"floor":36.0,"key":"Akabeko"},{"floor":41,"key":"TeardropLocket"},{"floor":43,"key":"Pantograph"},{"floor":44,"key":"Gremlin Horn"},{"floor":48,"key":"Kunai"}],"event_choices":[{"damage_healed":0.0,"max_hp_gain":0.0,"max_hp_loss":0.0,"gold_gain":0.0,"event_name":"Scrap Ooze","player_choice":"Success","floor":2.0,"gold_loss":0.0,"damage_taken":12.0,"relics_obtained":["Centennial Puzzle"]},{"damage_healed":0.0,"max_hp_gain":0.0,"max_hp_loss":0.0,"gold_gain":0.0,"event_name":"Shining Light","player_choice":"Entered Light","floor":4.0,"gold_loss":0.0,"damage_taken":14.0,"cards_upgraded":["Defend_P","FlurryOfBlows"]},{"damage_healed":0.0,"max_hp_gain":0.0,"max_hp_loss":0.0,"gold_gain":75.0,"event_name":"World of Goop","player_choice":"Gather Gold","floor":5.0,"gold_loss":0.0,"damage_taken":11.0},{"damage_healed":0.0,"max_hp_gain":0.0,"max_hp_loss":0.0,"gold_gain":0.0,"event_name":"Mushrooms","player_choice":"Fought Mushrooms","floor":12.0,"gold_loss":0.0,"damage_taken":0.0},{"cards_removed":["Defend_P"],"damage_healed":0.0,"max_hp_gain":0.0,"max_hp_loss":0.0,"gold_gain":0.0,"event_name":"Purifier","player_choice":"Purged","floor":20.0,"gold_loss":0.0,"damage_taken":0.0},{"damage_healed":0.0,"max_hp_gain":0.0,"max_hp_loss":0.0,"gold_gain":99.0,"event_name":"Nest","player_choice":"Stole From Cult","floor":22.0,"gold_loss":0.0,"damage_taken":0.0},{"damage_healed":0.0,"max_hp_gain":0.0,"max_hp_loss":0.0,"gold_gain":0.0,"cards_transformed":["Strike_P","Defend_P"],"event_name":"Drug Dealer","player_choice":"Became Test Subject","floor":30.0,"gold_loss":0.0,"damage_taken":0.0,"cards_obtained":["Sanctity","Meditate"]},{"damage_healed":0.0,"max_hp_gain":0.0,"max_hp_loss":0.0,"gold_gain":0.0,"event_name":"N\u0027loth","player_choice":"Traded Relic","floor":31.0,"relics_lost":["The Courier"],"gold_loss":0.0,"damage_taken":0.0,"relics_obtained":["Nloth\u0027s Gift"]},{"cards_removed":["ForeignInfluence"],"damage_healed":32,"gold_gain":0,"player_choice":"Offered Uncommon","damage_taken":0,"max_hp_gain":0,"max_hp_loss":0,"event_name":"Bonfire Elementals","floor":45,"gold_loss":0}],"is_beta":false,"boss_relics":[{"not_picked":["Pandora\u0027s Box","Philosopher\u0027s Stone"],"picked":"Fusion Hammer"},{"not_picked":["SlaversCollar","Velvet Choker"],"picked":"Busted Crown"}],"items_purged_floors":[7,19,28,38,46],"is_endless":false,"potions_floor_spawned":[1,11,13,16,21,24,37],"ascension_level":9}}