{"host":"qw1m3zcvi888b4j7","time":1607894688,"event":{"mods":["AchievementEnabler","BaseMod","Block Reminder","Colored Map","Colored Powertips","Consume Value Calculator","DeckTracker","Highlight Path","Minty Spire (QoL Compilation)","Quick Restart","Rare Cards Sparkle","Relic Sorter","Relic Stats"],"gold_per_floor":[114,114,24,35,35,70,16,44,44,319,330,349,379,396,396,396,396],"floor_reached":16,"playtime":566,"items_purged":[],"score":152,"play_id":"5ed07346-a181-4ff9-9611-ca65d0479f88","local_time":"20201213222448","is_ascension_mode":true,"campfire_choices":[{"floor":15,"key":"RECALL"}],"circlet_count":0,"master_deck":["Strike_B","Strike_B","Strike_B","Strike_B","Defend_B","Defend_B","Defend_B","Zap","Dualcast","Darkness","Redo","Static Discharge","Streamline","Lockon","Gash","Hologram","Regret","Beam Cell","Turbo","Defragment","Static Discharge"],"relics":["Cracked Core","NeowsBlessing","Kunai","White Beast Statue","Dream Catcher"],"acts_visited":["Exordium"],"potions_floor_usage":[12,13,16,16],"damage_taken":[{"damage":0,"enemies":"Small Slimes","floor":1,"turns":1},{"damage":0,"enemies":"Cultist","floor":4,"turns":1},{"damage":0,"enemies":"Gremlin Nob","floor":6,"turns":1},{"damage":44,"enemies":"3 Sentries","floor":8,"turns":6},{"damage":8,"enemies":"2 Louse","floor":11,"turns":2},{"damage":19,"enemies":"Lots of Slimes","floor":12,"turns":4},{"damage":15,"enemies":"Gremlin Nob","floor":13,"turns":4},{"damage":11,"enemies":"Exordium Wildlife","floor":14,"turns":3},{"damage":7,"enemies":"Hexaghost","floor":16,"turns":4}],"seed_played":"2969276319728741469","potions_obtained":[{"floor":1,"key":"Weak Potion"},{"floor":11,"key":"EssenceOfDarkness"},{"floor":12,"key":"FairyPotion"},{"floor":13,"key":"FearPotion"},{"floor":14,"key":"PowerPotion"}],"is_trial":false,"path_per_floor":["M","?","$","M","$","E","$","E","T","?","M","M","E","M","R","B"],"character_chosen":"DEFECT","items_purchased":["Redo","Static Discharge","Gash"],"campfire_rested":0,"item_purchase_floors":[3,3,7],"current_hp_per_floor":[75,75,75,75,75,75,75,31,31,31,23,4,16,5,5,0,0],"gold":396,"neow_bonus":"THREE_ENEMY_KILL","is_daily":false,"chose_seed":false,"campfire_upgraded":0,"win_rate":0.0,"timestamp":1607894688,"path_taken":["M","?","$","M","$","E","?","E","T","?","M","?","E","M","R","BOSS"],"items_purchased_type":["Card","Card","Card"],"build_version":"2020-11-30","purchased_purges":0,"victory":false,"max_hp_per_floor":[75,75,75,75,75,75,75,75,75,75,75,75,75,75,75,75,75],"relic_stats":{"Dream Catcher":0,"counters":[9,26],"Kunai":[3],"obtain_stats":[{"Dream Catcher":13,"NeowsBlessing":0,"Kunai":6,"Cracked Core":0,"White Beast Statue":8},{"Dream Catcher":7,"NeowsBlessing":0,"Kunai":3,"Cracked Core":0,"White Beast Statue":4},{"Dream Catcher":19,"NeowsBlessing":0,"Kunai":3,"Cracked Core":0,"White Beast Statue":9}]},"card_choices":[{"not_picked":["Compile Driver","Rip and Tear"],"picked":"Darkness","floor":1},{"not_picked":["Coolheaded","Steam"],"picked":"Streamline","floor":4},{"not_picked":["Blizzard","Compile Driver"],"picked":"Lockon","floor":6},{"not_picked":["Streamline","Thunder Strike"],"picked":"Hologram","floor":8},{"not_picked":["Compile Driver","Heatsinks"],"picked":"Beam Cell","floor":11},{"not_picked":["Go for the Eyes","Storm"],"picked":"Turbo","floor":12},{"not_picked":["Coolheaded","Gash"],"picked":"Defragment","floor":13},{"not_picked":["Skim","Turbo"],"picked":"Static Discharge","floor":14}],"player_experience":48595,"relics_obtained":[{"floor":6,"key":"Kunai"},{"floor":8,"key":"White Beast Statue"},{"floor":13,"key":"Dream Catcher"}],"event_choices":[{"cards_removed":["Defend_B"],"damage_healed":0,"gold_gain":0,"player_choice":"Offered Basic","damage_taken":0,"max_hp_gain":0,"max_hp_loss":0,"event_name":"Bonfire Elementals","floor":2,"gold_loss":0},{"damage_healed":0,"gold_gain":275,"player_choice":"Desecrate","damage_taken":0,"max_hp_gain":0,"max_hp_loss":0,"event_name":"Golden Shrine","floor":10,"gold_loss":0,"cards_obtained":["Regret"]}],"is_beta":false,"boss_relics":[],"items_purged_floors":[],"is_endless":false,"potions_floor_spawned":[1,11,12,13,14],"killed_by":"Hexaghost","ascension_level":1}}