{"host":"951sez6ulsv0fw1i","time":1607892604,"event":{"mods":["2.2 Compatiblity","Aspiration","BaseMod","Better Third Choice","BetterRewards","CCEM","CapriCore","Conspire","Downfall","Googly Eyes","Hermit","Infinite Spire","JesterMod","Luminous","Mari Mod (Legacy)","Mari\u0027s V1 Patch","Marisa????????","Minty Spire (QoL Compilation)","Potionbrewer","Reimu??????","Shade Mod","StSLib","The Bug Knight","The Cursed","The Forsaken","The Immortal","The Mystic","The Poker Player","The Runesmith","The Servant 0.9.4","TheBandit","TheSwordswoman"],"gold_per_floor":[152,174,50,60,60,60,22,19,19,8,8],"floor_reached":10,"playtime":620,"items_purged":[],"score":58,"play_id":"d0321c7e-525f-4ab4-8301-dda8d4654b9d","local_time":"20201213215004","is_ascension_mode":false,"campfire_choices":[{"floor":6,"key":"REST"}],"circlet_count":0,"master_deck":["MariMod:Mari_Strike","MariMod:Mari_Strike","MariMod:Mari_Strike","MariMod:Mari_Strike","MariMod:Mari_Strike","MariMod:Mari_Defend","MariMod:Mari_Defend","MariMod:Mari_Defend","MariMod:Mari_Defend","MariMod:Mari_Defend","MariMod:Mari_Reminisce","MariMod:Mari_Debut","MariMod:Mari_Pent_Up_Emotions","MariMod:Mari_Shut_Up","MariMod:Mari_Reckless_Spending","MariMod:Mari_Glow","MariMod:Mari_Lets_Go","MariMod:Mari_Reckless_Spending","Poor:ReiMu","MariMod:Mari_Kyu","MariMod:Mari_Mic_Check","MariMod:Mari_Pretty_Bomber_Head"],"relics":["MariMod:MariTheSpark","YidongShenshe:ReiMu","RuthlessExorcism:ReiMu"],"acts_visited":["Exordium"],"potions_floor_usage":[4],"damage_taken":[{"damage":13,"enemies":"2 Louse","floor":1,"turns":3},{"damage":1,"enemies":"conspire:RoseBush","floor":2,"turns":5},{"damage":6,"enemies":"Small Slimes","floor":4,"turns":3},{"damage":19,"enemies":"conspire:2 RoseBushes","floor":8,"turns":5},{"damage":3,"enemies":"3 Sentries","floor":10,"turns":2}],"seed_played":"-8369365566475730745","potions_obtained":[{"floor":1,"key":"DistilledChaos"},{"floor":4,"key":"SpeedPotion"}],"is_trial":false,"path_per_floor":["M","M","$","M","?","R","$","M","T","E"],"character_chosen":"MARI","items_purchased":["MariMod:Mari_Reckless_Spending","MariMod:Mari_Glow","MariMod:Mari_Lets_Go","MariMod:Mari_Kyu"],"campfire_rested":1,"item_purchase_floors":[3,3,3,7],"current_hp_per_floor":[66,65,65,59,59,79,79,60,60,57,57],"gold":8,"neow_bonus":"TEN_PERCENT_HP_BONUS","is_daily":false,"chose_seed":false,"campfire_upgraded":0,"win_rate":0.0,"timestamp":1607892604,"path_taken":["M","M","$","M","?","R","$","M","T","E"],"items_purchased_type":["Card","Card","Card","Card"],"build_version":"2020-11-30","purchased_purges":0,"victory":false,"max_hp_per_floor":[79,79,79,79,79,79,79,79,79,79,79],"card_choices":[{"not_picked":["MariMod:Mari_Golden_Glint","MariMod:Mari_Flaunt"],"picked":"MariMod:Mari_Pent_Up_Emotions","floor":1},{"not_picked":["MariMod:Mari_Self_Care","MariMod:Mari_Well_Kept_Secret"],"picked":"MariMod:Mari_Shut_Up","floor":2},{"not_picked":["MariMod:Mari_Pretty_Bomber_Head","MariMod:Mari_Self_Care"],"picked":"MariMod:Mari_Reckless_Spending","floor":4},{"not_picked":["MariMod:Mari_Heavy_Price","MariMod:Mari_Golden_Glint"],"picked":"MariMod:Mari_Mic_Check","floor":8},{"not_picked":["MariMod:Mari_Tea_Time","MariMod:Mari_Reflection"],"picked":"MariMod:Mari_Pretty_Bomber_Head","floor":8}],"player_experience":488813,"relics_obtained":[{"floor":9,"key":"RuthlessExorcism:ReiMu"}],"event_choices":[{"damage_healed":0,"gold_gain":0,"player_choice":"Take Tiny Shrine away","damage_taken":0,"relics_obtained":["YidongShenshe:ReiMu"],"max_hp_gain":0,"max_hp_loss":0,"event_name":"yidonshenshe","floor":5,"gold_loss":0,"cards_obtained":["Poor:ReiMu"]}],"is_beta":false,"boss_relics":[],"items_purged_floors":[],"is_endless":false,"potions_floor_spawned":[1,4],"killed_by":"3 Sentries","ascension_level":0}}