{"host":"ysfsqg56rsjwjc5s","time":1607848921,"event":{"mods":["AchievementEnabler","Act Like it!","Ascension Reborn","BaseMod","Better Third Choice","BetterRewards","Colored Map","Colored Powertips","Curses Come First","Energized Spire","Gold Saver","Hallownest","Hubris","Minty Spire (QoL Compilation)","Permanent Neow","Quick Restart","Replay The Spire","Spicy Shops","StSLib","The Bladedancer","The Construct","The Disciple","??????REMEMod"],"gold_per_floor":[697,697,795,811,826,363,363,379,403,413,266,310,334,359,359,472,472,500,525,556,295,295,305,305],"floor_reached":23,"playtime":1321,"items_purged":[],"score":195,"play_id":"2df6d277-87cb-4e4a-81b5-19dceaf3ae5b","local_time":"20201213024201","is_ascension_mode":true,"campfire_choices":[{"floor":7,"key":"REST"},{"floor":15,"key":"REST"}],"circlet_count":0,"master_deck":["Strike_G","Strike_G","Strike_G","Strike_G+1","Strike_G","Defend_G+1","Defend_G","Defend_G","Defend_G","Defend_G","Survivor+1","Neutralize","Caltrops","Finisher","PiercingWail+1","Flying Knee","Terror","hubris:Counter","Deadly Poison","Backstab","Distraction","ReplayTheSpireMod:Private Reserves","Infinite Blades","Slice","Replay:Poison Smokescreen","Tactician","Infinite Blades","Envenom","Poisoned Stab","Flechettes","Quick Slash"],"relics":["Ring of the Snake","REME_ComplimentaryCards","War Paint","Simple Rune","Replay:Bandana","StoneCalendar","energizedSpire:NeverEndingSparkler","Replay:Bottled Flurry","hubris:Towel"],"acts_visited":["Exordium","Exordium"],"potions_floor_usage":[],"damage_taken":[{"damage":0,"enemies":"Jaw Worm","floor":1,"turns":6},{"damage":0,"enemies":"2 Louse","floor":4,"turns":3},{"damage":1,"enemies":"Cultist","floor":5,"turns":4},{"damage":3,"enemies":"Lots of Slimes","floor":8,"turns":4},{"damage":0,"enemies":"2 Fungi Beasts","floor":10,"turns":3},{"damage":18,"enemies":"Lagavulin","floor":12,"turns":7},{"damage":18,"enemies":"Exordium Thugs","floor":13,"turns":4},{"damage":0,"enemies":"Lots of Slimes","floor":14,"turns":4},{"damage":35,"enemies":"Fading Forest","floor":16,"turns":11},{"damage":15,"enemies":"Hallownest:2_Mistakes","floor":18,"turns":6},{"damage":27,"enemies":"Hallownest:Guard_and_Sentry","floor":19,"turns":6},{"damage":17,"enemies":"Hallownest:monsterShrumalOgre","floor":20,"turns":4},{"damage":25,"enemies":"Hallownest:3_Mistakes","floor":23,"turns":4}],"seed_played":"3961222303938447322","potions_obtained":[{"floor":4,"key":"Swift Potion"},{"floor":5,"key":"Fire Potion"},{"floor":8,"key":"Poison Potion"},{"floor":18,"key":"Doom Potion"}],"is_trial":false,"path_per_floor":["M","?","?","M","M","$","R","M","T","M","$","E","M","M","R","B",null,"M","M","M","$","?","M"],"character_chosen":"THE_SILENT","items_purchased":["War Paint","Backstab","Distraction","ReplayTheSpireMod:Private Reserves","Replay:Bandana","Replay:Bottled Flurry"],"campfire_rested":2,"item_purchase_floors":[6,6,6,6,11,21],"current_hp_per_floor":[77,82,50,50,49,49,73,70,70,70,70,52,34,34,58,33,82,67,40,23,23,23,0,0],"gold":305,"neow_bonus":"TEN_PERCENT_HP_BONUS","is_daily":false,"chose_seed":false,"campfire_upgraded":0,"win_rate":0.0,"timestamp":1607848921,"path_taken":["M","?","?","M","?","?","R","M","T","M","?","E","M","M","R","BOSS","M","M","?","$","?","M"],"items_purchased_type":["Relic","Card","Card","Card","Relic","Relic"],"build_version":"2020-11-30","purchased_purges":0,"victory":false,"max_hp_per_floor":[77,82,82,82,82,82,82,82,82,82,82,82,82,82,82,82,82,82,82,82,82,82,82,82],"card_choices":[{"not_picked":["Dagger Throw","Calculated Gamble"],"picked":"Finisher","floor":1},{"not_picked":["Escape Plan","Bane"],"picked":"PiercingWail","floor":3},{"not_picked":["Leg Sweep","Predator"],"picked":"Flying Knee","floor":3},{"not_picked":["Backflip","Prepared"],"picked":"Terror","floor":3},{"not_picked":["Fluid Movement","ReplayTheSpireMod:The Works"],"picked":"hubris:Counter","floor":4},{"not_picked":["Tactician","Outmaneuver"],"picked":"Deadly Poison","floor":5},{"not_picked":["Tactician","Dash"],"picked":"Infinite Blades","floor":8},{"not_picked":["Acrobatics","Hidden Blade"],"picked":"Slice","floor":10},{"not_picked":["Noxious Fumes","Deflect"],"picked":"Replay:Poison Smokescreen","floor":12},{"not_picked":["Outmaneuver","Predator"],"picked":"Tactician","floor":13},{"not_picked":["Dagger Throw","Endless Agony"],"picked":"Infinite Blades","floor":14},{"not_picked":["Atom Bomb","Night Terror"],"picked":"Envenom","floor":16},{"not_picked":["Blade Dance","Acrobatics"],"picked":"Poisoned Stab","floor":18},{"not_picked":["Bane","Acrobatics"],"picked":"Flechettes","floor":19},{"not_picked":["Sucker Punch","Prepared+1"],"picked":"Quick Slash","floor":20}],"player_experience":69561,"relics_obtained":[{"floor":9,"key":"Simple Rune"},{"floor":12,"key":"StoneCalendar"}],"event_choices":[{"damage_healed":0,"gold_gain":0,"player_choice":"Donut","damage_taken":0,"max_hp_gain":5,"max_hp_loss":0,"event_name":"Big Fish","floor":2,"gold_loss":0}],"is_beta":false,"boss_relics":[{"not_picked":["hubris:BlackHole","WristBlade"],"picked":"energizedSpire:NeverEndingSparkler"}],"items_purged_floors":[],"is_endless":false,"potions_floor_spawned":[4,5,8,14,18,20],"killed_by":"Hallownest:3_Mistakes","ascension_level":0}}