{"host":"d3vxos6womvqm2ts","time":1607818424,"event":{"mods":["AchievementEnabler","Bard","BaseMod","Colored Powertips","Downfall","Hermit","Minty Spire (QoL Compilation)","Robot Space Explorer","SOS???????","StSLib","Td1madao Mod","The Alterego","The Animator","The Cursed","The Death Knight","The Judge","The Necromancer","The Poker Player","The Runesmith","The Servant 0.9.4","The Wild Card","Yuri Mod"],"gold_per_floor":[112,112,112,187,203,203,238,238,238,254,266,301,301,318,318,420,420,436,452,464,464,464,464,464,464,545,564,577,597,597,607,607,711,711,726,726,289,307,317,317,317,317],"floor_reached":41,"playtime":2617,"items_purged":[],"score":505,"play_id":"40fee990-f09a-42ec-ac3d-46b80fecbf21","local_time":"20201212191344","is_ascension_mode":false,"campfire_choices":[{"data":"theWildCard:PaleRider","floor":6.0,"key":"SMITH"},{"floor":8.0,"key":"RECALL"},{"floor":13.0,"key":"REST"},{"data":"DeathKnight:FrosPresence","floor":15.0,"key":"SMITH"},{"floor":23.0,"key":"REST"},{"data":"1","floor":25.0,"key":"LIFT"},{"floor":30.0,"key":"REST"},{"floor":32.0,"key":"REST"},{"floor":40.0,"key":"REST"}],"circlet_count":0,"master_deck":["DeathKnight:Strike_DeathKnight","DeathKnight:Strike_DeathKnight","DeathKnight:Strike_DeathKnight","DeathKnight:Strike_DeathKnight","DeathKnight:Strike_DeathKnight","DeathKnight:Defend_DeathKnight","DeathKnight:Defend_DeathKnight","DeathKnight:Defend_DeathKnight","DeathKnight:Defend_DeathKnight+1","DeathKnight:Defend_DeathKnight","DeathKnight:RuneTap+1","DeathKnight:RuneStrike","DeathKnight:IceboundArmor","theWildCard:PaleRider+1","DeathKnight:HowlingBlast","DeathKnight:GargoyleSkin+1","DeathKnight:FrostStrike","DeathKnight:BoneShield","DeathKnight:BoneShield","DeathKnight:FrosPresence+1","DeathKnight:Frostscythe","DeathKnight:Ossuary","DeathKnight:IceboundArmor+1","DeathKnight:MindFreeze","DeathKnight:HornOfWinter","DeathKnight:HornOfWinter","DeathKnight:IcyTouch+1","DeathKnight:BladedArmor"],"relics":["DeathKnight:BrokenRuneblade","NeowsBlessing","War Paint","Girya","Runic Pyramid","Vajra","Darkstone Periapt","Runesmith:UraniumAnvil","Pen Nib","Incense Burner"],"acts_visited":["Exordium","TheCity","TheBeyond"],"potions_floor_usage":[],"damage_taken":[{"damage":0.0,"enemies":"Jaw Worm","floor":1.0,"turns":1.0},{"damage":0.0,"enemies":"2 Louse","floor":5.0,"turns":1.0},{"damage":0.0,"enemies":"Lagavulin","floor":7.0,"turns":1.0},{"damage":0.0,"enemies":"Cultist","floor":10.0,"turns":2.0},{"damage":0.0,"enemies":"2 Fungi Beasts","floor":11.0,"turns":1.0},{"damage":20.0,"enemies":"Gremlin Nob","floor":12.0,"turns":4.0},{"damage":3.0,"enemies":"Exordium Wildlife","floor":14.0,"turns":2.0},{"damage":24.0,"enemies":"Hexaghost","floor":16.0,"turns":11.0},{"damage":10.0,"enemies":"2 Thieves","floor":18.0,"turns":4.0},{"damage":13.0,"enemies":"Spheric Guardian","floor":19.0,"turns":5.0},{"damage":6.0,"enemies":"Snecko","floor":20.0,"turns":9.0},{"damage":24.0,"enemies":"Snake Plant","floor":27.0,"turns":3.0},{"damage":6.0,"enemies":"3 Cultists","floor":28.0,"turns":5.0},{"damage":11.0,"enemies":"Snecko","floor":29.0,"turns":7.0},{"damage":6.0,"enemies":"Snake Plant","floor":31.0,"turns":4.0},{"damage":18.0,"enemies":"Champ","floor":33.0,"turns":14.0},{"damage":11.0,"enemies":"Orb Walker","floor":35.0,"turns":4.0},{"damage":45.0,"enemies":"3 Shapes","floor":38.0,"turns":7.0},{"damage":16.0,"enemies":"Writhing Mass","floor":39.0,"turns":7.0},{"damage":0,"enemies":"Maw","floor":41,"turns":1}],"seed_played":"2581793275399053741","potions_obtained":[{"floor":10.0,"key":"Strength Potion"},{"floor":11.0,"key":"LiquidBronze"},{"floor":12.0,"key":"LiquidBronze"},{"floor":18.0,"key":"Explosive Potion"},{"floor":27.0,"key":"Weak Potion"},{"floor":31.0,"key":"ColorlessPotion"}],"is_trial":false,"path_per_floor":["M","$","?","?","M","R","E","R","T","M","M","E","R","M","R","B",null,"M","M","M","?","T","R","?","R","T","M","M","M","R","M","R","B",null,"M","?","$","M","M","R","M"],"character_chosen":"DEATH_KNIGHT","items_purchased":["Pen Nib","Incense Burner"],"campfire_rested":5,"item_purchase_floors":[37,37],"current_hp_per_floor":[75,75,75,64,64,64,64,64,64,64,64,44,66,63,63,39,75,65,52,46,46,46,68,68,68,68,44,38,27,49,43,65,47,75,64,64,64,19,3,25,25,25],"gold":317,"neow_bonus":"THREE_ENEMY_KILL","is_daily":false,"chose_seed":false,"campfire_upgraded":2,"win_rate":0.0,"timestamp":1607818424,"path_taken":["M","$","?","?","M","R","E","R","T","M","?","E","R","M","R","BOSS","M","?","M","?","?","R","?","R","T","M","M","M","R","?","R","BOSS","M","?","$","M","M","R","?"],"items_purchased_type":["Relic","Relic"],"build_version":"2020-11-30","purchased_purges":0,"victory":false,"max_hp_per_floor":[75,75,75,75,75,75,75,75,75,75,75,75,75,75,75,75,75,75,75,75,75,75,75,75,75,75,75,75,75,75,75,75,75,75,75,75,75,75,75,75,75,75],"card_choices":[{"not_picked":["DeathKnight:BoneSpear","DeathKnight:DeathStrike"],"picked":"DeathKnight:IceboundArmor","floor":1.0},{"not_picked":["DeathKnight:RunicCorruption","DeathKnight:MindFreeze"],"picked":"DeathKnight:HowlingBlast","floor":5.0},{"not_picked":["DeathKnight:RaiseAlly","DeathKnight:Rot"],"picked":"DeathKnight:GargoyleSkin","floor":7.0},{"not_picked":["DeathKnight:PillarOfFrost","DeathKnight:BloodTap"],"picked":"DeathKnight:FrostStrike","floor":10.0},{"not_picked":["DeathKnight:RunicCorruption","DeathKnight:Pestilence"],"picked":"DeathKnight:BoneShield","floor":11.0},{"not_picked":["DeathKnight:VampiricBlood","DeathKnight:ChainsOfIce"],"picked":"DeathKnight:BoneShield","floor":12.0},{"not_picked":["DeathKnight:DeathAndDecay","DeathKnight:DreadStrike"],"picked":"DeathKnight:FrosPresence","floor":14.0},{"not_picked":["DeathKnight:Runesurge","DeathKnight:Defile"],"picked":"DeathKnight:Frostscythe","floor":16.0},{"not_picked":["DeathKnight:BludPresence","DeathKnight:DeathAndDecay"],"picked":"DeathKnight:Ossuary","floor":18.0},{"not_picked":["DeathKnight:Hysteria","DeathKnight:BludPresence"],"picked":"DeathKnight:IceboundArmor+1","floor":19.0},{"not_picked":["DeathKnight:Culling","DeathKnight:PlagueStrike"],"picked":"DeathKnight:MindFreeze","floor":20.0},{"not_picked":["DeathKnight:HartStrike","DeathKnight:Simulacrum","DeathKnight:RaiseAlly"],"picked":"SKIP","floor":27.0},{"not_picked":["DeathKnight:ShatteringStrikes","DeathKnight:Pestilence+1","DeathKnight:UnholyFrenzy"],"picked":"SKIP","floor":28.0},{"not_picked":["DeathKnight:DeathAndDecay+1","DeathKnight:HowlingBlast","DeathKnight:BoneSpear"],"picked":"SKIP","floor":29.0},{"not_picked":["DeathKnight:Runeguard","DeathKnight:ThirstingStrike"],"picked":"DeathKnight:HornOfWinter","floor":31.0},{"not_picked":["DeathKnight:MarkOfBlood","DeathKnight:VampiricBlood"],"picked":"DeathKnight:BoneStorm","floor":33.0},{"not_picked":["DeathKnight:HowlingBlast+1","DeathKnight:IceboundArmor+1"],"picked":"DeathKnight:HornOfWinter","floor":35.0},{"not_picked":["DeathKnight:BloodStrike","DeathKnight:BloodTap"],"picked":"DeathKnight:IcyTouch+1","floor":38.0},{"not_picked":["DeathKnight:ShatteringStrikes+1","DeathKnight:BoneSpear"],"picked":"DeathKnight:BladedArmor","floor":39.0}],"player_experience":62119,"relics_obtained":[{"floor":7.0,"key":"War Paint"},{"floor":12.0,"key":"Girya"},{"floor":22.0,"key":"Vajra"},{"floor":26.0,"key":"Darkstone Periapt"}],"event_choices":[{"damage_healed":0.0,"max_hp_gain":0.0,"max_hp_loss":0.0,"gold_gain":75.0,"event_name":"World of Goop","player_choice":"Gather Gold","floor":4.0,"gold_loss":0.0,"damage_taken":11.0},{"damage_healed":0.0,"max_hp_gain":0.0,"max_hp_loss":0.0,"gold_gain":0.0,"event_name":"The Mausoleum","player_choice":"Ignored","floor":21.0,"gold_loss":0.0,"damage_taken":0.0},{"damage_healed":0.0,"max_hp_gain":0.0,"max_hp_loss":0.0,"gold_gain":0.0,"event_name":"Accursed Blacksmith","player_choice":"Forge","floor":24.0,"gold_loss":0.0,"damage_taken":0.0,"cards_upgraded":["DeathKnight:GargoyleSkin"]},{"cards_removed":["DeathKnight:BoneStorm"],"damage_healed":0.0,"max_hp_gain":0.0,"max_hp_loss":0.0,"gold_gain":0.0,"event_name":"Purifier","player_choice":"Purged","floor":36.0,"gold_loss":0.0,"damage_taken":0.0}],"is_beta":false,"boss_relics":[{"not_picked":["Sozu","Busted Crown"],"picked":"Runic Pyramid"},{"not_picked":["Calling Bell","Tiny House"],"picked":"Runesmith:UraniumAnvil"}],"items_purged_floors":[],"is_endless":false,"potions_floor_spawned":[10,11,12,14,18,27,31],"killed_by":"Maw","ascension_level":0}}