{"host":"i2ku91d5mi282ys8","time":1607893783,"event":{"mods":["AchievementEnabler","Act Like it!","Aspiration","BaseMod","Better Match","Better Note","Better Skull","Better Third Choice","Block Reminder","CatGirl Mod","Colored Map","Colored Powertips","DeckTracker","Defuse TimeMaze Blight","GifTheSpireLib","Googly Eyes","Highlight Path","Minty Spire (QoL Compilation)","Permanent Neow","Quick Restart","RNG Fix","Random Character Button","Rare Cards Sparkle","Relic Sorter","StSLib","The IronCluck","Uncapped","Unceasing Turn Reminder","Waifu the Spire","everything is the same but u backflip on backflip"],"gold_per_floor":[116,32,42,42,42,42,68,68,93,103,134,160,191,378,390,503,515,543,555,102,126,126,158,158,168,193,227,227,227,27,37,37,135,135,146,146,146,146,162,162,190,214,214,164,180,207,207,273,273,396,396,431,482,482,500,515,570,570,588,613,109,141,161,195,214,214,315,315,350,117,117,23,23,23],"floor_reached":73,"playtime":4063,"items_purged":["Regret","Doubt","Barricade+1"],"score":1712,"play_id":"3e4d06ae-bfc2-4326-8540-be968226867a","local_time":"20201213160943","daily_mods":["SealedDeck"],"is_ascension_mode":true,"campfire_choices":[{"data":"Fire Breathing","floor":15,"key":"SMITH"},{"data":"Barricade","floor":24,"key":"SMITH"},{"floor":29,"key":"REST"},{"data":"True Grit","floor":32,"key":"SMITH"},{"floor":40,"key":"REST"},{"data":"Madness","floor":49,"key":"SMITH"},{"data":"Madness","floor":58,"key":"SMITH"},{"data":"White Noise","floor":66,"key":"SMITH"}],"circlet_count":0,"master_deck":["Thunderclap","Sword Boomerang","Thunderclap","Iron Wave","Wild Strike","True Grit","Warcry","Reckless Charge","Reckless Charge","Fire Breathing+1","True Grit","Phantasmal Killer+1","Headbutt","Armaments","Seeing Red","Sword Boomerang","Pommel Strike","Evolve","True Grit+1","White Noise+1","Exhume","Armaments","Flex","Burning Pact+1","Steam Power","Madness+1","Madness+1","Sever Soul+1","Feel No Pain","Power Through+1","Self Repair","HandOfGreed","Sunder+1","Fiend Fire","Aggregate","Evolve","Capacitor","Berserk","Burning Pact","Turbo","Dramatic Entrance","Infernal Blade","Turbo","Double Energy","Exhume","Madness","Flash of Steel"],"relics":["Burning Blood","Vajra","Unceasing Top","Smiling Mask","PreservedInsect","MawBank","Sozu","Regal Pillow","Incense Burner","MealTicket","Dream Catcher","Happy Flower","Nunchaku","Ginger","Tiny Chest","aspiration:DefectSkillbook","aspiration:ChemicalBlood","Ancient Tea Set","Magic Flower","aspiration:SeaSaltIceCream","SlaversCollar","Torii","aspiration:SecretTechniqueScroll","Orichalcum","aspiration:Nostalgia","Ring of the Snake","InkBottle","Busted Crown","Strange Spoon"],"acts_visited":["Exordium","TheCity","TheBeyond","Exordium","TheCity"],"potions_floor_usage":[16],"damage_taken":[{"damage":6,"enemies":"Jaw Worm","floor":1,"turns":2},{"damage":0,"enemies":"Cultist","floor":3,"turns":2},{"damage":27,"enemies":"3 Sentries","floor":7,"turns":4},{"damage":0,"enemies":"2 Louse","floor":10,"turns":2},{"damage":0,"enemies":"Lagavulin","floor":11,"turns":3},{"damage":0,"enemies":"Lots of Slimes","floor":12,"turns":2},{"damage":9,"enemies":"Large Slime","floor":13,"turns":4},{"damage":32,"enemies":"Hexaghost","floor":16,"turns":7},{"damage":11,"enemies":"Spheric Guardian","floor":18,"turns":3},{"damage":40,"enemies":"Gremlin Leader","floor":23,"turns":5},{"damage":17,"enemies":"2 Thieves","floor":25,"turns":3},{"damage":23,"enemies":"Book of Stabbing","floor":27,"turns":3},{"damage":0,"enemies":"Snake Plant","floor":31,"turns":2},{"damage":48,"enemies":"Automaton","floor":33,"turns":7},{"damage":34,"enemies":"3 Shapes","floor":35,"turns":2},{"damage":0,"enemies":"3 Darklings","floor":39,"turns":5},{"damage":12,"enemies":"Nemesis","floor":41,"turns":6},{"damage":16,"enemies":"4 Shapes","floor":45,"turns":3},{"damage":0,"enemies":"Giant Head","floor":46,"turns":5},{"damage":22,"enemies":"2 Orb Walkers","floor":48,"turns":5},{"damage":1,"enemies":"Donu and Deca","floor":50,"turns":7},{"damage":0,"enemies":"Jaw Worm","floor":52,"turns":2},{"damage":0,"enemies":"3 Sentries","floor":53,"turns":2},{"damage":12,"enemies":"Small Slimes","floor":55,"turns":2},{"damage":0,"enemies":"2 Louse","floor":56,"turns":1},{"damage":0,"enemies":"Gremlin Nob","floor":57,"turns":2},{"damage":0,"enemies":"2 Fungi Beasts","floor":59,"turns":2},{"damage":0,"enemies":"Lagavulin","floor":62,"turns":1},{"damage":0,"enemies":"Red Slaver","floor":63,"turns":2},{"damage":0,"enemies":"Gremlin Nob","floor":64,"turns":2},{"damage":16,"enemies":"Gremlin Gang","floor":65,"turns":2},{"damage":0,"enemies":"Slime Boss","floor":67,"turns":4},{"damage":0,"enemies":"Spheric Guardian","floor":69,"turns":2},{"damage":0,"enemies":"Chosen","floor":73,"turns":2}],"seed_played":"3118448510328960333","potions_obtained":[{"floor":1,"key":"Strength Potion"},{"floor":11,"key":"Weak Potion"},{"floor":12,"key":"BloodPotion"}],"is_trial":true,"path_per_floor":["M","$","M","?","?","?","E","?","T","M","E","M","M","?","R","B",null,"M","?","$","T","?","E","R","M","T","E","T","R","$","M","R","B",null,"M","?","?","?","M","R","E","T","T","$","M","E","?","?","R","B",null,"M","E","?","M","M","E","R","M","T","$","E","M","E","M","R","B",null,"M","$","?","$","M"],"character_chosen":"IRONCLAD","items_purchased":["Fire Breathing","True Grit","Incense Burner","Evolve","True Grit","Tiny Chest","aspiration:Nostalgia","InkBottle","Turbo","Dramatic Entrance","Strange Spoon","Madness","Flash of Steel"],"campfire_rested":2,"item_purchase_floors":[2,2,20,20,20,30,61,61,61,61,70,70,72],"current_hp_per_floor":[80,80,80,80,73,68,47,47,47,53,59,65,62,62,62,36,80,75,75,75,75,75,41,41,30,30,13,13,52,67,73,73,31,80,52,52,60,50,56,80,74,74,74,80,73,80,80,78,78,80,80,80,80,80,77,80,80,80,80,80,80,80,80,80,73,73,80,80,80,80,80,80,80,80],"gold":23,"neow_bonus":"","is_daily":false,"chose_seed":false,"campfire_upgraded":6,"win_rate":0.0,"timestamp":1607893783,"path_taken":["M","$","M","?","?","?","E","?","T","M","E","?","M","?","R","BOSS","M","?","$","?","?","E","R","M","T","E","?","R","?","M","R","BOSS","M","?","?","?","M","R","E","?","T","$","?","E","?","?","R","BOSS","M","?","?","?","?","E","R","M","T","$","E","M","?","M","R","BOSS","M","$","?","$","M"],"items_purchased_type":["Card","Card","Relic","Card","Card","Relic","Relic","Relic","Card","Card","Relic","Card","Card"],"build_version":"2020-11-30","purchased_purges":3,"victory":false,"max_hp_per_floor":[80,80,80,80,80,80,80,80,80,80,80,80,80,80,80,80,80,80,80,80,80,80,80,80,80,80,80,80,80,80,80,80,80,80,80,80,80,80,80,80,80,80,80,80,80,80,80,80,80,80,80,80,80,80,80,80,80,80,80,80,80,80,80,80,80,80,80,80,80,80,80,80,80,80],"card_choices":[{"not_picked":["Intimidate","Pommel Strike"],"picked":"Reckless Charge","floor":1},{"not_picked":["Reckless Charge","Warcry"],"picked":"Dark Embrace","floor":3},{"not_picked":["Body Slam","Twin Strike"],"picked":"Headbutt","floor":7},{"not_picked":["Uppercut","Clash"],"picked":"Armaments","floor":10},{"not_picked":["Shrug It Off","Searing Blow"],"picked":"Seeing Red","floor":11},{"not_picked":["Rampage","Flex"],"picked":"Sword Boomerang","floor":12},{"not_picked":["Rampage","Bludgeon"],"picked":"Pommel Strike","floor":13},{"not_picked":["Brutality","Double Tap"],"picked":"Barricade","floor":16},{"not_picked":["Clothesline","Ghostly Armor+1","Havoc"],"picked":"SKIP","floor":18},{"not_picked":["Bloodletting","Pommel Strike"],"picked":"Exhume","floor":23},{"not_picked":["Clash","Pummel+1"],"picked":"Armaments","floor":25},{"not_picked":["Exhume","Carnage","Combust"],"picked":"SKIP","floor":27},{"not_picked":["Cleave+1","Carnage"],"picked":"Flex","floor":29},{"not_picked":["Warcry","Clothesline"],"picked":"Burning Pact+1","floor":31},{"not_picked":["True Grit","Cold Snap+1","Compile Driver"],"picked":"Steam Power","floor":35},{"not_picked":["Steam+1","Consume","Gash+1"],"picked":"Sever Soul+1","floor":39},{"not_picked":["Conserve Battery+1","Twin Strike+1","Headbutt"],"picked":"Feel No Pain","floor":40},{"not_picked":["Rampage","Leap","Disarm+1"],"picked":"Power Through+1","floor":41},{"not_picked":["Clothesline","Leap+1","Force Field+1","Redo"],"picked":"SKIP","floor":45},{"not_picked":["Conserve Battery","Heavy Blade","Rampage+1"],"picked":"Self Repair","floor":46},{"not_picked":["Chrysalis","Secret Weapon","Dark Shackles"],"picked":"HandOfGreed","floor":47},{"not_picked":["Thunderclap+1","Darkness+1","Pommel Strike+1"],"picked":"Sunder+1","floor":48},{"not_picked":["Echo Form","Corruption","Creative AI"],"picked":"Fiend Fire","floor":50},{"not_picked":["Barrage","Fusion","Twin Strike"],"picked":"Aggregate","floor":52},{"not_picked":["Shrug It Off","Stack","Compile Driver"],"picked":"Evolve","floor":53},{"not_picked":["Leap","Conserve Battery","Scrape"],"picked":"Capacitor","floor":55},{"not_picked":["Redo","Sentinel","Clothesline"],"picked":"Berserk","floor":56},{"not_picked":["Genetic Algorithm","Fission","Disarm"],"picked":"Burning Pact","floor":57},{"not_picked":["Compile Driver","Warcry","Clash","Go for the Eyes"],"picked":"SKIP","floor":59},{"not_picked":["Iron Wave","Clash","Sweeping Beam"],"picked":"Infernal Blade","floor":62},{"not_picked":["Blood for Blood","Iron Wave","Streamline","Rebound"],"picked":"SKIP","floor":63},{"not_picked":["Lockon","Anger","Cleave"],"picked":"Turbo","floor":64},{"not_picked":["Hemokinesis","Twin Strike","Leap"],"picked":"Double Energy","floor":65},{"not_picked":["Core Surge","Barricade","Juggernaut"],"picked":"Exhume","floor":67},{"not_picked":["Scrape","Coolheaded+1"],"picked":"SKIP","floor":69}],"player_experience":314304,"relics_obtained":[{"floor":7,"key":"Unceasing Top"},{"floor":9,"key":"PreservedInsect"},{"floor":11,"key":"MawBank"},{"floor":21,"key":"MealTicket"},{"floor":23,"key":"Dream Catcher"},{"floor":26,"key":"Happy Flower"},{"floor":27,"key":"Nunchaku"},{"floor":28,"key":"Ginger"},{"floor":41,"key":"aspiration:ChemicalBlood"},{"floor":42,"key":"Ancient Tea Set"},{"floor":43,"key":"Magic Flower"},{"floor":46,"key":"aspiration:SeaSaltIceCream"},{"floor":48,"key":"Torii"},{"floor":60,"key":"Orichalcum"}],"event_choices":[{"cards_removed":["Havoc"],"damage_healed":5,"gold_gain":0,"player_choice":"Offered Common","damage_taken":0,"max_hp_gain":0,"max_hp_loss":0,"event_name":"Bonfire Elementals","floor":4,"gold_loss":0},{"cards_removed":["Havoc"],"damage_healed":5,"gold_gain":0,"player_choice":"Offered Special","damage_taken":0,"max_hp_gain":0,"max_hp_loss":0,"event_name":"Bonfire Elementals","floor":4,"gold_loss":0},{"cards_removed":["Dark Embrace"],"damage_healed":0,"gold_gain":0,"player_choice":"Card Removal","damage_taken":7,"max_hp_gain":0,"max_hp_loss":0,"event_name":"Golden Wing","floor":5,"gold_loss":0},{"damage_healed":0,"gold_gain":0,"player_choice":"Box","damage_taken":0,"relics_obtained":["Smiling Mask"],"max_hp_gain":0,"max_hp_loss":0,"event_name":"Big Fish","floor":8,"gold_loss":0,"cards_obtained":["Regret"]},{"damage_healed":0,"gold_gain":175,"player_choice":"AGREE","damage_taken":203,"max_hp_gain":0,"max_hp_loss":0,"event_name":"betterThird:BetterSerpent","floor":14,"gold_loss":0},{"damage_healed":0,"gold_gain":0,"player_choice":"Gave Potion","damage_taken":0,"relics_obtained":["Regal Pillow"],"max_hp_gain":0,"max_hp_loss":0,"event_name":"WeMeetAgain","floor":19,"gold_loss":0},{"cards_removed":["Phantasmal Killer"],"damage_healed":0,"gold_gain":0,"player_choice":"Take \u0026 Give","damage_taken":0,"max_hp_gain":0,"max_hp_loss":0,"event_name":"betterNote:BetterNote","floor":22,"gold_loss":0,"cards_obtained":["White Noise"]},{"cards_removed":["Thunderclap"],"damage_healed":0,"gold_gain":0,"player_choice":"Removed Attack","damage_taken":0,"max_hp_gain":0,"max_hp_loss":0,"event_name":"Falling","floor":36,"gold_loss":0},{"damage_healed":0,"gold_gain":0,"player_choice":"Embrace Madness","damage_taken":10,"max_hp_gain":0,"max_hp_loss":0,"event_name":"Winding Halls","floor":38,"gold_loss":0,"cards_obtained":["Madness","Madness"]},{"damage_healed":0,"gold_gain":0,"player_choice":"Memory 1","damage_taken":0,"max_hp_gain":0,"max_hp_loss":0,"event_name":"SensoryStone","floor":47,"gold_loss":0},{"damage_healed":0,"gold_gain":0,"player_choice":"Fight","damage_taken":0,"max_hp_gain":0,"max_hp_loss":0,"event_name":"Mysterious Sphere","floor":48,"gold_loss":0},{"damage_healed":0,"gold_gain":0,"player_choice":"Leave","damage_taken":0,"max_hp_gain":0,"max_hp_loss":0,"event_name":"The Cleric","floor":54,"gold_loss":0},{"damage_healed":0,"gold_gain":0,"player_choice":"Simplicity","damage_taken":0,"max_hp_gain":0,"max_hp_loss":0,"event_name":"betterThird:BetterWriting","floor":71,"gold_loss":0}],"is_beta":false,"boss_relics":[{"not_picked":["Empty Cage","Snecko Eye"],"picked":"Sozu"},{"not_picked":["SacredBark","Fusion Hammer"],"picked":"aspiration:DefectSkillbook"},{"not_picked":["aspiration:RitualDagger","Cursed Key"],"picked":"aspiration:SecretTechniqueScroll"},{"not_picked":["aspiration:RitualDagger","Calling Bell"],"picked":"Busted Crown"}],"items_purged_floors":[20,30,44],"is_endless":true,"potions_floor_spawned":[1,11,12,23,25,45,46,48,50,52,57,59,63,64,67],"killed_by":"Chosen","ascension_level":1}}