{"host":"wkcoec525dnrk4jw","time":1607835451,"event":{"mods":["BaseMod","Minty Spire (QoL Compilation)","Quick Restart","Replay The Spire","Shop Mod","StSLib","[IsaacMod]ÒÔÈö¼âËþ"],"gold_per_floor":[113,38,38,92,111,145,145,170,170,200,200,299,316,329,329,424,474,487,537,537,569,588,588,588,588],"floor_reached":24,"playtime":1130,"items_purged":["Strike_G"],"score":314,"play_id":"c09fce8a-e86d-4e36-9233-499ba9d2978b","local_time":"20201213125731","is_ascension_mode":true,"campfire_choices":[{"data":"DoctorFetus","floor":7.0,"key":"SMITH"},{"floor":11.0,"key":"REST"},{"data":"Backstab","floor":15.0,"key":"SMITH"},{"floor":23.0,"key":"REST"}],"circlet_count":0,"master_deck":["Strike_G+1","Strike_G","Strike_G","Defend_G","Defend_G+1","Defend_G","Defend_G","Defend_G","Survivor","Neutralize","DoctorFetus+1","Noxious Fumes","Dagger Spray","Sucker Punch","Cloak And Dagger","After Image","Finisher","Blade Dance","Cloak And Dagger+1","Backstab+1","ReplayTheSpireMod:Tripwire","Phantasmal Killer","Blur","Atom Bomb","Replay:Bag of Tricks","Magnetism","Flechettes","Flying Knee+1","Dodge and Roll+1"],"relics":["Ring of the Snake","HushsDoor","BloodDonationMachine","NeowsBlessing","ReplayFunnel","Blue Doll","Replay:WaspNest","Garlic","Omamori","Tiny House","Red Mask"],"acts_visited":["Exordium","TheCity"],"potions_floor_usage":[],"damage_taken":[{"damage":0.0,"enemies":"Jaw Worm","floor":1.0,"turns":1.0},{"damage":0.0,"enemies":"Small Slimes","floor":5.0,"turns":1.0},{"damage":0.0,"enemies":"3 Sentries","floor":6.0,"turns":1.0},{"damage":17.0,"enemies":"Lagavulin","floor":8.0,"turns":6.0},{"damage":0.0,"enemies":"Gremlin Nob","floor":10.0,"turns":4.0},{"damage":8.0,"enemies":"2 Louse","floor":13.0,"turns":3.0},{"damage":1.0,"enemies":"Blue Slaver","floor":14.0,"turns":2.0},{"damage":17.0,"enemies":"The Guardian","floor":16.0,"turns":7.0},{"damage":24.0,"enemies":"Spheric Guardian","floor":18.0,"turns":4.0},{"damage":28.0,"enemies":"Masked Bandits","floor":21.0,"turns":5.0},{"damage":6.0,"enemies":"Shell Parasite","floor":22.0,"turns":4.0},{"damage":45,"enemies":"Gremlin Leader","floor":24,"turns":6}],"seed_played":"-8401617650190816961","potions_obtained":[{"floor":1.0,"key":"Explosive Potion"},{"floor":6.0,"key":"GhostInAJar"},{"floor":10.0,"key":"SteroidPotion"},{"floor":14.0,"key":"EntropicBrew"},{"floor":16.0,"key":"Dexterity Potion"},{"floor":17.0,"key":"Fruit Juice"},{"floor":21.0,"key":"Elixir"}],"is_trial":false,"path_per_floor":["M","$","?","T","M","E","R","E","T","E","R","?","M","M","R","B",null,"M","?","?","?","M","R","E"],"character_chosen":"THE_SILENT","items_purchased":["Atom Bomb","Replay:Bag of Tricks","Magnetism"],"campfire_rested":2,"item_purchase_floors":[17,17,17],"current_hp_per_floor":[70,70,56,56,56,56,56,39,39,39,60,60,52,51,51,34,68,44,44,44,16,10,30,0,0],"gold":588,"neow_bonus":"THREE_ENEMY_KILL","is_daily":false,"chose_seed":false,"campfire_upgraded":2,"win_rate":0.0,"timestamp":1607835451,"path_taken":["M","$","?","?","M","E","R","E","T","E","R","?","M","M","R","BOSS","M","?","?","?","M","R","E"],"items_purchased_type":["Card","Card","Card"],"build_version":"2020-11-30","purchased_purges":1,"victory":false,"max_hp_per_floor":[70,70,70,70,70,70,70,70,70,70,70,70,70,70,70,70,68,68,68,68,68,68,68,68,68],"card_choices":[{"not_picked":[],"picked":"DoctorFetus","floor":0.0},{"not_picked":["Sucker Punch","Fluid Movement"],"picked":"Noxious Fumes","floor":1.0},{"not_picked":["Flying Knee","Well Laid Plans"],"picked":"Dagger Spray","floor":5.0},{"not_picked":["Backflip","Underhanded Strike"],"picked":"Sucker Punch","floor":6.0},{"not_picked":["Catalyst","PiercingWail"],"picked":"Cloak And Dagger","floor":8.0},{"not_picked":["Heel Hook","Calculated Gamble"],"picked":"After Image","floor":10.0},{"not_picked":["Riddle With Holes","Outmaneuver"],"picked":"Finisher","floor":12.0},{"not_picked":["Outmaneuver","Bane"],"picked":"Blade Dance","floor":12.0},{"not_picked":["Footwork","Deadly Poison"],"picked":"Cloak And Dagger","floor":12.0},{"not_picked":["Doppelganger","Dodge and Roll"],"picked":"Backstab","floor":13.0},{"not_picked":["PiercingWail","Flying Knee"],"picked":"ReplayTheSpireMod:Tripwire","floor":14.0},{"not_picked":["Grand Finale","Malaise"],"picked":"Phantasmal Killer","floor":16.0},{"not_picked":["Heel Hook","Sucker Punch"],"picked":"Blur","floor":17.0},{"not_picked":["Underhanded Strike","Bouncing Flask"],"picked":"Flechettes","floor":18.0},{"not_picked":["Sucker Punch+1","Dagger Throw"],"picked":"Flying Knee+1","floor":21.0},{"not_picked":["Dagger Throw+1","Deadly Poison"],"picked":"Dodge and Roll+1","floor":22.0}],"player_experience":101724,"relics_obtained":[{"floor":4.0,"key":"ReplayFunnel"},{"floor":6.0,"key":"Blue Doll"},{"floor":8.0,"key":"Replay:WaspNest"},{"floor":9.0,"key":"Garlic"},{"floor":10.0,"key":"Omamori"},{"floor":21.0,"key":"Red Mask"}],"event_choices":[{"damage_healed":0.0,"max_hp_gain":0.0,"max_hp_loss":0.0,"gold_gain":0.0,"event_name":"Shining Light","player_choice":"Entered Light","floor":3.0,"gold_loss":0.0,"damage_taken":14.0,"cards_upgraded":["Strike_G","Defend_G"]},{"damage_healed":0.0,"max_hp_gain":0.0,"max_hp_loss":0.0,"gold_gain":100.0,"event_name":"The Joust","player_choice":"Bet on Murderer","floor":19.0,"gold_loss":50.0,"damage_taken":0.0},{"cards_removed":["Strike_G"],"damage_healed":0.0,"max_hp_gain":0.0,"max_hp_loss":0.0,"gold_gain":0.0,"event_name":"Back to Basics","player_choice":"Elegance","floor":20.0,"gold_loss":0.0,"damage_taken":0.0},{"damage_healed":0.0,"max_hp_gain":0.0,"max_hp_loss":0.0,"gold_gain":0.0,"event_name":"Masked Bandits","player_choice":"Fought Bandits","floor":21.0,"gold_loss":0.0,"damage_taken":0.0}],"is_beta":false,"boss_relics":[{"not_picked":["Runic Dome","Velvet Choker"],"picked":"Tiny House"},{"not_picked":[]}],"items_purged_floors":[2],"is_endless":false,"potions_floor_spawned":[1,6,10,14,16,21],"killed_by":"Gremlin Leader","ascension_level":4}}