{"host":"h9912w2erkgvaua8","time":1607876538,"event":{"mods":["AchievementEnabler","BaseMod","Colored Map","Minty Spire (QoL Compilation)","Quick Restart","StSLib","SuperFastMode","[IsaacMod]ÒÔÈö¼âËþ"],"gold_per_floor":[111,30,41,59,59,59,77,77,102,102,102,102,27,41,41,41,41],"floor_reached":16,"playtime":295,"items_purged":["Decay"],"score":158,"play_id":"e107e191-2181-4a4b-9f73-f340d9ac9319","local_time":"20201214002218","is_ascension_mode":true,"campfire_choices":[{"data":"Second Wind","floor":6.0,"key":"SMITH"},{"data":"Body Slam","floor":8.0,"key":"SMITH"},{"data":"Evolve","floor":15,"key":"SMITH"}],"circlet_count":0,"master_deck":["AscendersBane","Strike_R","Strike_R+1","Strike_R","Strike_R","Strike_R+1","Defend_R","Defend_R","Defend_R","Defend_R","Bash","Evolve+1","Second Wind+1","Body Slam+1","Shrug It Off"],"relics":["Burning Blood","HushsDoor","NeowsBlessing","Vajra","TheBean","Whetstone","Mummified Hand","Regal Pillow","Centennial Puzzle","Golden Idol","Blue Candle"],"acts_visited":["Exordium"],"potions_floor_usage":[],"damage_taken":[{"damage":0.0,"enemies":"Cultist","floor":1.0,"turns":1.0},{"damage":0.0,"enemies":"Small Slimes","floor":3.0,"turns":2.0},{"damage":0.0,"enemies":"2 Louse","floor":4.0,"turns":1.0},{"damage":0.0,"enemies":"Looter","floor":7.0,"turns":2.0},{"damage":0,"enemies":"Exordium Wildlife","floor":14,"turns":2},{"damage":43,"enemies":"Hexaghost","floor":16,"turns":9}],"seed_played":"-270676415651712656","potions_obtained":[{"floor":1.0,"key":"FairyPotion"},{"floor":14,"key":"Fire Potion"}],"is_trial":false,"path_per_floor":["M","$","M","M","$","R","M","R","T","T","?","?","$","M","R","B"],"character_chosen":"IRONCLAD","items_purchased":["Second Wind"],"campfire_rested":0,"item_purchase_floors":[2],"current_hp_per_floor":[74,74,75,75,75,75,75,75,75,75,75,68,68,68,68,0,0],"gold":41,"neow_bonus":"THREE_ENEMY_KILL","is_daily":false,"chose_seed":false,"campfire_upgraded":3,"win_rate":0.0,"timestamp":1607876538,"path_taken":["M","$","?","M","$","R","?","R","T","?","?","?","$","M","R","BOSS"],"items_purchased_type":["Card"],"build_version":"2020-11-30","purchased_purges":1,"victory":false,"max_hp_per_floor":[75,75,75,75,75,75,75,75,75,75,75,68,68,68,68,68,68],"card_choices":[{"not_picked":["Dark Embrace","Bomb"],"picked":"Evolve","floor":1.0},{"not_picked":["True Grit","Anger","Headbutt"],"picked":"SKIP","floor":3.0},{"not_picked":["Sword Boomerang","Iron Wave","Second Wind"],"picked":"SKIP","floor":4.0},{"not_picked":["Battle Trance","Reckless Charge"],"picked":"Body Slam","floor":7.0},{"not_picked":["Havoc","Sword Boomerang"],"picked":"Shrug It Off","floor":14}],"player_experience":323107,"relics_obtained":[{"floor":1.0,"key":"Vajra"},{"floor":3.0,"key":"TheBean"},{"floor":4.0,"key":"Whetstone"},{"floor":7.0,"key":"Mummified Hand"},{"floor":9.0,"key":"Regal Pillow"},{"floor":10.0,"key":"Centennial Puzzle"},{"floor":14,"key":"Blue Candle"}],"event_choices":[{"damage_healed":0.0,"max_hp_gain":0.0,"max_hp_loss":0.0,"gold_gain":0.0,"event_name":"Wheel of Change","player_choice":"Cursed","floor":11.0,"gold_loss":0.0,"damage_taken":0.0,"cards_obtained":["Decay"]},{"damage_healed":0.0,"max_hp_gain":0.0,"max_hp_loss":7.0,"gold_gain":0.0,"event_name":"Golden Idol","player_choice":"Lose Max HP","floor":12.0,"gold_loss":0.0,"damage_taken":0.0,"relics_obtained":["Golden Idol"]}],"is_beta":false,"boss_relics":[],"items_purged_floors":[13],"is_endless":false,"potions_floor_spawned":[1,14],"killed_by":"Hexaghost","ascension_level":15}}