{"host":"m3n3m50k29zraad4","time":1607841435,"event":{"mods":["2.2 Compatiblity","Act Like it!","Aspiration","Bard","BaseMod","Better Note","Better Third Choice","Block Reminder","ChefMod","Clawfect","Conspire","Downfall","Duelist Mod","GifTheSpireLib","Glutton Mod","GungeonMod","Halation","Hermit","HololiveMod","Hubris","Infinite Spire","Jedi Mod","JesterMod","Jorbs\u0027s Wanderer Trilogy","Luminous","Mad Scientist","Minty Spire (QoL Compilation)","Potionbrewer","Quick Restart","Random Character Button","Relic Sorter","Relic Stats","Replay The Spire","Robot Space Explorer","Shop Mod","Spicy Shops","Spikes Relics","StSLib","Strawberry Spire","Stuff the Spire","SuperFastMode","The Blackbeard","The Bladedancer","The Bug Knight","The Clintock","The Construct","The Cursed","The Disciple","The Dragon Tamer","The Elementalist","The Forsaken","The Gatherer","The Hayseed","The Hierophant","The Kombatant","The Mystic","The Necromancer","The Poker Player","The Problem Sleuth","The Runesmith","The Senshi","The Servant 0.9.4","The Spell Scribe","The Wild Card","The Witch"],"gold_per_floor":[111,111,124,49,63,88,88,98,168,183,200,200,28,28,28,28,28],"floor_reached":16,"playtime":1027,"items_purged":["theWildCard:Arsene","Clumsy"],"score":102,"play_id":"d0ff2509-a791-4b1c-917c-828782f44025","local_time":"20201213013715","is_ascension_mode":false,"campfire_choices":[{"floor":7,"key":"REST"},{"floor":15,"key":"REST"}],"circlet_count":0,"master_deck":["theWildCard:BasicStrike","theWildCard:BasicStrike","theWildCard:BasicStrike","theWildCard:BasicStrike","theWildCard:BasicDefend","theWildCard:BasicDefend","theWildCard:BasicDefend","theWildCard:BasicDefend","theWildCard:CallToAdventure","Dark Shackles","theWildCard:TheGreatSeal","theWildCard:Providence"],"relics":["theWildCard:VelvetContract","hubris:Towel","Replay:Wax Seal","infinitespire:CheckeredPen","strawberrySpire:Blandfruit","Juzu Bracelet","hubris:Potato","halation:SelfBoilingWater"],"acts_visited":["Exordium"],"potions_floor_usage":[16],"damage_taken":[{"damage":0,"enemies":"conspire:RoseBush","floor":1,"turns":4},{"damage":5,"enemies":"Jaw Worm","floor":3,"turns":6},{"damage":0,"enemies":"2 Louse","floor":5,"turns":3},{"damage":16,"enemies":"Gremlin Nob","floor":6,"turns":4},{"damage":0,"enemies":"Blue Slaver","floor":8,"turns":4},{"damage":0,"enemies":"Gremlin Gang","floor":10,"turns":3},{"damage":0,"enemies":"2 Fungi Beasts","floor":11,"turns":2},{"damage":62,"enemies":"Fading Forest","floor":16,"turns":7}],"seed_played":"8078725076243423245","potions_obtained":[{"floor":6,"key":"Strength Potion"},{"floor":10,"key":"potionbrewer:NoxiousPotion"},{"floor":11,"key":"ColorlessPotion"}],"is_trial":false,"path_per_floor":["M","?","M","$","M","E","R","M","T","M","M","?","$","?","R","B"],"character_chosen":"THE_WILD_CARD","items_purchased":["Juzu Bracelet"],"campfire_rested":2,"item_purchase_floors":[13],"current_hp_per_floor":[60,60,55,55,55,39,57,57,57,59,60,60,60,36,54,0,0],"gold":28,"neow_bonus":"RANDOM_COLORLESS","is_daily":false,"chose_seed":false,"campfire_upgraded":0,"win_rate":0.0,"timestamp":1607841435,"path_taken":["M","?","M","$","M","E","R","M","T","M","M","?","$","?","R","BOSS"],"items_purchased_type":["Relic"],"build_version":"2020-11-30","purchased_purges":2,"victory":false,"max_hp_per_floor":[60,60,60,60,60,60,60,60,60,60,60,60,60,60,60,60,60],"relic_stats":{"counters":[8,33],"Juzu Bracelet":0,"obtain_stats":[{"theWildCard:VelvetContract":0,"strawberrySpire:Blandfruit":12,"DemoMod:GlassGuonStoneRelic":6,"Juzu Bracelet":13,"infinitespire:CheckeredPen":9,"hubris:Towel":2,"Replay:Wax Seal":6,"halation:SelfBoilingWater":14,"hubris:Potato":14},{"theWildCard:VelvetContract":0,"strawberrySpire:Blandfruit":7,"DemoMod:GlassGuonStoneRelic":4,"Juzu Bracelet":7,"infinitespire:CheckeredPen":5,"hubris:Towel":1,"Replay:Wax Seal":4,"halation:SelfBoilingWater":7,"hubris:Potato":7},{"theWildCard:VelvetContract":0,"strawberrySpire:Blandfruit":26,"DemoMod:GlassGuonStoneRelic":17,"Juzu Bracelet":26,"infinitespire:CheckeredPen":21,"hubris:Towel":4,"Replay:Wax Seal":17,"halation:SelfBoilingWater":26,"hubris:Potato":26}]},"card_choices":[{"not_picked":["Replay:Bootleg Shield Generator","expansioncontent:Sear"],"picked":"Dark Shackles","floor":0},{"not_picked":["theWildCard:MagicMettle","theWildCard:EnergyTheft","theWildCard:Unburden"],"picked":"SKIP","floor":1},{"not_picked":["theWildCard:ArcanaArtistry","theWildCard:SeveringSlash"],"picked":"theWildCard:TheGreatSeal","floor":3},{"not_picked":["theWildCard:EnergizedStroke","theWildCard:ShieldOfMany","theWildCard:EnergyTheft"],"picked":"SKIP","floor":5},{"not_picked":["theWildCard:StingingStrike","theWildCard:MaskChange","theWildCard:SeveringSlash"],"picked":"SKIP","floor":6},{"not_picked":["theWildCard:Proficiency","theWildCard:Unburden"],"picked":"theWildCard:Providence","floor":8},{"not_picked":["theWildCard:EnergizedStroke","theWildCard:BladeOfGenerations","theWildCard:StingingStrike"],"picked":"SKIP","floor":10},{"not_picked":["theWildCard:StingingStrike","theWildCard:BladeOfGenerations","theWildCard:ShieldOfMany"],"picked":"SKIP","floor":11}],"player_experience":417120,"relics_obtained":[{"floor":6,"key":"Replay:Wax Seal"},{"floor":9,"key":"infinitespire:CheckeredPen"}],"event_choices":[{"damage_healed":0,"gold_gain":1,"player_choice":"Relic Relic ","damage_taken":24,"max_hp_gain":0,"max_hp_loss":0,"event_name":"betterThird:BetterScrap","floor":14,"gold_loss":0,"cards_obtained":["conspire:SharedLibrary"]}],"is_beta":false,"boss_relics":[],"items_purged_floors":[4,13],"is_endless":false,"potions_floor_spawned":[6,10,11],"killed_by":"Fading Forest","ascension_level":0}}