{"host":"ds3v42j7tpaaz1mg","time":1607897056,"event":{"mods":["AchievementEnabler","Aspiration","BaseMod","Bestiary","Better Altar","Better Note","Better Sensory Stone","BetterRewards","Block Reminder","Colored Powertips","Conspire","Downfall","Energized Spire","Halation","Hermit","Highlight Path","Hubris","Infinite Spire","Jorbs\u0027s Wanderer Trilogy","Minty Spire (QoL Compilation)","Relic Stats","Replay The Spire","StSLib","The Elementalist","The Servant 0.9.4","vexMod"],"gold_per_floor":[99,45,77,88,88,108,108,108,135,135,310,310,321,338,354,456,456,456,456,484,494,494,544,544,544,544,544,544],"floor_reached":27,"playtime":1344,"items_purged":[],"score":262,"play_id":"ffb0884e-8700-47e4-942f-24ee0b2ee306","local_time":"20201213170416","is_ascension_mode":false,"campfire_choices":[{"data":"champ:HoldFirm","floor":1,"key":"SMITH"},{"data":"champ:GladiatorStyle","floor":5,"key":"SMITH"},{"data":"champ:Haymaker","floor":8,"key":"SMITH"},{"data":"champ:VampiricStrike","floor":10,"key":"SMITH"},{"data":"champ:GladiatorsShout","floor":18,"key":"SMITH"},{"data":"champ:LastStand","floor":22,"key":"SMITH"},{"floor":26,"key":"REST"}],"circlet_count":0,"master_deck":["champ:Strike","champ:Strike","champ:Strike","champ:Strike","champ:Defend","champ:Defend","champ:Defend","champ:Defend","champ:Execute","champ:Taunt","champ:HoldFirm+1","champ:GladiatorsShout+1","champ:GladiatorStyle+1","champ:Haymaker+1","champ:VampiricStrike+1","Doubt","champ:LastStand+1","champ:IgnorePain+1","sneckomod:SerpentIdol+1","champ:Lariat+1"],"relics":["champ:ChampionCrown","halation:SwordOfLegend","aspiration:SeaSaltIceCream","Cracked Core","Toxic Egg 2","conspire:RoyalGoblet","hubris:TinFlute","champ:GladiatorsBookOfMartialProwess"],"acts_visited":["Exordium","TheCity"],"potions_floor_usage":[9,20,27,27],"damage_taken":[{"damage":16,"enemies":"downfall:FleeingMerchant","floor":2,"turns":4},{"damage":19,"enemies":"3 Sentries","floor":3,"turns":15},{"damage":9,"enemies":"Cultist","floor":4,"turns":6},{"damage":11,"enemies":"Jaw Worm","floor":6,"turns":4},{"damage":0,"enemies":"Gremlin Nob","floor":9,"turns":3},{"damage":14,"enemies":"2 Louse","floor":13,"turns":2},{"damage":14,"enemies":"Exordium Wildlife","floor":14,"turns":3},{"damage":25,"enemies":"Lots of Slimes","floor":15,"turns":4},{"damage":38,"enemies":"downfall:Watcher","floor":16,"turns":17},{"damage":57,"enemies":"Slavers","floor":20,"turns":9},{"damage":0,"enemies":"Chosen","floor":21,"turns":7},{"damage":104,"enemies":"Gremlin Leader","floor":27,"turns":10}],"seed_played":"-9134647766442870114","potions_obtained":[{"floor":6,"key":"AttackPotion"},{"floor":9,"key":"Elixir"},{"floor":14,"key":"Guardian:BlockOnCardUsePotion"},{"floor":16,"key":"AttackPotion"},{"floor":21,"key":"PowerPotion"}],"is_trial":false,"path_per_floor":["R","$","E","M","R","M","T","R","E","R","?","?","M","M","M","B",null,"R","?","E","M","R","?","T","?","R","E"],"character_chosen":"THE_CHAMP","items_purchased":["champ:GladiatorStyle"],"campfire_rested":1,"item_purchase_floors":[2],"current_hp_per_floor":[90,90,71,71,74,63,63,63,63,66,66,66,76,86,78,51,90,90,90,65,80,83,83,83,83,90,0,0],"gold":544,"neow_bonus":"ONE_RANDOM_RARE_CARD","is_daily":false,"chose_seed":false,"campfire_upgraded":6,"win_rate":0.0,"timestamp":1607897056,"path_taken":["R","$","E","M","R","?","T","R","E","R","?","?","?","M","M","BOSS","R","?","E","?","R","?","T","?","R","E"],"items_purchased_type":["Card"],"build_version":"2020-11-30","purchased_purges":0,"victory":false,"max_hp_per_floor":[90,90,90,90,90,90,90,90,90,90,90,90,90,90,90,90,90,90,90,90,90,90,90,90,90,90,90,90],"relic_stats":{"counters":[12,84],"obtain_stats":[{"halation:SwordOfLegend":3,"conspire:RoyalGoblet":17,"champ:ChampionCrown":0,"aspiration:SeaSaltIceCream":7,"Toxic Egg 2":9,"Cracked Core":7,"hubris:TinFlute":20,"champ:GladiatorsBookOfMartialProwess":24},{"halation:SwordOfLegend":2,"conspire:RoyalGoblet":9,"champ:ChampionCrown":0,"aspiration:SeaSaltIceCream":4,"Toxic Egg 2":5,"Cracked Core":4,"hubris:TinFlute":10,"champ:GladiatorsBookOfMartialProwess":11},{"halation:SwordOfLegend":19,"conspire:RoyalGoblet":58,"champ:ChampionCrown":0,"aspiration:SeaSaltIceCream":29,"Toxic Egg 2":32,"Cracked Core":29,"hubris:TinFlute":67,"champ:GladiatorsBookOfMartialProwess":74}]},"card_choices":[{"not_picked":["champ:RapidStrikes","champ:FocusedDefense"],"picked":"champ:GladiatorsShout","floor":2},{"not_picked":["champ:Circumvent","champ:CrookedStrike","champ:StanceDance"],"picked":"SKIP","floor":3},{"not_picked":["champ:StanceDance","champ:AdrenalArmor"],"picked":"champ:Haymaker","floor":4},{"not_picked":["champ:GladiatorsShout","champ:FaceSlap","champ:FanOfKnives"],"picked":"SKIP","floor":6},{"not_picked":["champ:HeartStrike","champ:Shatter"],"picked":"champ:VampiricStrike","floor":9},{"not_picked":["champ:FlashCut","champ:BringItOn+1","champ:CrookedStrike"],"picked":"SKIP","floor":13},{"not_picked":["champ:StanceDance+1","champ:BerserkerStyle","champ:Shatter"],"picked":"SKIP","floor":14},{"not_picked":["champ:SkillfulDodge+1","champ:Haymaker","champ:DefensiveStyle"],"picked":"SKIP","floor":15},{"not_picked":["champ:StrikeOfGenius","champ:LastStand"],"picked":"champ:IgnorePain+1","floor":16},{"not_picked":["champ:AdrenalArmor+1","champ:TornadoPunch","champ:PerfectedStrike"],"picked":"SKIP","floor":20},{"not_picked":["champ:HeartStrike","champ:Riposte+1"],"picked":"champ:Lariat+1","floor":21}],"player_experience":535686,"relics_obtained":[{"floor":3,"key":"halation:SwordOfLegend"},{"floor":7,"key":"aspiration:SeaSaltIceCream"},{"floor":9,"key":"Toxic Egg 2"},{"floor":20,"key":"hubris:TinFlute"},{"floor":24,"key":"champ:GladiatorsBookOfMartialProwess"}],"event_choices":[{"cards_removed":["champ:VampiricStrike"],"damage_healed":0,"gold_gain":0,"player_choice":"Take \u0026 Give","damage_taken":0,"max_hp_gain":0,"max_hp_loss":0,"event_name":"betterNote:BetterNote","floor":19,"gold_loss":0,"cards_obtained":["sneckomod:SerpentIdol"]}],"is_beta":false,"boss_relics":[{"not_picked":["hubris:VirtuousBlindfold","Coffee Dripper"],"picked":"conspire:RoyalGoblet"}],"items_purged_floors":[],"is_endless":false,"potions_floor_spawned":[6,9,14,16,21],"killed_by":"Gremlin Leader","ascension_level":0}}