{"host":"plbsiuh3vwan8ocg","time":1607849679,"event":{"mods":["AchievementEnabler","BaseMod","Minty Spire (QoL Compilation)","Permanent Neow","Quick Restart","StSLib"],"gold_per_floor":[111,126,126,126,91,121,121,152,152,166,166,241,269,269,269],"floor_reached":14,"playtime":666,"items_purged":[],"score":163,"play_id":"52dd076f-60bd-41a9-b422-c51290fb6789","local_time":"20201213035439","is_ascension_mode":true,"campfire_choices":[{"floor":7,"key":"REST"},{"floor":11,"key":"REST"}],"circlet_count":0,"master_deck":["AscendersBane","Strike_B","Strike_B","Strike_B","Strike_B","Defend_B","Defend_B","Defend_B","Defend_B","Zap","Dualcast+1","Turbo+1","Hello World","White Noise","Beam Cell","Fission","Sweeping Beam"],"relics":["Cracked Core","Regal Pillow","Shuriken","StoneCalendar","FossilizedHelix","Mummified Hand","Odd Mushroom"],"acts_visited":["Exordium"],"potions_floor_usage":[14],"damage_taken":[{"damage":6,"enemies":"2 Louse","floor":1,"turns":3},{"damage":7,"enemies":"Small Slimes","floor":2,"turns":4},{"damage":41,"enemies":"Gremlin Nob","floor":6,"turns":4},{"damage":21,"enemies":"3 Sentries","floor":8,"turns":7},{"damage":0,"enemies":"Jaw Worm","floor":10,"turns":3},{"damage":45,"enemies":"The Mushroom Lair","floor":13,"turns":5},{"damage":12,"enemies":"Lagavulin","floor":14,"turns":6}],"seed_played":"3353252154633486763","potions_obtained":[{"floor":2,"key":"SpeedPotion"}],"is_trial":false,"path_per_floor":["M","M","?","?","?","E","R","E","T","M","R","?","?","E"],"character_chosen":"DEFECT","items_purchased":[],"campfire_rested":2,"item_purchase_floors":[],"current_hp_per_floor":[58,51,37,34,51,10,46,25,25,25,61,50,5,0,0],"gold":269,"neow_bonus":"RANDOM_COMMON_RELIC","is_daily":false,"chose_seed":false,"campfire_upgraded":0,"win_rate":0.0,"timestamp":1607849679,"path_taken":["M","M","?","?","?","E","R","E","T","M","R","?","?","E"],"items_purchased_type":[],"build_version":"2020-11-30","purchased_purges":0,"victory":false,"max_hp_per_floor":[71,71,71,71,71,71,71,71,71,71,71,71,71,71,71],"card_choices":[{"not_picked":["Hologram","Steam"],"picked":"Turbo","floor":1},{"not_picked":["Hologram","Reinforced Body"],"picked":"Hello World","floor":2},{"not_picked":["Beam Cell","Static Discharge"],"picked":"White Noise","floor":6},{"not_picked":["Go for the Eyes","Barrage"],"picked":"Beam Cell","floor":8},{"not_picked":["Steam","Force Field"],"picked":"Fission","floor":10},{"not_picked":["Lockon","Redo"],"picked":"Sweeping Beam","floor":13}],"player_experience":388803,"relics_obtained":[{"floor":6,"key":"StoneCalendar"},{"floor":8,"key":"FossilizedHelix"},{"floor":9,"key":"Mummified Hand"},{"floor":13,"key":"Odd Mushroom"}],"event_choices":[{"damage_healed":0,"gold_gain":0,"player_choice":"Entered Light","damage_taken":14,"max_hp_gain":0,"max_hp_loss":0,"event_name":"Shining Light","floor":3,"gold_loss":0,"cards_upgraded":["Turbo","Dualcast"]},{"damage_healed":0,"gold_gain":0,"player_choice":"Success","damage_taken":3,"relics_obtained":["Shuriken"],"max_hp_gain":0,"max_hp_loss":0,"event_name":"Scrap Ooze","floor":4,"gold_loss":0},{"damage_healed":17,"gold_gain":0,"player_choice":"Healed","damage_taken":0,"max_hp_gain":0,"max_hp_loss":0,"event_name":"The Cleric","floor":5,"gold_loss":35},{"damage_healed":0,"gold_gain":75,"player_choice":"Gather Gold","damage_taken":11,"max_hp_gain":0,"max_hp_loss":0,"event_name":"World of Goop","floor":12,"gold_loss":0},{"damage_healed":0,"gold_gain":0,"player_choice":"Fought Mushrooms","damage_taken":0,"max_hp_gain":0,"max_hp_loss":0,"event_name":"Mushrooms","floor":13,"gold_loss":0}],"is_beta":false,"boss_relics":[],"items_purged_floors":[],"is_endless":false,"potions_floor_spawned":[2],"killed_by":"Lagavulin","ascension_level":14}}