{"host":"qzblds3hycbe0oxf","time":1607897996,"event":{"mods":["2.2 Compatiblity","AchievementEnabler","BaseMod","Colored Map","DeckTracker","Highlight Path","Minty Spire (QoL Compilation)","Random Character Button","Rare Cards Sparkle"],"gold_per_floor":[109,126,136,150,150,167,201,56,56,56,106,121,121,148,148,243,243,256,274,64,79,79,79,79],"floor_reached":23,"playtime":1058,"items_purged":[],"score":262,"play_id":"e8b2d40c-2505-45fd-ab1c-4ea60c7eb9dc","local_time":"20201213231956","is_ascension_mode":true,"campfire_choices":[{"floor":10.0,"key":"REST"},{"data":"Combust","floor":13.0,"key":"SMITH"},{"data":"Juggernaut","floor":15.0,"key":"SMITH"}],"circlet_count":0,"master_deck":["Strike_R","Strike_R","Strike_R","Strike_R","Strike_R","Defend_R","Defend_R","Defend_R","Defend_R","Bash","Juggernaut+1","Combust+1","Iron Wave","Second Wind","Cleave","Battle Trance","Heavy Blade","Twin Strike","Anger","Demon Form","Seeing Red","Flex+1","Flex+1"],"relics":["Burning Blood","Toy Ornithopter","Bottled Lightning","PreservedInsect","The Courier","Lantern","Gremlin Horn"],"acts_visited":["Exordium","TheCity"],"potions_floor_usage":[23],"damage_taken":[{"damage":1.0,"enemies":"Cultist","floor":1.0,"turns":4.0},{"damage":11.0,"enemies":"2 Louse","floor":2.0,"turns":3.0},{"damage":7.0,"enemies":"Small Slimes","floor":3.0,"turns":4.0},{"damage":11.0,"enemies":"Blue Slaver","floor":4.0,"turns":4.0},{"damage":11.0,"enemies":"3 Louse","floor":6.0,"turns":3.0},{"damage":35.0,"enemies":"Gremlin Nob","floor":7.0,"turns":5.0},{"damage":7.0,"enemies":"Looter","floor":12.0,"turns":3.0},{"damage":2.0,"enemies":"3 Sentries","floor":14.0,"turns":3.0},{"damage":34.0,"enemies":"Slime Boss","floor":16.0,"turns":7.0},{"damage":26.0,"enemies":"3 Byrds","floor":18.0,"turns":4.0},{"damage":19.0,"enemies":"Shell Parasite","floor":19.0,"turns":4.0},{"damage":37,"enemies":"Snake Plant","floor":21,"turns":4},{"damage":21,"enemies":"Slavers","floor":23,"turns":2}],"seed_played":"-5988868797097344936","potions_obtained":[{"floor":3.0,"key":"DistilledChaos"},{"floor":6.0,"key":"FearPotion"},{"floor":12.0,"key":"Explosive Potion"},{"floor":16.0,"key":"Dexterity Potion"}],"is_trial":false,"path_per_floor":["M","M","M","M","T","M","E","$","T","R","?","M","R","E","R","B",null,"M","M","$","M","$","E"],"character_chosen":"IRONCLAD","items_purchased":["PreservedInsect","Gremlin Horn"],"campfire_rested":1,"item_purchase_floors":[8,20],"current_hp_per_floor":[80,75,74,69,69,64,45,45,45,69,69,68,68,77,77,49,80,60,47,47,16,16,0,0],"gold":79,"neow_bonus":"ONE_RANDOM_RARE_CARD","is_daily":false,"chose_seed":false,"campfire_upgraded":2,"win_rate":0.0,"timestamp":1607897996,"path_taken":["M","M","M","M","?","M","E","$","T","R","?","M","R","E","R","BOSS","M","M","$","M","$","E"],"items_purchased_type":["Relic","Relic"],"build_version":"2020-11-30","purchased_purges":0,"victory":false,"max_hp_per_floor":[80,80,80,80,80,80,80,80,80,80,80,80,80,80,80,80,80,80,80,80,80,80,80,80],"card_choices":[{"not_picked":["Body Slam","Armaments"],"picked":"Combust","floor":1.0},{"not_picked":["Anger","Body Slam"],"picked":"Iron Wave","floor":2.0},{"not_picked":["Sever Soul","Wild Strike"],"picked":"Second Wind","floor":3.0},{"not_picked":["Wild Strike","Offering"],"picked":"Cleave","floor":4.0},{"not_picked":["Cleave","Body Slam"],"picked":"Battle Trance","floor":6.0},{"not_picked":["Second Wind","Cleave"],"picked":"Heavy Blade","floor":7.0},{"not_picked":["Havoc","Heavy Blade"],"picked":"Twin Strike","floor":12.0},{"not_picked":["Body Slam","Fiend Fire"],"picked":"Anger","floor":14.0},{"not_picked":["Barricade","Double Tap"],"picked":"Demon Form","floor":16.0},{"not_picked":["Sever Soul","True Grit"],"picked":"Seeing Red","floor":18.0},{"not_picked":["Burning Pact","Clothesline+1"],"picked":"Flex+1","floor":19.0},{"not_picked":["Shrug It Off","Body Slam+1"],"picked":"Flex+1","floor":21}],"player_experience":157134,"relics_obtained":[{"floor":5.0,"key":"Toy Ornithopter"},{"floor":7.0,"key":"Bottled Lightning"},{"floor":9.0,"key":"The Courier"},{"floor":14.0,"key":"Lantern"}],"event_choices":[{"damage_healed":0.0,"max_hp_gain":0.0,"max_hp_loss":0.0,"gold_gain":50.0,"event_name":"Golden Wing","player_choice":"Gained Gold","floor":11.0,"gold_loss":0.0,"damage_taken":0.0}],"is_beta":false,"boss_relics":[{"not_picked":["Ectoplasm","Runic Cube","Cursed Key"]}],"items_purged_floors":[],"is_endless":false,"potions_floor_spawned":[3,6,12,16],"killed_by":"Slavers","ascension_level":3}}