{"host":"zi8o4akxlgxypwgb","time":1607889413,"event":{"mods":["BaseMod","Minty Spire (QoL Compilation)","Replay The Spire","StSLib","SuperFastMode"],"gold_per_floor":[111,127,125,125,139,170,170,187,232,232,266,266,266,284,284,387,387,426,426,441,32,0,0,31,45,45,45,64,64,78,78,78],"floor_reached":31,"playtime":1092,"items_purged":["Amnesia","Strike_G"],"score":370,"play_id":"bbdf0f25-20fb-4fce-a58f-dc3b1bc64739","local_time":"20201214035653","is_ascension_mode":true,"campfire_choices":[{"data":"Jack Of All Trades","floor":7.0,"key":"SMITH"},{"data":"Adrenaline","floor":10.0,"key":"SMITH"},{"floor":12.0,"key":"REST"},{"data":"Cloak And Dagger","floor":15.0,"key":"SMITH"},{"data":"ReplayTheSpireMod:Scrap Shanks","floor":23.0,"key":"SMITH"},{"data":"Accuracy","floor":29.0,"key":"SMITH"}],"circlet_count":0,"master_deck":["Strike_G+1","Strike_G","Strike_G","Strike_G+1","Defend_G","Defend_G+1","Defend_G","Defend_G","Survivor","Neutralize","Jack Of All Trades+1","Blade Dance+1","Dagger Throw","Bane","Quick Slash+1","Cloak And Dagger+1","Blur","Adrenaline+1","Backflip","Leg Sweep","A Thousand Cuts","Flying Knee+1","Bane","Reflex","Forethought","Deadly Poison","Sucker Punch","Poisoned Stab","Blade Dance","Blade Dance","ReplayTheSpireMod:Scrap Shanks+1","Violence","Blur","Hidden Blade","Distraction","Accuracy+1","Terror"],"relics":["Ring of the Snake","ReplayTheSpireMod:CursedCoin","Question Card","Whetstone","Replay:Mystery Machine","Snecko Eye","BargainBundle","Omamori","Replay:Towering Pillar of Hats","Incense Burner"],"acts_visited":["Exordium","TheCity"],"potions_floor_usage":[],"damage_taken":[{"damage":1.0,"enemies":"Cultist","floor":1.0,"turns":4.0},{"damage":3.0,"enemies":"Small Slimes","floor":2.0,"turns":4.0},{"damage":0.0,"enemies":"2 Louse","floor":5.0,"turns":2.0},{"damage":38.0,"enemies":"Gremlin Nob","floor":6.0,"turns":4.0},{"damage":0.0,"enemies":"Red Slaver","floor":8.0,"turns":4.0},{"damage":4.0,"enemies":"Lagavulin","floor":11.0,"turns":5.0},{"damage":0.0,"enemies":"Exordium Wildlife","floor":14.0,"turns":4.0},{"damage":22.0,"enemies":"Hexaghost","floor":16.0,"turns":14.0},{"damage":0.0,"enemies":"Spheric Guardian","floor":18.0,"turns":1.0},{"damage":0.0,"enemies":"Chosen","floor":20.0,"turns":2.0},{"damage":13.0,"enemies":"Book of Stabbing","floor":24.0,"turns":4.0},{"damage":26.0,"enemies":"Shelled Parasite and Fungi","floor":25.0,"turns":7.0},{"damage":0.0,"enemies":"Snecko","floor":28.0,"turns":3.0},{"damage":4.0,"enemies":"Cultist and Chosen","floor":30.0,"turns":4.0},{"damage":23,"enemies":"Slavers","floor":31,"turns":2}],"seed_played":"-6673143846830696044","potions_obtained":[{"floor":1.0,"key":"SpeedPotion"},{"floor":2.0,"key":"EntropicBrew"},{"floor":14.0,"key":"Regen Potion"},{"floor":20.0,"key":"PowerPotion"},{"floor":25.0,"key":"LiquidMemories"},{"floor":28.0,"key":"Strength Potion"},{"floor":30.0,"key":"Elixir"}],"is_trial":false,"path_per_floor":["M","M","$","?","M","E","R","M","T","R","E","R","?","M","R","B",null,"M","?","M","$","?","R","E","M","T","?","M","R","M","E"],"character_chosen":"THE_SILENT","items_purchased":["Bane","Quick Slash","ReplayTheSpireMod:CursedCoin","BargainBundle","Sucker Punch","Poisoned Stab","Blade Dance","ReplayTheSpireMod:Scrap Shanks","Violence","Omamori","Blur"],"campfire_rested":1,"item_purchase_floors":[3,3,3,21,21,21,21,21,21,21,21],"current_hp_per_floor":[62,59,59,45,45,7,7,7,7,7,3,24,24,24,24,2,53,53,53,53,53,53,53,49,23,23,23,23,23,19,0,0],"gold":78,"neow_bonus":"RANDOM_COLORLESS","is_daily":false,"chose_seed":false,"campfire_upgraded":5,"win_rate":0.0,"timestamp":1607889413,"path_taken":["M","M","?","?","M","E","R","M","T","R","E","R","?","M","R","BOSS","M","?","?","$","?","R","E","M","T","?","?","R","M","E"],"items_purchased_type":["Card","Card","Relic","Relic","Card","Card","Card","Card","Card","Relic","Card"],"build_version":"2020-11-30","purchased_purges":2,"victory":false,"max_hp_per_floor":[70,70,70,70,70,70,70,70,70,70,70,70,70,70,70,70,70,70,70,70,70,70,70,70,70,70,70,70,70,70,70,70],"card_choices":[{"not_picked":["ReplayTheSpireMod:Private Reserves","Good Instincts"],"picked":"Jack Of All Trades","floor":0.0},{"not_picked":["Riddle With Holes","Outmaneuver"],"picked":"Blade Dance","floor":1.0},{"not_picked":["Poisoned Stab","Deflect"],"picked":"Dagger Throw","floor":2.0},{"not_picked":["Concentrate","Reflex"],"picked":"Cloak And Dagger","floor":5.0},{"not_picked":["Dodge and Roll","Flechettes"],"picked":"Blur","floor":6.0},{"not_picked":["Deadly Poison","Bane","Poisoned Stab"],"picked":"Adrenaline","floor":8.0},{"not_picked":["Draining Mist","Crippling Poison","Venomology"],"picked":"Backflip","floor":11.0},{"not_picked":["Dagger Throw","Underhanded Strike","Bane"],"picked":"Leg Sweep","floor":14.0},{"not_picked":["Phantasmal Killer","Unload","Tools of the Trade"],"picked":"A Thousand Cuts","floor":16.0},{"not_picked":["Crippling Poison","Poisoned Stab","Tactician"],"picked":"Flying Knee+1","floor":18.0},{"not_picked":["Sucker Punch","Fluid Movement","Skewer+1"],"picked":"Deadly Poison","floor":20.0},{"not_picked":["Deflect","Quick Slash+1","Backflip"],"picked":"Hidden Blade","floor":24.0},{"not_picked":["Dagger Spray","Glass Knife","Bouncing Flask"],"picked":"Distraction","floor":25.0},{"not_picked":["Dodge and Roll","PiercingWail","Sucker Punch"],"picked":"Accuracy","floor":28.0},{"not_picked":["Hidden Blade","Well Laid Plans","Dodge and Roll+1"],"picked":"Terror","floor":30.0}],"player_experience":303794,"relics_obtained":[{"floor":6.0,"key":"Question Card"},{"floor":9.0,"key":"Whetstone"},{"floor":11.0,"key":"Replay:Mystery Machine"},{"floor":24.0,"key":"Replay:Towering Pillar of Hats"},{"floor":26.0,"key":"Incense Burner"}],"event_choices":[{"damage_healed":0.0,"max_hp_gain":0.0,"max_hp_loss":0.0,"gold_gain":0.0,"event_name":"Shining Light","player_choice":"Entered Light","floor":4.0,"gold_loss":0.0,"damage_taken":14.0,"cards_upgraded":["Defend_G","Strike_G"]},{"damage_healed":0.0,"max_hp_gain":0.0,"max_hp_loss":0.0,"gold_gain":0.0,"event_name":"Match and Keep!","player_choice":"3 cards matched","floor":19.0,"gold_loss":0.0,"damage_taken":0.0,"cards_obtained":["Bane","Reflex","Forethought"]},{"damage_healed":0.0,"max_hp_gain":0.0,"max_hp_loss":0.0,"gold_gain":0.0,"event_name":"Masked Bandits","player_choice":"Paid Fearfully","floor":22.0,"gold_loss":32.0,"damage_taken":0.0},{"cards_removed":["Defend_G"],"damage_healed":0.0,"max_hp_gain":0.0,"max_hp_loss":0.0,"gold_gain":0.0,"event_name":"Wheel of Change","player_choice":"Card Removal","floor":27.0,"gold_loss":0.0,"damage_taken":0.0}],"is_beta":false,"boss_relics":[{"not_picked":["Black Star","WristBlade"],"picked":"Snecko Eye"}],"items_purged_floors":[3,21],"is_endless":false,"potions_floor_spawned":[1,2,14,20,25,28,30],"killed_by":"Slavers","ascension_level":6}}