{"host":"dboon444lh569hid","time":1607865148,"event":{"mods":["Act Like it!","BaseMod","CapriCore","Chen","Gensokyo","GungeonMod","Jedi Mod","KinomotoSakuraMod(木之本樱)","Koishi","KomeijiMod","Lobotomy","LobotomyExtend","Marked Mod","Minty Spire (QoL Compilation)","Pale of the Ancients","Prisma Mod","READ ME - Guardian Mod","Reimu（博丽灵梦）","RumiaBox-露米娅的神秘盒子","SOS（斯巴达之子）","StSLib","The Immortal","vexMod","【东方二次创作】八云紫mod"],"gold_per_floor":[134,152,167,177,22,22,47,47,47,47,122,13,13,45,45,149,149,163,36,361,361,373,373,387,387,387],"floor_reached":25,"playtime":1902,"items_purged":[],"score":234,"play_id":"8fa9cbb7-5bb0-4049-8f3a-c242d87b2712","local_time":"20201213211228","is_ascension_mode":false,"campfire_choices":[{"floor":6,"key":"REST"},{"floor":8,"key":"REST"},{"floor":10,"key":"REST"},{"floor":13,"key":"REST"},{"floor":15,"key":"REST"},{"floor":23,"key":"REST"}],"circlet_count":0,"master_deck":["Jack Of All Trades","Worldmountain_purple","Charmbait_purple","Umbrella_purple","GluttonyofRealm_purpleEX","Boundary_of_Extermination_purpleEX","MetroBOOM_purple","Charmbait_purple","RuleDissolution_purple","Fancifulhole_purple","MagicEyes_LaplaceDemon_purple","WangLiang_LineAndCurveDreams_purple","GluttonyofRealm_purpleEX","Price_of_realm_purpleEX","Know_ledgeAbilityRealm_purple","Theboundaryofcreation_purpleEX","Theboundaryofcreation_purpleEX","Theboundaryofcreation_purpleEX","GluttonyofRealm_purpleEX","CommonSense_AntiCommonSense_purple","WatchEyeChange_purple","Mirror_FormAndEmptin_purple","Monsters_DoubleDeathButterfly_purple","AdvanceAttack_purple+1","Fantasy_PerpetualMotionMachine_purple","Line_surface_state_purple","Shallow_ocean_purpleEX","DimensionStaggered_purple"],"relics":["Boundary_crack","Memoryfragments_purpleEX","Ice Cream","Eternal Feather","vexMod:TanglingVine"],"acts_visited":["Exordium","Gensokyo:Gensokyoer"],"potions_floor_usage":[7,24,25],"damage_taken":[{"damage":1,"enemies":"Cultist","floor":1,"turns":4},{"damage":3,"enemies":"Jaw Worm","floor":2,"turns":4},{"damage":8,"enemies":"Small Slimes","floor":3,"turns":3},{"damage":32,"enemies":"Gremlin Gang","floor":4,"turns":3},{"damage":45,"enemies":"Lagavulin","floor":7,"turns":8},{"damage":39,"enemies":"3 Sentries","floor":14,"turns":3},{"damage":35,"enemies":"Slime Boss","floor":16,"turns":5},{"damage":46,"enemies":"Gensokyo:CosmicMonolith","floor":18,"turns":4},{"damage":42,"enemies":"Gensokyo:3_Dogs","floor":22,"turns":4},{"damage":62,"enemies":"Gensokyo:Swordslinger","floor":24,"turns":4},{"damage":23,"enemies":"Gensokyo:Slime_Group","floor":25,"turns":2}],"seed_played":"4220961964102381428","potions_obtained":[{"floor":4,"key":"LiquidMemories"},{"floor":7,"key":"ColorlessPotion"},{"floor":14,"key":"jedi:StrikingPotion"},{"floor":24,"key":"Strength Potion"}],"is_trial":false,"path_per_floor":["M","M","M","M","$","R","E","R","T","R","?","$","R","E","R","B",null,"M","$","?","?","M","R","M","M"],"character_chosen":"Youkari","items_purchased":["Boundary_of_Extermination_purpleEX","MetroBOOM_purple","Charmbait_purple","CommonSense_AntiCommonSense_purple","WatchEyeChange_purple","Fantasy_PerpetualMotionMachine_purple","Line_surface_state_purple"],"campfire_rested":6,"item_purchase_floors":[5,5,5,12,12,19,19],"current_hp_per_floor":[70,68,62,31,31,52,11,32,32,53,42,42,63,27,61,32,82,44,44,44,59,30,72,23,0,0],"gold":387,"neow_bonus":"RANDOM_COLORLESS","is_daily":false,"chose_seed":false,"campfire_upgraded":0,"win_rate":0.0,"timestamp":1607865148,"path_taken":["M","M","M","M","$","R","E","R","T","R","?","$","R","E","R","BOSS","M","$","?","?","M","R","M","M"],"items_purchased_type":["Card","Card","Card","Card","Card","Card","Card"],"build_version":"2020-11-30","purchased_purges":0,"victory":false,"max_hp_per_floor":[70,70,70,70,70,70,73,73,73,73,73,73,73,76,76,82,82,85,85,85,85,91,91,94,94,94],"card_choices":[{"not_picked":["Muse","Purity"],"picked":"Jack Of All Trades","floor":0},{"not_picked":["StateErode_purple","Line_surface_state_purple"],"picked":"Worldmountain_purple","floor":1},{"not_picked":["RuleDissolution_purple","SharpContractionReality_purple"],"picked":"Charmbait_purple","floor":2},{"not_picked":["AdvanceAttack_purple","Line_surface_state_purple"],"picked":"Umbrella_purple","floor":3},{"not_picked":["Erosivefilter_purple","MeetDecomposer_purple"],"picked":"GluttonyofRealm_purpleEX","floor":4},{"not_picked":["Realm_recovery_purpleEX","Worldmountain_purple"],"picked":"RuleDissolution_purple","floor":7},{"not_picked":["ExistenceContinue_purple","Realm_recovery_purpleEX"],"picked":"Mirror_FormAndEmptin_purple","floor":14},{"not_picked":["Know_ledgeAbilityRealm_purple","UniverseChoice_purple"],"picked":"Monsters_DoubleDeathButterfly_purple","floor":16},{"not_picked":["Realm_recovery_purpleEX+1","RuleDissolution_purple"],"picked":"AdvanceAttack_purple+1","floor":18},{"not_picked":["Realm_recovery_purpleEX+1","ExistenceContinue_purple+1"],"picked":"Shallow_ocean_purpleEX","floor":22},{"not_picked":["Shallow_ocean_purpleEX","AdvanceAttack_purple"],"picked":"DimensionStaggered_purple","floor":24}],"player_experience":168885,"relics_obtained":[{"floor":7,"key":"Ice Cream"},{"floor":9,"key":"SumBook"},{"floor":14,"key":"Eternal Feather"}],"event_choices":[{"damage_healed":0,"gold_gain":75,"player_choice":"Gather Gold","damage_taken":11,"max_hp_gain":0,"max_hp_loss":0,"event_name":"World of Goop","floor":11,"gold_loss":0}],"is_beta":false,"boss_relics":[{"not_picked":["Fusion Hammer","jedi:battlestandard"],"picked":"vexMod:TanglingVine"}],"items_purged_floors":[],"is_endless":false,"potions_floor_spawned":[4,7,14,24],"killed_by":"Gensokyo:Slime_Group","ascension_level":0}}