{"host":"5dk97cf2ubw2v967","time":1607835795,"event":{"mods":["AlwaysNeverKeys","BaseMod","Better Altar","Better Vampires","Block Reminder","Colored Powertips","Downfall","Googly Eyes","Highlight Path","Minty Spire (QoL Compilation)","Permanent Neow","Potion Indicator Mod","Quick Restart","Relic Filter","Relic Stats","Say the Spire","Spicy Shops","StSLib","Waifu the Spire","everything is the same but u backflip on backflip"],"gold_per_floor":[110,122,122,122,134,134,216,234,234,268,286,286,286,17,17,17,17],"floor_reached":16,"playtime":937,"items_purged":[],"score":220,"play_id":"15a12db6-d6aa-47b2-9506-07ef6fb73768","local_time":"20201213050315","is_ascension_mode":true,"campfire_choices":[{"data":"Flechettes","floor":6,"key":"SMITH"},{"data":"Terror","floor":13,"key":"SMITH"},{"data":"expansioncontent:DefensiveStance","floor":15,"key":"SMITH"}],"circlet_count":0,"master_deck":["AscendersBane","Strike_G+1","Strike_G","Strike_G","Strike_G","Defend_G","Defend_G+1","Defend_G","Defend_G","Defend_G+1","Survivor","Neutralize","expansioncontent:AwakenDeath","Flechettes+1","Caltrops","Terror+1","Acrobatics","Reflex","PiercingWail","expansioncontent:DefensiveStance+1"],"relics":["Ring of the Snake","Tiny House","Eternal Feather","Bottled Flame","PreservedInsect"],"acts_visited":["Exordium"],"potions_floor_usage":[7,10,16],"damage_taken":[{"damage":1,"enemies":"Cultist","floor":1,"turns":5},{"damage":0,"enemies":"Jaw Worm","floor":2,"turns":5},{"damage":0,"enemies":"2 Louse","floor":5,"turns":4},{"damage":34,"enemies":"Lagavulin","floor":7,"turns":7},{"damage":17,"enemies":"Looter","floor":8,"turns":4},{"damage":8,"enemies":"Gremlin Nob","floor":10,"turns":3},{"damage":17,"enemies":"2 Fungi Beasts","floor":11,"turns":5},{"damage":70,"enemies":"Slime Boss","floor":16,"turns":13}],"seed_played":"8552427164319703010","potions_obtained":[{"floor":2,"key":"Strength Potion"},{"floor":10,"key":"Explosive Potion"}],"is_trial":false,"path_per_floor":["M","M","?","?","M","R","E","M","T","E","M","?","R","$","R","B"],"character_chosen":"THE_SILENT","items_purchased":["expansioncontent:DefensiveStance","PreservedInsect"],"campfire_rested":0,"item_purchase_floors":[14,14],"current_hp_per_floor":[58,58,38,31,31,31,15,10,10,2,2,25,34,34,46,2,2],"gold":17,"neow_bonus":"RANDOM_COLORLESS","is_daily":false,"chose_seed":false,"campfire_upgraded":3,"win_rate":0.0,"timestamp":1607835795,"path_taken":["M","?","?","?","M","R","E","M","T","E","M","?","R","$","R","BOSS"],"items_purchased_type":["Card","Relic"],"build_version":"2020-11-30","purchased_purges":0,"victory":false,"max_hp_per_floor":[66,66,66,66,66,66,71,71,71,71,71,71,71,71,71,71,71],"relic_stats":{"counters":[8,46],"Eternal Feather":21,"PreservedInsect":0,"obtain_stats":[{"Bottled Flame":10,"Tiny House":7,"Eternal Feather":9,"PreservedInsect":14,"Ring of the Snake":0},{"Bottled Flame":6,"Tiny House":4,"Eternal Feather":5,"PreservedInsect":7,"Ring of the Snake":0},{"Bottled Flame":28,"Tiny House":21,"Eternal Feather":25,"PreservedInsect":33,"Ring of the Snake":0}],"Ring of the Snake":[16]},"card_choices":[{"not_picked":["expansioncontent:SuperHexaguard","expansioncontent:ManipulateTime"],"picked":"expansioncontent:AwakenDeath","floor":0},{"not_picked":["Sucker Punch","PiercingWail"],"picked":"Flechettes","floor":1},{"not_picked":["Acrobatics","Bane"],"picked":"Caltrops","floor":2},{"not_picked":["Accuracy","Cloak And Dagger"],"picked":"Terror","floor":5},{"not_picked":["Expertise","Bouncing Flask"],"picked":"Acrobatics","floor":7},{"not_picked":["Dagger Throw","Cloak And Dagger","Poisoned Stab"],"picked":"SKIP","floor":8},{"not_picked":["Tools of the Trade","Sucker Punch"],"picked":"Reflex","floor":10},{"not_picked":["Endless Agony","Dagger Throw"],"picked":"PiercingWail","floor":11}],"player_experience":1235150,"relics_obtained":[{"floor":7,"key":"Tiny House"},{"floor":9,"key":"Eternal Feather"},{"floor":10,"key":"Bottled Flame"}],"event_choices":[{"damage_healed":0,"gold_gain":0,"player_choice":"Entered Light","damage_taken":20,"max_hp_gain":0,"max_hp_loss":0,"event_name":"Shining Light","floor":3,"gold_loss":0,"cards_upgraded":["Defend_G","Strike_G"]},{"cards_removed":["Strike_G"],"damage_healed":0,"gold_gain":0,"player_choice":"Card Removal","damage_taken":7,"max_hp_gain":0,"max_hp_loss":0,"event_name":"Golden Wing","floor":4,"gold_loss":0},{"damage_healed":23,"gold_gain":0,"player_choice":"Banana","damage_taken":0,"max_hp_gain":0,"max_hp_loss":0,"event_name":"Big Fish","floor":12,"gold_loss":0}],"is_beta":false,"boss_relics":[],"items_purged_floors":[],"is_endless":false,"potions_floor_spawned":[2,10],"killed_by":"Slime Boss","ascension_level":20}}