{"host":"ormi09wwzv7sq47a","time":1607866738,"event":{"mods":["2.2 Compatiblity","AchievementEnabler","Act Like it!","BaseMod","Better Note","Better Vampires","Colored Map","Colored Powertips","DeckTracker","Downfall","Hermit","Highlight Path","Jorbs\u0027s Wanderer Trilogy","Minty Spire (QoL Compilation)","Permanent Neow","Quick Restart","Rare Cards Sparkle","Relic Stats","Shop Mod","StSLib","The Cursed","The Hierophant","The Jungle","The Servant 0.9.4"],"gold_per_floor":[118,127,154,179,200,200,227,227,253,253,268,43,43,65,65,178,178,205,232,232,232,258,258,282,282,305,305,9,29,29,29],"floor_reached":30,"playtime":1335,"items_purged":["hexamod:Strike"],"score":280,"play_id":"bd4a8fe9-ede9-4057-a380-ee6bebc1758c","local_time":"20201213103858","is_ascension_mode":false,"campfire_choices":[{"data":"hexamod:CatchUp","floor":6.0,"key":"SMITH"},{"data":"hexamod:GhostOfSpirePresent","floor":8.0,"key":"SMITH"},{"data":"hexamod:Float","floor":10.0,"key":"SMITH"},{"data":"hexamod:HeatCrush","floor":15.0,"key":"SMITH"},{"data":"hexamod:SearingWound","floor":23,"key":"SMITH"},{"data":"hexamod:ThermalTransfer","floor":27,"key":"SMITH"}],"circlet_count":0,"master_deck":["hexamod:Strike","hexamod:Defend","hexamod:Defend","hexamod:Defend","hexamod:Defend","hexamod:Sear","hexamod:Float+1","hexamod:GhostOfSpirePresent+1","hexamod:FourthSeal","hexamod:ThermalTransfer+1","hexamod:CatchUp+1","hexamod:HeatCrush+1","hexamod:SearingWound+1","hexamod:GhostOfSpireFuture+1","hexamod:Again+1","hexamod:BurningTouch+1","hexamod:HauntingEcho+1","hexamod:HeatMetal+1"],"relics":["hexamod:SpiritBrand","CeramicFish","Tiny Chest","hexamod:InflammatoryLetter","Bag of Preparation","PreservedInsect","Empty Cage","Shuriken","Ancient Tea Set","ClockworkSouvenir","Potion Belt"],"acts_visited":["Exordium","TheCity"],"potions_floor_usage":[18,19],"damage_taken":[{"damage":2.0,"enemies":"2 Louse","floor":1.0,"turns":3.0},{"damage":1.0,"enemies":"Jaw Worm","floor":3.0,"turns":4.0},{"damage":0.0,"enemies":"Cultist","floor":5.0,"turns":4.0},{"damage":26.0,"enemies":"Gremlin Nob","floor":7.0,"turns":5.0},{"damage":8.0,"enemies":"Blue Slaver","floor":11.0,"turns":4.0},{"damage":3.0,"enemies":"2 Fungi Beasts","floor":14.0,"turns":4.0},{"damage":0.0,"enemies":"Slime Boss","floor":16.0,"turns":7.0},{"damage":20,"enemies":"2 Thieves","floor":18,"turns":4},{"damage":0,"enemies":"Spheric Guardian","floor":19,"turns":3},{"damage":11,"enemies":"Centurion and Healer","floor":22,"turns":7},{"damage":19,"enemies":"Snake Plant","floor":24,"turns":4},{"damage":16,"enemies":"Chosen and Byrds","floor":29,"turns":6},{"damage":4,"enemies":"Snecko","floor":30,"turns":3}],"seed_played":"7422892794189668102","potions_obtained":[{"floor":1.0,"key":"Explosive Potion"},{"floor":5.0,"key":"Energy Potion"},{"floor":7.0,"key":"Regen Potion"},{"floor":11.0,"key":"hexamod:InfernoChargePotion"},{"floor":16.0,"key":"ColorlessPotion"},{"floor":16.0,"key":"SpeedPotion"},{"floor":18,"key":"Fire Potion"},{"floor":19,"key":"FearPotion"},{"floor":22,"key":"GamblersBrew"},{"floor":24,"key":"Fire Potion"},{"floor":29,"key":"Strength Potion"},{"floor":29,"key":"LiquidMemories"}],"is_trial":false,"path_per_floor":["M","?","M","T","M","R","E","R","T","R","M","$","?","M","R","B",null,"M","M","?","?","M","R","M","T","T","R","$","M","M"],"character_chosen":"THE_SPIRIT","items_purchased":["Bag of Preparation","ClockworkSouvenir","Potion Belt"],"campfire_rested":0,"item_purchase_floors":[12,28,28],"current_hp_per_floor":[68,68,67,67,67,67,41,41,41,41,45,45,45,42,42,42,70,50,50,50,50,39,39,20,20,20,20,20,4,0,0],"gold":29,"neow_bonus":"RANDOM_COMMON_RELIC","is_daily":false,"chose_seed":false,"campfire_upgraded":6,"win_rate":0.0,"timestamp":1607866738,"path_taken":["M","?","M","?","M","R","E","R","T","R","M","$","?","M","R","BOSS","M","M","?","?","M","R","M","?","T","R","$","M","?"],"items_purchased_type":["Relic","Relic","Relic"],"build_version":"2020-11-30","purchased_purges":1,"victory":false,"max_hp_per_floor":[70,70,70,70,70,70,70,70,70,70,70,70,70,70,70,70,70,70,70,70,70,70,70,70,70,70,70,70,70,70,70],"relic_stats":{"counters":[13,58],"Shuriken":[0],"CeramicFish":99,"Tiny Chest":1,"PreservedInsect":0,"Bag of Preparation":[16],"obtain_stats":[{"Potion Belt":28,"Shuriken":25,"CeramicFish":0,"Tiny Chest":4,"hexamod:InflammatoryLetter":7,"PreservedInsect":13,"Bag of Preparation":12,"Empty Cage":17,"Ancient Tea Set":26,"hexamod:SpiritBrand":0,"ClockworkSouvenir":28},{"Potion Belt":11,"Shuriken":11,"CeramicFish":0,"Tiny Chest":2,"hexamod:InflammatoryLetter":4,"PreservedInsect":5,"Bag of Preparation":5,"Empty Cage":7,"Ancient Tea Set":11,"hexamod:SpiritBrand":0,"ClockworkSouvenir":11},{"Potion Belt":49,"Shuriken":49,"CeramicFish":0,"Tiny Chest":7,"hexamod:InflammatoryLetter":16,"PreservedInsect":20,"Bag of Preparation":20,"Empty Cage":31,"Ancient Tea Set":49,"hexamod:SpiritBrand":0,"ClockworkSouvenir":49}]},"card_choices":[{"not_picked":["hexamod:CatchUp","hexamod:InspiringFlames"],"picked":"hexamod:GhostOfSpirePresent","floor":1.0},{"not_picked":["hexamod:FastForward","hexamod:AdvancingGuard"],"picked":"hexamod:ThermalTransfer","floor":3.0},{"not_picked":["hexamod:RainOfEmbers","hexamod:RadiantFlame"],"picked":"hexamod:CatchUp","floor":5.0},{"not_picked":["hexamod:SwordOfDarkness","hexamod:GhostShield","hexamod:ShieldOfDarkness"],"picked":"SKIP","floor":7.0},{"not_picked":["hexamod:Firestarter","hexamod:WildfireWeapon","hexamod:ShieldOfDarkness"],"picked":"SKIP","floor":11.0},{"not_picked":["hexamod:ShieldOfDarkness","hexamod:BurningTouch"],"picked":"hexamod:HeatCrush","floor":14.0},{"not_picked":["hexamod:UnlimitedPower","hexamod:TurnItUp"],"picked":"hexamod:SearingWound","floor":16.0},{"not_picked":["hexamod:FourthSeal","hexamod:NightmareStrike"],"picked":"hexamod:GhostOfSpireFuture+1","floor":18},{"not_picked":["hexamod:HauntingEcho","hexamod:RadiantFlame"],"picked":"hexamod:Again","floor":19},{"not_picked":["hexamod:InspiringFlames","hexamod:TimeWarp"],"picked":"hexamod:BurningTouch+1","floor":22},{"not_picked":["hexamod:BacktrackSmack","hexamod:SuperheatedStrike"],"picked":"hexamod:HauntingEcho+1","floor":24},{"not_picked":["hexamod:RecurringNightmare+1","hexamod:GhostOfSpirePast"],"picked":"hexamod:HeatMetal+1","floor":29}],"player_experience":737391,"relics_obtained":[{"floor":4.0,"key":"Tiny Chest"},{"floor":7.0,"key":"hexamod:InflammatoryLetter"},{"floor":25,"key":"Shuriken"},{"floor":26,"key":"Ancient Tea Set"}],"event_choices":[{"damage_healed":0.0,"max_hp_gain":0.0,"max_hp_loss":0.0,"gold_gain":0.0,"event_name":"WeMeetAgain","player_choice":"Gave Potion","floor":13.0,"gold_loss":0.0,"damage_taken":0.0,"relics_obtained":["PreservedInsect"]},{"damage_healed":0,"gold_gain":0,"player_choice":"Upgraded","damage_taken":0,"max_hp_gain":0,"max_hp_loss":0,"event_name":"Upgrade Shrine","floor":20,"gold_loss":0,"cards_upgraded":["hexamod:Again"]},{"damage_healed":0,"gold_gain":0,"player_choice":"Ignored","damage_taken":0,"max_hp_gain":0,"max_hp_loss":0,"event_name":"betterNote:BetterNote","floor":21,"gold_loss":0,"cards_obtained":["Regret"]}],"is_beta":false,"boss_relics":[{"not_picked":["Busted Crown","Fusion Hammer"],"picked":"Empty Cage"}],"items_purged_floors":[12],"is_endless":false,"potions_floor_spawned":[1,16,18,22,29],"killed_by":"Snecko","ascension_level":0}}