{"host":"x0ovlu53kkkog8rv","time":1607868191,"event":{"mods":["BaseMod","Colored Map","Minty Spire (QoL Compilation)","Quick Restart","SuperFastMode"],"gold_per_floor":[114,43,43,43,59,86,99,118,144,144,154,168,168,16,16,16,16],"floor_reached":16,"playtime":470,"items_purged":["Defend_P"],"score":140,"play_id":"cc354361-c1f6-4e27-8208-dbbcbd00eaf7","local_time":"20201213230311","is_ascension_mode":true,"campfire_choices":[{"floor":13,"key":"REST"},{"floor":15,"key":"REST"}],"circlet_count":0,"master_deck":["Strike_P","Strike_P","Strike_P","Defend_P","Defend_P","Defend_P","Eruption","Vigilance","Adaptation","MentalFortress"],"relics":["PureWater","NeowsBlessing","Oddly Smooth Stone","Toy Ornithopter","Bag of Preparation","Nunchaku"],"acts_visited":["Exordium"],"potions_floor_usage":[11,16,16],"damage_taken":[{"damage":0,"enemies":"2 Louse","floor":1,"turns":2},{"damage":0,"enemies":"Jaw Worm","floor":5,"turns":1},{"damage":0,"enemies":"Lagavulin","floor":6,"turns":1},{"damage":7,"enemies":"Cultist","floor":7,"turns":4},{"damage":21,"enemies":"Exordium Thugs","floor":8,"turns":7},{"damage":3,"enemies":"Exordium Wildlife","floor":11,"turns":4},{"damage":13,"enemies":"3 Louse","floor":12,"turns":4},{"damage":81,"enemies":"Slime Boss","floor":16,"turns":8}],"seed_played":"-947134831076575665","potions_obtained":[{"floor":1,"key":"LiquidBronze"},{"floor":11,"key":"Swift Potion"},{"floor":12,"key":"StancePotion"}],"is_trial":false,"path_per_floor":["M","$","?","?","M","E","M","M","T","T","M","M","R","$","R","B"],"character_chosen":"WATCHER","items_purchased":["Adaptation","MentalFortress"],"campfire_rested":2,"item_purchase_floors":[2,14],"current_hp_per_floor":[72,72,65,65,65,65,58,37,37,37,39,26,47,47,68,0,0],"gold":16,"neow_bonus":"THREE_ENEMY_KILL","is_daily":false,"chose_seed":false,"campfire_upgraded":0,"win_rate":0.0,"timestamp":1607868191,"path_taken":["M","$","?","?","M","E","M","?","T","?","M","M","R","?","R","BOSS"],"items_purchased_type":["Card","Card"],"build_version":"2020-11-30","purchased_purges":1,"victory":false,"max_hp_per_floor":[72,72,72,72,72,72,72,72,72,72,72,72,72,72,72,72,72],"card_choices":[{"not_picked":["Study","Prostrate","FollowUp"],"picked":"SKIP","floor":1},{"not_picked":["LikeWater","Pray","CrushJoints"],"picked":"SKIP","floor":5},{"not_picked":["ThirdEye","Evaluate","FlurryOfBlows"],"picked":"SKIP","floor":6},{"not_picked":["CrushJoints","FlurryOfBlows","Prostrate"],"picked":"SKIP","floor":7},{"not_picked":["Evaluate","DevaForm","FlurryOfBlows"],"picked":"SKIP","floor":8},{"not_picked":["Wireheading","JustLucky","Nirvana"],"picked":"SKIP","floor":11},{"not_picked":["FlurryOfBlows","Protect","Tantrum"],"picked":"SKIP","floor":12}],"player_experience":209672,"relics_obtained":[{"floor":6,"key":"Toy Ornithopter"},{"floor":9,"key":"Bag of Preparation"},{"floor":10,"key":"Nunchaku"}],"event_choices":[{"damage_healed":0,"gold_gain":0,"player_choice":"Success","damage_taken":7,"relics_obtained":["Oddly Smooth Stone"],"max_hp_gain":0,"max_hp_loss":0,"event_name":"Scrap Ooze","floor":3,"gold_loss":0},{"cards_removed":["Strike_P"],"damage_healed":0,"gold_gain":0,"player_choice":"Purged","damage_taken":0,"max_hp_gain":0,"max_hp_loss":0,"event_name":"Purifier","floor":4,"gold_loss":0}],"is_beta":false,"boss_relics":[],"items_purged_floors":[14],"is_endless":false,"potions_floor_spawned":[1,11,12],"killed_by":"Slime Boss","ascension_level":2}}