{"host":"reretk0dz0kj8f1n","time":1607826012,"event":{"mods":["BaseMod","Lobotomy","Minty Spire (QoL Compilation)","StSLib"],"gold_per_floor":[114,114,129,140,140,165,90,90,90,108,283,346,366,392,392,392,392],"floor_reached":16,"playtime":1172,"items_purged":["Defend_G"],"score":142,"play_id":"9a75f36d-ae4a-4bcb-893d-ae82a631b1cd","local_time":"20201213112012","is_ascension_mode":true,"campfire_choices":[{"data":"Tactician","floor":8,"key":"SMITH"},{"data":"Well Laid Plans","floor":15,"key":"SMITH"}],"circlet_count":0,"master_deck":["Strike_G","Strike_G","Strike_G","Strike_G","Defend_G","Defend_G","Defend_G","Defend_G","Survivor","Neutralize","Dagger Throw","Reflex","Tactician+1","Acrobatics","Doubt","Footwork","Well Laid Plans+1","Backstab"],"relics":["Ring of the Snake","CogitoBucket","RabbitCall","Torii","Mummified Hand","Snake Skull","AdjustmentMirror","White Beast Statue"],"acts_visited":["Exordium"],"potions_floor_usage":[12,12,12,14,16,16],"damage_taken":[{"damage":0,"enemies":"Small Slimes","floor":1,"turns":3},{"damage":8,"enemies":"Jaw Worm","floor":3,"turns":2},{"damage":1,"enemies":"Cultist","floor":4,"turns":3},{"damage":0,"enemies":"3 Sentries","floor":6,"turns":4},{"damage":1,"enemies":"3 Louse","floor":10,"turns":4},{"damage":33,"enemies":"3 Sentries","floor":12,"turns":12},{"damage":3,"enemies":"2 Fungi Beasts","floor":13,"turns":8},{"damage":1,"enemies":"Gremlin Nob","floor":14,"turns":4},{"damage":60,"enemies":"Hexaghost","floor":16,"turns":19}],"seed_played":"-1474796095306949988","potions_obtained":[{"floor":1,"key":"EntropicBrew"},{"floor":10,"key":"DuplicationPotion"},{"floor":13,"key":"PowerPotion"}],"is_trial":false,"path_per_floor":["M","?","M","M","?","E","$","R","T","M","?","?","M","E","R","B"],"character_chosen":"THE_SILENT","items_purchased":[],"campfire_rested":0,"item_purchase_floors":[],"current_hp_per_floor":[70,70,62,61,80,80,80,80,80,79,79,61,58,57,57,0,0],"gold":392,"neow_bonus":"","is_daily":false,"chose_seed":false,"campfire_upgraded":2,"win_rate":0.0,"timestamp":1607826012,"path_taken":["M","?","M","M","?","E","$","R","T","?","?","?","M","E","R","BOSS"],"items_purchased_type":[],"build_version":"2020-11-30","purchased_purges":1,"victory":false,"max_hp_per_floor":[70,70,70,70,80,80,80,80,80,80,80,80,80,80,80,80,80],"card_choices":[{"not_picked":["FieryBird","CherryBlossoms","UniverseFragment"],"picked":"Singing Bowl","floor":1},{"not_picked":["Backflip","Bane"],"picked":"Dagger Throw","floor":1},{"not_picked":["OSAHOGD","MHz","Bloodbath"],"picked":"Singing Bowl","floor":3},{"not_picked":["Cloak And Dagger","Outmaneuver","Predator"],"picked":"SKIP","floor":3},{"not_picked":["SpiderBud","WhitesApple","MeatLantern"],"picked":"Singing Bowl","floor":4},{"not_picked":["Acrobatics","Underhanded Strike"],"picked":"Reflex","floor":4},{"not_picked":["Freischutz","SilentOrchestra","Bloodbath"],"picked":"Singing Bowl","floor":6},{"not_picked":["PiercingWail","Dagger Throw"],"picked":"Tactician","floor":6},{"not_picked":["OldLady","FairyFestival","Freischutz"],"picked":"Singing Bowl","floor":10},{"not_picked":["Dodge and Roll","Poisoned Stab"],"picked":"Acrobatics","floor":10},{"not_picked":["MeatLantern","BeautyBeast","Wellcheers"],"picked":"Singing Bowl","floor":12},{"not_picked":["Dagger Spray","Deadly Poison"],"picked":"Footwork","floor":12},{"not_picked":["WallGazer","VoidDream","DespairKnight"],"picked":"Singing Bowl","floor":13},{"not_picked":["Bane","Cloak And Dagger"],"picked":"Well Laid Plans","floor":13},{"not_picked":["Murderer","BlackSwan","CrumblingArmor"],"picked":"Singing Bowl","floor":14},{"not_picked":["Flying Knee","Bullet Time"],"picked":"Backstab","floor":14}],"player_experience":202476,"relics_obtained":[{"floor":6,"key":"Torii"},{"floor":9,"key":"Mummified Hand"},{"floor":14,"key":"White Beast Statue"}],"event_choices":[{"damage_healed":0,"gold_gain":0,"cards_transformed":["Strike_G"],"player_choice":"Change","damage_taken":0,"max_hp_gain":0,"max_hp_loss":0,"event_name":"Living Wall","floor":2,"gold_loss":0,"cards_obtained":["Storm of Steel"]},{"cards_removed":["Storm of Steel"],"damage_healed":9,"gold_gain":0,"player_choice":"Offered Rare","damage_taken":0,"max_hp_gain":10,"max_hp_loss":0,"event_name":"Bonfire Elementals","floor":5,"gold_loss":0},{"damage_healed":0,"gold_gain":175,"player_choice":"AGREE","damage_taken":0,"max_hp_gain":0,"max_hp_loss":0,"event_name":"Liars Game","floor":11,"gold_loss":0,"cards_obtained":["Doubt"]},{"damage_healed":0,"gold_gain":0,"player_choice":"Searched \u00273\u0027 times","damage_taken":0,"relics_obtained":["Snake Skull"],"max_hp_gain":0,"max_hp_loss":0,"event_name":"Dead Adventurer","floor":12,"gold_loss":0}],"is_beta":false,"boss_relics":[],"items_purged_floors":[7],"is_endless":false,"potions_floor_spawned":[1,10,13],"killed_by":"Hexaghost","ascension_level":1}}