{"host":"046f94hp0svsg0ce","time":1607900783,"event":{"mods":["Act Like it!","Astrologer","BaseMod","Beaked The Cultist","Better Third Choice","Colored Map","Colored Powertips","Hermit","Highlight Path","Mad Scientist","Marisa????????","Minty Spire (QoL Compilation)","Quick Restart","Rare Cards Sparkle","Relic Stats","Remilia??????","Somnambulant","StSLib","The Clintock","The Construct","The Disciple","The Exalted","The Forsaken","The Hierophant","The Necromancer","The Runesmith","The Servant 0.9.4","The Valiant"],"gold_per_floor":[118,135,146,158,177,177,177,177],"floor_reached":7,"playtime":678,"items_purged":[],"score":45,"play_id":"07350fc2-b9c9-49e3-aaf1-068f4620f5e3","local_time":"20201214000623","is_ascension_mode":false,"campfire_choices":[],"circlet_count":0,"master_deck":["astrologer:Strike","astrologer:Strike","astrologer:Strike","astrologer:Strike","astrologer:Defend","astrologer:Defend","astrologer:Defend","astrologer:Defend","astrologer:NorthStar","astrologer:TheFool","astrologer:TheChariot","astrologer:TheStar","astrologer:MeteorShower","astrologer:TheHangedMan"],"relics":["astrologer:SkyMirror"],"acts_visited":["Exordium"],"potions_floor_usage":[4,7],"damage_taken":[{"damage":0,"enemies":"Small Slimes","floor":1,"turns":5},{"damage":0,"enemies":"Jaw Worm","floor":2,"turns":4},{"damage":0,"enemies":"2 Louse","floor":3,"turns":3},{"damage":22,"enemies":"Gremlin Gang","floor":4,"turns":5},{"damage":0,"enemies":"Lots of Slimes","floor":5,"turns":3},{"damage":57,"enemies":"Gremlin Nob","floor":7,"turns":5}],"seed_played":"-1743986466255129059","potions_obtained":[{"floor":1,"key":"Energy Potion"},{"floor":5,"key":"LiquidMemories"}],"is_trial":false,"path_per_floor":["M","M","M","M","M","?","E"],"character_chosen":"ASTROLOGER","items_purchased":[],"campfire_rested":0,"item_purchase_floors":[],"current_hp_per_floor":[70,70,70,48,48,48,0,0],"gold":177,"neow_bonus":"ONE_RANDOM_RARE_CARD","is_daily":false,"chose_seed":false,"campfire_upgraded":0,"win_rate":0.0,"timestamp":1607900783,"path_taken":["M","M","M","M","M","?","E"],"items_purchased_type":[],"build_version":"2020-11-30","purchased_purges":0,"victory":false,"max_hp_per_floor":[70,70,70,70,70,70,70,70],"relic_stats":{"counters":[6,25],"obtain_stats":[{"astrologer:SkyMirror":0},{"astrologer:SkyMirror":0},{"astrologer:SkyMirror":0}]},"card_choices":[{"not_picked":["astrologer:TheHierophant","astrologer:SpaceDust"],"picked":"astrologer:TheStar","floor":1},{"not_picked":["astrologer:TheTower","astrologer:ReadTheStars"],"picked":"astrologer:MeteorShower","floor":2},{"not_picked":["astrologer:Opposition","astrologer:Moonlight"],"picked":"astrologer:TheHangedMan","floor":3},{"not_picked":["astrologer:Conjunction","astrologer:ReadTheStars","astrologer:Eclipse"],"picked":"SKIP","floor":4},{"not_picked":["astrologer:Shine","astrologer:Judgement","astrologer:Moonlight"],"picked":"SKIP","floor":5}],"player_experience":1598129,"relics_obtained":[],"event_choices":[],"is_beta":false,"boss_relics":[],"items_purged_floors":[],"is_endless":false,"potions_floor_spawned":[1,5],"killed_by":"Gremlin Nob","ascension_level":0}}