{"host":"llpusn9usp8rznkj","time":1607883435,"event":{"mods":["2.2 Compatiblity","BaseMod","Colored Map","Colored Powertips","Conspire","Downfall","Hubris","Minty Spire (QoL Compilation)","Rare Cards Sparkle","Replay The Spire","StSLib","The Cursed"],"gold_per_floor":[117,67,87,87,106,31,65,65,119,167,138,138,261,261],"floor_reached":13,"playtime":310,"items_purged":["Regret"],"score":186,"play_id":"1297ff8b-f1f9-4729-a8c0-02dc1d532281","local_time":"20201213131715","is_ascension_mode":true,"campfire_choices":[{"data":"Bash","floor":8.0,"key":"SMITH"}],"circlet_count":0,"master_deck":["AscendersBane","Strike_R","Strike_R","Strike_R","Strike_R","Strike_R","Defend_R","Defend_R","Defend_R","Defend_R","Bash+1","Thunderclap","conspire:SpireCoStock","Pommel Strike","Spot Weakness","Warcry","Iron Wave"],"relics":["Burning Blood","NeowsBlessing","Tiny Chest","Strawberry","Juzu Bracelet","hubris:Icosahedron"],"acts_visited":["Exordium"],"potions_floor_usage":[13],"damage_taken":[{"damage":0.0,"enemies":"2 Louse","floor":1.0,"turns":2.0},{"damage":0.0,"enemies":"Jaw Worm","floor":3.0,"turns":1.0},{"damage":0.0,"enemies":"Cultist","floor":5.0,"turns":1.0},{"damage":32.0,"enemies":"Gremlin Nob","floor":7.0,"turns":4.0},{"damage":45.0,"enemies":"3 Sentries","floor":10.0,"turns":8.0},{"damage":16,"enemies":"Exordium Thugs","floor":11,"turns":4},{"damage":8,"enemies":"Gremlin Nob","floor":13,"turns":2}],"seed_played":"7379535335009963787","potions_obtained":[{"floor":1.0,"key":"Swift Potion"},{"floor":3.0,"key":"SteroidPotion"},{"floor":11,"key":"Reflective Coating"}],"is_trial":false,"path_per_floor":["M","?","M","?","M","$","E","R","T","E","M","?","E"],"character_chosen":"IRONCLAD","items_purchased":[],"campfire_rested":0,"item_purchase_floors":[],"current_hp_per_floor":[74,74,75,75,75,75,56,56,56,17,7,7,0,0],"gold":261,"neow_bonus":"THREE_ENEMY_KILL","is_daily":false,"chose_seed":false,"campfire_upgraded":1,"win_rate":0.0,"timestamp":1607883435,"path_taken":["M","?","M","?","M","$","E","R","T","E","M","?","E"],"items_purchased_type":[],"build_version":"2020-11-30","purchased_purges":1,"victory":false,"max_hp_per_floor":[75,75,75,75,75,75,82,82,82,82,82,82,82,82],"card_choices":[{"not_picked":["Reckless Charge","Cleave"],"picked":"Thunderclap","floor":1.0},{"not_picked":["Shrug It Off","ReplayTheSpireMod:LeadingStrike","Combust"],"picked":"SKIP","floor":3.0},{"not_picked":["Shrug It Off","Anger"],"picked":"Pommel Strike","floor":5.0},{"not_picked":["Exhume","Body Slam"],"picked":"Spot Weakness","floor":7.0},{"not_picked":["Run Through","Bloodletting"],"picked":"Warcry","floor":10},{"not_picked":["Twin Strike","Heavy Blade"],"picked":"Iron Wave","floor":11}],"player_experience":959643,"relics_obtained":[{"floor":7.0,"key":"Strawberry"},{"floor":9.0,"key":"Juzu Bracelet"}],"event_choices":[{"damage_healed":0.0,"max_hp_gain":0.0,"max_hp_loss":0.0,"gold_gain":0.0,"event_name":"conspire:Investor","player_choice":"Invest 1","floor":2.0,"gold_loss":0.0,"damage_taken":0.0},{"damage_healed":0.0,"max_hp_gain":0.0,"max_hp_loss":0.0,"gold_gain":0.0,"event_name":"Big Fish","player_choice":"Box","floor":4.0,"gold_loss":0.0,"damage_taken":0.0,"relics_obtained":["Tiny Chest"],"cards_obtained":["Regret"]}],"is_beta":false,"boss_relics":[],"items_purged_floors":[6],"is_endless":false,"potions_floor_spawned":[1,3,11],"killed_by":"Gremlin Nob","ascension_level":20}}