{"host":"2ccem01eblg14btk","time":1607896264,"event":{"mods":["BaseMod","Colored Map","Downfall","Minty Spire (QoL Compilation)","Quick Restart","StSLib"],"gold_per_floor":[99,114,114,114,43,62,133,167,27,27,43,43,59,78,91,91,91],"floor_reached":16,"playtime":561,"items_purged":[],"score":102,"play_id":"a6785726-2e45-446c-aa93-201eeff92013","local_time":"20201213225104","is_ascension_mode":false,"campfire_choices":[{"data":"champ:Execute","floor":1,"key":"SMITH"},{"data":"champ:GladiatorStyle","floor":10,"key":"SMITH"}],"circlet_count":0,"master_deck":["champ:Strike","champ:Strike","champ:Strike","champ:Strike","champ:Defend","champ:Defend","champ:Defend","champ:Defend","champ:Execute+1","champ:Taunt","champ:Balance","Regret","champ:ArenaPreparation","champ:GladiatorStyle+1","champ:StanceDance","champ:CalledShot","champ:FocusedGladiator","champ:GladiatorStyle+1","expansioncontent:ChargeUp","champ:FanOfKnives","champ:ViciousMockery","champ:FanOfKnives"],"relics":["Coffee Dripper","Lizard Tail","The Courier","Question Card","HornCleat"],"acts_visited":["Exordium"],"potions_floor_usage":[16],"damage_taken":[{"damage":0,"enemies":"2 Louse","floor":2,"turns":2},{"damage":23,"enemies":"downfall:FleeingMerchant","floor":5,"turns":4},{"damage":18,"enemies":"Small Slimes","floor":6,"turns":3},{"damage":26,"enemies":"Gremlin Nob","floor":8,"turns":3},{"damage":16,"enemies":"downfall:FleeingMerchant","floor":9,"turns":4},{"damage":8,"enemies":"Jaw Worm","floor":11,"turns":3},{"damage":11,"enemies":"Exordium Thugs","floor":13,"turns":4},{"damage":23,"enemies":"Blue Slaver","floor":14,"turns":3},{"damage":12,"enemies":"2 Fungi Beasts","floor":15,"turns":3},{"damage":35,"enemies":"downfall:Defect","floor":16,"turns":5}],"seed_played":"-2855931908582819797","potions_obtained":[{"floor":2,"key":"champ:OpenerPotion"},{"floor":6,"key":"champ:CounterPotion"},{"floor":11,"key":"PowerPotion"}],"is_trial":false,"path_per_floor":["R","M","?","?","$","M","T","E","$","R","M","?","M","M","M","B"],"character_chosen":"THE_CHAMP","items_purchased":["champ:GladiatorStyle","champ:GladiatorStyle","expansioncontent:ChargeUp"],"campfire_rested":0,"item_purchase_floors":[5,9,9],"current_hp_per_floor":[90,90,90,83,70,62,62,41,35,35,32,32,26,13,6,39,39],"gold":91,"neow_bonus":"BOSS_RELIC","is_daily":false,"chose_seed":false,"campfire_upgraded":2,"win_rate":0.0,"timestamp":1607896264,"path_taken":["R","M","?","?","?","M","T","E","$","R","M","?","?","M","M","BOSS"],"items_purchased_type":["Card","Card","Card"],"build_version":"2020-11-30","purchased_purges":0,"victory":false,"max_hp_per_floor":[90,90,90,90,90,90,90,90,90,90,90,90,90,90,90,90,90],"card_choices":[{"not_picked":["champ:BringItOn","champ:BladeFlurry"],"picked":"champ:Balance","floor":2},{"not_picked":["champ:BerserkersShout","champ:GutPunch"],"picked":"champ:ArenaPreparation","floor":5},{"not_picked":["champ:TornadoPunch","champ:Haymaker"],"picked":"champ:StanceDance","floor":6},{"not_picked":["champ:Haymaker","champ:BerserkersShout","champ:RapidStrikes"],"picked":"champ:CalledShot","floor":8},{"not_picked":["champ:Encircle","champ:HeavySlash","champ:Backstep"],"picked":"champ:FocusedGladiator","floor":9},{"not_picked":["champ:Encircle","champ:RecklessLeap","champ:AdrenalArmor"],"picked":"champ:FanOfKnives","floor":11},{"not_picked":["champ:DeathBlow","champ:RapidStrikes","champ:FalseCounter"],"picked":"champ:ViciousMockery","floor":13},{"not_picked":["champ:AdrenalArmor","champ:CalledShot","champ:FightOn","champ:FalseCounter"],"picked":"SKIP","floor":14},{"not_picked":["champ:BladeFlurry","champ:FlashCut","champ:RapidStrikes"],"picked":"champ:FanOfKnives","floor":15}],"player_experience":119355,"relics_obtained":[{"floor":7,"key":"Question Card"},{"floor":8,"key":"HornCleat"}],"event_choices":[{"damage_healed":0,"gold_gain":0,"player_choice":"Box","damage_taken":0,"relics_obtained":["Lizard Tail"],"max_hp_gain":0,"max_hp_loss":0,"event_name":"Big Fish","floor":3,"gold_loss":0,"cards_obtained":["Regret"]},{"damage_healed":0,"gold_gain":0,"player_choice":"Success","damage_taken":7,"relics_obtained":["The Courier"],"max_hp_gain":0,"max_hp_loss":0,"event_name":"Scrap Ooze","floor":4,"gold_loss":0},{"damage_healed":0,"gold_gain":0,"player_choice":"Upgraded","damage_taken":0,"max_hp_gain":0,"max_hp_loss":0,"event_name":"Upgrade Shrine","floor":12,"gold_loss":0,"cards_upgraded":["champ:GladiatorStyle"]}],"is_beta":false,"boss_relics":[],"items_purged_floors":[],"is_endless":false,"potions_floor_spawned":[2,6,11,14,15],"killed_by":"downfall:Defect","ascension_level":0}}