{"host":"aq972z5q0kt9xhjm","time":1607903509,"event":{"mods":["AchievementEnabler","BaseMod","Colored Map","Colored Powertips","Highlight Path","Minty Spire (QoL Compilation)","Quick Restart","Relic Sorter"],"gold_per_floor":[364,375,375,385,398,433,433,468,494,520,329,329,345,357,357,461,461,473,164,193,193,209,241,241,241,241,276,288,16,45,45,45],"floor_reached":31,"playtime":3400,"items_purged":["Strike_G","Defend_G","Defend_G"],"score":385,"play_id":"5c54aa66-ecaa-45c5-9a76-1d0141443c04","local_time":"20201213185149","is_ascension_mode":true,"campfire_choices":[{"data":"Neutralize","floor":7.0,"key":"SMITH"},{"floor":15.0,"key":"REST"},{"data":"Noxious Fumes","floor":24,"key":"SMITH"}],"circlet_count":0,"master_deck":["Defend_G","Defend_G","Defend_G","Survivor","Neutralize+1","Backstab","Noxious Fumes+1","Cloak And Dagger","PiercingWail","Quick Slash","Caltrops","Footwork","Glass Knife","Catalyst","Venomology","Caltrops","Backflip","Blur","All Out Attack","Bite","Bite","Bite","Bite","Bite","Infinite Blades","Bouncing Flask+1"],"relics":["Ring of the Serpent","Eternal Feather","Omamori","Oddly Smooth Stone","Ancient Tea Set","Shuriken","Red Mask","FossilizedHelix","Juzu Bracelet","Bottled Tornado","ClockworkSouvenir","Pen Nib"],"acts_visited":["Exordium","TheCity"],"potions_floor_usage":[23,23,27,28,28,31],"damage_taken":[{"damage":1.0,"enemies":"Jaw Worm","floor":1.0,"turns":5.0},{"damage":0.0,"enemies":"2 Louse","floor":2.0,"turns":2.0},{"damage":0.0,"enemies":"Small Slimes","floor":4.0,"turns":4.0},{"damage":0.0,"enemies":"Blue Slaver","floor":5.0,"turns":6.0},{"damage":12.0,"enemies":"Lagavulin","floor":6.0,"turns":6.0},{"damage":9.0,"enemies":"3 Sentries","floor":8.0,"turns":9.0},{"damage":14.0,"enemies":"Lagavulin","floor":10.0,"turns":12.0},{"damage":3.0,"enemies":"Looter","floor":13.0,"turns":3.0},{"damage":2.0,"enemies":"3 Louse","floor":14.0,"turns":3.0},{"damage":4.0,"enemies":"The Guardian","floor":16.0,"turns":12.0},{"damage":2.0,"enemies":"Shell Parasite","floor":18.0,"turns":7.0},{"damage":29.0,"enemies":"Masked Bandits","floor":20.0,"turns":4.0},{"damage":10.0,"enemies":"Chosen","floor":22.0,"turns":5.0},{"damage":12,"enemies":"Book of Stabbing","floor":23,"turns":7},{"damage":31,"enemies":"Gremlin Leader","floor":27,"turns":9},{"damage":8,"enemies":"Sentry and Sphere","floor":28,"turns":7},{"damage":26,"enemies":"Slavers","floor":30,"turns":5},{"damage":17,"enemies":"3 Cultists","floor":31,"turns":3}],"seed_played":"6907428815336419430","potions_obtained":[{"floor":1.0,"key":"Poison Potion"},{"floor":2.0,"key":"DistilledChaos"},{"floor":8.0,"key":"LiquidBronze"},{"floor":10.0,"key":"Block Potion"},{"floor":18.0,"key":"Explosive Potion"},{"floor":22,"key":"CunningPotion"}],"is_trial":false,"path_per_floor":["M","M","?","M","M","E","R","E","T","E","$","?","M","M","R","B",null,"M","$","?","?","M","E","R","?","T","E","M","$","E","M"],"character_chosen":"THE_SILENT","items_purchased":["Footwork","Regen Potion","Caltrops","Backflip","Blur","ClockworkSouvenir"],"campfire_rested":1,"item_purchase_floors":[11,11,19,19,19,29],"current_hp_per_floor":[62,62,55,55,55,43,52,43,43,29,29,29,26,24,51,47,63,61,61,32,32,32,30,44,38,38,24,34,34,12,0,0],"gold":45,"neow_bonus":"TWO_FIFTY_GOLD","is_daily":false,"chose_seed":false,"campfire_upgraded":2,"win_rate":0.0,"timestamp":1607903509,"path_taken":["M","M","?","M","M","E","R","E","T","E","$","?","M","M","R","BOSS","M","$","?","?","M","E","R","?","T","E","M","$","E","M"],"items_purchased_type":["Card","Potion","Card","Card","Card","Relic"],"build_version":"2020-12-13","purchased_purges":3,"victory":false,"max_hp_per_floor":[63,63,63,63,63,63,63,63,63,63,63,63,63,63,63,63,63,63,63,63,44,44,44,44,49,49,49,49,49,49,49,49],"card_choices":[{"not_picked":["Concentrate","Slice"],"picked":"Backstab","floor":1.0},{"not_picked":["Flying Knee","Escape Plan"],"picked":"Noxious Fumes","floor":2.0},{"not_picked":["Well Laid Plans","Prepared"],"picked":"Cloak And Dagger","floor":4.0},{"not_picked":["Cloak And Dagger","Acrobatics"],"picked":"PiercingWail","floor":5.0},{"not_picked":["Terror","Slice","Underhanded Strike"],"picked":"SKIP","floor":6.0},{"not_picked":["Dagger Spray","Acrobatics"],"picked":"Quick Slash","floor":8.0},{"not_picked":["Dodge and Roll","Sucker Punch"],"picked":"Caltrops","floor":10.0},{"not_picked":["Leg Sweep","Underhanded Strike"],"picked":"Glass Knife","floor":13.0},{"not_picked":["Expertise","PiercingWail"],"picked":"Catalyst","floor":14.0},{"not_picked":["Phantasmal Killer","Tools of the Trade"],"picked":"Venomology","floor":16.0},{"not_picked":["PiercingWail","Outmaneuver","Eviscerate"],"picked":"SKIP","floor":18.0},{"not_picked":["Dagger Throw","Escape Plan+1"],"picked":"All Out Attack","floor":20.0},{"not_picked":["Finisher","Flying Knee","PiercingWail+1"],"picked":"SKIP","floor":22},{"not_picked":["Terror+1","Sucker Punch+1","Dagger Spray"],"picked":"SKIP","floor":23},{"not_picked":["Outmaneuver","Dodge and Roll","Endless Agony"],"picked":"SKIP","floor":27},{"not_picked":["Heel Hook","Outmaneuver"],"picked":"Infinite Blades","floor":28},{"not_picked":["Choke","Escape Plan+1"],"picked":"Bouncing Flask+1","floor":30}],"player_experience":352280,"relics_obtained":[{"floor":6.0,"key":"Eternal Feather"},{"floor":8.0,"key":"Omamori"},{"floor":9.0,"key":"Oddly Smooth Stone"},{"floor":10.0,"key":"Ancient Tea Set"},{"floor":20.0,"key":"Red Mask"},{"floor":23,"key":"FossilizedHelix"},{"floor":26,"key":"Juzu Bracelet"},{"floor":27,"key":"Bottled Tornado"},{"floor":30,"key":"Pen Nib"}],"event_choices":[{"cards_removed":["Strike_G"],"damage_healed":0.0,"max_hp_gain":0.0,"max_hp_loss":0.0,"gold_gain":0.0,"event_name":"Golden Wing","player_choice":"Card Removal","floor":3.0,"gold_loss":0.0,"damage_taken":7.0},{"damage_healed":0.0,"max_hp_gain":0.0,"max_hp_loss":0.0,"gold_gain":0.0,"event_name":"Big Fish","player_choice":"Box","floor":12.0,"gold_loss":0.0,"damage_taken":0.0,"relics_obtained":["Shuriken"],"cards_obtained":["Regret"]},{"damage_healed":0.0,"max_hp_gain":0.0,"max_hp_loss":0.0,"gold_gain":0.0,"event_name":"Masked Bandits","player_choice":"Fought Bandits","floor":20.0,"gold_loss":0.0,"damage_taken":0.0},{"damage_healed":0.0,"max_hp_gain":0.0,"max_hp_loss":19.0,"gold_gain":0.0,"event_name":"Vampires","player_choice":"Became a vampire","floor":21.0,"gold_loss":0.0,"damage_taken":0.0,"cards_obtained":["Bite","Bite","Bite","Bite","Bite"]},{"damage_healed":0,"gold_gain":0,"player_choice":"Shed Blood","damage_taken":11,"max_hp_gain":5,"max_hp_loss":0,"event_name":"Forgotten Altar","floor":25,"gold_loss":0}],"is_beta":false,"boss_relics":[{"not_picked":["Coffee Dripper","WristBlade"],"picked":"Ring of the Serpent"}],"items_purged_floors":[11,19,29],"is_endless":false,"potions_floor_spawned":[1,2,8,10,18,22],"killed_by":"3 Cultists","ascension_level":3}}