{"host":"ry21r4wo281ufca3","time":1607869857,"event":{"mods":["BaseMod","Decade(王小明)","Dota2Spire","Downfall-Rebalance","Lobotomy","LobotomyExtend","Luminous","Marisa（F雨　魔理沙）","Minty Spire (QoL Compilation)","Relic Stats","Replay The Spire","Spicy Shops","StSLib","The Bug Knight","The Gatherer","The Hierophant","【东方二次创作】八云紫mod","【遗物卡牌】REMEMod"],"gold_per_floor":[144,144,244,304,340,340,415,415,465,495,79,121,121,121],"floor_reached":13,"playtime":537,"items_purged":[],"score":114,"play_id":"9e1d640f-1ccb-4e74-b88c-4433e2fe1547","local_time":"20201213223057","daily_mods":["Cursed Run","downfall:Jewelcrafting","Midas"],"is_ascension_mode":true,"campfire_choices":[],"circlet_count":0,"master_deck":["Demon Form","Wraith Form v2","Echo Form","DevaForm","Gatherer:BomberForm","hexamod:ParanormalForm","sneckomod:SerpentMind","Guardian:ConstructionForm","Slimebound:DuplicatedForm","Slimebound:Strike_Slimebound","Slimebound:Strike_Slimebound","Slimebound:Strike_Slimebound","Slimebound:Tackle","Slimebound:Defend_Slimebound","Slimebound:Defend_Slimebound","Slimebound:Defend_Slimebound","Slimebound:Defend_Slimebound","Slimebound:Split","Slimebound:CorrosiveSpit","Guardian:ExploitGems","Guardian:ExploitGems","sneckomod:UnknownCommonAttack","sneckomod:UnknownCommonAttack","sneckomod:UnknownCommonAttack","sneckomod:UnknownCommonSkill","sneckomod:UnknownCommonSkill","sneckomod:UnknownCommonSkill","sneckomod:UnknownUncommonAttack","sneckomod:UnknownUncommonSkill","sneckomod:UnknownUncommonPower","sneckomod:Unknown","Guardian:GemFinder","Slimebound:GoopSpray","Slimebound:FirmFortitude","Slimebound:MegaLick","Guardian:Gem_Synthetic","Guardian:Gem_Fragmented","Guardian:Gem_Green","Slimebound:ViciousTackle","Amnesia","Slimebound:RollThrough","Slimebound:OozeBath","Guardian:Gem_Red","Slimebound:FinishingTackle+1"],"relics":["Guardian:PickAxe","NeowsBlessing","Ring of Chaos","LetterFromLob","Ring of Chaos","Replay:Wanted Poster","Boot","Ancient Tea Set","Molten Egg 2"],"acts_visited":["Exordium"],"potions_floor_usage":[13],"damage_taken":[{"damage":8,"enemies":"2 Louse","floor":1,"turns":2},{"damage":2,"enemies":"Small Slimes","floor":4,"turns":2},{"damage":15,"enemies":"Jaw Worm","floor":5,"turns":2},{"damage":38,"enemies":"3 Sentries","floor":7,"turns":6},{"damage":21,"enemies":"Large Slime","floor":10,"turns":2},{"damage":30,"enemies":"Looter","floor":12,"turns":4},{"damage":31,"enemies":"Gremlin Nob","floor":13,"turns":3}],"seed_played":"4706590846875786443","potions_obtained":[{"floor":7,"key":"Explosive Potion"}],"is_trial":true,"path_per_floor":["M","WH","WH","M","M","R","E","?","T","M","$","M","E"],"character_chosen":"SLIMEBOUND","items_purchased":["Slimebound:OozeBath","Molten Egg 2"],"campfire_rested":0,"item_purchase_floors":[11,11],"current_hp_per_floor":[52,52,52,50,39,39,3,60,60,39,39,9,0,0],"gold":121,"neow_bonus":"BOSS_RELIC","is_daily":false,"chose_seed":false,"campfire_upgraded":0,"win_rate":0.0,"timestamp":1607869857,"path_taken":["M","WH","WH","M","M","R","E","?","T","M","$","M","E"],"items_purchased_type":["Card","Relic"],"build_version":"2020-11-30","purchased_purges":0,"victory":false,"max_hp_per_floor":[60,60,60,60,60,60,60,60,60,60,60,60,60,60],"relic_stats":{"counters":[7,21],"Boot":[2],"obtain_stats":[{"Guardian:PickAxe":0,"Replay:Wanted Poster":3,"NeowsBlessing":0,"Snecko Eye":0,"Molten Egg 2":11,"Ring of Chaos":0,"LetterFromLob":1,"Boot":7,"Ancient Tea Set":9,"REME_ComplimentaryCards":0},{"Guardian:PickAxe":0,"Replay:Wanted Poster":1,"NeowsBlessing":0,"Snecko Eye":0,"Molten Egg 2":5,"Ring of Chaos":0,"LetterFromLob":1,"Boot":4,"Ancient Tea Set":4,"REME_ComplimentaryCards":0},{"Guardian:PickAxe":0,"Replay:Wanted Poster":2,"NeowsBlessing":0,"Snecko Eye":0,"Molten Egg 2":14,"Ring of Chaos":0,"LetterFromLob":2,"Boot":12,"Ancient Tea Set":12,"REME_ComplimentaryCards":0}]},"card_choices":[{"not_picked":["Slimebound:PressTheAttack","Slimebound:LeechingTouch"],"picked":"Slimebound:GoopSpray","floor":1},{"not_picked":["Guardian:Gem_Fragmented","Guardian:Gem_Green"],"picked":"Guardian:Gem_Cyan","floor":4},{"not_picked":["Slimebound:FinishingTackle","Slimebound:SlimeSpikes"],"picked":"Slimebound:FirmFortitude","floor":4},{"not_picked":["Slimebound:Replication","Slimebound:FlameTackle"],"picked":"Slimebound:MegaLick","floor":5},{"not_picked":["Guardian:Gem_Cyan","Guardian:Gem_Fragmented"],"picked":"Guardian:Gem_Green","floor":7},{"not_picked":["Slimebound:LivingWall","Slimebound:ForwardTackle"],"picked":"Slimebound:ViciousTackle","floor":7},{"not_picked":["Slimebound:Schlurp","Slimebound:SplitMire"],"picked":"Slimebound:RollThrough","floor":10},{"not_picked":["Guardian:Gem_Fragmented","Guardian:Gem_Cyan"],"picked":"Guardian:Gem_Red","floor":12},{"not_picked":["Slimebound:SplitBruiser","Slimebound:SlimeBrawl"],"picked":"Slimebound:FinishingTackle+1","floor":12}],"player_experience":113069,"relics_obtained":[{"floor":1,"key":"LetterFromLob"},{"floor":7,"key":"Boot"},{"floor":9,"key":"Ancient Tea Set"}],"event_choices":[],"is_beta":false,"boss_relics":[],"items_purged_floors":[],"is_endless":false,"potions_floor_spawned":[7],"killed_by":"Gremlin Nob","ascension_level":1}}