{"host":"rtq35k3rt1qs984b","time":1607886935,"event":{"mods":["2.2 Compatiblity","AchievementEnabler","Act Like it!","Aspiration","BaseMod","Better Note","BetterRewards","Card Forge","Colored Map","Colored Powertips","Conspire","Downfall","Friendly Minions","Gensokyo","GifTheSpireLib","Grow up Mod","Halation","Hallownest","Highlight Path","Hubris","Infinite Spire","Minty Spire (QoL Compilation)","Permanent Neow","Rare Cards Sparkle","Replay The Spire","Shop Mod","StSLib","Steal the Spire","Stuff the Spire","SuperFastMode"],"gold_per_floor":[111,11,11,11,11,11,41,60,60,76,111,75,75,95,95,192,192,202,202,202],"floor_reached":19,"playtime":500,"items_purged":[],"score":256,"play_id":"cc23d15e-eb22-4faa-8820-258f4e909445","local_time":"20201213191535","is_ascension_mode":true,"campfire_choices":[{"data":"Flex","floor":6,"key":"SMITH"}],"circlet_count":0,"master_deck":["Strike_R","Strike_R","Defend_R","Defend_R","Defend_R","Defend_R","hubris:Defend_Merchant","Replay:GuardianBash","Juggernaut","Flex+1","StuffTheSpire:CuriosityCurse","Offering","Thunderclap","Evolve","Rampage+1","Hemogenesis","Feed"],"relics":["Burning Blood","Hammer of Thor","Seething Fire","Anvil of the Gods","Pantograph","Mercury Hourglass","Happy Flower","Tiny Chest","infinitespire:WardingShard","aspiration:HatOfInfinitePower","hubris:Towel","Replay:Drink Me"],"acts_visited":["Exordium","TheCity"],"potions_floor_usage":[16,16,16],"damage_taken":[{"damage":13,"enemies":"Gensokyo:2_Kodama","floor":1,"turns":3},{"damage":36,"enemies":"Gensokyo:Cirno","floor":7,"turns":6},{"damage":2,"enemies":"Gensokyo:Python","floor":8,"turns":4},{"damage":16,"enemies":"Gensokyo:Gryphon","floor":10,"turns":3},{"damage":26,"enemies":"Gensokyo:Mamizou","floor":11,"turns":7},{"damage":6,"enemies":"Gensokyo:LivingMonolith","floor":14,"turns":2},{"damage":157,"enemies":"Gensokyo:Reimu","floor":16,"turns":10},{"damage":46,"enemies":"2 Thieves","floor":18,"turns":4},{"damage":0,"enemies":"Spheric Guardian","floor":19,"turns":1}],"seed_played":"2315413217684924580","potions_obtained":[{"floor":1,"key":"Ancient Potion"},{"floor":8,"key":"Guardian:BlockOnCardUsePotion"},{"floor":11,"key":"Reflective Coating"},{"floor":16,"key":"SkillPotion"}],"is_trial":false,"path_per_floor":["M","?","?","?","?","R","E","M","T","M","E","$","?","M","R_BF","B",null,"M","M"],"character_chosen":"IRONCLAD","items_purchased":["Rampage"],"campfire_rested":0,"item_purchase_floors":[12],"current_hp_per_floor":[93,103,113,123,133,143,123,137,147,147,137,147,157,167,240,106,198,171,171,171],"gold":202,"neow_bonus":"THREE_RARE_CARDS","is_daily":false,"chose_seed":false,"campfire_upgraded":1,"win_rate":0.0,"timestamp":1607886935,"path_taken":["M","?","?","?","?","R","E","M","T","M","E","?","?","M","R_BF","BOSS","M","M"],"items_purchased_type":["Card"],"build_version":"2020-11-30","purchased_purges":0,"victory":false,"max_hp_per_floor":[100,110,120,130,140,150,160,170,180,190,200,210,220,230,240,250,198,211,211,211],"card_choices":[{"not_picked":["Limit Break","Offering"],"picked":"Juggernaut","floor":0},{"not_picked":["StuffTheSpire:Incineration","Anger"],"picked":"Flex","floor":1},{"not_picked":["Heavy Blade","StuffTheSpire:Slingshot","ReplayTheSpireMod:Strike From Hell"],"picked":"SKIP","floor":7},{"not_picked":["Warcry","Thunderclap"],"picked":"Offering","floor":8},{"not_picked":["Entrench","Clothesline"],"picked":"Thunderclap","floor":10},{"not_picked":["Body Slam","Second Wind"],"picked":"Evolve","floor":11},{"not_picked":["Sword Boomerang","Body Slam"],"picked":"Hemogenesis","floor":14},{"not_picked":["Demonic Infusion","Immolate"],"picked":"Feed","floor":16},{"not_picked":["Clash+1","Run Through","Armaments"],"picked":"SKIP","floor":18}],"player_experience":108101,"relics_obtained":[{"floor":7,"key":"Tiny Chest"},{"floor":9,"key":"infinitespire:WardingShard"},{"floor":11,"key":"aspiration:HatOfInfinitePower"}],"event_choices":[{"damage_healed":0,"gold_gain":0,"player_choice":"Leave","damage_taken":0,"max_hp_gain":0,"max_hp_loss":0,"event_name":"conspire:Investor","floor":5,"gold_loss":0}],"is_beta":false,"boss_relics":[{"not_picked":["infinitespire:Burning Sword","Electric Blood"],"picked":"Replay:Drink Me"}],"items_purged_floors":[],"is_endless":false,"potions_floor_spawned":[1,8,11,16],"killed_by":"Spheric Guardian","ascension_level":4}}