{"host":"1vysks8ssvkrgxm9","time":1607844448,"event":{"mods":["Always Whale","BaseMod","Lobotomy","Minty Spire (QoL Compilation)","StSLib","SuperFastMode"],"gold_per_floor":[113,113,113,127,44770,44804,44769,44796,44796,44796,44280,44280,44292,43945,43945,44042,44042,44061,44061,43986,43627,43646,43646,43676,43350,43350,43350,43350,43379,43396,43189,43189,43286,43286,43299,41636,41651,41669,41681,41681,41681,41691,41691,41691,41706,41721,41538,41551,41551,41551],"floor_reached":51,"playtime":1783,"items_purged":["Regret","Strike_R","Strike_R","Defend_R+1","Strike_R+1","Apotheosis+1","Rampage+1","Jack Of All Trades+1"],"score":1268,"play_id":"aceb3aa2-7d6c-47f8-a7e6-4b91d65976a7","local_time":"20201213162728","is_ascension_mode":true,"campfire_choices":[{"data":"Pommel Strike","floor":10,"key":"SMITH"},{"data":"Strike_R","floor":12,"key":"PURGE"},{"data":"Defend_R","floor":15,"key":"PURGE"},{"data":"Strike_R+1","floor":23,"key":"PURGE"},{"data":"Parasite","floor":28,"key":"PURGE"},{"data":"Bash+1","floor":32,"key":"PURGE"},{"data":"Swift Strike+1","floor":40,"key":"PURGE"},{"data":"Spot Weakness+1","floor":41,"key":"PURGE"},{"data":"Clumsy","floor":44,"key":"PURGE"},{"data":"Defend_R+1","floor":49,"key":"PURGE"}],"circlet_count":2,"master_deck":["Defend_R+1","Pommel Strike+1","Flame Barrier+1","Pommel Strike+1","Thunderclap+1","True Grit+1","Trip+1","Acrobatics+1","Well Laid Plans+1","Exhume+1","Secret Weapon+1","Blur+1","Seeing Red+1","Exhume+1","Body Slam+1","Conserve Battery+1","Impervious+1","Shrug It Off+1","Finesse+1","Offering+1","Disarm+1","Violence+1","Escape Plan+1","Shrug It Off+1","Stack+1","Seek+1","Turbo+1","Deflect+1","Flash of Steel+1"],"relics":["Cursed Key","The Courier","Singing Bowl","Gremlin Horn","War Paint","Dream Catcher","Bronze Scales","Ginger","Mercury Hourglass","Cauldron","Frozen Egg 2","Bag of Marbles","Toy Ornithopter","Boot","Potion Belt","Orichalcum","Centennial Puzzle","Bag of Preparation","Happy Flower","Ice Cream","Toxic Egg 2","Calipers","Red Skull","Nunchaku","Tiny Chest","Ancient Tea Set","Omamori","Champion Belt","Oddly Smooth Stone","Peace Pipe","Mummified Hand","TungstenRod","MealTicket","Du-Vu Doll","Anchor","Blood Vial","Regal Pillow","Whetstone","Sundial","Vajra","PreservedInsect","White Beast Statue","Unceasing Top","Juzu Bracelet","Self Forming Clay","Meat on the Bone","Lantern","Pantograph","Strawberry","Art of War","Molten Egg 2","Ornamental Fan","Matryoshka","Darkstone Periapt","Blue Candle","Lizard Tail","HornCleat","InkBottle","StoneCalendar","Kunai","Eternal Feather","Question Card","Paper Frog","Torii","Letter Opener","Pen Nib","Shovel","Pear","Shuriken","Thread and Needle","Gambling Chip","Incense Burner","Turnip","Mango","Charon\u0027s Ashes","Bottled Lightning","CaptainsWheel","FossilizedHelix","WingedGreaves","Prayer Wheel","Bird Faced Urn","Magic Flower","Pocketwatch","Bottled Flame","Circlet","PrismaticShard","OrangePellets","Philosopher\u0027s Stone","Strange Spoon","Membership Card","Astrolabe","ClockworkSouvenir","Chemical X"],"acts_visited":["Exordium","TheCity","TheBeyond"],"potions_floor_usage":[36,36,36,36,51],"damage_taken":[{"damage":7.0,"enemies":"Small Slimes","floor":1.0,"turns":3.0},{"damage":12.0,"enemies":"Jaw Worm","floor":4.0,"turns":3.0},{"damage":0,"enemies":"Gremlin Nob","floor":6,"turns":1},{"damage":0,"enemies":"3 Sentries","floor":8,"turns":1},{"damage":0,"enemies":"2 Louse","floor":13,"turns":1},{"damage":0,"enemies":"The Guardian","floor":16,"turns":2},{"damage":0,"enemies":"Spheric Guardian","floor":18,"turns":1},{"damage":0,"enemies":"2 Thieves","floor":22,"turns":1},{"damage":0,"enemies":"Slavers","floor":24,"turns":1},{"damage":0,"enemies":"Book of Stabbing","floor":29,"turns":1},{"damage":0,"enemies":"Centurion and Healer","floor":30,"turns":1},{"damage":0,"enemies":"Collector","floor":33,"turns":2},{"damage":0,"enemies":"3 Shapes","floor":35,"turns":2},{"damage":0,"enemies":"Orb Walker","floor":37,"turns":1},{"damage":0,"enemies":"Writhing Mass","floor":38,"turns":1},{"damage":0,"enemies":"Spire Growth","floor":39,"turns":2},{"damage":0,"enemies":"Jaw Worm Horde","floor":42,"turns":1},{"damage":0,"enemies":"4 Shapes","floor":45,"turns":1},{"damage":0,"enemies":"Sphere and 2 Shapes","floor":46,"turns":1},{"damage":0,"enemies":"Spire Growth","floor":48,"turns":1},{"damage":15,"enemies":"Donu and Deca","floor":50,"turns":1},{"damage":0,"enemies":"Malkuth","floor":51,"turns":3},{"damage":5,"enemies":"Hod","floor":51,"turns":2},{"damage":10,"enemies":"Geburah","floor":51,"turns":5},{"damage":10,"enemies":"Binah","floor":51,"turns":6},{"damage":5,"enemies":"Angela","floor":51,"turns":2}],"seed_played":"-7488578603426809257","potions_obtained":[{"floor":4.0,"key":"SpeedPotion"},{"floor":5,"key":"LiquidMemories"},{"floor":5,"key":"DistilledChaos"},{"floor":38,"key":"FairyPotion"}],"is_trial":false,"path_per_floor":["M","?","?","M","$","E","?","E","T","R","$","R","M","$","R","B",null,"M","?","?","$","M","R","E","$","T","T","R","E","M","$","R","B",null,"M","$","M","M","M","R","R","M","T","R","M","M","$","M","R","B",null],"character_chosen":"IRONCLAD","items_purchased":["Singing Bowl","Gremlin Horn","War Paint","Dream Catcher","Bronze Scales","Ginger","Mercury Hourglass","Cauldron","Frozen Egg 2","Bag of Marbles","Toy Ornithopter","Boot","Potion Belt","Orichalcum","Centennial Puzzle","Bag of Preparation","Happy Flower","Ice Cream","Toxic Egg 2","Calipers","Red Skull","Nunchaku","Tiny Chest","Ancient Tea Set","Omamori","Champion Belt","Oddly Smooth Stone","Peace Pipe","Mummified Hand","TungstenRod","MealTicket","Du-Vu Doll","Anchor","Blood Vial","Regal Pillow","Whetstone","Sundial","Vajra","PreservedInsect","White Beast Statue","Unceasing Top","Juzu Bracelet","Self Forming Clay","Meat on the Bone","Lantern","Pantograph","Strawberry","Art of War","Molten Egg 2","Ornamental Fan","Matryoshka","Darkstone Periapt","Blue Candle","Lizard Tail","HornCleat","InkBottle","StoneCalendar","Kunai","Eternal Feather","Question Card","Paper Frog","Torii","Letter Opener","Pen Nib","Flex+1","Shovel","Pummel+1","Pear","Shuriken","Thread and Needle","Gambling Chip","Incense Burner","Turnip","Mango","Charon\u0027s Ashes","Bottled Lightning","CaptainsWheel","Flame Barrier+1","FossilizedHelix","WingedGreaves","Prayer Wheel","Bird Faced Urn","Magic Flower","Pocketwatch","Bottled Flame","Fruit Juice","Fire Potion","Pommel Strike+1","Thunderclap+1","True Grit+1","Trip+1","Swift Strike+1","Swift Strike+1","PrismaticShard","Exhume+1","OrangePellets","Strange Spoon","Exhume+1","Membership Card","Impervious+1","Shrug It Off+1","Finesse+1","Apotheosis+1","Jack Of All Trades+1","Shrug It Off+1","ClockworkSouvenir","FairyPotion","LiquidMemories","Regen Potion","FairyPotion","Weak Potion","Weak Potion","Strength Potion","ColorlessPotion","EssenceOfSteel","SpeedPotion","PowerPotion","BlessingOfTheForge","AttackPotion","Swift Potion","DuplicationPotion","SmokeBomb","PowerPotion","PowerPotion","DuplicationPotion","Dexterity Potion","SteroidPotion","ColorlessPotion","Regen Potion","EntropicBrew","Block Potion","BlessingOfTheForge","Ancient Potion","BloodPotion","ColorlessPotion","LiquidMemories","SpeedPotion","Explosive Potion","BloodPotion","FearPotion","PowerPotion","PowerPotion","HeartOfIron","Fruit Juice","EntropicBrew","PowerPotion","Fruit Juice","Energy Potion","Strength Potion","Strength Potion","Explosive Potion","Explosive Potion","ElixirPotion","SkillPotion","Regen Potion","Ancient Potion","DuplicationPotion","ElixirPotion","Fire Potion","PowerPotion","Fire Potion","Dexterity Potion","Ancient Potion","Explosive Potion","Chemical X"],"campfire_rested":0,"item_purchase_floors":[5,5,5,5,5,5,5,5,5,5,5,5,5,5,5,5,5,5,5,5,5,5,5,5,5,5,5,5,5,5,5,5,5,5,5,5,5,5,5,5,5,5,5,5,5,5,5,5,5,5,5,5,5,5,5,5,5,5,5,5,5,5,5,5,5,5,5,5,5,5,5,5,5,5,5,5,5,5,5,5,5,5,5,5,5,5,5,11,11,11,11,11,11,11,14,14,21,21,25,25,25,25,31,31,36,36,36,36,36,36,36,36,36,36,36,36,36,36,36,36,36,36,36,36,36,36,36,36,36,36,36,36,36,36,36,36,36,36,36,36,36,36,36,36,36,36,36,36,36,36,36,36,36,36,36,36,36,36,36,36,36,36,36,36,47],"current_hp_per_floor":[73,73,57,45,76,81,81,84,84,93,108,113,113,113,113,113,113,113,113,113,113,113,113,115,115,115,121,118,120,124,124,124,124,124,126,141,143,145,149,149,149,153,159,159,159,161,161,165,165,150],"gold":41551,"neow_bonus":"BOSS_RELIC","is_daily":false,"chose_seed":false,"campfire_upgraded":1,"win_rate":0.0,"timestamp":1607844448,"path_taken":["M","?","?","M","$","E","?","E","T","R","$","R","M","$","R","BOSS","M","?","?","$","M","R","E","$","T","?","R","E","M","$","R","BOSS","M","$","M","M","M","R","R","M","T","R","M","M","$","M","R","BOSS"],"items_purchased_type":["Relic","Relic","Relic","Relic","Relic","Relic","Relic","Relic","Relic","Relic","Relic","Relic","Relic","Relic","Relic","Relic","Relic","Relic","Relic","Relic","Relic","Relic","Relic","Relic","Relic","Relic","Relic","Relic","Relic","Relic","Relic","Relic","Relic","Relic","Relic","Relic","Relic","Relic","Relic","Relic","Relic","Relic","Relic","Relic","Card","Relic","Relic","Relic","Relic","Relic","Relic","Relic","Relic","Relic","Relic","Relic","Relic","Relic","Relic","Relic","Relic","Relic","Relic","Relic","Card","Relic","Card","Relic","Relic","Relic","Relic","Relic","Relic","Relic","Relic","Relic","Relic","Card","Relic","Relic","Relic","Relic","Relic","Relic","Relic","Potion","Potion","Card","Card","Card","Card","Card","Card","Relic","Card","Relic","Relic","Card","Relic","Card","Card","Card","Card","Card","Card","Relic","Potion","Potion","Potion","Potion","Potion","Potion","Potion","Potion","Potion","Potion","Potion","Potion","Potion","Potion","Potion","Potion","Potion","Potion","Potion","Potion","Potion","Potion","Potion","Potion","Potion","Potion","Potion","Potion","Potion","Potion","Potion","Potion","Potion","Potion","Potion","Potion","Potion","Potion","Potion","Potion","Potion","Potion","Potion","Potion","Potion","Potion","Potion","Potion","Potion","Potion","Potion","Potion","Potion","Potion","Potion","Potion","Potion","Potion","Relic"],"build_version":"2020-11-30","purchased_purges":8,"victory":true,"max_hp_per_floor":[80,80,80,80,111,113,113,113,113,113,113,113,113,113,113,113,113,113,113,113,113,113,113,115,115,115,121,118,120,124,124,124,124,124,126,141,143,145,149,149,149,153,159,159,159,161,161,165,165,165],"card_choices":[{"not_picked":["Iron Wave","Thunderclap"],"picked":"Entrench","floor":1.0},{"not_picked":["Burning Pact","Thunderclap"],"picked":"Pommel Strike","floor":4.0},{"not_picked":["Sentinel+1","Sword Boomerang+1","Thunderclap+1","Clash+1"],"picked":"Singing Bowl","floor":6},{"not_picked":["Rupture+1","Immolate+1","Anger+1"],"picked":"Spot Weakness+1","floor":8},{"not_picked":["Evolve+1","BowlingBash+1","Consecrate+1"],"picked":"Acrobatics+1","floor":13},{"not_picked":["Searing Blow+1","Tactician+1","Quick Slash+1"],"picked":"Well Laid Plans+1","floor":13},{"not_picked":["Thinking Ahead+1","Exhume+1","Core Surge+1"],"picked":"Secret Weapon+1","floor":16},{"not_picked":["Seeing Red+1","Tempest+1","Choke+1"],"picked":"Blur+1","floor":18},{"not_picked":["Coolheaded+1","EmptyFist+1","SomewhereSpear+1"],"picked":"Seeing Red+1","floor":18},{"not_picked":["Leap+1","Clash+1","Reverberation+1"],"picked":"Body Slam+1","floor":22},{"not_picked":["RapturousDream+1","Sword Boomerang+1","Hornet+1"],"picked":"Conserve Battery+1","floor":22},{"not_picked":["Infinite Blades+1","Poisoned Stab+1","Soda+1","Noise+1"],"picked":"Singing Bowl","floor":24},{"not_picked":["Rip and Tear+1","LessonLearned+1","Consume+1","CherryBlossom+1"],"picked":"Singing Bowl","floor":29},{"not_picked":["Feel No Pain+1","Regret_ego+1","Headbutt+1","Dropkick+1"],"picked":"Singing Bowl","floor":30},{"not_picked":["FlurryOfBlows+1","FTL+1","Purity+1","Reflex+1"],"picked":"Singing Bowl","floor":30},{"not_picked":["Metamorphosis+1","Magnetism+1","Reboot+1"],"picked":"Offering+1","floor":33},{"not_picked":["Armaments+1","Chill+1","Streamline+1"],"picked":"Escape Plan+1","floor":35},{"not_picked":["SashWhip+1","Bane+1","Soda+1","Iron Wave+1"],"picked":"Singing Bowl","floor":35},{"not_picked":["WristCuter+1","Uppercut+1","Indignation+1","ClearTheMind+1"],"picked":"Singing Bowl","floor":37},{"not_picked":["Pommel Strike+1","ShedSkin+1","BearPaw+1"],"picked":"Stack+1","floor":37},{"not_picked":["Thunderclap+1","Pommel Strike+1","Swift Strike+1"],"picked":"Seek+1","floor":38},{"not_picked":["Evolve+1","Clothesline+1","Sword Boomerang+1","Logging+1"],"picked":"Singing Bowl","floor":38},{"not_picked":["FlyingSleeves+1","Quick Slash+1","Penitence+1","Expertise+1"],"picked":"Singing Bowl","floor":39},{"not_picked":["Horn+1","RapturousDream+1","Crescendo+1","Second Wind+1"],"picked":"Singing Bowl","floor":39},{"not_picked":["Streamline+1","Heatsinks+1","Iron Wave+1","PiercingWail+1"],"picked":"Singing Bowl","floor":42},{"not_picked":["Fission+1","Eviscerate+1","Anger+1","Impatience+1"],"picked":"Singing Bowl","floor":42},{"not_picked":["Catalyst+1","Evaluate+1","Havoc+1"],"picked":"Turbo+1","floor":45},{"not_picked":["Beak+1","Setup+1","Wild Strike+1"],"picked":"Deflect+1","floor":45},{"not_picked":["SashWhip+1","CUTE+1","CutThroughFate+1","FlurryOfBlows+1"],"picked":"Singing Bowl","floor":46},{"not_picked":["Go for the Eyes+1","FlyingSleeves+1","FollowUp+1"],"picked":"Flash of Steel+1","floor":46},{"not_picked":["Christmas+1","Mayhem+1","Flying Knee+1","Consecrate+1"],"picked":"Singing Bowl","floor":48},{"not_picked":["Sword Boomerang+1","FlyingSleeves+1","Tactician+1","Lantern+1"],"picked":"Singing Bowl","floor":48}],"player_experience":41048,"relics_obtained":[{"floor":6,"key":"Circlet"},{"floor":27,"key":"Circlet"}],"event_choices":[{"damage_healed":0.0,"max_hp_gain":0.0,"max_hp_loss":0.0,"gold_gain":0.0,"event_name":"Big Fish","player_choice":"Box","floor":2.0,"gold_loss":0.0,"damage_taken":0.0,"relics_obtained":["The Courier"],"cards_obtained":["Regret"]},{"damage_healed":0.0,"max_hp_gain":0.0,"max_hp_loss":0.0,"gold_gain":0.0,"event_name":"Shining Light","player_choice":"Entered Light","floor":3.0,"gold_loss":0.0,"damage_taken":16.0,"cards_upgraded":["Defend_R","Strike_R"]},{"damage_healed":0,"gold_gain":0,"player_choice":"Left Gold","damage_taken":0,"max_hp_gain":0,"max_hp_loss":0,"event_name":"World of Goop","floor":7,"gold_loss":35},{"damage_healed":0,"gold_gain":0,"player_choice":"Ignored","damage_taken":0,"max_hp_gain":0,"max_hp_loss":0,"event_name":"Vampires","floor":19,"gold_loss":0},{"cards_removed":["Entrench"],"damage_healed":0,"gold_gain":0,"player_choice":"Gave Gold","damage_taken":0,"max_hp_gain":0,"max_hp_loss":0,"event_name":"Beggar","floor":20,"gold_loss":75}],"is_beta":false,"boss_relics":[{"not_picked":["SacredBark","Velvet Choker"],"picked":"Philosopher\u0027s Stone"},{"not_picked":["Black Star","Snecko Eye"],"picked":"Astrolabe"}],"items_purged_floors":[5,11,14,21,25,31,36,47],"is_endless":false,"potions_floor_spawned":[4,6,8,13,16,18,22,24,29,30,33,35,37,38,39,42,45,46,48,51,51,51,51,51],"ascension_level":1}}