{"host":"ow9msrs9p2ctkx99","time":1607881066,"event":{"mods":["AchievementEnabler","BaseMod","Colored Map","Colored Powertips","Minty Spire (QoL Compilation)","Permanent Neow","Quick Restart","SuperFastMode"],"gold_per_floor":[210,224,224,224,224,224,224,252,252,252,287,287,462,483,483,609,609,633,181,196,196,295,318,393,21,21,21,60,60,103,103,103,222,222,237,93,146,146,146],"floor_reached":38,"playtime":875,"items_purged":["Doubt"],"score":705,"play_id":"14270437-a4e0-4b04-98ed-0da864ce0a1d","local_time":"20201213183746","is_ascension_mode":true,"campfire_choices":[{"data":"Dualcast","floor":6,"key":"SMITH"},{"floor":12,"key":"REST"},{"data":"Biased Cognition","floor":15,"key":"SMITH"},{"floor":27,"key":"REST"},{"floor":29,"key":"REST"},{"floor":32,"key":"REST"}],"circlet_count":0,"master_deck":["AscendersBane","Strike_B","Strike_B+1","Defend_B","Defend_B","Defend_B","Defend_B","Zap","Dualcast+1","Ball Lightning+1","Steam","Undo","Biased Cognition+1","Chill","Fission","Steam+1","Echo Form","Melter","Sunder","Turbo","Glacier","Seek","Core Surge","Conserve Battery+1","Leap","Multi-Cast","Glacier+1","Lockon+1","Capacitor","Redo+1","Seek","Clumsy"],"relics":["Cracked Core","HornCleat","Golden Idol","Juzu Bracelet","Runic Pyramid","DataDisk","Oddly Smooth Stone","Ornamental Fan","Regal Pillow","Blue Candle","Cursed Key","Orrery","MealTicket"],"acts_visited":["Exordium","TheCity","TheBeyond"],"potions_floor_usage":[16,16,20,30,33,38],"damage_taken":[{"damage":7,"enemies":"Jaw Worm","floor":1,"turns":4},{"damage":7,"enemies":"Small Slimes","floor":2,"turns":3},{"damage":14,"enemies":"Lagavulin","floor":8,"turns":7},{"damage":10,"enemies":"3 Sentries","floor":11,"turns":7},{"damage":0,"enemies":"2 Louse","floor":14,"turns":2},{"damage":10,"enemies":"Hexaghost","floor":16,"turns":10},{"damage":0,"enemies":"Spheric Guardian","floor":18,"turns":3},{"damage":23,"enemies":"2 Thieves","floor":20,"turns":4},{"damage":6,"enemies":"Snake Plant","floor":23,"turns":4},{"damage":0,"enemies":"Slavers","floor":28,"turns":5},{"damage":62,"enemies":"Gremlin Leader","floor":30,"turns":13},{"damage":38,"enemies":"Automaton","floor":33,"turns":12},{"damage":9,"enemies":"3 Darklings","floor":35,"turns":5},{"damage":53,"enemies":"2 Orb Walkers","floor":38,"turns":7}],"seed_played":"-2975237716777651628","potions_obtained":[{"floor":1,"key":"DuplicationPotion"},{"floor":8,"key":"PotionOfCapacity"},{"floor":16,"key":"SpeedPotion"},{"floor":18,"key":"Block Potion"},{"floor":20,"key":"DistilledChaos"},{"floor":23,"key":"Regen Potion"},{"floor":33,"key":"Fire Potion"},{"floor":35,"key":"LiquidBronze"}],"is_trial":false,"path_per_floor":["M","M","$","?","?","R","$","E","T","?","E","R","?","M","R","B",null,"M","$","M","?","?","M","?","$","T","R","E","R","E","?","R","B",null,"M","$","T","?"],"character_chosen":"DEFECT","items_purchased":["DataDisk","Echo Form","Melter","Oddly Smooth Stone","Glacier","Seek","Orrery"],"campfire_rested":4,"item_purchase_floors":[19,19,19,25,25,25,36],"current_hp_per_floor":[61,54,54,54,39,39,39,25,25,25,15,35,35,35,35,25,58,58,58,35,35,35,29,23,23,23,43,43,69,7,7,42,19,57,48,48,48,0,0],"gold":146,"neow_bonus":"HUNDRED_GOLD","is_daily":false,"chose_seed":false,"campfire_upgraded":2,"win_rate":0.0,"timestamp":1607881066,"path_taken":["M","M","$","?","?","R","$","E","T","?","E","R","?","M","R","BOSS","M","$","M","?","?","M","?","$","T","R","E","R","E","?","R","BOSS","M","$","?","?"],"items_purchased_type":["Relic","Card","Card","Relic","Card","Card","Relic"],"build_version":"2020-11-30","purchased_purges":1,"victory":false,"max_hp_per_floor":[75,75,75,75,75,75,75,75,75,69,69,69,69,69,69,69,69,69,69,69,69,69,69,69,69,69,69,69,69,69,69,69,69,69,69,69,69,69,69],"card_choices":[{"not_picked":["Capacitor","Fusion"],"picked":"Ball Lightning","floor":1},{"not_picked":["Go for the Eyes","Stack"],"picked":"Steam","floor":2},{"not_picked":["Genetic Algorithm","Hello World"],"picked":"Undo","floor":8},{"not_picked":["Auto Shields","Redo"],"picked":"Biased Cognition","floor":11},{"not_picked":["Leap","Stack"],"picked":"Chill","floor":14},{"not_picked":["Rainbow","Creative AI"],"picked":"Fission","floor":16},{"not_picked":["Redo","Cold Snap"],"picked":"Steam+1","floor":18},{"not_picked":["Sweeping Beam","Genetic Algorithm"],"picked":"Sunder","floor":20},{"not_picked":["Barrage","Cold Snap"],"picked":"Turbo","floor":23},{"not_picked":["Glacier","Reinforced Body"],"picked":"Core Surge","floor":28},{"not_picked":["Auto Shields+1","FTL"],"picked":"Conserve Battery+1","floor":30},{"not_picked":["Seek","Creative AI"],"picked":"Multi-Cast","floor":33},{"not_picked":["Leap","Conserve Battery+1"],"picked":"Glacier+1","floor":35},{"not_picked":["Rebound","Leap+1"],"picked":"Lockon+1","floor":36},{"not_picked":["Blizzard","Storm"],"picked":"Capacitor","floor":36},{"not_picked":["Defragment","Hello World+1"],"picked":"Redo+1","floor":36},{"not_picked":["Streamline+1","Reprogram"],"picked":"Seek","floor":36}],"player_experience":1017689,"relics_obtained":[{"floor":8,"key":"HornCleat"},{"floor":11,"key":"Juzu Bracelet"},{"floor":26,"key":"Ornamental Fan"},{"floor":28,"key":"Regal Pillow"},{"floor":30,"key":"Blue Candle"},{"floor":37,"key":"MealTicket"}],"event_choices":[{"cards_removed":["Strike_B"],"damage_healed":0,"gold_gain":0,"player_choice":"Forget","damage_taken":0,"max_hp_gain":0,"max_hp_loss":0,"event_name":"Living Wall","floor":4,"gold_loss":0},{"damage_healed":0,"gold_gain":0,"player_choice":"Entered Light","damage_taken":15,"max_hp_gain":0,"max_hp_loss":0,"event_name":"Shining Light","floor":5,"gold_loss":0,"cards_upgraded":["Strike_B","Ball Lightning"]},{"damage_healed":0,"gold_gain":0,"player_choice":"Lose Max HP","damage_taken":0,"relics_obtained":["Golden Idol"],"max_hp_gain":0,"max_hp_loss":6,"event_name":"Golden Idol","floor":10,"gold_loss":0},{"damage_healed":0,"gold_gain":175,"player_choice":"AGREE","damage_taken":0,"max_hp_gain":0,"max_hp_loss":0,"event_name":"Liars Game","floor":13,"gold_loss":0,"cards_obtained":["Doubt"]},{"cards_removed":["Strike_B"],"damage_healed":0,"gold_gain":0,"player_choice":"Offered Basic","damage_taken":0,"max_hp_gain":0,"max_hp_loss":0,"event_name":"Bonfire Elementals","floor":21,"gold_loss":0},{"damage_healed":0,"gold_gain":99,"player_choice":"Stole From Cult","damage_taken":0,"max_hp_gain":0,"max_hp_loss":0,"event_name":"Nest","floor":22,"gold_loss":0},{"damage_healed":0,"gold_gain":75,"player_choice":"Touch","damage_taken":6,"max_hp_gain":0,"max_hp_loss":0,"event_name":"FaceTrader","floor":24,"gold_loss":0},{"damage_healed":0,"gold_gain":0,"player_choice":"1 cards matched","damage_taken":0,"max_hp_gain":0,"max_hp_loss":0,"event_name":"Match and Keep!","floor":31,"gold_loss":0,"cards_obtained":["Leap"]},{"damage_healed":0,"gold_gain":0,"player_choice":"Fight","damage_taken":0,"max_hp_gain":0,"max_hp_loss":0,"event_name":"Mysterious Sphere","floor":38,"gold_loss":0}],"is_beta":false,"boss_relics":[{"not_picked":["Velvet Choker","Coffee Dripper"],"picked":"Runic Pyramid"},{"not_picked":["Inserter","Busted Crown"],"picked":"Cursed Key"}],"items_purged_floors":[19],"is_endless":false,"potions_floor_spawned":[1,8,14,16,18,20,23,28,33,35],"killed_by":"2 Orb Walkers","ascension_level":11}}