{"host":"9nt1zhl3k8mtcf72","time":1607821910,"event":{"mods":["Aspiration","BaseMod","Conjunction","Conspire","Downfall","Energized Spire","Friendly Minions","GifTheSpireLib","Halation","Hubris","Minty Spire (QoL Compilation)","RRrroohrrRGHHhhh!!","RatMod","Replay The Spire","Spikes Relics","StSLib","Stuff the Spire","Trackpad","Useless Jewels Mod","Wandering Minibosses","vexMod"],"gold_per_floor":[99,125,125,154,129,129,129,54,63,97,109,123,184,202,214,318,318,168,168,168,200,200,200,276,50,84,84,95,107,124,124,141,141,141],"floor_reached":33,"playtime":5459,"items_purged":[],"score":401,"play_id":"557a2bf9-1bf8-4c09-bb1a-ca83892f1117","local_time":"20201212201150","is_ascension_mode":false,"campfire_choices":[{"floor":1.0,"key":"RECALL"},{"data":"Slimebound:PrepareCrush","floor":8.0,"key":"SMITH"},{"floor":18.0,"key":"DIG"},{"data":"Slimebound:DuplicatedForm","floor":23.0,"key":"SMITH"}],"circlet_count":0,"master_deck":["Slimebound:Strike_Slimebound+1","Slimebound:Tackle","Slimebound:Defend_Slimebound+1","Slimebound:Defend_Slimebound+1","Slimebound:Defend_Slimebound+1","Slimebound:Defend_Slimebound+1","Slimebound:Split","Slimebound:CorrosiveSpit","Slimebound:RollThrough","Slimebound:SlimeSpikes","Slimebound:SplitAcid","Slimebound:PrepareCrush+1","Slimebound:Schlurp","StuffTheSpire:GnomedCurse","Slimebound:FinishingTackle","Slimebound:Chomp","Slimebound:SamplingLick","Slimebound:MegaLick","Slimebound:Repurpose","Slimebound:ComboTackle","Slimebound:RollThrough","Slimebound:WasteNot","Slimebound:DuplicatedForm+1","CurseOfTheBell","Slimebound:ViciousTackle+1","Shame","Slimebound:TongueLash","Slimebound:Schlurp","Slimebound:PressTheAttack","conspire:NecroticWound","Slimebound:SlimeSpikes","Slimebound:ForwardTackle","Slimebound:FinishingTackle+1","Slimebound:DouseInSlime"],"relics":["Slimebound:AbsorbEndCombat","downfall:HeartsMalice","aspiration:ChemicalBlood","Du-Vu Doll","RollingBoulder","downfall:HeartBlessingRed","ReplayTheSpireMod:CursedCoin","Replay:Multitool","Replay:Rubber Ducky","Calling Bell","Bronze Scales","aspiration:FetidBarrel","TungstenRod","downfall:HeartBlessingBlue","downfall:HeartBlessingGreen","vexMod:BarristanHead","hubris:BottledHeart","halation:BottledLove","Centennial Puzzle","StuffTheSpire:Rhapsscallions","SnailShell","Blue Doll"],"acts_visited":["Exordium","TheCity"],"potions_floor_usage":[32,33,33],"damage_taken":[{"damage":0.0,"enemies":"Gremlin Nob","floor":2.0,"turns":1.0},{"damage":0.0,"enemies":"Jaw Worm","floor":3.0,"turns":1.0},{"damage":0.0,"enemies":"Lagavulin","floor":4.0,"turns":1.0},{"damage":18.0,"enemies":"downfall:FleeingMerchant","floor":9.0,"turns":4.0},{"damage":51.0,"enemies":"Gremlin Nob","floor":10.0,"turns":5.0},{"damage":0.0,"enemies":"Cultist","floor":11.0,"turns":2.0},{"damage":4.0,"enemies":"Small Slimes","floor":12.0,"turns":2.0},{"damage":18.0,"enemies":"Gremlin Nob","floor":13.0,"turns":3.0},{"damage":14.0,"enemies":"Blue Slaver","floor":14.0,"turns":2.0},{"damage":8.0,"enemies":"2 Fungi Beasts","floor":15.0,"turns":2.0},{"damage":26.0,"enemies":"downfall:Silent","floor":16.0,"turns":4.0},{"damage":0.0,"enemies":"Book of Stabbing","floor":21.0,"turns":4.0},{"damage":0.0,"enemies":"downfall:FleeingMerchant","floor":25.0,"turns":4.0},{"damage":0.0,"enemies":"Slavers","floor":26.0,"turns":5.0},{"damage":0,"enemies":"Shell Parasite","floor":28,"turns":4},{"damage":0,"enemies":"Centurion and Healer","floor":29,"turns":6},{"damage":0,"enemies":"Cultist and Chosen","floor":30,"turns":4},{"damage":0,"enemies":"Snake Plant","floor":32,"turns":2},{"damage":24,"enemies":"downfall:Watcher","floor":33,"turns":6}],"seed_played":"828813582270906983","potions_obtained":[{"floor":4.0,"key":"SpeedPotion"},{"floor":10.0,"key":"Slimebound:SlimyTonguePotion"},{"floor":11.0,"key":"PowerPotion"},{"floor":13.0,"key":"DistilledChaos"},{"floor":14.0,"key":"SkillPotion"},{"floor":16.0,"key":"champ:CounterPotion"},{"floor":26.0,"key":"Fire Potion"},{"floor":29,"key":"Strength Potion"},{"floor":32,"key":"FairyPotion"}],"is_trial":false,"path_per_floor":["R","E","M","E","?","?","T","R","$","E","M","M","?","M","M","B",null,"R","?","?","E","?","R","T","$","E","R","M","M","M","?","M","B"],"character_chosen":"SLIMEBOUND","items_purchased":["ReplayTheSpireMod:CursedCoin","Slimebound:FinishingTackle","Slimebound:Chomp","SnailShell","Slimebound:Schlurp"],"campfire_rested":0,"item_purchase_floors":[9,9,9,25,25],"current_hp_per_floor":[60,60,60,60,60,60,60,60,50,11,15,23,21,15,23,25,60,70,1,1,1,1,1,1,1,1,1,1,1,1,1,1,0,0],"gold":141,"neow_bonus":"THREE_ENEMY_KILL","is_daily":false,"chose_seed":false,"campfire_upgraded":2,"win_rate":0.0,"timestamp":1607821910,"path_taken":["R","E","M","E","?","?","T","R","$","E","?","M","?","M","M","BOSS","R","?","?","E","?","R","T","$","E","R","M","?","M","?","M","BOSS"],"items_purchased_type":["Relic","Card","Card","Relic","Card"],"build_version":"2020-11-30","purchased_purges":0,"victory":false,"max_hp_per_floor":[60,60,60,60,60,60,60,60,60,60,60,60,60,60,60,60,60,70,1,1,1,1,1,1,1,1,1,1,1,1,1,1,1,1],"card_choices":[{"not_picked":["Slimebound:ServeAndProtect","Slimebound:Recollect"],"picked":"Slimebound:RollThrough","floor":2.0},{"not_picked":["Slimebound:ProtectTheBoss","Slimebound:Grow"],"picked":"Slimebound:SlimeSpikes","floor":3.0},{"not_picked":["Slimebound:Prepare","Slimebound:FirmFortitude"],"picked":"Slimebound:SplitAcid","floor":4.0},{"not_picked":["Slimebound:FormOfPuddle","Slimebound:DivideAndConquer"],"picked":"Slimebound:Schlurp","floor":9.0},{"not_picked":["Slimebound:SplitMire","Slimebound:GoopSpray"],"picked":"Slimebound:SamplingLick","floor":10.0},{"not_picked":["Slimebound:Recollect","Slimebound:DivideAndConquer"],"picked":"Slimebound:MegaLick","floor":11.0},{"not_picked":["Slimebound:ViciousTackle","Slimebound:SplitMire"],"picked":"Slimebound:Repurpose","floor":12.0},{"not_picked":["Slimebound:Schlurp","Slimebound:Equalize"],"picked":"Slimebound:ComboTackle","floor":13.0},{"not_picked":["Slimebound:Equalize","Slimebound:LeechEnergy"],"picked":"Slimebound:RollThrough","floor":14.0},{"not_picked":["Slimebound:HungryTackle","Slimebound:FormOfPuddle"],"picked":"Slimebound:WasteNot","floor":15.0},{"not_picked":["Slimebound:OozeBath","Slimebound:MassFeed"],"picked":"Slimebound:DuplicatedForm","floor":16.0},{"not_picked":["Slimebound:LivingWall","Slimebound:SlimeBrawl"],"picked":"Slimebound:ViciousTackle+1","floor":21.0},{"not_picked":["Slimebound:Grow","Slimebound:GoopSpray"],"picked":"Slimebound:TongueLash","floor":25.0},{"not_picked":["Slimebound:Replication","Slimebound:SplitMire"],"picked":"Slimebound:PressTheAttack","floor":26.0},{"not_picked":["Slimebound:DisruptingSlam+1","Slimebound:ComboTackle"],"picked":"Slimebound:SlimeSpikes","floor":28},{"not_picked":["Slimebound:ViciousTackle","Slimebound:Prepare"],"picked":"Slimebound:ForwardTackle","floor":29},{"not_picked":["Slimebound:SlimeSpikes","Slimebound:SplitAcid"],"picked":"Slimebound:FinishingTackle+1","floor":30},{"not_picked":["Slimebound:LeechEnergy","Slimebound:SplitAcid"],"picked":"Slimebound:DouseInSlime","floor":32}],"player_experience":427156,"relics_obtained":[{"floor":2.0,"key":"aspiration:ChemicalBlood"},{"floor":4.0,"key":"Du-Vu Doll"},{"floor":10.0,"key":"Replay:Multitool"},{"floor":13.0,"key":"Replay:Rubber Ducky"},{"floor":17.0,"key":"Bronze Scales"},{"floor":17.0,"key":"aspiration:FetidBarrel"},{"floor":17.0,"key":"TungstenRod"},{"floor":18.0,"key":"vexMod:BarristanHead"},{"floor":21.0,"key":"halation:BottledLove"},{"floor":24.0,"key":"StuffTheSpire:Rhapsscallions"},{"floor":26.0,"key":"Blue Doll"}],"event_choices":[{"damage_healed":0.0,"max_hp_gain":0.0,"max_hp_loss":0.0,"gold_gain":0.0,"cards_transformed":["Slimebound:Strike_Slimebound"],"event_name":"Transmorgrifier","player_choice":"Transformed","floor":6.0,"gold_loss":0.0,"damage_taken":0.0,"cards_obtained":["Slimebound:PrepareCrush"]},{"damage_healed":0.0,"max_hp_gain":0.0,"max_hp_loss":0.0,"gold_gain":0.0,"event_name":"Addict","player_choice":"Stole Relic","floor":22.0,"gold_loss":0.0,"damage_taken":0.0,"relics_obtained":["Centennial Puzzle"],"cards_obtained":["Shame"]},{"damage_healed":0,"gold_gain":0,"player_choice":"Simplicity","damage_taken":0,"max_hp_gain":0,"max_hp_loss":0,"event_name":"Back to Basics","floor":27,"gold_loss":0,"cards_upgraded":["Slimebound:Strike_Slimebound","Slimebound:Defend_Slimebound","Slimebound:Defend_Slimebound","Slimebound:Defend_Slimebound","Slimebound:Defend_Slimebound"]}],"is_beta":false,"boss_relics":[{"not_picked":["CosmicIsotope","Runic Pyramid"],"picked":"Calling Bell"}],"items_purged_floors":[],"is_endless":false,"potions_floor_spawned":[4,11,13,14,16,26,29,32],"killed_by":"downfall:Watcher","ascension_level":0}}