{"host":"7gewg82ormp6yt4e","time":1607841731,"event":{"mods":["BaseMod","Block Reminder","Colored Map","Colored Powertips","DeckTracker","Highlight Path","Minty Spire (QoL Compilation)","Relic Stats","StSLib"],"gold_per_floor":[113,40,57,70,84,116,116,130,155,155,167,167,192,192,192,267,267,277,201,221,232,232,232,175,175,175],"floor_reached":25,"playtime":1696,"items_purged":[],"score":426,"play_id":"2b563a20-fb49-44c7-971d-81cd156494a4","local_time":"20201213154211","is_ascension_mode":true,"campfire_choices":[{"data":"Dash","floor":7.0,"key":"SMITH"},{"data":"Neutralize","floor":10.0,"key":"SMITH"},{"data":"Outmaneuver","floor":12.0,"key":"SMITH"},{"floor":15.0,"key":"REST"},{"floor":23.0,"key":"REST"}],"circlet_count":0,"master_deck":["AscendersBane","Strike_G","Strike_G","Strike_G","Strike_G","Strike_G","Defend_G","Defend_G","Defend_G","Defend_G","Defend_G","Survivor","Neutralize+1","Blur+1","Flying Knee","Dash+1","Outmaneuver+1","Acrobatics","Flying Knee","PiercingWail","Reflex","Bullet Time","Footwork","Tactician","Leg Sweep"],"relics":["Runic Pyramid","Vajra","Tiny Chest","Art of War","Fusion Hammer"],"acts_visited":["Exordium","TheCity"],"potions_floor_usage":[25,25],"damage_taken":[{"damage":0.0,"enemies":"Jaw Worm","floor":1.0,"turns":5.0},{"damage":1.0,"enemies":"Cultist","floor":3.0,"turns":4.0},{"damage":1.0,"enemies":"Small Slimes","floor":4.0,"turns":5.0},{"damage":0.0,"enemies":"Red Slaver","floor":5.0,"turns":3.0},{"damage":6.0,"enemies":"Gremlin Nob","floor":6.0,"turns":4.0},{"damage":6.0,"enemies":"Exordium Thugs","floor":8.0,"turns":6.0},{"damage":12.0,"enemies":"3 Louse","floor":11.0,"turns":4.0},{"damage":7.0,"enemies":"Lagavulin","floor":13.0,"turns":9.0},{"damage":43.0,"enemies":"Slime Boss","floor":16.0,"turns":15.0},{"damage":14.0,"enemies":"2 Thieves","floor":18.0,"turns":5.0},{"damage":0.0,"enemies":"3 Byrds","floor":20.0,"turns":7.0},{"damage":3.0,"enemies":"Snecko","floor":21.0,"turns":8.0},{"damage":57,"enemies":"Slavers","floor":25,"turns":10}],"seed_played":"-8453458231706014447","potions_obtained":[{"floor":1.0,"key":"BlessingOfTheForge"},{"floor":3.0,"key":"SkillPotion"},{"floor":13.0,"key":"Strength Potion"},{"floor":16.0,"key":"Fire Potion"},{"floor":21.0,"key":"SkillPotion"}],"is_trial":false,"path_per_floor":["M","?","M","M","M","E","R","M","T","R","M","R","E","?","R","B",null,"M","$","M","M","$","R","$","E"],"character_chosen":"THE_SILENT","items_purchased":["Footwork","BlessingOfTheForge"],"campfire_rested":2,"item_purchase_floors":[19,24],"current_hp_per_floor":[59,59,58,57,57,51,51,45,45,45,33,33,26,26,45,2,50,36,36,36,33,33,52,52,0,0],"gold":175,"neow_bonus":"BOSS_RELIC","is_daily":false,"chose_seed":false,"campfire_upgraded":3,"win_rate":0.0,"timestamp":1607841731,"path_taken":["M","?","?","M","M","E","R","?","T","R","M","R","E","?","R","BOSS","M","?","M","M","$","R","$","E"],"items_purchased_type":["Card","Potion"],"build_version":"2020-11-30","purchased_purges":0,"victory":false,"max_hp_per_floor":[66,66,66,66,66,66,66,66,66,66,66,66,66,66,66,66,66,66,66,66,66,66,66,66,66,66],"relic_stats":{"counters":[13,85],"Tiny Chest":0,"Art of War":[5],"obtain_stats":[{"Vajra":2,"Tiny Chest":6,"Fusion Hammer":17,"Art of War":13,"Ring of the Snake":0,"Runic Pyramid":0},{"Vajra":1,"Tiny Chest":5,"Fusion Hammer":9,"Art of War":8,"Ring of the Snake":0,"Runic Pyramid":0},{"Vajra":5,"Tiny Chest":21,"Fusion Hammer":55,"Art of War":40,"Ring of the Snake":0,"Runic Pyramid":0}]},"card_choices":[{"not_picked":["Deflect","Backflip"],"picked":"Blur","floor":1.0},{"not_picked":["Skewer","Bane"],"picked":"Flying Knee","floor":3.0},{"not_picked":["Dagger Throw","All Out Attack"],"picked":"Dash","floor":4.0},{"not_picked":["Expertise","Dash"],"picked":"Outmaneuver","floor":5.0},{"not_picked":["Outmaneuver","Blade Dance"],"picked":"Acrobatics","floor":6.0},{"not_picked":["Blade Dance","Prepared"],"picked":"Flying Knee","floor":8.0},{"not_picked":["Underhanded Strike","Accuracy"],"picked":"PiercingWail","floor":11.0},{"not_picked":["Outmaneuver","Cloak And Dagger"],"picked":"Reflex","floor":13.0},{"not_picked":["Unload","After Image"],"picked":"Bullet Time","floor":16.0},{"not_picked":["Catalyst","Outmaneuver","Dagger Spray"],"picked":"SKIP","floor":18.0},{"not_picked":["Dodge and Roll","Dagger Spray"],"picked":"Tactician","floor":20.0},{"not_picked":["Sucker Punch","Dagger Throw"],"picked":"Leg Sweep","floor":21.0}],"player_experience":2336874,"relics_obtained":[{"floor":6.0,"key":"Tiny Chest"},{"floor":13.0,"key":"Art of War"}],"event_choices":[{"damage_healed":0.0,"max_hp_gain":0.0,"max_hp_loss":0.0,"gold_gain":0.0,"event_name":"WeMeetAgain","player_choice":"Paid Gold","floor":2.0,"gold_loss":73.0,"damage_taken":0.0,"relics_obtained":["Vajra"]},{"damage_healed":0.0,"max_hp_gain":0.0,"max_hp_loss":0.0,"gold_gain":0.0,"event_name":"Upgrade Shrine","player_choice":"Upgraded","floor":14.0,"gold_loss":0.0,"damage_taken":0.0,"cards_upgraded":["Blur"]}],"is_beta":false,"boss_relics":[{"not_picked":["Coffee Dripper","Sozu"],"picked":"Fusion Hammer"}],"items_purged_floors":[],"is_endless":false,"potions_floor_spawned":[1,3,5,13,16,21],"killed_by":"Slavers","ascension_level":20}}