{"host":"mfnmuqrd82gyb59l","time":1607897020,"event":{"mods":["BaseMod","ChefMod","Displayed Cursed Tome","Hermit","JesterMod","Luminous","Minty Spire (QoL Compilation)","Robot Space Explorer","Shade Mod","StSLib","The Dragon Tamer","The Hierophant","TheSwordswoman","Thieving Mod"],"gold_per_floor":[119,119,136,19,94,124,124,135,188,188,213,226,244,261,261,363,663,678,692,692,692,617,617,652,652,652,663,683,683,683],"floor_reached":29,"playtime":3042,"items_purged":[],"score":330,"play_id":"6f15b33c-237d-4952-8631-f5745da1a6cb","local_time":"20201214090340","is_ascension_mode":false,"campfire_choices":[{"data":"Shade:AnimateDead","floor":7,"key":"SMITH"},{"data":"Shade:Brains","floor":10,"key":"SMITH"},{"data":"Shade:FleshToFlesh","floor":15,"key":"SMITH"},{"data":"Shade:Putrefaction","floor":23,"key":"SMITH"},{"data":"Apotheosis","floor":25,"key":"SMITH"}],"circlet_count":0,"master_deck":["Shade:Strike_Shade","Shade:Defend_Shade","Shade:Defend_Shade","Shade:Defend_Shade","Shade:AnimateDead+1","Shade:CarefulCut","Shade:SkeletonHug","Shade:FleshToFlesh+1","Shade:FleshOffering","Shade:FleshLikeOak","Shade:Brains+1","Shade:AblativeArmor","Shade:CoffinDance","Shade:TouchOfTheGrave","Shade:Trample","Shade:FingerOfDeath","Shade:Putrefaction+1","CurseOfTheBell","Shade:BoneShards+1","Shade:Bonestorm","Shade:SanguineRitual","Shade:Tombstone","Apotheosis+1","Shade:BoneShards","Shade:Trample","Shade:AuraOfUnlife"],"relics":["Shade:YorickSkull","NeowsBlessing","Vajra","MealTicket","Nunchaku","Calling Bell","Pen Nib","Pear","Old Coin","Pantograph","Eternal Feather"],"acts_visited":["Exordium","TheCity"],"potions_floor_usage":[11,16,29],"damage_taken":[{"damage":0,"enemies":"Cultist","floor":1,"turns":1},{"damage":0,"enemies":"Small Slimes","floor":3,"turns":1},{"damage":0,"enemies":"Gremlin Nob","floor":6,"turns":1},{"damage":0,"enemies":"2 Louse","floor":8,"turns":3},{"damage":17,"enemies":"3 Sentries","floor":11,"turns":10},{"damage":0,"enemies":"Large Slime","floor":12,"turns":8},{"damage":0,"enemies":"Looter","floor":13,"turns":4},{"damage":2,"enemies":"3 Louse","floor":14,"turns":2},{"damage":0,"enemies":"The Guardian","floor":16,"turns":16},{"damage":5,"enemies":"Shell Parasite","floor":18,"turns":6},{"damage":8,"enemies":"2 Thieves","floor":19,"turns":5},{"damage":9,"enemies":"Gremlin Leader","floor":24,"turns":8},{"damage":38,"enemies":"Cultist and Chosen","floor":27,"turns":9},{"damage":12,"enemies":"Centurion and Healer","floor":28,"turns":6},{"damage":29,"enemies":"Slavers","floor":29,"turns":4}],"seed_played":"8788077075488638541","potions_obtained":[{"floor":3,"key":"ColorlessPotion"},{"floor":12,"key":"PowerPotion"},{"floor":13,"key":"GamblersBrew"},{"floor":16,"key":"FearPotion"},{"floor":19,"key":"Weak Potion"},{"floor":24,"key":"FairyPotion"}],"is_trial":false,"path_per_floor":["M","?","M","$","?","E","R","M","T","R","E","M","M","M","R","B",null,"M","M","?","?","?","R","E","R","T","M","M","E"],"character_chosen":"SHADE","items_purchased":["Shade:FleshOffering","Shade:FleshLikeOak"],"campfire_rested":0,"item_purchase_floors":[4,4],"current_hp_per_floor":[65,65,65,65,54,54,54,54,54,54,37,37,37,35,35,35,75,70,62,62,62,62,62,53,53,53,15,3,0,0],"gold":683,"neow_bonus":"THREE_ENEMY_KILL","is_daily":false,"chose_seed":false,"campfire_upgraded":5,"win_rate":0.0,"timestamp":1607897020,"path_taken":["M","?","?","$","?","E","R","M","T","R","E","M","M","M","R","BOSS","M","M","?","?","?","R","E","R","T","M","M","E"],"items_purchased_type":["Card","Card"],"build_version":"2020-11-30","purchased_purges":0,"victory":false,"max_hp_per_floor":[65,65,65,65,65,65,65,65,65,65,65,65,65,65,65,65,75,75,75,75,75,75,75,75,75,75,75,75,75,75],"card_choices":[{"not_picked":["Shade:Doomsay","Shade:BoneShards"],"picked":"Shade:SkeletonHug","floor":1},{"not_picked":["Shade:FreshBones","Shade:FingerOfDeath"],"picked":"Shade:FleshToFlesh","floor":3},{"not_picked":["Shade:Patience","Shade:Consume"],"picked":"Shade:Brains","floor":6},{"not_picked":["Shade:FuneraryArmor","Shade:Brains"],"picked":"Shade:AblativeArmor","floor":8},{"not_picked":["Shade:Frenzy","Shade:DangerousRitual"],"picked":"Shade:CoffinDance","floor":11},{"not_picked":["Shade:AblativeArmor","Shade:CallOfTheGrave"],"picked":"Shade:TouchOfTheGrave","floor":12},{"not_picked":["Shade:GreyBargain","Shade:SkeletonHug"],"picked":"Shade:Trample","floor":13},{"not_picked":["Shade:Carnophage","Shade:Brains"],"picked":"Shade:FingerOfDeath","floor":14},{"not_picked":["Shade:SoulPierce","Shade:Consume"],"picked":"Shade:Putrefaction","floor":16},{"not_picked":["Shade:ExtraLimbs","Shade:AncientSpear"],"picked":"Shade:BoneShards+1","floor":18},{"not_picked":["Shade:OminousRitual","Shade:SkeletonHug"],"picked":"Shade:Bonestorm","floor":19},{"not_picked":["Shade:DangerousRitual","Shade:Haruspicy"],"picked":"Shade:BoneShards","floor":24},{"not_picked":["Shade:Frenzy+1","Shade:ClawBack+1"],"picked":"Shade:Trample","floor":27},{"not_picked":["Shade:FingerOfDeath","Shade:Brains"],"picked":"Shade:AuraOfUnlife","floor":28}],"player_experience":2275355,"relics_obtained":[{"floor":6,"key":"Vajra"},{"floor":9,"key":"MealTicket"},{"floor":11,"key":"Nunchaku"},{"floor":17,"key":"Pen Nib"},{"floor":17,"key":"Pear"},{"floor":17,"key":"Old Coin"},{"floor":24,"key":"Pantograph"},{"floor":26,"key":"Eternal Feather"}],"event_choices":[{"cards_removed":["Shade:Strike_Shade"],"damage_healed":0,"gold_gain":0,"player_choice":"Offered Basic","damage_taken":0,"max_hp_gain":0,"max_hp_loss":0,"event_name":"Bonfire Elementals","floor":2,"gold_loss":0},{"damage_healed":0,"gold_gain":75,"player_choice":"Gather Gold","damage_taken":11,"max_hp_gain":0,"max_hp_loss":0,"event_name":"World of Goop","floor":5,"gold_loss":0},{"damage_healed":0,"gold_gain":0,"cards_transformed":["Shade:Strike_Shade","Shade:Strike_Shade"],"player_choice":"Became Test Subject","damage_taken":0,"max_hp_gain":0,"max_hp_loss":0,"event_name":"Drug Dealer","floor":20,"gold_loss":0,"cards_obtained":["Shade:SanguineRitual","Shade:Tombstone"]},{"cards_removed":["Shade:Defend_Shade"],"damage_healed":0,"gold_gain":0,"player_choice":"Gave Gold","damage_taken":0,"max_hp_gain":0,"max_hp_loss":0,"event_name":"Beggar","floor":22,"gold_loss":75}],"is_beta":false,"boss_relics":[{"not_picked":["Velvet Choker","Sozu"],"picked":"Calling Bell"}],"items_purged_floors":[],"is_endless":false,"potions_floor_spawned":[3,12,13,16,19,24],"killed_by":"Slavers","ascension_level":0}}