{"host":"j0a1jfichhxu8b8p","time":1607871826,"event":{"mods":["BaseMod","Colored Map","DeckTracker","Keyboard Shortcuts","Minty Spire (QoL Compilation)","Permanent Neow","everything is the same but u backflip on backflip"],"gold_per_floor":[115,129,204,154,172,201,218,32,55,55,87,99,99,118,118,213,213,230,41,140,120,35,35,65,65,65,75,75,103,103,117,117,212,212,225,225,225,239,17,45,5,5,5,36,54,74,36,86,86,86],"floor_reached":51,"playtime":2286,"items_purged":["Parasite"],"score":1069,"play_id":"f8f9a6ac-c78a-4d35-a35d-189ffdc56f7c","local_time":"20201214000346","is_ascension_mode":true,"campfire_choices":[{"floor":10.0,"key":"REST"},{"floor":13.0,"key":"REST"},{"data":"Zap","floor":15.0,"key":"SMITH"},{"data":"White Noise","floor":23.0,"key":"SMITH"},{"data":"Self Repair","floor":25.0,"key":"SMITH"},{"data":"Conserve Battery","floor":28.0,"key":"SMITH"},{"data":"Conserve Battery","floor":32,"key":"SMITH"},{"data":"Storm","floor":42,"key":"SMITH"},{"data":"Storm","floor":49,"key":"SMITH"}],"circlet_count":0,"master_deck":["Zap+1","Dualcast","Core Surge","FTL","Ball Lightning","Storm","Conserve Battery+1","Storm+1","Core Surge","Cold Snap","Storm+1","Core Surge","Go for the Eyes","Buffer","Heatsinks","Hello World","Rebound","Lockon+1","Glacier+1","Conserve Battery+1","White Noise+1","Self Repair+1","Heatsinks+1","Conserve Battery","Thunder Strike+1","Madness","Madness+1","Chill","Hologram","Amplify","Hologram+1","Self Repair","Static Discharge+1","Self Repair+1"],"relics":["Cracked Core","Dream Catcher","Blood Vial","Boot","Pandora\u0027s Box","Membership Card","Juzu Bracelet","Bag of Preparation","Meat on the Bone","Oddly Smooth Stone","Nuclear Battery","Medical Kit","Whetstone","War Paint","Gremlin Horn","PreservedInsect","TungstenRod"],"acts_visited":["Exordium","TheCity","TheBeyond"],"potions_floor_usage":[29,40,44,50],"damage_taken":[{"damage":12.0,"enemies":"Jaw Worm","floor":1.0,"turns":2.0},{"damage":0.0,"enemies":"2 Louse","floor":2.0,"turns":2.0},{"damage":0.0,"enemies":"Small Slimes","floor":5.0,"turns":2.0},{"damage":30.0,"enemies":"Lagavulin","floor":6.0,"turns":6.0},{"damage":0.0,"enemies":"Looter","floor":7.0,"turns":2.0},{"damage":11.0,"enemies":"3 Sentries","floor":11.0,"turns":7.0},{"damage":19.0,"enemies":"3 Louse","floor":12.0,"turns":3.0},{"damage":10.0,"enemies":"2 Fungi Beasts","floor":14.0,"turns":3.0},{"damage":11.0,"enemies":"Slime Boss","floor":16.0,"turns":9.0},{"damage":5.0,"enemies":"Chosen","floor":18.0,"turns":3.0},{"damage":11.0,"enemies":"2 Thieves","floor":21.0,"turns":5.0},{"damage":23.0,"enemies":"Gremlin Leader","floor":24.0,"turns":5.0},{"damage":21.0,"enemies":"Snake Plant","floor":27.0,"turns":3.0},{"damage":19,"enemies":"Slavers","floor":29,"turns":4},{"damage":16,"enemies":"Shelled Parasite and Fungi","floor":31,"turns":5},{"damage":22,"enemies":"Automaton","floor":33,"turns":7},{"damage":3,"enemies":"Orb Walker","floor":35,"turns":3},{"damage":1,"enemies":"3 Shapes","floor":38,"turns":4},{"damage":50,"enemies":"Reptomancer","floor":40,"turns":5},{"damage":35,"enemies":"Giant Head","floor":44,"turns":7},{"damage":9,"enemies":"Writhing Mass","floor":45,"turns":4},{"damage":7,"enemies":"Maw","floor":46,"turns":4},{"damage":0,"enemies":"Mind Bloom Boss Battle","floor":48,"turns":6},{"damage":47,"enemies":"Time Eater","floor":50,"turns":6}],"seed_played":"-1825755338144057215","potions_obtained":[{"floor":1.0,"key":"Regen Potion"},{"floor":2.0,"key":"GamblersBrew"},{"floor":5.0,"key":"Fire Potion"},{"floor":6.0,"key":"SteroidPotion"},{"floor":14.0,"key":"EssenceOfSteel"},{"floor":24.0,"key":"Energy Potion"},{"floor":27.0,"key":"PowerPotion"},{"floor":31,"key":"AttackPotion"},{"floor":48,"key":"LiquidMemories"}],"is_trial":false,"path_per_floor":["M","M","?","?","M","E","M","$","T","R","E","M","R","M","R","B",null,"M","$","?","M","?","R","E","R","T","M","R","E","?","M","R","B",null,"M","?","?","M","$","E","$","R","T","E","M","M","$","?","R","B",null],"character_chosen":"DEFECT","items_purchased":["Storm","Core Surge","Membership Card","Self Repair","Amplify","Medical Kit","Whetstone","Self Repair"],"campfire_rested":2,"item_purchase_floors":[8,8,19,19,39,39,39,41],"current_hp_per_floor":[56,56,45,45,45,15,20,20,20,42,33,16,38,30,30,21,62,59,59,59,50,50,50,29,29,29,32,32,37,62,58,58,48,68,75,66,66,75,75,47,47,47,47,53,53,58,58,72,72,54],"gold":86,"neow_bonus":"ONE_RANDOM_RARE_CARD","is_daily":false,"chose_seed":false,"campfire_upgraded":7,"win_rate":0.0,"timestamp":1607871826,"path_taken":["M","M","?","?","M","E","M","$","T","R","E","M","R","M","R","BOSS","M","$","?","M","?","R","E","R","T","M","R","E","?","M","R","BOSS","M","?","?","M","$","E","$","R","T","E","M","M","$","?","R","BOSS"],"items_purchased_type":["Card","Card","Relic","Card","Card","Relic","Relic","Card"],"build_version":"2020-11-30","purchased_purges":1,"victory":true,"max_hp_per_floor":[75,75,75,75,75,75,75,75,75,75,75,75,75,75,75,75,75,75,75,75,75,75,75,75,75,75,75,75,75,75,75,75,75,75,75,75,75,75,75,75,75,75,75,75,75,75,72,72,72,72],"card_choices":[{"not_picked":["Ball Lightning","Turbo"],"picked":"FTL","floor":1.0},{"not_picked":["Hello World","FTL"],"picked":"Ball Lightning","floor":2.0},{"not_picked":["Cold Snap","Tempest"],"picked":"Storm","floor":5.0},{"not_picked":["Double Energy","Cold Snap"],"picked":"Conserve Battery","floor":6.0},{"not_picked":["Streamline","Barrage","Blizzard"],"picked":"SKIP","floor":7.0},{"not_picked":["Streamline","Sweeping Beam"],"picked":"Cold Snap","floor":10.0},{"not_picked":["Conserve Battery","Cold Snap"],"picked":"Storm","floor":11.0},{"not_picked":["Fusion","Scrape","Leap"],"picked":"SKIP","floor":12.0},{"not_picked":["Coolheaded","Conserve Battery"],"picked":"Core Surge","floor":13.0},{"not_picked":["Beam Cell","Redo"],"picked":"Go for the Eyes","floor":14.0},{"not_picked":["Meteor Strike","Machine Learning"],"picked":"Buffer","floor":16.0},{"not_picked":["Barrage+1","Gash"],"picked":"White Noise","floor":18.0},{"not_picked":["Hello World","Steam Power"],"picked":"Heatsinks+1","floor":21.0},{"not_picked":["Hyperbeam","Auto Shields"],"picked":"Conserve Battery","floor":24.0},{"not_picked":["Rebound","Barrage+1","Aggregate"],"picked":"SKIP","floor":27.0},{"not_picked":["Sweeping Beam","Blizzard","Leap"],"picked":"SKIP","floor":29},{"not_picked":["Fission","Cold Snap","Redo"],"picked":"SKIP","floor":31},{"not_picked":["Reboot","Fission"],"picked":"Thunder Strike","floor":33},{"not_picked":["Ball Lightning+1","Sweeping Beam+1","Scrape"],"picked":"SKIP","floor":35},{"not_picked":["Darkness+1","Compile Driver"],"picked":"Hologram","floor":38},{"not_picked":["Melter","Scrape"],"picked":"Hologram+1","floor":40},{"not_picked":["Conserve Battery+1","Sunder"],"picked":"Static Discharge+1","floor":44},{"not_picked":["Streamline+1","Rebound"],"picked":"Self Repair+1","floor":45},{"not_picked":["Leap","Sweeping Beam","FTL"],"picked":"SKIP","floor":46}],"player_experience":296814,"relics_obtained":[{"floor":6.0,"key":"Dream Catcher"},{"floor":9.0,"key":"Blood Vial"},{"floor":11.0,"key":"Boot"},{"floor":24.0,"key":"Bag of Preparation"},{"floor":26.0,"key":"Meat on the Bone"},{"floor":29,"key":"Oddly Smooth Stone"},{"floor":40,"key":"War Paint"},{"floor":43,"key":"Gremlin Horn"},{"floor":44,"key":"PreservedInsect"},{"floor":48,"key":"TungstenRod"}],"event_choices":[{"damage_healed":0.0,"max_hp_gain":0.0,"max_hp_loss":0.0,"gold_gain":75.0,"event_name":"World of Goop","player_choice":"Gather Gold","floor":3.0,"gold_loss":0.0,"damage_taken":11.0},{"cards_removed":["Strike_B"],"damage_healed":0.0,"max_hp_gain":0.0,"max_hp_loss":0.0,"gold_gain":0.0,"event_name":"The Cleric","player_choice":"Card Removal","floor":4.0,"gold_loss":50.0,"damage_taken":0.0},{"damage_healed":0.0,"max_hp_gain":0.0,"max_hp_loss":0.0,"gold_gain":99.0,"event_name":"Nest","player_choice":"Stole From Cult","floor":20.0,"gold_loss":0.0,"damage_taken":0.0},{"damage_healed":0.0,"max_hp_gain":0.0,"max_hp_loss":0.0,"gold_gain":0.0,"event_name":"Addict","player_choice":"Obtained Relic","floor":22.0,"gold_loss":85.0,"damage_taken":0.0,"relics_obtained":["Juzu Bracelet"]},{"damage_healed":25,"gold_gain":0,"player_choice":"Heal","damage_taken":0,"max_hp_gain":0,"max_hp_loss":0,"event_name":"The Library","floor":30,"gold_loss":0},{"damage_healed":0,"gold_gain":0,"player_choice":"Embrace Madness","damage_taken":9,"max_hp_gain":0,"max_hp_loss":0,"event_name":"Winding Halls","floor":36,"gold_loss":0,"cards_obtained":["Madness","Madness"]},{"damage_healed":0,"gold_gain":0,"cards_transformed":["Beam Cell"],"player_choice":"Transformed","damage_taken":0,"max_hp_gain":0,"max_hp_loss":0,"event_name":"Transmorgrifier","floor":37,"gold_loss":0,"cards_obtained":["Chill"]},{"damage_healed":0,"gold_gain":0,"player_choice":"Fight","damage_taken":0,"max_hp_gain":0,"max_hp_loss":0,"event_name":"MindBloom","floor":48,"gold_loss":0}],"is_beta":false,"boss_relics":[{"not_picked":["Snecko Eye","Runic Dome"],"picked":"Pandora\u0027s Box"},{"not_picked":["Philosopher\u0027s Stone","Cursed Key"],"picked":"Nuclear Battery"}],"items_purged_floors":[47],"is_endless":false,"potions_floor_spawned":[1,2,5,6,14,24,27,31,35,38,48],"ascension_level":9}}