{"host":"5u4m3sklrpw6xc20","time":1607819520,"event":{"mods":["2.2 Compatiblity","BaseMod","Better Third Choice","CapriCore","Colored Map","Hubris","Infinite Spire","Luminous","Minty Spire (QoL Compilation)","Permanent Neow","Replay The Spire","Robot Space Explorer","Spicy Shops","StSLib","SuperFastMode"],"gold_per_floor":[115,115,135,60,60,60,73,9999139,9999185,9999197,9999217,9999217,9998427,9998437,9998437,9998533,9998533,9998543,9998458,9997942,9997942,9997955,9997955,9997955,9997989,9997989,9997989,9998006,9998006,9998006,9998035,9998035,9998138,9998138,9998157,9998171,9998171,9997698,9997716,9997747,9997757,9997769,9997769,9997769,9997769,9997769,9997800,9997817,9997817,9997817,9997817,9997817,9997083,9997117,9997117,9997117],"floor_reached":55,"playtime":2021,"items_purged":["RobotSpaceExplorer:Strike","RobotSpaceExplorer:Strike","RobotSpaceExplorer:Strike","RobotSpaceExplorer:Defend","RobotSpaceExplorer:Defend","RobotSpaceExplorer:Defend","Regret","RobotSpaceExplorer:ImprovisedAttack+1"],"score":1205,"play_id":"7d0324b3-7e41-4560-b911-d4bcc1203888","local_time":"20201212183159","is_ascension_mode":false,"campfire_choices":[{"data":"RobotSpaceExplorer:ImprovisedAttack","floor":6,"key":"SMITH"},{"data":"Pot Of Greed","floor":12,"key":"SMITH"},{"data":"RobotSpaceExplorer:ScrapToss","floor":15,"key":"SMITH"},{"floor":23,"key":"RECALL"},{"floor":27,"key":"REST"},{"floor":32,"key":"REST"},{"data":"Replay:Fractal Strike","floor":46,"key":"SMITH"},{"data":"Pot Of Greed","floor":49,"key":"SMITH"},{"floor":52,"key":"REST"}],"circlet_count":0,"master_deck":["RobotSpaceExplorer:Defend+1","RobotSpaceExplorer:Scan+1","RobotSpaceExplorer:MiniLasers+1","Pot Of Greed+1","RobotSpaceExplorer:ScrapMissile+1","RobotSpaceExplorer:ScrapToss+1","RobotSpaceExplorer:ScrapMissile+1","Replay:Fractal Strike+1","Pot Of Greed+1"],"relics":["RobotSpaceExplorer:RoboCore","infinitespire:WardingShard","Grinning Jar","ClockworkSouvenir","Pet Ghost","Replay:Rubber Ducky","Ancient Tea Set","hubris:OldNail","Lantern","Membership Card","Replay:Baseball","Sozu","hubris:FunFungus","ReplayFunnel","Potion Belt","MealTicket","Guide Book","infinitespire:Lucky Rock","MutagenicStrength","Centennial Puzzle","hubris:BottledHeart","infinitespire:Bottled Soul","infinitespire:CheckeredPen","hubris:VirtuousBlindfold","Chemical X","Mirror","hubris:BottledRain","Strawberry","Snack Pack","Lizard Tail","StoneCalendar","Replay:Accelerometer","RobotSpaceExplorer:SlideRule","hubris:Metronome","hubris:ToyBattleship","Mummified Hand","OrangePellets","hubris:Zylophone"],"acts_visited":["Exordium","TheCity","TheBeyond","TheEnding"],"potions_floor_usage":[55,55,55],"damage_taken":[{"damage":0,"enemies":"Jaw Worm","floor":1,"turns":3},{"damage":0,"enemies":"Cultist","floor":3,"turns":3},{"damage":0,"enemies":"Small Slimes","floor":7,"turns":3},{"damage":0,"enemies":"Exordium Wildlife","floor":10,"turns":3},{"damage":0,"enemies":"Lots of Slimes","floor":11,"turns":2},{"damage":0,"enemies":"3 Louse","floor":14,"turns":1},{"damage":0,"enemies":"Slime Boss","floor":16,"turns":5},{"damage":0,"enemies":"Shell Parasite","floor":18,"turns":2},{"damage":0,"enemies":"Chosen","floor":22,"turns":1},{"damage":0,"enemies":"Gremlin Leader","floor":25,"turns":1},{"damage":0,"enemies":"Shelled Parasite and Fungi","floor":28,"turns":1},{"damage":0,"enemies":"Slavers","floor":31,"turns":1},{"damage":0,"enemies":"Champ","floor":33,"turns":2},{"damage":0,"enemies":"3 Shapes","floor":35,"turns":1},{"damage":0,"enemies":"3 Darklings","floor":36,"turns":1},{"damage":0,"enemies":"4 Shapes","floor":39,"turns":1},{"damage":0,"enemies":"R_Hoarder","floor":40,"turns":4},{"damage":0,"enemies":"Spire Growth","floor":41,"turns":1},{"damage":0,"enemies":"Transient","floor":42,"turns":5},{"damage":0,"enemies":"Giant Head","floor":47,"turns":1},{"damage":0,"enemies":"Writhing Mass","floor":48,"turns":1},{"damage":0,"enemies":"Donu and Deca","floor":50,"turns":1},{"damage":0,"enemies":"Shield and Spear","floor":54,"turns":1},{"damage":2,"enemies":"The Heart","floor":55,"turns":1}],"seed_played":"3306814607550553483","potions_obtained":[{"floor":1,"key":"Strength Potion"},{"floor":7,"key":"Weak Potion"},{"floor":14,"key":"Strength Potion"}],"is_trial":false,"path_per_floor":["M","?","M","$","?","R","M","$","T","M","M","R","$","M","R","B",null,"M","?","$","?","M","R","?","E","T","R","M","?","T","E","R","B",null,"M","M","?","$","M","E","M","M","T","?","?","R","E","M","R","B",null,"R","$","E","B"],"character_chosen":"RobotSpaceExplorer","items_purchased":["infinitespire:WardingShard","Grinning Jar","ClockworkSouvenir","Pet Ghost","Ancient Tea Set","hubris:OldNail","Lantern","Membership Card","Replay:Baseball","ReplayFunnel","Potion Belt","MealTicket","Guide Book","infinitespire:Lucky Rock","Chemical X","Mirror","hubris:BottledRain","Strawberry","Replay:Accelerometer","RobotSpaceExplorer:SlideRule","hubris:Metronome","hubris:ToyBattleship","Mummified Hand","OrangePellets"],"campfire_rested":3,"item_purchase_floors":[8,8,8,8,13,13,13,13,13,20,20,20,20,20,38,38,38,38,53,53,53,53,53,53],"current_hp_per_floor":[75,75,75,75,75,75,75,75,75,75,75,75,75,75,75,75,75,75,75,75,75,75,75,75,75,75,75,75,1,1,1,1,1,1,1,1,1,1,1,1,1,1,1,1,1,1,1,1,1,1,1,1,1,1,0,0],"gold":9997117,"neow_bonus":"REMOVE_CARD","is_daily":false,"chose_seed":false,"campfire_upgraded":5,"win_rate":0.0,"timestamp":1607819519,"path_taken":["M","?","?","$","?","R","M","$","T","M","M","R","?","?","R","BOSS","M","?","?","?","M","R","?","E","T","R","?","?","?","E","R","BOSS","M","M","?","$","?","E","M","M","T","?","?","R","E","?","R","BOSS","R","$","E","BOSS"],"items_purchased_type":["Relic","Relic","Relic","Relic","Relic","Relic","Relic","Relic","Relic","Relic","Relic","Relic","Relic","Relic","Relic","Relic","Relic","Relic","Relic","Relic","Relic","Relic","Relic","Relic"],"build_version":"2020-11-30","purchased_purges":8,"victory":false,"max_hp_per_floor":[75,75,75,75,75,75,75,75,75,75,75,75,75,75,75,75,75,75,75,75,75,75,75,75,75,75,75,75,1,1,1,1,1,1,1,1,1,1,1,1,1,1,1,1,1,1,1,1,1,1,1,1,1,1,1,1],"card_choices":[{"not_picked":["RobotSpaceExplorer:MakeshiftVolley","RobotSpaceExplorer:FreezeRay"],"picked":"RobotSpaceExplorer:ImprovisedAttack","floor":1},{"not_picked":["RobotSpaceExplorer:MetalStrike","RobotSpaceExplorer:ShockKick","RobotSpaceExplorer:ImprovisedAttack"],"picked":"SKIP","floor":3},{"not_picked":["RobotSpaceExplorer:PowerGlove","RobotSpaceExplorer:FrostMissile","RobotSpaceExplorer:SelfCleaning"],"picked":"SKIP","floor":7},{"not_picked":["RobotSpaceExplorer:SlimeMissile","RobotSpaceExplorer:FranticSearch"],"picked":"RobotSpaceExplorer:ScrapMissile","floor":10},{"not_picked":["RobotSpaceExplorer:SurgingShield","RobotSpaceExplorer:Pulsar"],"picked":"RobotSpaceExplorer:ScrapToss","floor":11},{"not_picked":["RobotSpaceExplorer:ScrapMissile","RobotSpaceExplorer:Pulsar","RobotSpaceExplorer:GlueSpray"],"picked":"SKIP","floor":14},{"not_picked":["RobotSpaceExplorer:FranticSearch","RobotSpaceExplorer:SurgingStrike+1","RobotSpaceExplorer:MakeshiftVolley+1"],"picked":"SKIP","floor":18},{"not_picked":["RobotSpaceExplorer:Counterblock","RobotSpaceExplorer:ExhaustFan","RobotSpaceExplorer:FreezeRay"],"picked":"SKIP","floor":22},{"not_picked":["RobotSpaceExplorer:DroneSwarm","RobotSpaceExplorer:FrostMissile","RobotSpaceExplorer:StunGrenade"],"picked":"SKIP","floor":25},{"not_picked":["RobotSpaceExplorer:Ammunition+1","RobotSpaceExplorer:MiniDrones"],"picked":"RobotSpaceExplorer:ScrapMissile+1","floor":28},{"not_picked":["RobotSpaceExplorer:SwiftStep","RobotSpaceExplorer:ImprovisedAttack+1","RobotSpaceExplorer:DoubleBlock"],"picked":"SKIP","floor":31},{"not_picked":["RobotSpaceExplorer:Counterblock+1","RobotSpaceExplorer:ShovelStrike","RobotSpaceExplorer:StarDust+1"],"picked":"SKIP","floor":35},{"not_picked":["RobotSpaceExplorer:GlueSpray+1","RobotSpaceExplorer:PowerCollector","RobotSpaceExplorer:FrostMissile"],"picked":"SKIP","floor":36},{"not_picked":["RobotSpaceExplorer:ShovelStrike+1","RobotSpaceExplorer:PowerGlove","RobotSpaceExplorer:BigMissile"],"picked":"SKIP","floor":39},{"not_picked":["RobotSpaceExplorer:Wormhole","RobotSpaceExplorer:FranticSearch+1","RobotSpaceExplorer:ToxicBomb+1"],"picked":"SKIP","floor":40},{"not_picked":["RobotSpaceExplorer:SlimeMissile","RobotSpaceExplorer:GlueShot+1","RobotSpaceExplorer:Ammunition"],"picked":"SKIP","floor":41},{"not_picked":["RobotSpaceExplorer:FranticSearch","RobotSpaceExplorer:MakeshiftVolley","RobotSpaceExplorer:Probe+1"],"picked":"SKIP","floor":42},{"not_picked":["infinitespire:FutureSight","infinitespire:UltimateForm"],"picked":"Replay:Fractal Strike","floor":44},{"not_picked":["RobotSpaceExplorer:Ammunition","RobotSpaceExplorer:LaserBurst+1","RobotSpaceExplorer:Asteroid"],"picked":"SKIP","floor":47},{"not_picked":["RobotSpaceExplorer:GearShield+1","RobotSpaceExplorer:MetalStrike","RobotSpaceExplorer:ScrapMissile+1"],"picked":"SKIP","floor":48},{"not_picked":["RobotSpaceExplorer:ScrapMissile+1","RobotSpaceExplorer:Calculate+1","RobotSpaceExplorer:StunGrenade+1"],"picked":"SKIP","floor":54},{"not_picked":["RobotSpaceExplorer:ScrapMissile+1","RobotSpaceExplorer:Calculate+1","RobotSpaceExplorer:StunGrenade+1"],"picked":"SKIP","floor":54}],"player_experience":194014,"relics_obtained":[{"floor":9,"key":"Replay:Rubber Ducky"},{"floor":25,"key":"Centennial Puzzle"},{"floor":30,"key":"infinitespire:Bottled Soul"},{"floor":31,"key":"infinitespire:CheckeredPen"},{"floor":40,"key":"Snack Pack"},{"floor":43,"key":"Lizard Tail"},{"floor":47,"key":"StoneCalendar"},{"floor":54,"key":"hubris:Zylophone"}],"event_choices":[{"damage_healed":0,"gold_gain":0,"player_choice":"Forge","damage_taken":0,"max_hp_gain":0,"max_hp_loss":0,"event_name":"Accursed Blacksmith","floor":2,"gold_loss":0,"cards_upgraded":["RobotSpaceExplorer:MiniLasers"]},{"damage_healed":0,"gold_gain":0,"player_choice":"Obtained Relic","damage_taken":0,"relics_obtained":["hubris:FunFungus"],"max_hp_gain":0,"max_hp_loss":0,"event_name":"Addict","floor":19,"gold_loss":85},{"damage_healed":0,"gold_gain":0,"player_choice":"Ignored","damage_taken":0,"max_hp_gain":0,"max_hp_loss":0,"event_name":"Ghosts","floor":21,"gold_loss":0},{"damage_healed":0,"gold_gain":0,"player_choice":"Inject Mutagens","damage_taken":0,"relics_obtained":["MutagenicStrength"],"max_hp_gain":0,"max_hp_loss":0,"event_name":"Drug Dealer","floor":24,"gold_loss":0},{"damage_healed":0,"gold_gain":0,"player_choice":"Ignored","damage_taken":0,"max_hp_gain":0,"max_hp_loss":0,"event_name":"Upgrade Shrine","floor":37,"gold_loss":0},{"damage_healed":0,"gold_gain":0,"player_choice":"Bought 0 Potions","damage_taken":0,"max_hp_gain":0,"max_hp_loss":0,"event_name":"The Woman in Blue","floor":45,"gold_loss":0}],"is_beta":false,"boss_relics":[{"not_picked":["Replay:Bronze Core","hubris:TerracottaHorce","Black Star"]},{"not_picked":["hubris:GrandSneckoEye","Astrolabe"],"picked":"hubris:VirtuousBlindfold"}],"items_purged_floors":[4,8,8,13,20,20,38,53],"is_endless":false,"potions_floor_spawned":[1,7,14,16,18,28,31,33,36,40,42,47,48],"killed_by":"The Heart","ascension_level":0}}