{"host":"nukjzc0ca34w6eem","time":1607834191,"event":{"mods":["2.2 Compatiblity","AchievementEnabler","BaseMod","Colored Powertips","Minty Spire (QoL Compilation)","StSLib","The Animator"],"gold_per_floor":[128,140,65,90,114,114,64,64,109,143,156,171,238,238,238,366,366,381,406,442,85,100,143,167,219,219,219,219,244,78,116,116,241,304,337,358,99,113,128,128,171,171,171,234,58,58,94,107,107,107,107,107,500,550,605,679,499,499,574,654,654,654,654,654],"floor_reached":63,"playtime":8627,"items_purged":["animator:Strike","animator:Defend","animator:Defend","animator:Strike","animator:Defend"],"score":1094,"play_id":"95b84f6f-3e64-4cd9-b88c-97f0347fd89a","local_time":"20201212203631","is_ascension_mode":true,"campfire_choices":[{"data":"animator:Rena","floor":6.0,"key":"SMITH"},{"data":"animator:Laby","floor":15.0,"key":"SMITH"},{"floor":28.0,"key":"REST"},{"data":"animator:Tyuule","floor":32.0,"key":"SMITH"},{"floor":40.0,"key":"RECALL"},{"data":"Parasite","floor":46.0,"key":"PURGE"},{"data":"animator:Kaijin","floor":49.0,"key":"SMITH"},{"data":"animator:KrulTepes","floor":52.0,"key":"PURGE"},{"floor":62,"key":"REST"}],"circlet_count":0,"master_deck":["animator:Strike_GATE","animator:Defend_GATE","animator:TukaLunaMarceau+1","animator:Kuribayashi","animator:Raven","animator:Elsword","animator:Rena+1","animator:YaoHaDucy","animator:Laby","animator:Lu+1","animator:Elesis+2","animator:LizardPriest","animator:DwarfShaman+1","animator:Ciel","animator:LeleiLaLalena","animator:Arpeggio+1","animator:Tyuule","animator:Archer+1","animator:Archer+1","animator:Biyorigo+1","animator:Kaijin","animator:Canti"],"relics":["animator:TheEgnaroPiece","animator:LivingPicture","animator:TheMissingPiece","animator:AncientMedallion"],"acts_visited":["TheEnding","EYB:TheUnnamedReign"],"potions_floor_usage":[60,63],"damage_taken":[{"damage":0.0,"enemies":"Small Slimes","floor":1.0,"turns":2.0},{"damage":0.0,"enemies":"Jaw Worm","floor":2.0,"turns":1.0},{"damage":0.0,"enemies":"Cultist","floor":4.0,"turns":1.0},{"damage":19.0,"enemies":"Gremlin Gang","floor":5.0,"turns":5.0},{"damage":0.0,"enemies":"Lagavulin","floor":10.0,"turns":4.0},{"damage":2.0,"enemies":"Blue Slaver","floor":11.0,"turns":3.0},{"damage":0.0,"enemies":"Looter","floor":12.0,"turns":2.0},{"damage":16.0,"enemies":"3 Sentries","floor":13.0,"turns":6.0},{"damage":22.0,"enemies":"The Guardian","floor":16.0,"turns":10.0},{"damage":0.0,"enemies":"Chosen","floor":18.0,"turns":5.0},{"damage":13.0,"enemies":"Shell Parasite","floor":19.0,"turns":7.0},{"damage":24.0,"enemies":"Masked Bandits","floor":20.0,"turns":4.0},{"damage":0.0,"enemies":"Chosen and Byrds","floor":22.0,"turns":4.0},{"damage":28.0,"enemies":"Slavers","floor":23.0,"turns":6.0},{"damage":14.0,"enemies":"Snecko","floor":24.0,"turns":7.0},{"damage":20.0,"enemies":"Gremlin Leader","floor":25.0,"turns":6.0},{"damage":9.0,"enemies":"Centurion and Healer","floor":29.0,"turns":5.0},{"damage":14.0,"enemies":"animator:HornedBat","floor":31.0,"turns":4.0},{"damage":0.0,"enemies":"Automaton","floor":33.0,"turns":9.0},{"damage":3.0,"enemies":"Orb Walker","floor":35.0,"turns":3.0},{"damage":9.0,"enemies":"3 Shapes","floor":36.0,"turns":4.0},{"damage":23.0,"enemies":"Writhing Mass","floor":38.0,"turns":6.0},{"damage":20.0,"enemies":"Spire Growth","floor":39.0,"turns":5.0},{"damage":51.0,"enemies":"Reptomancer","floor":41.0,"turns":5.0},{"damage":0.0,"enemies":"Mind Bloom Boss Battle","floor":44.0,"turns":5.0},{"damage":3.0,"enemies":"Nemesis","floor":47.0,"turns":3.0},{"damage":22.0,"enemies":"Transient","floor":48.0,"turns":5.0},{"damage":40.0,"enemies":"Donu and Deca","floor":50.0,"turns":7.0},{"damage":0.0,"enemies":"animator:UNNAMED_CULTIST_1","floor":54.0,"turns":9.0},{"damage":0.0,"enemies":"animator:UNNAMED_HAT","floor":55.0,"turns":12.0},{"damage":47.0,"enemies":"animator:UNNAMED_CULTIST_2","floor":59.0,"turns":12.0},{"damage":46,"enemies":"animator:LARGE_CRYSTAL","floor":60,"turns":6},{"damage":19,"enemies":"animator:ULTIMATE_WISP","floor":63,"turns":4}],"seed_played":"3729015469047345432","potions_obtained":[{"floor":1.0,"key":"DistilledChaos"},{"floor":2.0,"key":"SteroidPotion"},{"floor":10.0,"key":"SteroidPotion"},{"floor":12.0,"key":"SmokeBomb"},{"floor":13.0,"key":"Ancient Potion"},{"floor":16.0,"key":"ColorlessPotion"},{"floor":19.0,"key":"PowerPotion"},{"floor":20.0,"key":"SteroidPotion"},{"floor":29.0,"key":"EssenceOfSteel"},{"floor":31.0,"key":"EssenceOfSteel"},{"floor":34.0,"key":"Fruit Juice"},{"floor":38.0,"key":"PowerPotion"},{"floor":41.0,"key":"ColorlessPotion"},{"floor":47.0,"key":"LiquidMemories"},{"floor":48.0,"key":"Block Potion"},{"floor":54.0,"key":"animator:FalseLifePotion"},{"floor":55.0,"key":"animator:FalseLifePotion"},{"floor":59.0,"key":"animator:FalseLifePotion"},{"floor":60,"key":"animator:FalseLifePotion"}],"is_trial":false,"path_per_floor":["M","M","$","M","M","R","?","?","T","E","M","M","E","T","R","B",null,"M","M","?","$","M","E","M","E","T","?","R","M","$","E","R","B",null,"M","M","$","M","M","R","E","?","T","?","$","R","E","M","R","B",null,"R","??","M","M","T","?","$","M","M","?","R","E"],"character_chosen":"THE_ANIMATOR","items_purchased":["Singing Bowl","animator:KrulTepes","Membership Card","Vajra","animator:Biyorigo","animator:Kaijin"],"campfire_rested":2,"item_purchase_floors":[21,30,37,37,45,45],"current_hp_per_floor":[66,67,67,67,48,48,48,48,48,49,47,47,31,31,31,23,65,65,52,40,40,41,27,27,19,19,19,40,45,45,44,44,48,85,82,77,77,58,54,54,17,17,17,33,33,33,46,51,51,37,94,94,86,86,86,86,86,86,39,1,1,26,15,15],"gold":654,"neow_bonus":"THREE_ENEMY_KILL","is_daily":false,"chose_seed":false,"campfire_upgraded":4,"win_rate":0.0,"timestamp":1607834191,"path_taken":["M","M","$","M","M","R","?","?","T","E","M","M","E","?","R","BOSS","M","M","?","$","M","E","M","E","T","?","R","M","$","E","R","BOSS","M","M","$","?","?","R","E","?","T","?","$","R","E","M","R","BOSS","R","??","M","M","T","?","$","M","M","?","R","E"],"items_purchased_type":["Relic","Card","Relic","Relic","Card","Card"],"build_version":"2020-11-30","purchased_purges":5,"victory":false,"max_hp_per_floor":[66,67,67,67,67,67,67,62,62,63,63,63,63,63,63,65,65,65,65,65,65,66,68,70,70,70,70,70,72,72,73,73,75,85,85,87,87,89,91,91,91,91,91,93,93,90,92,94,94,94,94,94,86,86,86,86,86,86,86,86,86,86,86,86],"card_choices":[{"not_picked":["animator:Evileye","animator:Demiurge"],"picked":"animator:Raven","floor":1.0},{"not_picked":["animator:Melzalgald","animator:TukaLunaMarceau"],"picked":"animator:Elsword","floor":2.0},{"not_picked":["animator:Hakurou","animator:Sebas"],"picked":"animator:Rena","floor":4.0},{"not_picked":["animator:Bozes","animator:TukaLunaMarceau"],"picked":"animator:YaoHaDucy","floor":5.0},{"not_picked":["animator:KyokoSakura","animator:FielNirvalen"],"picked":"animator:Laby","floor":10.0},{"not_picked":["animator:Cocytus","animator:Sloth","animator:IrohaTamaki"],"picked":"SKIP","floor":11.0},{"not_picked":["animator:Berserker","animator:Illya","animator:Caster"],"picked":"SKIP","floor":12.0},{"not_picked":["animator:Laby","animator:Elsword"],"picked":"animator:Lu","floor":13.0},{"not_picked":["animator:Ainz","animator:Boros"],"picked":"animator:Elesis","floor":16.0},{"not_picked":["animator:Shigure","animator:NarberalGamma+1"],"picked":"animator:LizardPriest+1","floor":18.0},{"not_picked":["animator:Demiurge","animator:Mikaela"],"picked":"animator:DwarfShaman+1","floor":19.0},{"not_picked":["animator:IzunaHatsuse","animator:Assassin"],"picked":"animator:Ciel","floor":20.0},{"not_picked":["animator:Konayuki","animator:Scar"],"picked":"animator:LeleiLaLalena","floor":22.0},{"not_picked":["animator:Rena","animator:Elsword","animator:Raven"],"picked":"Singing Bowl","floor":23.0},{"not_picked":["animator:DolaSchwi","animator:DolaCouronne","animator:Emonzaemon+1"],"picked":"Singing Bowl","floor":24.0},{"not_picked":["animator:MumenRider","animator:Millim"],"picked":"animator:Arpeggio","floor":25.0},{"not_picked":["animator:Kazuma","animator:Add","animator:CrowleyEusford"],"picked":"Singing Bowl","floor":29.0},{"not_picked":["animator:YaoHaDucy","animator:Arpeggio"],"picked":"animator:Tyuule","floor":31.0},{"not_picked":["animator:PinaCoLada","animator:MadokaKaname","animator:Eris"],"picked":"Singing Bowl","floor":33.0},{"not_picked":["animator:Priestess","animator:Millim"],"picked":"animator:IrohaTamaki","floor":34.0},{"not_picked":["animator:DolaCouronne+1","animator:Evileye"],"picked":"animator:Archer","floor":35.0},{"not_picked":["animator:Sonic+1","animator:SakuraMatou","animator:Tet"],"picked":"Singing Bowl","floor":36.0},{"not_picked":["animator:Nanami","animator:LizardPriest","animator:Shigure"],"picked":"Singing Bowl","floor":38.0},{"not_picked":["animator:Arpeggio","animator:Tyuule","animator:PinaCoLada"],"picked":"Singing Bowl","floor":39.0},{"not_picked":["animator:Guy","animator:RoyMustang"],"picked":"animator:Archer","floor":41.0},{"not_picked":["animator:YaoHaDucy+1","animator:ChaikaBohdan","animator:Azekura"],"picked":"Singing Bowl","floor":44.0},{"not_picked":["animator:Hakurou","animator:Kazuma+1","animator:Rider+1"],"picked":"Singing Bowl","floor":47.0},{"not_picked":["animator:Chung","animator:Hakurou+1","animator:IrohaTamaki"],"picked":"Singing Bowl","floor":48.0},{"not_picked":["animator:KyokoSakura","animator:UneriGinkaku","animator:Kazuma"],"picked":"SKIP","floor":55.0},{"not_picked":["animator:Hitei","animator:Ara","animator:ShinjiMatou"],"picked":"SKIP","floor":59.0},{"not_picked":["animator:Arpeggio","animator:Illya+1","animator:Shichika"],"picked":"SKIP","floor":60},{"not_picked":["animator:Kagari","animator:TakanashiRikka"],"picked":"animator:Canti","floor":61}],"player_experience":292991,"relics_obtained":[{"floor":9.0,"key":"Happy Flower"},{"floor":10.0,"key":"PreservedInsect"},{"floor":13.0,"key":"Nunchaku"},{"floor":14.0,"key":"Meat on the Bone"},{"floor":20.0,"key":"Red Mask"},{"floor":23.0,"key":"War Paint"},{"floor":25.0,"key":"animator:OldCoffin"},{"floor":31.0,"key":"Blood Vial"},{"floor":31.0,"key":"The Courier"},{"floor":41.0,"key":"Bronze Scales"},{"floor":43.0,"key":"Peace Pipe"},{"floor":44.0,"key":"animator:HallowedScabbard"},{"floor":47.0,"key":"Blood Vial"},{"floor":47.0,"key":"Blue Candle"},{"floor":53.0,"key":"animator:TheEgnaroPiece"},{"floor":56.0,"key":"animator:AncientMedallion"},{"floor":57.0,"key":"animator:AncientMedallion"}],"event_choices":[{"cards_removed":["animator:Strike"],"damage_healed":0.0,"max_hp_gain":0.0,"max_hp_loss":0.0,"gold_gain":0.0,"event_name":"The Cleric","player_choice":"Card Removal","floor":7.0,"gold_loss":50.0,"damage_taken":0.0},{"damage_healed":0.0,"max_hp_gain":0.0,"max_hp_loss":5.0,"gold_gain":0.0,"event_name":"Golden Idol","player_choice":"Lose Max HP","floor":8.0,"gold_loss":0.0,"damage_taken":0.0,"relics_obtained":["Golden Idol"]},{"damage_healed":0.0,"max_hp_gain":0.0,"max_hp_loss":0.0,"gold_gain":0.0,"event_name":"Masked Bandits","player_choice":"Fought Bandits","floor":20.0,"gold_loss":0.0,"damage_taken":0.0},{"damage_healed":0.0,"max_hp_gain":0.0,"max_hp_loss":0.0,"gold_gain":0.0,"event_name":"Upgrade Shrine","player_choice":"Upgraded","floor":27.0,"gold_loss":0.0,"damage_taken":0.0,"cards_upgraded":["animator:Lu"]},{"cards_removed":["animator:IrohaTamaki"],"damage_healed":0.0,"max_hp_gain":0.0,"max_hp_loss":0.0,"gold_gain":0.0,"event_name":"Falling","player_choice":"Removed Attack","floor":42.0,"gold_loss":0.0,"damage_taken":0.0},{"damage_healed":0.0,"max_hp_gain":0.0,"max_hp_loss":0.0,"gold_gain":0.0,"event_name":"MindBloom","player_choice":"Fight","floor":44.0,"gold_loss":0.0,"damage_taken":0.0},{"damage_healed":0,"gold_gain":0,"player_choice":"Memory 1","damage_taken":0,"max_hp_gain":0,"max_hp_loss":0,"event_name":"SensoryStone","floor":61,"gold_loss":0}],"is_beta":false,"boss_relics":[{"not_picked":["Pandora\u0027s Box","animator:CursedBlade"],"picked":"SlaversCollar"},{"not_picked":["Velvet Choker","Astrolabe"],"picked":"Tiny House"}],"items_purged_floors":[3,21,30,37,45],"is_endless":false,"potions_floor_spawned":[1,2,10,12,13,16,19,20,29,31,38,41,47,48,55,59,60],"killed_by":"animator:ULTIMATE_WISP","ascension_level":4}}