{"host":"j06fkfseroga8i8e","time":1607826283,"event":{"mods":["BaseMod","Bestiary","Colored Map","Colored Powertips","Minty Spire (QoL Compilation)","Relic Stats","StSLib"],"gold_per_floor":[112,125,300,300,314,314,314],"floor_reached":6,"playtime":126,"items_purged":[],"score":54,"play_id":"e7e8c3a5-69f9-4066-8eb8-610af504d7d5","local_time":"20201212212443","is_ascension_mode":true,"campfire_choices":[],"circlet_count":0,"master_deck":["AscendersBane","Strike_R","Strike_R","Strike_R","Strike_R","Strike_R","Defend_R","Defend_R","Defend_R","Defend_R","Bash","Sword Boomerang","Flex","Doubt","Spot Weakness"],"relics":["Burning Blood","TungstenRod","InkBottle"],"acts_visited":["Exordium"],"potions_floor_usage":[],"damage_taken":[{"damage":0,"enemies":"Small Slimes","floor":1,"turns":3},{"damage":3,"enemies":"2 Louse","floor":2,"turns":3},{"damage":21,"enemies":"Jaw Worm","floor":5,"turns":4},{"damage":9,"enemies":"3 Sentries","floor":6,"turns":2}],"seed_played":"-4444566203570821283","potions_obtained":[],"is_trial":false,"path_per_floor":["M","M","?","?","M","E"],"character_chosen":"IRONCLAD","items_purchased":[],"campfire_rested":0,"item_purchase_floors":[],"current_hp_per_floor":[72,72,72,58,43,34,34],"gold":314,"neow_bonus":"ONE_RARE_RELIC","is_daily":false,"chose_seed":false,"campfire_upgraded":0,"win_rate":0.0,"timestamp":1607826283,"path_taken":["M","M","?","?","M","E"],"items_purchased_type":[],"build_version":"2020-11-30","purchased_purges":0,"victory":false,"max_hp_per_floor":[72,72,72,72,72,72,72],"relic_stats":{"counters":[4,12],"obtain_stats":[{"Burning Blood":0,"TungstenRod":0,"InkBottle":4},{"Burning Blood":0,"TungstenRod":0,"InkBottle":2},{"Burning Blood":0,"TungstenRod":0,"InkBottle":6}],"Burning Blood":9,"TungstenRod":9,"InkBottle":[0]},"card_choices":[{"not_picked":["Body Slam","Havoc"],"picked":"Sword Boomerang","floor":1},{"not_picked":["Twin Strike","Perfected Strike"],"picked":"Flex","floor":2},{"not_picked":["Perfected Strike","Feel No Pain"],"picked":"Spot Weakness","floor":5}],"player_experience":498874,"relics_obtained":[],"event_choices":[{"damage_healed":0,"gold_gain":175,"player_choice":"AGREE","damage_taken":0,"max_hp_gain":0,"max_hp_loss":0,"event_name":"Liars Game","floor":3,"gold_loss":0,"cards_obtained":["Doubt"]},{"damage_healed":0,"gold_gain":0,"player_choice":"Success","damage_taken":18,"relics_obtained":["InkBottle"],"max_hp_gain":0,"max_hp_loss":0,"event_name":"Scrap Ooze","floor":4,"gold_loss":0}],"is_beta":false,"boss_relics":[],"items_purged_floors":[],"is_endless":false,"potions_floor_spawned":[],"killed_by":"3 Sentries","ascension_level":10}}