{"host":"jm9833yuloeli2yd","time":1607820798,"event":{"mods":["AchievementEnabler","BaseMod","Better Altar","Better Match","Better Note","Better Sensory Stone","Better Skull","Better Vampires","Colored Map","Colored Powertips","DeckTracker","Minty Spire (QoL Compilation)","Permanent Neow","Quick Restart","Replay The Spire","StSLib","SuperFastMode"],"gold_per_floor":[115,133,133,145,43,70,82,82,155,165,165,175,229,259,259,359,359,370,370,24,24,106,141,141,171,171,206,25,44,44,63,63,162,162,205,280,291,291,291],"floor_reached":38,"playtime":1678,"items_purged":["Strike_P","EmptyMind"],"score":677,"play_id":"9a29abb3-827c-4ccb-8c83-0f06cabe4abb","local_time":"20201212195318","is_ascension_mode":true,"campfire_choices":[{"floor":8.0,"key":"REST"},{"data":"Eruption","floor":11.0,"key":"SMITH"},{"data":"Wallop","floor":15.0,"key":"SMITH"},{"data":"Fasting2","floor":24,"key":"SMITH"},{"floor":32,"key":"REST"}],"circlet_count":0,"master_deck":["Strike_P+1","Strike_P+1","Strike_P+1","Defend_P+1","Defend_P+1","Defend_P+1","Defend_P+1","Eruption+1","Vigilance+1","Survivor","Strike_P+1","Poisoned Strike+1","FearNoEvil","EmptyFist","Replay:BluntJabs","FlyingSleeves","Wallop+1","CarveReality","Protect","CutThroughFate","Consecrate","LessonLearned","Fasting2+1","Halt+1","Meditate","BattleHymn+1","DevaForm","JustLucky","Wish","Prostrate+1","Replay:ManipulateFuture+1"],"relics":["PureWater","Du-Vu Doll","Quantum Egg","Akabeko","Replay:Wax Seal","Velvet Choker","OrangePellets","Blue Candle","Boot","Orichalcum","Bottled Lightning","Nunchaku","Regal Pillow","Fusion Hammer","Replay:Multitool"],"acts_visited":["Exordium","TheCity","TheBeyond"],"potions_floor_usage":[16,16,23,23,27,31,33],"damage_taken":[{"damage":2.0,"enemies":"2 Louse","floor":1.0,"turns":4.0},{"damage":3.0,"enemies":"Small Slimes","floor":2.0,"turns":2.0},{"damage":2.0,"enemies":"Jaw Worm","floor":4.0,"turns":4.0},{"damage":22.0,"enemies":"3 Sentries","floor":6.0,"turns":8.0},{"damage":5.0,"enemies":"Exordium Wildlife","floor":7.0,"turns":4.0},{"damage":3.0,"enemies":"Blue Slaver","floor":10.0,"turns":3.0},{"damage":4.0,"enemies":"Red Slaver","floor":12.0,"turns":4.0},{"damage":12.0,"enemies":"Replay:BlueRogue","floor":14.0,"turns":5.0},{"damage":17,"enemies":"Fading Forest","floor":16,"turns":11},{"damage":25,"enemies":"2 Thieves","floor":18,"turns":4},{"damage":2,"enemies":"Slavers","floor":23,"turns":5},{"damage":0,"enemies":"Gremlin Leader","floor":25,"turns":5},{"damage":17,"enemies":"Book of Stabbing","floor":27,"turns":5},{"damage":8,"enemies":"Chosen","floor":29,"turns":4},{"damage":0,"enemies":"Centurion and Healer","floor":31,"turns":3},{"damage":24,"enemies":"Automaton","floor":33,"turns":8},{"damage":7,"enemies":"3 Shapes","floor":35,"turns":7},{"damage":14,"enemies":"Mind Bloom Boss Battle","floor":36,"turns":8},{"damage":16,"enemies":"3 Darklings","floor":37,"turns":6},{"damage":27,"enemies":"Sphere and 2 Shapes","floor":38,"turns":17}],"seed_played":"-5747304834690926969","potions_obtained":[{"floor":2.0,"key":"Ancient Potion"},{"floor":4.0,"key":"Explosive Potion"},{"floor":13.0,"key":"BlessingOfTheForge"},{"floor":13.0,"key":"Toxic Potion"},{"floor":16,"key":"Energy Potion"},{"floor":25,"key":"Weak Potion"},{"floor":27,"key":"PowerPotion"},{"floor":29,"key":"Adrenaline Potion"},{"floor":36,"key":"StancePotion"}],"is_trial":false,"path_per_floor":["M","M","?","M","$","E","M","R","T","M","R","M","?","E","R","B",null,"M","?","$","?","T","E","R","E","T","E","$","M","?","M","R","B",null,"M","?","M","M"],"character_chosen":"WATCHER","items_purchased":["FlyingSleeves","Block Potion","Fasting2","OrangePellets","Block Potion","BattleHymn"],"campfire_rested":2,"item_purchase_floors":[5,5,20,20,20,28],"current_hp_per_floor":[63,60,46,44,44,22,17,38,38,35,35,31,31,19,19,25,60,35,35,35,35,35,33,33,33,33,16,16,8,8,8,44,20,59,52,38,22,0,0],"gold":291,"neow_bonus":"RANDOM_COLORLESS_2","is_daily":false,"chose_seed":false,"campfire_upgraded":3,"win_rate":0.0,"timestamp":1607820798,"path_taken":["M","M","?","M","$","E","M","R","T","M","R","M","?","E","R","BOSS","M","?","$","?","?","E","R","E","T","E","$","?","?","M","R","BOSS","M","?","M","M"],"items_purchased_type":["Card","Potion","Card","Relic","Potion","Card"],"build_version":"2020-11-30","purchased_purges":2,"victory":false,"max_hp_per_floor":[72,72,72,72,72,72,72,72,72,72,72,72,72,72,72,72,72,72,72,72,72,72,72,72,72,72,72,72,72,72,72,72,72,72,72,72,72,72,72],"card_choices":[{"not_picked":["Master of Strategy","Chrysalis"],"picked":"Poisoned Strike","floor":0.0},{"not_picked":["ThirdEye","Crescendo"],"picked":"FearNoEvil","floor":1.0},{"not_picked":["CutThroughFate","Protect"],"picked":"EmptyFist","floor":2.0},{"not_picked":["EmptyBody","Evaluate"],"picked":"Replay:BluntJabs","floor":4.0},{"not_picked":["Replay:Cycle","Halt"],"picked":"Wallop","floor":6.0},{"not_picked":["BowlingBash","Replay:ManipulateFuture"],"picked":"CarveReality","floor":7.0},{"not_picked":["InnerPeace","Evaluate"],"picked":"Protect","floor":10.0},{"not_picked":["SashWhip","ClearTheMind"],"picked":"CutThroughFate","floor":12.0},{"not_picked":["Replay:DivineShield","Blasphemy"],"picked":"EmptyMind","floor":13.0},{"not_picked":["FollowUp","ReachHeaven"],"picked":"Consecrate","floor":14.0},{"not_picked":["Replay:LoomingThreat","Ragnarok"],"picked":"LessonLearned","floor":16},{"not_picked":["EmptyBody","WreathOfFlame","InnerPeace"],"picked":"SKIP","floor":18},{"not_picked":["PathToVictory+1","BowlingBash","Sanctity"],"picked":"SKIP","floor":23},{"not_picked":["DeceiveReality","ClearTheMind"],"picked":"Halt+1","floor":25},{"not_picked":["SashWhip","Wireheading"],"picked":"Meditate","floor":27},{"not_picked":["Replay:AtTheReady+1","Crescendo"],"picked":"DevaForm","floor":29},{"not_picked":["Evaluate","Crescendo"],"picked":"JustLucky","floor":31},{"not_picked":["Replay:AllIn","Devotion"],"picked":"Wish","floor":33},{"not_picked":["FlurryOfBlows","EmptyBody"],"picked":"Prostrate+1","floor":35},{"not_picked":["SignatureMove","ThirdEye"],"picked":"Replay:ManipulateFuture+1","floor":36},{"not_picked":["Replay:BluntJabs+1","FlyingSleeves","CrushJoints+1"],"picked":"SKIP","floor":37}],"player_experience":1046057,"relics_obtained":[{"floor":6.0,"key":"Du-Vu Doll"},{"floor":9.0,"key":"Quantum Egg"},{"floor":13.0,"key":"Akabeko"},{"floor":14.0,"key":"Replay:Wax Seal"},{"floor":22,"key":"Blue Candle"},{"floor":23,"key":"Boot"},{"floor":25,"key":"Orichalcum"},{"floor":26,"key":"Bottled Lightning"},{"floor":27,"key":"Nunchaku"},{"floor":36,"key":"Replay:Multitool"}],"event_choices":[{"damage_healed":0.0,"max_hp_gain":0.0,"max_hp_loss":0.0,"gold_gain":0.0,"event_name":"Shining Light","player_choice":"Entered Light","floor":3.0,"gold_loss":0.0,"damage_taken":14.0,"cards_upgraded":["Defend_P","Poisoned Strike"]},{"damage_healed":0,"gold_gain":2,"player_choice":"1","damage_taken":0,"max_hp_gain":0,"max_hp_loss":0,"event_name":"betterStone:BetterStone","floor":19,"gold_loss":0},{"damage_healed":0,"gold_gain":0,"player_choice":"Simplicity","damage_taken":0,"max_hp_gain":0,"max_hp_loss":0,"event_name":"Back to Basics","floor":21,"gold_loss":0,"cards_upgraded":["Strike_P","Strike_P","Strike_P","Defend_P","Defend_P","Defend_P","Strike_P"]},{"damage_healed":0,"gold_gain":0,"player_choice":"Gave Potion","damage_taken":0,"relics_obtained":["Regal Pillow"],"max_hp_gain":0,"max_hp_loss":0,"event_name":"WeMeetAgain","floor":30,"gold_loss":0},{"damage_healed":0,"gold_gain":0,"player_choice":"Fight","damage_taken":0,"max_hp_gain":0,"max_hp_loss":0,"event_name":"MindBloom","floor":36,"gold_loss":0}],"is_beta":false,"boss_relics":[{"not_picked":["ChewingGum","Runic Pyramid"],"picked":"Velvet Choker"},{"not_picked":["Busted Crown","Kintsugi"],"picked":"Fusion Hammer"}],"items_purged_floors":[20,28],"is_endless":false,"potions_floor_spawned":[2,4,14,16,25,27,29,36],"killed_by":"Sphere and 2 Shapes","ascension_level":9}}