{"host":"y94psiiulyl24n05","time":1607892617,"event":{"mods":["AchievementEnabler","Aspiration","BaseMod","Better Altar","Better Match","Better Note","Better Sensory Stone","Better Skull","Better Third Choice","BetterRewards","Colored Map","Colored Powertips","Downfall","GifTheSpireLib","Googly Eyes","Halation","Highlight Path","Hubris","Mimic Mod","Minty Spire (QoL Compilation)","Replay The Spire","Shop Mod","Spicy Shops","StSLib","Stuff the Spire","Unceasing Turn Reminder","everything is the same but u backflip on backflip","slay the spire mod where everything is the same but ironclad has a cowboy hat"],"gold_per_floor":[117,129,55,67,77,77,77,108,108,123,137,164,179,198,198,300,300,313,313,333,333,23,23,41,41,41,53,53,53,70,89,89,184,184,196,210,225,225,235,269,269,31,31,43,43,43,60,76,76,76],"floor_reached":51,"playtime":3588,"items_purged":[],"score":722,"play_id":"b1de7048-9c83-4404-9a7c-7ebe126a664a","local_time":"20201213215017","is_ascension_mode":false,"campfire_choices":[{"data":"Armaments","floor":6.0,"key":"SMITH"},{"floor":23.0,"key":"REST"},{"floor":25.0,"key":"REST"},{"floor":32.0,"key":"REST"},{"data":"Eclipse","floor":41,"key":"SMITH"},{"data":"Replay:SS_hec_2","floor":41,"key":"SMITH"},{"data":"Double Tap","floor":49,"key":"SMITH"},{"data":"StuffTheSpire:Incineration","floor":49,"key":"SMITH"}],"circlet_count":0,"master_deck":["Strike_R","Strike_R","Strike_R","Strike_R","Strike_R","Defend_R+1","Defend_R","Defend_R","Defend_R","Headbutt","Armaments+1","Life Link","Replay:Undeath\u0027s Touch","StuffTheSpire:Slingshot","Eclipse+1","StuffTheSpire:Incineration","Battle Trance","Burning Pact","StuffTheSpire:Incineration+1","Rage","Sword Boomerang","Offering","Thunderclap","Pummel+1","StuffTheSpire:PestControl","Flex","ReplayTheSpireMod:Stacked+1","Replay:SS_hec_2+1","Flash of Steel","Pummel","Double Tap+1","Blood for Blood","StuffTheSpire:Incineration+1","StuffTheSpire:Slingshot","Parasite","Carnage+1","Inflame+1","StuffTheSpire:RockThrow","Clothesline+1"],"relics":["Burning Blood","FossilizedHelix","hubris:Zylophone","Eternal Feather","TungstenRod","aspiration:RitualDagger","Quantum Egg","aspiration:FetidBarrel","Runic Cube","StuffTheSpire:GreaterSneckoEye","Replay:Arrowhead","Replay:WaspNest","hubris:Reverence","hubris:Icosahedron"],"acts_visited":["Exordium","TheCity","TheBeyond"],"potions_floor_usage":[50],"damage_taken":[{"damage":7.0,"enemies":"Jaw Worm","floor":1.0,"turns":3.0},{"damage":0.0,"enemies":"Small Slimes","floor":2.0,"turns":3.0},{"damage":0.0,"enemies":"Cultist","floor":4.0,"turns":3.0},{"damage":17.0,"enemies":"3 Louse","floor":5.0,"turns":4.0},{"damage":0.0,"enemies":"Lagavulin","floor":8.0,"turns":6.0},{"damage":4.0,"enemies":"Blue Slaver","floor":10.0,"turns":4.0},{"damage":10.0,"enemies":"Looter","floor":11.0,"turns":3.0},{"damage":22.0,"enemies":"3 Sentries","floor":12.0,"turns":5.0},{"damage":28.0,"enemies":"Exordium Wildlife","floor":13.0,"turns":6.0},{"damage":13.0,"enemies":"Lots of Slimes","floor":14.0,"turns":4.0},{"damage":15.0,"enemies":"Hexaghost","floor":16.0,"turns":9.0},{"damage":26.0,"enemies":"Shell Parasite","floor":18.0,"turns":3.0},{"damage":14.0,"enemies":"Chosen","floor":20.0,"turns":4.0},{"damage":54.0,"enemies":"Shelled Parasite and Fungi","floor":24.0,"turns":6.0},{"damage":13.0,"enemies":"Snake Plant","floor":27.0,"turns":3.0},{"damage":19.0,"enemies":"Centurion and Healer","floor":30.0,"turns":5.0},{"damage":22.0,"enemies":"Cultist and Chosen","floor":31.0,"turns":4.0},{"damage":66.0,"enemies":"Collector","floor":33.0,"turns":6.0},{"damage":34,"enemies":"3 Darklings","floor":35,"turns":5},{"damage":36,"enemies":"3 Shapes","floor":36,"turns":3},{"damage":37,"enemies":"3 Darklings","floor":37,"turns":3},{"damage":20,"enemies":"Writhing Mass","floor":39,"turns":4},{"damage":21,"enemies":"Giant Head","floor":40,"turns":7},{"damage":27,"enemies":"Jaw Worm Horde","floor":44,"turns":3},{"damage":30,"enemies":"Maw","floor":47,"turns":3},{"damage":11,"enemies":"Sphere and 2 Shapes","floor":48,"turns":3},{"damage":31,"enemies":"Donu and Deca","floor":50,"turns":6}],"seed_played":"-7940720171502013305","potions_obtained":[{"floor":5.0,"key":"SneckoOil"},{"floor":8.0,"key":"Elixir"},{"floor":14.0,"key":"SneckoOil"},{"floor":16.0,"key":"Fire Potion"},{"floor":18.0,"key":"BloodPotion"},{"floor":24.0,"key":"Slimebound:ThreeZeroPotion"},{"floor":36,"key":"ElixirPotion"},{"floor":40,"key":"SkillPotion"}],"is_trial":false,"path_per_floor":["M","M","$","M","M","R","?","E","T","M","M","E","M","M","R_BF","B",null,"M","?","M","?","$","R","M","R","T","M","?","$","M","M","R","B",null,"M","M","M","?","M","E","R","$","T","M","?","?","M","M","R","B",null],"character_chosen":"IRONCLAD","items_purchased":["Life Link","Quantum Egg","Flex","Replay:WaspNest"],"campfire_rested":3,"item_purchase_floors":[3,22,22,42],"current_hp_per_floor":[71,72,72,72,61,61,61,67,67,69,65,49,27,20,32,23,72,52,52,44,27,27,63,15,51,51,44,44,44,31,15,54,8,72,44,14,65,46,49,72,72,72,72,60,60,60,61,67,72,72],"gold":76,"neow_bonus":"ONE_RARE_RELIC","is_daily":false,"chose_seed":false,"campfire_upgraded":5,"win_rate":0.0,"timestamp":1607892617,"path_taken":["M","M","$","M","M","R","?","E","T","M","M","E","M","M","R_BF","BOSS","M","?","M","?","$","R","M","R","T","M","?","$","M","M","R","BOSS","M","M","M","?","M","E","R","$","T","M","?","?","M","M","R","BOSS"],"items_purchased_type":["Card","Relic","Card","Relic"],"build_version":"2020-11-30","purchased_purges":0,"victory":true,"max_hp_per_floor":[72,72,72,72,72,72,72,72,72,72,72,72,72,72,72,72,72,72,72,72,72,72,72,72,72,72,72,72,72,72,72,72,72,72,72,72,72,72,72,72,72,72,72,72,72,72,72,72,72,72],"card_choices":[{"not_picked":["Warcry","Clothesline"],"picked":"Headbutt","floor":1.0},{"not_picked":["hubris:SharpeningStone","Heavy Blade"],"picked":"Armaments","floor":2.0},{"not_picked":["Thunderclap","Power Through"],"picked":"Replay:Undeath\u0027s Touch","floor":4.0},{"not_picked":["Entrench","Replay:Undeath\u0027s Touch"],"picked":"StuffTheSpire:Slingshot","floor":5.0},{"not_picked":["Headbutt","Havoc"],"picked":"Eclipse","floor":8.0},{"not_picked":["Clash","Body Slam"],"picked":"StuffTheSpire:Incineration","floor":10.0},{"not_picked":["Heavy Blade","Thunderclap"],"picked":"Battle Trance","floor":11.0},{"not_picked":["Flame Barrier","Warcry"],"picked":"Burning Pact","floor":12.0},{"not_picked":["Massacre","Flex"],"picked":"StuffTheSpire:Incineration","floor":13.0},{"not_picked":["Run Through","Replay:Undeath\u0027s Touch"],"picked":"Rage","floor":14.0},{"not_picked":["Demon Form","Juggernaut"],"picked":"Offering","floor":16.0},{"not_picked":["Perfected Strike+1","Shrug It Off"],"picked":"Thunderclap","floor":18.0},{"not_picked":["Burning Pact+1","StuffTheSpire:Slingshot+1"],"picked":"Pummel+1","floor":20.0},{"not_picked":["Heavy Blade","ReplayTheSpireMod:Limb From Limb"],"picked":"ReplayTheSpireMod:Stacked+1","floor":24.0},{"not_picked":["Perfected Strike","Bloodletting","StuffTheSpire:RagingBull"],"picked":"SKIP","floor":27.0},{"not_picked":["The Bomb","Apotheosis"],"picked":"Replay:SS_hec_2","floor":28.0},{"not_picked":["StuffTheSpire:Recharge","expansioncontent:Sear"],"picked":"Flash of Steel","floor":28.0},{"not_picked":["Armaments","Replay:Undeath\u0027s Touch","Disarm+1"],"picked":"SKIP","floor":30.0},{"not_picked":["Shrug It Off","Reckless Charge"],"picked":"Pummel","floor":31.0},{"not_picked":["StuffTheSpire:TitanForm","Demon Form"],"picked":"Double Tap","floor":33.0},{"not_picked":["Uppercut+1","ReplayTheSpireMod:Muscle Training"],"picked":"Blood for Blood","floor":35},{"not_picked":["Sever Soul","hubris:ReadiedAction+1"],"picked":"StuffTheSpire:Incineration+1","floor":36},{"not_picked":["Cleave","Power Through"],"picked":"StuffTheSpire:Slingshot","floor":37},{"not_picked":["StuffTheSpire:Incineration","ReplayTheSpireMod:Strike From Hell"],"picked":"Rupture+1","floor":39},{"not_picked":["Blood for Blood","Metallicize+1"],"picked":"Carnage+1","floor":40},{"not_picked":["StuffTheSpire:Slingshot","Ghostly Armor"],"picked":"Inflame+1","floor":44},{"not_picked":["ReplayTheSpireMod:Limb From Limb","Sword Boomerang"],"picked":"StuffTheSpire:RockThrow","floor":47},{"not_picked":["Metallicize+1","hubris:ReadiedAction"],"picked":"Clothesline+1","floor":48}],"player_experience":147016,"relics_obtained":[{"floor":8.0,"key":"hubris:Zylophone"},{"floor":9.0,"key":"Eternal Feather"},{"floor":12.0,"key":"TungstenRod"},{"floor":26.0,"key":"aspiration:FetidBarrel"},{"floor":38,"key":"StuffTheSpire:GreaterSneckoEye"},{"floor":40,"key":"Replay:Arrowhead"},{"floor":43,"key":"hubris:Reverence"}],"event_choices":[{"damage_healed":0.0,"max_hp_gain":0.0,"max_hp_loss":0.0,"gold_gain":0.0,"event_name":"betterNote:BetterNote","player_choice":"Ignored","floor":19.0,"gold_loss":0.0,"damage_taken":0.0,"cards_obtained":["Strike_R"]},{"damage_healed":0.0,"max_hp_gain":0.0,"max_hp_loss":0.0,"gold_gain":2.0,"event_name":"betterStone:BetterStone","player_choice":"1","floor":28.0,"gold_loss":0.0,"damage_taken":0.0},{"cards_removed":["Rupture"],"damage_healed":0,"gold_gain":0,"player_choice":"Removed Power","damage_taken":0,"max_hp_gain":0,"max_hp_loss":0,"event_name":"Falling","floor":45,"gold_loss":0}],"is_beta":false,"boss_relics":[{"not_picked":["Fusion Hammer","hubris:Stopwatch"],"picked":"aspiration:RitualDagger"},{"not_picked":["StuffTheSpire:Kangaroo","StuffTheSpire:ModemDavis"],"picked":"Runic Cube"}],"items_purged_floors":[],"is_endless":false,"potions_floor_spawned":[5,8,14,16,18,24,31,36,40],"ascension_level":0}}