{"host":"asvo3lww92cpth4d","time":1607821964,"event":{"mods":["AchievementEnabler","Act Like it!","Aspiration","BaseMod","Colored Map","Conspire","Downfall","Duelist Mod","GifTheSpireLib","GungeonMod","Halation","Hubris","Hyrulean Relics","Infinite Spire","Jedi Mod","Lobotomy","Minty Spire (QoL Compilation)","Rare Cards Sparkle","Replay The Spire","SCP261 Mod","Shop Mod","Spikes Relics","Spires And Sneckos","StSLib","Stuff the Spire","The Factory","The Jungle","The Kombatant","The Necromancer","The Wild Card","TheArtist","TheHero","vexMod"],"gold_per_floor":[99,13,13,13,23,23,47,47,59,9,0,12,32,46,59,161,161,111,121,121,134,234,248,298,309,259,290,290,290],"floor_reached":28,"playtime":1509,"items_purged":[],"score":230,"play_id":"974034e9-803d-40a5-b040-50dd75e8ce01","local_time":"20201213121244","is_ascension_mode":false,"campfire_choices":[{"data":"Slimebound:Split","floor":1,"key":"SMITH"},{"floor":3,"key":"REST"},{"data":"Slimebound:SlimeSpikes","floor":8,"key":"SMITH"},{"data":"Slimebound:ViciousTackle","floor":10,"key":"SMITH"},{"data":"Slimebound:MassFeed","floor":18,"key":"SMITH"},{"floor":26,"key":"REST"}],"circlet_count":0,"master_deck":["Slimebound:Strike_Slimebound","Slimebound:Strike_Slimebound","Slimebound:Strike_Slimebound","Slimebound:Tackle","Slimebound:Defend_Slimebound","Slimebound:Defend_Slimebound","Slimebound:Defend_Slimebound","Slimebound:Defend_Slimebound","Slimebound:Split+1","Slimebound:CorrosiveSpit","Slimebound:Nibble","Slimebound:MegaLick","Slimebound:SlimeSpikes+1","Slimebound:ViciousTackle+1","Slimebound:GoopTackle","Slimebound:AcidTongue","Slimebound:SplitLeeching","Slimebound:RejuvenatingLick","Slimebound:LivingWall","Slimebound:MassFeed+1","Slimebound:ForwardTackle+1","Slimebound:SlimeTap+1","Slimebound:ViciousTackle","Slimebound:RollThrough+1","Slimebound:Equalize"],"relics":["StuffTheSpire:OccultApparatus","Slimebound:GreedOozeRelic","hubris:OldNail","jedi:battlestandard","DemoMod:Metronome","DemoMod:BlueGuonStone"],"acts_visited":["Exordium","TheCity"],"potions_floor_usage":[23],"damage_taken":[{"damage":8,"enemies":"downfall:FleeingMerchant","floor":2,"turns":4},{"damage":13,"enemies":"Jaw Worm","floor":5,"turns":3},{"damage":8,"enemies":"Cultist","floor":9,"turns":3},{"damage":17,"enemies":"downfall:FleeingMerchant","floor":11,"turns":4},{"damage":7,"enemies":"conspire:RoseBush","floor":12,"turns":2},{"damage":17,"enemies":"Blue Slaver","floor":13,"turns":2},{"damage":27,"enemies":"conspire:2 RoseBushes","floor":14,"turns":3},{"damage":3,"enemies":"Exordium Wildlife","floor":15,"turns":2},{"damage":40,"enemies":"downfall:Ironclad","floor":16,"turns":6},{"damage":35,"enemies":"3 Byrds","floor":19,"turns":5},{"damage":24,"enemies":"Shell Parasite","floor":21,"turns":4},{"damage":21,"enemies":"Centurion and Healer","floor":23,"turns":3},{"damage":24,"enemies":"Snecko","floor":25,"turns":4},{"damage":10,"enemies":"theDuelist:KaibaA2","floor":27,"turns":2},{"damage":18,"enemies":"3 Cultists","floor":28,"turns":2}],"seed_played":"8264499738388588117","potions_obtained":[{"floor":9,"key":"Fire Potion"},{"floor":12,"key":"PowerPotion"},{"floor":14,"key":"SkillPotion"},{"floor":27,"key":"Fire Potion"}],"is_trial":false,"path_per_floor":["R","$","R","?","M","?","T","R","M","R","$","M","M","M","M","B",null,"R","M","?","M","?","M","T","M","R","E","M"],"character_chosen":"SLIMEBOUND","items_purchased":["Slimebound:MegaLick"],"campfire_rested":2,"item_purchase_floors":[2],"current_hp_per_floor":[66,62,66,66,66,66,66,66,66,66,66,59,58,47,54,36,66,66,56,56,42,42,27,27,3,22,16,0,0],"gold":290,"neow_bonus":"TEN_PERCENT_HP_BONUS","is_daily":false,"chose_seed":false,"campfire_upgraded":4,"win_rate":0.0,"timestamp":1607821964,"path_taken":["R","$","R","?","M","?","T","R","M","R","$","M","?","M","M","BOSS","R","M","?","M","?","M","T","M","R","E","M"],"items_purchased_type":["Card"],"build_version":"2020-11-30","purchased_purges":0,"victory":false,"max_hp_per_floor":[66,66,66,66,66,66,66,66,66,66,66,66,66,66,66,66,66,66,66,66,66,66,66,66,66,66,66,66,66],"card_choices":[{"not_picked":["Slimebound:Prepare","Slimebound:SplitLeeching"],"picked":"Slimebound:Nibble","floor":2},{"not_picked":["Slimebound:RollThrough","Slimebound:BestDefense"],"picked":"Slimebound:SlimeSpikes","floor":5},{"not_picked":["Slimebound:MegaLick","Slimebound:ComboTackle"],"picked":"Slimebound:ViciousTackle","floor":9},{"not_picked":["Slimebound:SamplingLick","Slimebound:GrowthPunch"],"picked":"Slimebound:GoopTackle","floor":11},{"not_picked":["Slimebound:LeechingTouch","Slimebound:GrowthPunch"],"picked":"Slimebound:AcidTongue","floor":12},{"not_picked":["Slimebound:SlimeBrawl","Slimebound:RollThrough"],"picked":"Slimebound:SplitLeeching","floor":13},{"not_picked":["Slimebound:FormOfPuddle","Slimebound:BestDefense"],"picked":"Slimebound:RejuvenatingLick","floor":14},{"not_picked":["Slimebound:SplitAcid","Slimebound:SplitMire"],"picked":"Slimebound:LivingWall","floor":15},{"not_picked":["Slimebound:SlimeSlap","Slimebound:MinionMaster"],"picked":"Slimebound:MassFeed","floor":16},{"not_picked":["Slimebound:PressTheAttack+1","Slimebound:Schlurp"],"picked":"Slimebound:ForwardTackle+1","floor":19},{"not_picked":["Slimebound:Schlurp","Slimebound:SplitLeeching"],"picked":"Slimebound:SlimeTap+1","floor":21},{"not_picked":["Slimebound:RollThrough+1","Slimebound:ProtectTheBoss"],"picked":"Slimebound:ViciousTackle","floor":23},{"not_picked":["Slimebound:SpikyOuterGoop","Slimebound:SplitBruiser"],"picked":"Slimebound:RollThrough+1","floor":25},{"not_picked":["Slimebound:Repurpose+1","Slimebound:SplitAcid"],"picked":"Slimebound:Equalize","floor":27}],"player_experience":177695,"relics_obtained":[{"floor":7,"key":"hubris:OldNail"},{"floor":24,"key":"DemoMod:Metronome"},{"floor":27,"key":"DemoMod:BlueGuonStone"}],"event_choices":[{"damage_healed":0,"gold_gain":0,"player_choice":"Ignored","damage_taken":0,"max_hp_gain":0,"max_hp_loss":0,"event_name":"NoteForYourself","floor":6,"gold_loss":0}],"is_beta":false,"boss_relics":[{"not_picked":["conspire:SeveredTorchhead","StuffTheSpire:RunicConfusion"],"picked":"jedi:battlestandard"}],"items_purged_floors":[],"is_endless":false,"potions_floor_spawned":[9,12,14,19,21,27],"killed_by":"3 Cultists","ascension_level":0}}