{"host":"nljp4tk11zt4gqcq","time":1607850345,"event":{"mods":["2.2 Compatiblity","Bard","BaseMod","Beaked The Cultist","Better Third Choice","Conspire","Downfall","Friendly Minions","Hermit","Hubris","Jorbs\u0027s Wanderer Trilogy","Minty Spire (QoL Compilation)","Rare Cards Sparkle","Relic Stats","Replay The Spire","Robot Space Explorer","Spicy Shops","StSLib","The Bladedancer","The Bug Knight","The Construct","The Cursed","The Disciple","The Forsaken","The Hierophant","The Jungle","The Runesmith","The Servant 0.9.4","UnlockEverythingMod"],"gold_per_floor":[114,127,127,127,137,164,164,189,189,208,222,12,12,26,26,126,126,145,126,137,137,149,149,166,166,212,232,247,261,272,272,272],"floor_reached":31,"playtime":2431,"items_purged":[],"score":255,"play_id":"d3938f4d-ea52-44af-b3ed-70977121e082","local_time":"20201213010545","is_ascension_mode":false,"campfire_choices":[{"floor":7,"key":"REST"},{"data":"hermit:Quickdraw","floor":15,"key":"SMITH"},{"data":"hermit:Magnum","floor":23,"key":"SMITH"},{"data":"hermit:FullyLoaded","floor":25,"key":"SMITH"}],"circlet_count":0,"master_deck":["hermit:Strike_Hermit","hermit:Strike_Hermit","hermit:Strike_Hermit","hermit:Strike_Hermit","hermit:Defend_Hermit","hermit:Defend_Hermit","hermit:Defend_Hermit","hermit:Defend_Hermit","hermit:Snapshot","hermit:Covet","hermit:Quickdraw+1","hermit:Glare","hermit:Snipe","hermit:Snipe","hermit:Headshot","hermit:PistolWhip","hermit:Magnum+1","hermit:Vantage","theForsaken:PlagueCurse","hermit:EyeOfTheStorm","hermit:FullyLoaded+1","hermit:Headshot+1","hermit:Grudge","hermit:RoundhouseKick","hermit:ShadowCloak","hermit:Coalescence","hermit:SprayPray","hermit:Ricochet+1","hermit:HeroicBravado","hermit:Misfire","hermit:Malice"],"relics":["hermit:Momento","NeowsBlessing","Bag of Marbles","Du-Vu Doll","Kunai","Letter Opener","ReplayTheSpireMod:CursedCoin","HollowMod:PaleOreRelic","hubris:HollowSoul","Runesmith:AutoHammer"],"acts_visited":["Exordium","TheCity"],"potions_floor_usage":[6,16,27,27,27,29,31],"damage_taken":[{"damage":0,"enemies":"Cultist","floor":1,"turns":1},{"damage":2,"enemies":"conspire:RoseBush","floor":2,"turns":1},{"damage":0,"enemies":"Jaw Worm","floor":5,"turns":1},{"damage":39,"enemies":"3 Sentries","floor":6,"turns":9},{"damage":11,"enemies":"Gremlin Nob","floor":8,"turns":3},{"damage":15,"enemies":"Gremlin Gang","floor":10,"turns":3},{"damage":6,"enemies":"conspire:2 RoseBushes","floor":11,"turns":2},{"damage":0,"enemies":"Exordium Wildlife","floor":14,"turns":1},{"damage":28,"enemies":"Hexaghost","floor":16,"turns":8},{"damage":10,"enemies":"3 Byrds","floor":18,"turns":3},{"damage":22,"enemies":"2 Thieves","floor":19,"turns":5},{"damage":21,"enemies":"Centurion and Healer","floor":20,"turns":4},{"damage":17,"enemies":"3 Cultists","floor":22,"turns":4},{"damage":5,"enemies":"Snecko","floor":24,"turns":3},{"damage":24,"enemies":"conspire:HollyBat","floor":27,"turns":10},{"damage":7,"enemies":"Snake Plant","floor":28,"turns":2},{"damage":1,"enemies":"Centurion and Healer","floor":29,"turns":2},{"damage":0,"enemies":"Sentry and Sphere","floor":30,"turns":3},{"damage":20,"enemies":"conspire:HollyBat","floor":31,"turns":4}],"seed_played":"-4968462549701909856","potions_obtained":[{"floor":2,"key":"BlessingOfTheForge"},{"floor":11,"key":"construct:ShiftPotion"},{"floor":14,"key":"ColorlessPotion"},{"floor":19,"key":"Languid Potion"},{"floor":20,"key":"SpeedPotion"},{"floor":27,"key":"DistilledChaos"},{"floor":30,"key":"Reflective Coating"}],"is_trial":false,"path_per_floor":["M","M","?","?","M","E","R","E","T","M","M","$","?","M","R","B",null,"M","M","M","?","M","R","M","R","T","M","M","M","M","M"],"character_chosen":"HERMIT","items_purchased":["ReplayTheSpireMod:CursedCoin","hermit:EyeOfTheStorm","HollowMod:PaleOreRelic","hermit:FullyLoaded","hermit:Headshot+1"],"campfire_rested":1,"item_purchase_floors":[12,12,12,12,12],"current_hp_per_floor":[75,73,55,55,55,16,38,27,27,12,6,6,75,75,75,47,75,65,43,22,75,58,58,53,53,53,29,22,21,21,0,0],"gold":272,"neow_bonus":"THREE_ENEMY_KILL","is_daily":false,"chose_seed":false,"campfire_upgraded":3,"win_rate":0.0,"timestamp":1607850345,"path_taken":["M","?","?","?","M","E","R","E","T","M","M","$","?","M","R","BOSS","M","?","?","?","?","R","M","R","T","M","?","?","M","M"],"items_purchased_type":["Relic","Card","Relic","Card","Card"],"build_version":"2020-11-30","purchased_purges":0,"victory":false,"max_hp_per_floor":[75,75,75,75,75,75,75,75,75,75,75,75,75,75,75,75,75,75,75,75,75,75,75,75,75,75,75,75,75,75,75,75],"relic_stats":{"counters":[19,77],"Kunai":[14],"Letter Opener":[55],"obtain_stats":[{"Du-Vu Doll":6,"NeowsBlessing":0,"ReplayTheSpireMod:CursedCoin":12,"hubris:HollowSoul":17,"Bag of Marbles":3,"Kunai":8,"Letter Opener":9,"HollowMod:PaleOreRelic":12,"Runesmith:AutoHammer":26,"hermit:Momento":0},{"Du-Vu Doll":4,"NeowsBlessing":0,"ReplayTheSpireMod:CursedCoin":7,"hubris:HollowSoul":9,"Bag of Marbles":2,"Kunai":5,"Letter Opener":5,"HollowMod:PaleOreRelic":7,"Runesmith:AutoHammer":14,"hermit:Momento":0},{"Du-Vu Doll":12,"NeowsBlessing":0,"ReplayTheSpireMod:CursedCoin":20,"hubris:HollowSoul":29,"Bag of Marbles":2,"Kunai":15,"Letter Opener":15,"HollowMod:PaleOreRelic":20,"Runesmith:AutoHammer":48,"hermit:Momento":0}]},"card_choices":[{"not_picked":["hermit:Feint","hermit:Misfire"],"picked":"hermit:Quickdraw","floor":1},{"not_picked":["hermit:Dive","hermit:SprayPray"],"picked":"hermit:Glare","floor":2},{"not_picked":["hermit:DeadMansHand","hermit:Glare"],"picked":"hermit:Snipe","floor":5},{"not_picked":["hermit:Ricochet","hermit:Coalescence"],"picked":"hermit:Headshot","floor":6},{"not_picked":["hermit:Cheat","hermit:LowProfile"],"picked":"hermit:PistolWhip","floor":8},{"not_picked":["hermit:HoleUp","hermit:LoneWolf"],"picked":"hermit:Magnum","floor":10},{"not_picked":["hermit:BigShot","hermit:Dive"],"picked":"hermit:Vantage","floor":11},{"not_picked":["hermit:Coalescence","hermit:Snipe"],"picked":"hermit:Grudge","floor":14},{"not_picked":["hermit:DeadOrAlive","hermit:BlackWind"],"picked":"hermit:RoundhouseKick","floor":16},{"not_picked":["hermit:LowProfile","hermit:SprayPray"],"picked":"hermit:CursedWeapon","floor":18},{"not_picked":["hermit:Dive+1","hermit:HoleUp"],"picked":"hermit:ShadowCloak","floor":19},{"not_picked":["hermit:ShadowCloak","hermit:HoleUp"],"picked":"hermit:Coalescence","floor":20},{"not_picked":["hermit:LoneWolf+1","hermit:HoleUp","hermit:Feint"],"picked":"SKIP","floor":22},{"not_picked":["hermit:BodyArmor+1","hermit:Vantage+1"],"picked":"hermit:SprayPray","floor":24},{"not_picked":["hermit:Vantage","hermit:EyeOfTheStorm"],"picked":"hermit:Ricochet+1","floor":27},{"not_picked":["hermit:BodyArmor+1","hermit:LowProfile"],"picked":"hermit:HeroicBravado","floor":28},{"not_picked":["hermit:Grudge","hermit:LoneWolf+1"],"picked":"hermit:Misfire","floor":29},{"not_picked":["hermit:Headshot+1","hermit:Desperado"],"picked":"hermit:Malice","floor":30}],"player_experience":261908,"relics_obtained":[{"floor":6,"key":"Du-Vu Doll"},{"floor":8,"key":"Kunai"},{"floor":9,"key":"Letter Opener"},{"floor":26,"key":"Runesmith:AutoHammer"}],"event_choices":[{"damage_healed":0,"gold_gain":0,"player_choice":"Relic ","damage_taken":18,"max_hp_gain":0,"max_hp_loss":0,"event_name":"betterThird:BetterScrap","floor":3,"gold_loss":0,"cards_obtained":["Life Link"]},{"damage_healed":69,"gold_gain":0,"player_choice":"Full Heal","damage_taken":0,"max_hp_gain":0,"max_hp_loss":0,"event_name":"Wheel of Change","floor":13,"gold_loss":0},{"cards_removed":["hermit:CursedWeapon"],"damage_healed":53,"gold_gain":0,"player_choice":"Offered Uncommon","damage_taken":0,"max_hp_gain":0,"max_hp_loss":0,"event_name":"Bonfire Elementals","floor":21,"gold_loss":0}],"is_beta":false,"boss_relics":[{"not_picked":["Pandora\u0027s Box","beaked:MawFillet"],"picked":"hubris:HollowSoul"}],"items_purged_floors":[],"is_endless":false,"potions_floor_spawned":[2,11,14,19,20,27,30],"killed_by":"conspire:HollyBat","ascension_level":0}}