{"host":"y89x8uui45kcjy42","time":1607817978,"event":{"mods":["2.2 Compatiblity","BaseMod","Colored Map","Colored Powertips","Friendly Minions","Highlight Path","Keyboard Shortcuts","Minty Spire (QoL Compilation)","StSLib","SuperFastMode","The Bug Knight","Waifu the Spire"],"gold_per_floor":[118,130,145,145,162,162,176,202,253,253,286,286,67,85,85,187,187,205,218,231,285,295,321,321,321,321,321,331,146,180,194,194,194,194],"floor_reached":33,"playtime":1488,"items_purged":["HollowMod:NailStrikeStart","HollowMod:QuickDashStart","HollowMod:NailStrikeStart"],"score":535,"play_id":"b30bf696-2227-450a-ab79-4f8ce67875d2","local_time":"20201213090618","is_ascension_mode":true,"campfire_choices":[{"data":"HollowMod:HeavyBlow","floor":6,"key":"SMITH"},{"data":"HollowMod:CoiledNail","floor":10,"key":"SMITH"},{"data":"HollowMod:DreamGate","floor":12,"key":"SMITH"},{"data":"HollowMod:RecoilStrike","floor":15,"key":"SMITH"},{"data":"HollowMod:CycloneSlash","floor":24,"key":"SMITH"},{"data":"HollowMod:FastStrike","floor":32,"key":"SMITH"}],"circlet_count":0,"master_deck":["AscendersBane","HollowMod:NailStrikeStart","HollowMod:QuickDashStart","HollowMod:FocusHealStart","HollowMod:PogoStrike","HollowMod:DreamGate+1","HollowMod:CoiledNail+1","HollowMod:HeavyBlow+1","HollowMod:CrystalDash+1","HollowMod:MonarchWings+1","HollowMod:RecoilStrike+1","HollowMod:theNailsmith+1","HollowMod:NewLittleFool","HollowMod:HuntersJournal+1","HollowMod:CycloneSlash+1","HollowMod:FastStrike+1","HollowMod:DungDefenderAura+1","HollowMod:GrimmsGift+1"],"relics":["HollowMod:VesselMask","Sundial","Cursed Key","Toxic Egg 2","Bag of Marbles","Ancient Tea Set","HollowMod:JonisBlessing","Lee\u0027s Waffle","HollowMod:QueensCombRelic","Centennial Puzzle","Omamori","Nloth\u0027s Gift","HollowMod:StagPassRelic","Red Mask","Ring of the Serpent"],"acts_visited":["Exordium","TheCity"],"potions_floor_usage":[7,11,13,16,18,23],"damage_taken":[{"damage":0,"enemies":"Small Slimes","floor":1,"turns":3},{"damage":1,"enemies":"Cultist","floor":2,"turns":3},{"damage":11,"enemies":"Jaw Worm","floor":3,"turns":4},{"damage":8,"enemies":"Blue Slaver","floor":5,"turns":5},{"damage":1,"enemies":"Red Slaver","floor":7,"turns":3},{"damage":27,"enemies":"Gremlin Nob","floor":8,"turns":4},{"damage":5,"enemies":"Lagavulin","floor":11,"turns":3},{"damage":0,"enemies":"Large Slime","floor":14,"turns":2},{"damage":0,"enemies":"Hexaghost","floor":16,"turns":9},{"damage":0,"enemies":"2 Thieves","floor":18,"turns":4},{"damage":5,"enemies":"HollowMod:HuskSentry","floor":19,"turns":6},{"damage":0,"enemies":"Cultist and Chosen","floor":20,"turns":6},{"damage":0,"enemies":"Chosen and Byrds","floor":22,"turns":5},{"damage":12,"enemies":"Book of Stabbing","floor":23,"turns":6},{"damage":0,"enemies":"Centurion and Healer","floor":28,"turns":4},{"damage":0,"enemies":"Masked Bandits","floor":30,"turns":3},{"damage":0,"enemies":"Sentry and Sphere","floor":31,"turns":6},{"damage":60,"enemies":"HollowMod:NKGrimm","floor":33,"turns":6}],"seed_played":"209696310536961316","potions_obtained":[{"floor":2,"key":"SkillPotion"},{"floor":7,"key":"Fruit Juice"},{"floor":8,"key":"Fire Potion"},{"floor":11,"key":"GamblersBrew"},{"floor":19,"key":"SkillPotion"},{"floor":22,"key":"Dexterity Potion"},{"floor":23,"key":"Energy Potion"}],"is_trial":false,"path_per_floor":["M","M","M","?","M","R","M","E","T","R","E","R","$","M","R","B",null,"M","M","M","$","M","E","R","?","T","?","M","$","?","M","R","B"],"character_chosen":"THE_BUGKNIGHT","items_purchased":["HollowMod:JonisBlessing","Block Potion","PowerPotion","Lee\u0027s Waffle","HollowMod:StagPassRelic","HollowMod:FastStrike","HollowMod:DungDefenderAura+1"],"campfire_rested":0,"item_purchase_floors":[13,13,13,21,29,29,29],"current_hp_per_floor":[74,73,68,68,66,66,65,38,38,38,63,63,68,68,68,68,77,77,72,72,87,87,58,58,58,58,58,58,58,58,58,58,0,0],"gold":194,"neow_bonus":"TRANSFORM_CARD","is_daily":false,"chose_seed":false,"campfire_upgraded":6,"win_rate":0.0,"timestamp":1607817978,"path_taken":["M","M","M","?","M","R","M","E","T","R","E","R","$","M","R","BOSS","M","?","M","$","M","E","R","?","T","?","?","$","?","M","R","BOSS"],"items_purchased_type":["Relic","Potion","Potion","Relic","Relic","Card","Card"],"build_version":"2020-11-30","purchased_purges":3,"victory":false,"max_hp_per_floor":[75,75,75,75,75,75,75,75,75,75,75,75,80,80,80,80,80,80,80,80,87,87,58,58,58,58,58,58,58,58,58,58,58,58],"card_choices":[{"not_picked":["HollowMod:TaintedHusks","HollowMod:HowlingWraiths"],"picked":"HollowMod:ChannelNail","floor":1},{"not_picked":["HollowMod:NewGlowingWomb","HollowMod:AbyssShriek"],"picked":"HollowMod:CoiledNail","floor":2},{"not_picked":["HollowMod:GoodIntentions","HollowMod:SharpenedNail"],"picked":"HollowMod:HeavyBlow","floor":3},{"not_picked":["HollowMod:InfectedAttack","HollowMod:ShadowDash","HollowMod:DoubleDash"],"picked":"SKIP","floor":5},{"not_picked":["HollowMod:VengefulVoid","HollowMod:NewLittleFool","HollowMod:CoiledNail"],"picked":"SKIP","floor":7},{"not_picked":["HollowMod:CloakDash+1","HollowMod:ChannelNail+1"],"picked":"HollowMod:CrystalDash+1","floor":8},{"not_picked":["HollowMod:MothsMistake","HollowMod:SoulSplash+1"],"picked":"HollowMod:MonarchWings+1","floor":11},{"not_picked":["HollowMod:HeavyBlow","HollowMod:CloakDash+1"],"picked":"HollowMod:RecoilStrike","floor":14},{"not_picked":["HollowMod:ZotesMagnificence","HollowMod:HornetsHelp"],"picked":"HollowMod:theNailsmith+1","floor":16},{"not_picked":["HollowMod:RecoilStrike","HollowMod:MothsMistake"],"picked":"HollowMod:NewLittleFool","floor":18},{"not_picked":["HollowMod:SharpenedShadows+1","HollowMod:HeavyBlow"],"picked":"HollowMod:HuntersJournal+1","floor":19},{"not_picked":["HollowMod:DreamGate+1","HollowMod:SoulShaman+1","HollowMod:MawleksShell+1"],"picked":"SKIP","floor":20},{"not_picked":["HollowMod:DescendingDark","HollowMod:QuirrelsAssistance"],"picked":"HollowMod:CycloneSlash","floor":22},{"not_picked":["HollowMod:BrokenVessel","HollowMod:RecoilStrike","HollowMod:SoulStrike"],"picked":"SKIP","floor":23},{"not_picked":["HollowMod:InfectedAttack","HollowMod:SharpenedNail","HollowMod:CrystalDash+1"],"picked":"SKIP","floor":28},{"not_picked":["HollowMod:LifebloodCore+1","HollowMod:CornifersMapStart+1"],"picked":"HollowMod:GrimmsGift+1","floor":31}],"player_experience":515741,"relics_obtained":[{"floor":8,"key":"Toxic Egg 2"},{"floor":9,"key":"Bag of Marbles"},{"floor":11,"key":"Ancient Tea Set"},{"floor":23,"key":"HollowMod:QueensCombRelic"},{"floor":30,"key":"Red Mask"}],"event_choices":[{"cards_removed":["HollowMod:ChannelNail"],"damage_healed":0,"gold_gain":0,"player_choice":"Gave Card","damage_taken":0,"relics_obtained":["Sundial"],"max_hp_gain":0,"max_hp_loss":0,"event_name":"WeMeetAgain","floor":4,"gold_loss":0},{"damage_healed":0,"gold_gain":0,"player_choice":"Opened","damage_taken":0,"relics_obtained":["Centennial Puzzle"],"max_hp_gain":0,"max_hp_loss":0,"event_name":"The Mausoleum","floor":25,"gold_loss":0,"cards_obtained":["Writhe"]},{"damage_healed":0,"gold_gain":0,"player_choice":"Traded Relic","damage_taken":0,"relics_obtained":["Nloth\u0027s Gift"],"max_hp_gain":0,"max_hp_loss":0,"event_name":"N\u0027loth","floor":27,"relics_lost":["Empty Cage"],"gold_loss":0},{"damage_healed":0,"gold_gain":0,"player_choice":"Fought Bandits","damage_taken":0,"max_hp_gain":0,"max_hp_loss":0,"event_name":"Masked Bandits","floor":30,"gold_loss":0}],"is_beta":false,"boss_relics":[{"not_picked":["Runic Pyramid","Sozu"],"picked":"Empty Cage"}],"items_purged_floors":[13,21,29],"is_endless":false,"potions_floor_spawned":[2,7,8,11,19,22,23,30],"killed_by":"HollowMod:NKGrimm","ascension_level":11}}