{"host":"9tzam4717zt8ei1o","time":1607868705,"event":{"mods":["BaseMod","Colored Map","Keyboard Shortcuts","Minty Spire (QoL Compilation)","Quick Restart","StSLib","SuperFastMode"],"gold_per_floor":[109,15,26,101,101,101,120,136,160,179,206,14,14,33,33,138,138,149,120,20,20,70,70,104,117,117,117,45,64,64,76,76,178,178,195,195,245,53,53,53,78,28,28,28,53,53,67,17,17,17],"floor_reached":51,"playtime":1384,"items_purged":["Strike_G","Strike_G","Defend_G","Defend_G","Defend_G"],"score":1129,"play_id":"769a8d09-1378-48ec-9ade-9f91398965fa","local_time":"20201213231145","is_ascension_mode":true,"campfire_choices":[{"data":"Poisoned Stab","floor":6.0,"key":"SMITH"},{"data":"Bouncing Flask","floor":15.0,"key":"SMITH"},{"data":"Backflip","floor":23.0,"key":"SMITH"},{"floor":30.0,"key":"REST"},{"floor":32.0,"key":"REST"},{"floor":40.0,"key":"DIG"},{"data":"Noxious Fumes","floor":44,"key":"SMITH"},{"floor":46,"key":"REST"},{"data":"Tactician","floor":49,"key":"SMITH"}],"circlet_count":0,"master_deck":["AscendersBane","Defend_G","Defend_G","Survivor","Neutralize+1","Poisoned Stab+1","Catalyst","Bouncing Flask+1","PiercingWail","Backflip+1","After Image","Blur","Well Laid Plans","After Image","PiercingWail","PiercingWail+1","Backflip+1","Clumsy","Corpse Explosion","Acrobatics","Noxious Fumes+1","Calculated Gamble+1","Tactician+1"],"relics":["Ring of the Snake","Orichalcum","Oddly Smooth Stone","Omamori","Cursed Key","InkBottle","Boot","Ice Cream","Art of War","Empty Cage","Shovel","Bottled Lightning","Smiling Mask","TungstenRod"],"acts_visited":["Exordium","TheCity","TheBeyond"],"potions_floor_usage":[50],"damage_taken":[{"damage":3.0,"enemies":"2 Louse","floor":1.0,"turns":3.0},{"damage":0.0,"enemies":"Cultist","floor":3.0,"turns":5.0},{"damage":2.0,"enemies":"Jaw Worm","floor":7.0,"turns":3.0},{"damage":16.0,"enemies":"3 Louse","floor":8.0,"turns":4.0},{"damage":1.0,"enemies":"Exordium Wildlife","floor":10.0,"turns":4.0},{"damage":16.0,"enemies":"Gremlin Nob","floor":11.0,"turns":4.0},{"damage":0.0,"enemies":"Large Slime","floor":14.0,"turns":6.0},{"damage":6.0,"enemies":"Slime Boss","floor":16.0,"turns":7.0},{"damage":7.0,"enemies":"Spheric Guardian","floor":18.0,"turns":4.0},{"damage":5.0,"enemies":"2 Thieves","floor":19.0,"turns":5.0},{"damage":17.0,"enemies":"Book of Stabbing","floor":24.0,"turns":7.0},{"damage":0.0,"enemies":"Shelled Parasite and Fungi","floor":25.0,"turns":9.0},{"damage":0.0,"enemies":"Chosen and Byrds","floor":29.0,"turns":10.0},{"damage":33.0,"enemies":"3 Cultists","floor":31.0,"turns":8.0},{"damage":8.0,"enemies":"Collector","floor":33.0,"turns":12.0},{"damage":10.0,"enemies":"3 Darklings","floor":35.0,"turns":5.0},{"damage":0.0,"enemies":"Mind Bloom Boss Battle","floor":37.0,"turns":10.0},{"damage":1.0,"enemies":"Nemesis","floor":41.0,"turns":7.0},{"damage":32,"enemies":"Reptomancer","floor":45,"turns":6},{"damage":2,"enemies":"Orb Walker","floor":47,"turns":5},{"damage":1,"enemies":"Time Eater","floor":50,"turns":14}],"seed_played":"7149278199245046517","potions_obtained":[{"floor":7.0,"key":"SmokeBomb"},{"floor":10.0,"key":"SkillPotion"},{"floor":11.0,"key":"LiquidMemories"},{"floor":16.0,"key":"Explosive Potion"},{"floor":18.0,"key":"Dexterity Potion"},{"floor":24.0,"key":"PowerPotion"},{"floor":25.0,"key":"FearPotion"},{"floor":31.0,"key":"Strength Potion"},{"floor":35.0,"key":"SpeedPotion"},{"floor":47,"key":"GamblersBrew"}],"is_trial":false,"path_per_floor":["M","$","M","?","?","R","M","M","T","M","E","$","?","M","R","B",null,"M","M","$","?","T","R","E","M","T","?","$","M","R","M","R","B",null,"M","?","?","$","?","R","E","$","T","R","E","R","M","$","R","B",null],"character_chosen":"THE_SILENT","items_purchased":["Poisoned Stab","Catalyst","Blur","Well Laid Plans","LiquidMemories","Noxious Fumes"],"campfire_rested":3,"item_purchase_floors":[2,2,12,12,28,38],"current_hp_per_floor":[60,60,60,49,49,49,47,31,31,30,14,14,14,14,14,8,55,48,43,43,43,43,43,26,26,26,13,13,13,35,2,24,16,60,50,50,50,50,50,50,49,49,49,49,17,38,36,36,36,35],"gold":17,"neow_bonus":"UPGRADE_CARD","is_daily":false,"chose_seed":false,"campfire_upgraded":5,"win_rate":0.0,"timestamp":1607868705,"path_taken":["M","$","M","?","?","R","M","?","T","M","E","?","?","M","R","BOSS","M","M","$","?","?","R","E","M","T","?","$","M","R","M","R","BOSS","M","?","?","?","?","R","E","$","T","R","E","R","M","$","R","BOSS"],"items_purchased_type":["Card","Card","Card","Card","Potion","Card"],"build_version":"2020-11-30","purchased_purges":5,"victory":true,"max_hp_per_floor":[70,70,70,70,70,70,70,70,70,70,70,70,70,70,70,70,70,70,70,70,70,70,70,70,70,70,75,75,75,75,75,75,75,75,75,71,71,71,71,71,71,71,71,71,71,71,71,71,71,71],"card_choices":[{"not_picked":["PiercingWail","Terror"],"picked":"Deflect","floor":1.0},{"not_picked":["Deflect","Underhanded Strike","PiercingWail"],"picked":"SKIP","floor":3.0},{"not_picked":["All Out Attack","Deflect"],"picked":"Bouncing Flask","floor":7.0},{"not_picked":["Deflect","Flechettes"],"picked":"PiercingWail","floor":8.0},{"not_picked":["Blade Dance","Leg Sweep"],"picked":"Backflip","floor":10.0},{"not_picked":["Malaise","Deadly Poison"],"picked":"After Image","floor":11.0},{"not_picked":["Heel Hook","Cloak And Dagger","Dagger Throw"],"picked":"SKIP","floor":14.0},{"not_picked":["Phantasmal Killer","Night Terror"],"picked":"After Image","floor":16.0},{"not_picked":["Bouncing Flask+1","Skewer"],"picked":"PiercingWail","floor":18.0},{"not_picked":["Flying Knee","Well Laid Plans","Dagger Spray"],"picked":"SKIP","floor":19.0},{"not_picked":["All Out Attack","Dagger Throw"],"picked":"PiercingWail+1","floor":24.0},{"not_picked":["Underhanded Strike+1","Well Laid Plans+1"],"picked":"Backflip+1","floor":25.0},{"not_picked":["Masterful Stab","Poisoned Stab","Bane"],"picked":"SKIP","floor":29.0},{"not_picked":["Outmaneuver","Slice+1","Deadly Poison"],"picked":"SKIP","floor":31.0},{"not_picked":["Unload","Venomology"],"picked":"Corpse Explosion","floor":33.0},{"not_picked":["Quick Slash+1","Cloak And Dagger"],"picked":"Acrobatics","floor":35.0},{"not_picked":["Bullet Time","Finisher+1","Bane+1"],"picked":"SKIP","floor":41.0},{"not_picked":["Skewer+1","Deadly Poison+1"],"picked":"Calculated Gamble+1","floor":45},{"not_picked":["Prepared","Dagger Spray+1"],"picked":"Tactician","floor":47}],"player_experience":69332,"relics_obtained":[{"floor":9.0,"key":"Oddly Smooth Stone"},{"floor":11.0,"key":"Omamori"},{"floor":22.0,"key":"Boot"},{"floor":24.0,"key":"Ice Cream"},{"floor":26.0,"key":"Art of War"},{"floor":37.0,"key":"Shovel"},{"floor":40.0,"key":"Bottled Lightning"},{"floor":41.0,"key":"Smiling Mask"},{"floor":45,"key":"TungstenRod"}],"event_choices":[{"damage_healed":0.0,"max_hp_gain":0.0,"max_hp_loss":0.0,"gold_gain":75.0,"event_name":"World of Goop","player_choice":"Gather Gold","floor":4.0,"gold_loss":0.0,"damage_taken":11.0},{"cards_removed":["Deflect"],"damage_healed":0.0,"max_hp_gain":0.0,"max_hp_loss":0.0,"gold_gain":0.0,"event_name":"WeMeetAgain","player_choice":"Gave Card","floor":5.0,"gold_loss":0.0,"damage_taken":0.0,"relics_obtained":["Orichalcum"]},{"cards_removed":["Strike_G"],"damage_healed":0.0,"max_hp_gain":0.0,"max_hp_loss":0.0,"gold_gain":0.0,"event_name":"Living Wall","player_choice":"Forget","floor":13.0,"gold_loss":0.0,"damage_taken":0.0},{"damage_healed":0.0,"max_hp_gain":0.0,"max_hp_loss":0.0,"gold_gain":0.0,"event_name":"The Mausoleum","player_choice":"Opened","floor":21.0,"gold_loss":0.0,"damage_taken":0.0,"relics_obtained":["InkBottle"],"cards_obtained":["Writhe"]},{"damage_healed":0.0,"max_hp_gain":5.0,"max_hp_loss":0.0,"gold_gain":0.0,"event_name":"Forgotten Altar","player_choice":"Shed Blood","floor":27.0,"gold_loss":0.0,"damage_taken":18.0},{"damage_healed":0.0,"max_hp_gain":0.0,"max_hp_loss":4.0,"gold_gain":0.0,"event_name":"Winding Halls","player_choice":"Max HP","floor":36.0,"gold_loss":0.0,"damage_taken":0.0},{"damage_healed":0.0,"max_hp_gain":0.0,"max_hp_loss":0.0,"gold_gain":0.0,"event_name":"MindBloom","player_choice":"Fight","floor":37.0,"gold_loss":0.0,"damage_taken":0.0},{"damage_healed":0.0,"max_hp_gain":0.0,"max_hp_loss":0.0,"gold_gain":0.0,"event_name":"SensoryStone","player_choice":"Memory 1","floor":39.0,"gold_loss":0.0,"damage_taken":0.0}],"is_beta":false,"boss_relics":[{"not_picked":["Snecko Eye","Calling Bell"],"picked":"Cursed Key"},{"not_picked":["Black Star","HoveringKite"],"picked":"Empty Cage"}],"items_purged_floors":[12,20,38,42,48],"is_endless":false,"potions_floor_spawned":[7,10,11,16,18,24,25,31,35,47],"ascension_level":11}}