{"host":"qw1m3zcvi888b4j7","time":1607888957,"event":{"mods":["AchievementEnabler","BaseMod","Block Reminder","Colored Map","Colored Powertips","Consume Value Calculator","DeckTracker","Highlight Path","Minty Spire (QoL Compilation)","Quick Restart","Rare Cards Sparkle","Relic Sorter","Relic Stats"],"gold_per_floor":[113,11,26,26,38,72,72,91,144,144,144],"floor_reached":10,"playtime":370,"items_purged":["Doubt"],"score":71,"play_id":"6fdb5c56-e7a7-43cd-8b58-54d271d99d69","local_time":"20201213204917","is_ascension_mode":true,"campfire_choices":[{"floor":7,"key":"RECALL"}],"circlet_count":0,"master_deck":["Strike_B","Strike_B","Strike_B","Strike_B","Defend_B","Defend_B","Defend_B","Defend_B","Zap","Dualcast","The Bomb","Melter","Turbo","Rebound","Redo","Reprogram","Genetic Algorithm"],"relics":["Cracked Core","Ornamental Fan","Orichalcum"],"acts_visited":["Exordium"],"potions_floor_usage":[10],"damage_taken":[{"damage":12,"enemies":"Small Slimes","floor":1,"turns":4},{"damage":0,"enemies":"2 Louse","floor":3,"turns":2},{"damage":0,"enemies":"Cultist","floor":5,"turns":2},{"damage":17,"enemies":"3 Sentries","floor":6,"turns":3},{"damage":7,"enemies":"3 Louse","floor":8,"turns":2},{"damage":38,"enemies":"Lagavulin","floor":10,"turns":6}],"seed_played":"5180137344367328937","potions_obtained":[{"floor":3,"key":"Weak Potion"},{"floor":6,"key":"Weak Potion"}],"is_trial":false,"path_per_floor":["M","$","M","?","M","E","R","M","T","E"],"character_chosen":"DEFECT","items_purchased":["Turbo"],"campfire_rested":0,"item_purchase_floors":[2],"current_hp_per_floor":[63,63,63,60,60,43,43,36,36,0,0],"gold":144,"neow_bonus":"RANDOM_COLORLESS_2","is_daily":false,"chose_seed":false,"campfire_upgraded":0,"win_rate":0.0,"timestamp":1607888957,"path_taken":["M","$","M","?","M","E","R","M","T","E"],"items_purchased_type":["Card"],"build_version":"2020-11-30","purchased_purges":1,"victory":false,"max_hp_per_floor":[75,75,75,75,75,75,75,75,75,75,75],"relic_stats":{"counters":[6,19],"Ornamental Fan":[0],"Orichalcum":[36],"obtain_stats":[{"Ornamental Fan":4,"Orichalcum":6,"Cracked Core":0},{"Ornamental Fan":2,"Orichalcum":4,"Cracked Core":0},{"Ornamental Fan":6,"Orichalcum":11,"Cracked Core":0}]},"card_choices":[{"not_picked":["Mayhem","Metamorphosis"],"picked":"The Bomb","floor":0},{"not_picked":["Compile Driver","Beam Cell"],"picked":"Melter","floor":1},{"not_picked":["Steam Power","Hologram"],"picked":"Rebound","floor":3},{"not_picked":["Streamline","Reinforced Body"],"picked":"Redo","floor":5},{"not_picked":["Chaos","White Noise"],"picked":"Reprogram","floor":6},{"not_picked":["Rebound","Ball Lightning"],"picked":"Genetic Algorithm","floor":8}],"player_experience":46719,"relics_obtained":[{"floor":6,"key":"Orichalcum"}],"event_choices":[{"damage_healed":0,"gold_gain":0,"player_choice":"Success","damage_taken":3,"relics_obtained":["Ornamental Fan"],"max_hp_gain":0,"max_hp_loss":0,"event_name":"Scrap Ooze","floor":4,"gold_loss":0}],"is_beta":false,"boss_relics":[],"items_purged_floors":[2],"is_endless":false,"potions_floor_spawned":[3,6],"killed_by":"Lagavulin","ascension_level":1}}