{"host":"cvdbfwtypahr1w62","time":1607883816,"event":{"mods":["AchievementEnabler","Act Like it!","BaseMod","BetterRewards","Colored Map","Filter the Spire","Hallownest","Highlight Path","Jorbs\u0027s Wanderer Trilogy","Marisa????????","Minty Spire (QoL Compilation)","Rare Cards Sparkle","Relic Stats","Shop Mod","StSLib","The Bug Knight","The Cursed"],"gold_per_floor":[109,128,128,139,42,42,58,72,72,72,72,91,91,91,91,162,162,174,581,601,114,114,145,145,175,202,217,217,258,258,270,270,341,341,357,357,371,371,371,371,389,389,389,389,422,422,422],"floor_reached":46,"playtime":1786,"items_purged":["Strike_G","Strike_G","Strike_G","Strike_G","Strike_G","Defend_G"],"score":1235,"play_id":"5058bcb2-f689-4116-aa6d-fc1263dade10","local_time":"20201213192336","is_ascension_mode":true,"campfire_choices":[{"floor":6,"key":"REST"},{"data":"A Thousand Cuts","floor":11,"key":"SMITH"},{"data":"Terror","floor":13,"key":"SMITH"},{"data":"Noxious Fumes","floor":15,"key":"SMITH"},{"floor":28,"key":"REST"},{"data":"Burst","floor":30,"key":"SMITH"},{"floor":32,"key":"REST"},{"data":"Accuracy","floor":40,"key":"SMITH"},{"floor":42,"key":"REST"},{"floor":44,"key":"REST"}],"circlet_count":0,"master_deck":["AscendersBane","Defend_G","Neutralize","Blade Dance","A Thousand Cuts+1","Noxious Fumes","Terror+1","Noxious Fumes+1","Accuracy+1","Dodge and Roll","Burst+1","Cloak And Dagger","Backflip+1","Wraith Form v2","Noxious Fumes","Infinite Blades","Adrenaline","Madness","Madness","Impatience","Accuracy"],"relics":["Torii","Omamori","Question Card","Philosopher\u0027s Stone","Shuriken","Nunchaku","Du-Vu Doll","Pen Nib","Empty Cage","Vajra","Ninja Scroll"],"acts_visited":["Exordium","Hallownest:Greenpath","TheBeyond"],"potions_floor_usage":[12,16,20,25,31,35,37,41,46],"damage_taken":[{"damage":0,"enemies":"2_ Uuma","floor":1,"turns":7},{"damage":1,"enemies":"Hallownest:monsterHuskGuard","floor":2,"turns":5},{"damage":0,"enemies":"Hallownest:2_Baldur","floor":4,"turns":5},{"damage":0,"enemies":"Hallownest:monsterAspidMother","floor":7,"turns":4},{"damage":0,"enemies":"Hallownest:monsterMossCharger","floor":8,"turns":5},{"damage":2,"enemies":"Hallownest:1_Baldur_1_Crawlid_1_Warrior","floor":12,"turns":5},{"damage":31,"enemies":"Hallownest:BossBrokenVessel","floor":16,"turns":7},{"damage":10,"enemies":"Hallownest:Guard_and_Sentry","floor":18,"turns":4},{"damage":8,"enemies":"Hallownest:3_Youths","floor":20,"turns":3},{"damage":22,"enemies":"Hallownest:eliteSoulWarrior","floor":23,"turns":5},{"damage":0,"enemies":"Hallownest:Nosk","floor":25,"turns":4},{"damage":2,"enemies":"Hallownest:monsterShrumalOgre","floor":27,"turns":4},{"damage":0,"enemies":"Hallownest:Glutton_and_Coward","floor":29,"turns":5},{"damage":8,"enemies":"Hallownest:2_Husk_Sentries","floor":31,"turns":6},{"damage":23,"enemies":"Hallownest:BossGrimm","floor":33,"turns":6},{"damage":0,"enemies":"Orb Walker","floor":35,"turns":3},{"damage":14,"enemies":"3 Darklings","floor":37,"turns":5},{"damage":14,"enemies":"Spire Growth","floor":41,"turns":4},{"damage":12,"enemies":"Reptomancer","floor":45,"turns":5},{"damage":43,"enemies":"Writhing Mass","floor":46,"turns":3}],"seed_played":"1016279583165661649","potions_obtained":[{"floor":8,"key":"Weak Potion"},{"floor":12,"key":"Regen Potion"},{"floor":16,"key":"DistilledChaos"},{"floor":23,"key":"CultistPotion"},{"floor":29,"key":"Poison Potion"},{"floor":31,"key":"Energy Potion"},{"floor":33,"key":"Weak Potion"},{"floor":35,"key":"Block Potion"},{"floor":45,"key":"Fire Potion"}],"is_trial":false,"path_per_floor":["M","M","?","M","$","R","M","M","T","$","R","M","R","?","R","B",null,"M","?","M","$","?","E","$","E","T","M","R","M","R","M","R","B",null,"M","?","M","?","?","R","M","R","T","R","E","M"],"character_chosen":"THE_SILENT","items_purchased":["ClockworkSouvenir","Blade Dance","A Thousand Cuts","Noxious Fumes","Terror","Omamori","Accuracy","Dodge and Roll","Shuriken"],"campfire_rested":5,"item_purchase_floors":[0,0,0,0,0,0,5,5,21],"current_hp_per_floor":[18,17,17,17,17,34,34,34,34,34,34,32,32,32,32,16,48,38,38,30,30,30,8,8,8,8,6,23,23,23,15,32,9,46,46,36,22,22,22,22,8,25,25,42,30,0,0],"gold":422,"neow_bonus":"","is_daily":false,"chose_seed":false,"campfire_upgraded":5,"win_rate":0.0,"timestamp":1607883816,"path_taken":["M","?","?","M","$","R","M","M","T","$","R","M","R","?","R","BOSS","M","?","M","$","?","E","$","E","T","M","R","M","R","M","R","BOSS","M","?","M","?","?","R","M","R","T","R","E","?"],"items_purchased_type":["Relic","Card","Card","Card","Card","Relic","Card","Card","Relic"],"build_version":"2020-11-30","purchased_purges":6,"victory":false,"max_hp_per_floor":[66,66,58,58,58,58,58,58,58,58,58,58,58,58,58,58,58,58,58,58,58,58,58,58,58,58,58,58,58,58,58,58,58,58,58,58,58,58,58,58,58,58,58,58,58,58,58],"relic_stats":{"Nunchaku":[11],"Torii":23,"counters":[356,1940],"Shuriken":[26],"Pen Nib":[10],"Question Card":17,"obtain_stats":[{"TwistedFunnel":19,"Whetstone":0,"Bottled Tornado":28,"Boot":8,"Sling":19,"Blood Vial":2,"Sundial":43,"MealTicket":7,"Fusion Hammer":34,"Kunai":9,"HollowMod:PaleOreRelic":40,"HollowMod:QueensCombRelic":0,"Pear":9,"Blue Candle":31,"HollowMod:JonisBlessing":0,"Eternal Feather":13,"Pen Nib":27,"Paper Crane":10,"Akabeko":45,"SlaversCollar":17,"MutagenicStrength":20,"Bird Faced Urn":25,"Ring of the Serpent":34,"Unceasing Top":14,"Lantern":24,"Regal Pillow":26,"Torii":0,"Singing Bowl":9,"Magic Flower":0,"StoneCalendar":0,"Bag of Preparation":25,"Smiling Mask":9,"Hallownest:GodTamersBeastRelic":45,"Cursed Key":17,"Matryoshka":31,"Shovel":0,"WristBlade":34,"Ninja Scroll":0,"WingedGreaves":0,"Chemical X":30,"InkBottle":14,"Ring of the Snake":0,"Potion Belt":43,"Lee\u0027s Waffle":30,"Golden Idol":2,"Circlet":30,"Thread and Needle":40,"PreservedInsect":5,"Omamori":13,"Frozen Egg 2":22,"Hallownest:WatcherSealRelic":20,"Busted Crown":34,"Ornamental Fan":11,"Turnip":24,"Bottled Lightning":26,"Toy Ornithopter":9,"Ice Cream":39,"Mark of the Bloom":36,"Calipers":10,"Tiny House":17,"Gremlin Horn":29,"CeramicFish":26,"Vajra":10,"HoveringKite":34,"HollowMod:VesselMask":0,"HollowMod:StagPassRelic":9,"Sozu":34,"Lizard Tail":43,"HornCleat":0,"Strawberry":26,"Philosopher\u0027s Stone":17,"Prayer Wheel":27,"Toxic Egg 2":9,"Girya":8,"Happy Flower":0,"Oddly Smooth Stone":0,"War Paint":30,"Question Card":26,"WarpedTongs":28,"Du-Vu Doll":25,"Bottled Flame":26,"Shuriken":9,"Bronze Scales":20,"Molten Egg 2":45,"CatCart":37,"Pocketwatch":0,"Meat on the Bone":4,"Darkstone Periapt":26,"Hallownest:StagBellRelic1":3,"SacredBark":34,"Enchiridion":27,"Mango":0,"Snake Skull":0,"Juzu Bracelet":43,"Incense Burner":2,"Hallownest:DreamNailRelic":3,"Empty Cage":17,"ClockworkSouvenir":0,"Nunchaku":26,"Dream Catcher":9,"Tough Bandages":0,"Mummified Hand":44,"Pantograph":6,"Tiny Chest":31,"Red Mask":48,"Runic Pyramid":34,"Hallownest:BeastSealRelic":48,"Hallownest:SalubrasBlessingRelic":2,"HollowMod:LifeEnderRelic":40,"Odd Mushroom":11,"Orichalcum":44,"White Beast Statue":26,"Peace Pipe":13,"Anchor":30,"Membership Card":0,"TungstenRod":43},{"TwistedFunnel":198,"Whetstone":0,"Bottled Tornado":112,"Boot":4,"Sling":64,"Blood Vial":56,"Sundial":17,"MealTicket":96,"Fusion Hammer":46,"Kunai":20,"HollowMod:PaleOreRelic":287,"HollowMod:QueensCombRelic":188,"Pear":58,"Blue Candle":158,"HollowMod:JonisBlessing":0,"Eternal Feather":238,"Pen Nib":68,"Paper Crane":148,"Akabeko":73,"SlaversCollar":39,"MutagenicStrength":111,"Bird Faced Urn":111,"Ring of the Serpent":136,"Unceasing Top":218,"Lantern":10,"Regal Pillow":131,"Torii":250,"Singing Bowl":292,"Magic Flower":55,"StoneCalendar":55,"Bag of Preparation":179,"Smiling Mask":4,"Hallownest:GodTamersBeastRelic":54,"Cursed Key":110,"Matryoshka":12,"Shovel":289,"WristBlade":182,"Ninja Scroll":210,"WingedGreaves":105,"Chemical X":44,"InkBottle":22,"Ring of the Snake":336,"Potion Belt":230,"Lee\u0027s Waffle":68,"Golden Idol":106,"Circlet":222,"Thread and Needle":184,"PreservedInsect":99,"Omamori":173,"Frozen Egg 2":9,"Hallownest:WatcherSealRelic":41,"Busted Crown":115,"Ornamental Fan":36,"Turnip":130,"Bottled Lightning":280,"Toy Ornithopter":107,"Ice Cream":286,"Mark of the Bloom":183,"Calipers":124,"Tiny House":127,"Gremlin Horn":200,"CeramicFish":179,"Vajra":59,"HoveringKite":202,"HollowMod:VesselMask":0,"HollowMod:StagPassRelic":255,"Sozu":244,"Lizard Tail":287,"HornCleat":188,"Strawberry":261,"Philosopher\u0027s Stone":7,"Prayer Wheel":87,"Toxic Egg 2":34,"Girya":255,"Happy Flower":55,"Oddly Smooth Stone":119,"War Paint":68,"Question Card":155,"WarpedTongs":43,"Du-Vu Doll":347,"Bottled Flame":11,"Shuriken":123,"Bronze Scales":25,"Molten Egg 2":208,"CatCart":226,"Pocketwatch":0,"Meat on the Bone":106,"Darkstone Periapt":198,"Hallownest:StagBellRelic1":145,"SacredBark":70,"Enchiridion":241,"Mango":18,"Snake Skull":188,"Juzu Bracelet":17,"Incense Burner":19,"Hallownest:DreamNailRelic":31,"Empty Cage":63,"ClockworkSouvenir":18,"Nunchaku":67,"Dream Catcher":147,"Tough Bandages":250,"Mummified Hand":207,"Pantograph":3,"Tiny Chest":303,"Red Mask":75,"Runic Pyramid":13,"Hallownest:BeastSealRelic":54,"Hallownest:SalubrasBlessingRelic":290,"HollowMod:LifeEnderRelic":229,"Odd Mushroom":102,"Orichalcum":187,"White Beast Statue":86,"Peace Pipe":81,"Anchor":134,"Membership Card":55,"TungstenRod":140},{"TwistedFunnel":1059,"Whetstone":0,"Bottled Tornado":608,"Boot":16,"Sling":351,"Blood Vial":314,"Sundial":91,"MealTicket":529,"Fusion Hammer":267,"Kunai":105,"HollowMod:PaleOreRelic":1541,"HollowMod:QueensCombRelic":1010,"Pear":321,"Blue Candle":829,"HollowMod:JonisBlessing":0,"Eternal Feather":1270,"Pen Nib":370,"Paper Crane":780,"Akabeko":387,"SlaversCollar":217,"MutagenicStrength":605,"Bird Faced Urn":605,"Ring of the Serpent":725,"Unceasing Top":1160,"Lantern":51,"Regal Pillow":701,"Torii":1334,"Singing Bowl":1609,"Magic Flower":310,"StoneCalendar":310,"Bag of Preparation":959,"Smiling Mask":16,"Hallownest:GodTamersBeastRelic":299,"Cursed Key":602,"Matryoshka":59,"Shovel":1574,"WristBlade":981,"Ninja Scroll":1121,"WingedGreaves":578,"Chemical X":253,"InkBottle":113,"Ring of the Snake":1845,"Potion Belt":1228,"Lee\u0027s Waffle":370,"Golden Idol":582,"Circlet":1184,"Thread and Needle":990,"PreservedInsect":549,"Omamori":913,"Frozen Egg 2":39,"Hallownest:WatcherSealRelic":230,"Busted Crown":624,"Ornamental Fan":195,"Turnip":698,"Bottled Lightning":1495,"Toy Ornithopter":585,"Ice Cream":1536,"Mark of the Bloom":985,"Calipers":675,"Tiny House":688,"Gremlin Horn":1072,"CeramicFish":959,"Vajra":325,"HoveringKite":1081,"HollowMod:VesselMask":0,"HollowMod:StagPassRelic":1359,"Sozu":1306,"Lizard Tail":1541,"HornCleat":1010,"Strawberry":1400,"Philosopher\u0027s Stone":32,"Prayer Wheel":476,"Toxic Egg 2":181,"Girya":1359,"Happy Flower":310,"Oddly Smooth Stone":643,"War Paint":370,"Question Card":814,"WarpedTongs":248,"Du-Vu Doll":1899,"Bottled Flame":55,"Shuriken":667,"Bronze Scales":137,"Molten Egg 2":1106,"CatCart":1208,"Pocketwatch":0,"Meat on the Bone":582,"Darkstone Periapt":1059,"Hallownest:StagBellRelic1":767,"SacredBark":378,"Enchiridion":1289,"Mango":100,"Snake Skull":1010,"Juzu Bracelet":91,"Incense Burner":102,"Hallownest:DreamNailRelic":168,"Empty Cage":346,"ClockworkSouvenir":100,"Nunchaku":364,"Dream Catcher":775,"Tough Bandages":1334,"Mummified Hand":1100,"Pantograph":11,"Tiny Chest":1687,"Red Mask":396,"Runic Pyramid":71,"Hallownest:BeastSealRelic":299,"Hallownest:SalubrasBlessingRelic":1591,"HollowMod:LifeEnderRelic":1224,"Odd Mushroom":563,"Orichalcum":1003,"White Beast Statue":466,"Peace Pipe":431,"Anchor":716,"Membership Card":310,"TungstenRod":739}]},"card_choices":[{"not_picked":["Outmaneuver","Underhanded Strike","Deadly Poison"],"picked":"SKIP","floor":1},{"not_picked":["Blade Dance","Underhanded Strike","Heel Hook"],"picked":"SKIP","floor":2},{"not_picked":["Calculated Gamble","Sucker Punch"],"picked":"Noxious Fumes","floor":4},{"not_picked":["Dash","PiercingWail","Bane"],"picked":"SKIP","floor":7},{"not_picked":["Deadly Poison","Underhanded Strike","Dagger Spray"],"picked":"SKIP","floor":8},{"not_picked":["Deadly Poison","Riddle With Holes","Outmaneuver","Finisher"],"picked":"SKIP","floor":12},{"not_picked":["Corpse Explosion","Venomology","Wraith Form v2"],"picked":"Burst","floor":16},{"not_picked":["Blade Dance","Dodge and Roll+1","PiercingWail","Flying Knee"],"picked":"SKIP","floor":18},{"not_picked":["Dagger Spray","Blade Dance","Bouncing Flask","Acrobatics"],"picked":"SKIP","floor":20},{"not_picked":["Sucker Punch","Prepared","Acrobatics+1"],"picked":"Cloak And Dagger","floor":22},{"not_picked":["Bane","Dagger Throw","Flechettes"],"picked":"Backflip+1","floor":22},{"not_picked":["Underhanded Strike","Eviscerate","PiercingWail","Leg Sweep"],"picked":"SKIP","floor":23},{"not_picked":["Deadly Poison","Prepared","Well Laid Plans"],"picked":"Wraith Form v2","floor":25},{"not_picked":["Prepared","Blade Dance","Flechettes"],"picked":"Noxious Fumes","floor":27},{"not_picked":["Flying Knee","Blur","Distraction"],"picked":"Infinite Blades","floor":29},{"not_picked":["Masterful Stab","Flechettes","Concentrate","Finisher"],"picked":"SKIP","floor":31},{"not_picked":["Die Die Die","Unload","Malaise"],"picked":"Adrenaline","floor":33},{"not_picked":["Underhanded Strike","Poisoned Stab","Bane","Expertise"],"picked":"SKIP","floor":35},{"not_picked":["Flechettes","Underhanded Strike","Setup","Backflip"],"picked":"SKIP","floor":37},{"not_picked":["Secret Technique","Panacea","Good Instincts"],"picked":"Impatience","floor":38},{"not_picked":["Quick Slash","Endless Agony","PiercingWail+1","Slice"],"picked":"SKIP","floor":41},{"not_picked":["Flying Knee","PiercingWail","Infinite Blades"],"picked":"Accuracy","floor":45}],"player_experience":778984,"relics_obtained":[{"floor":9,"key":"Question Card"},{"floor":23,"key":"Nunchaku"},{"floor":25,"key":"Du-Vu Doll"},{"floor":26,"key":"Pen Nib"},{"floor":43,"key":"Vajra"},{"floor":45,"key":"Ninja Scroll"}],"event_choices":[{"damage_healed":0,"gold_gain":0,"player_choice":"Embrace Madness","damage_taken":10,"max_hp_gain":0,"max_hp_loss":0,"event_name":"Winding Halls","floor":36,"gold_loss":0,"cards_obtained":["Madness","Madness"]},{"damage_healed":0,"gold_gain":0,"player_choice":"Memory 1","damage_taken":0,"max_hp_gain":0,"max_hp_loss":0,"event_name":"SensoryStone","floor":38,"gold_loss":0},{"damage_healed":0,"gold_gain":0,"player_choice":"Ignored","damage_taken":0,"max_hp_gain":0,"max_hp_loss":0,"event_name":"Transmorgrifier","floor":39,"gold_loss":0}],"is_beta":false,"boss_relics":[{"not_picked":["Sozu","Velvet Choker"],"picked":"Philosopher\u0027s Stone"},{"not_picked":["Runic Dome","Fusion Hammer"],"picked":"Empty Cage"}],"items_purged_floors":[0,0,0,0,0,21],"is_endless":false,"potions_floor_spawned":[8,12,16,23,29,31,33,35,45],"killed_by":"Writhing Mass","ascension_level":19}}