{"host":"kntpungskobv1jqb","time":1607870814,"event":{"mods":["BaseMod","Minty Spire (QoL Compilation)","Replay The Spire","StSLib","SuperFastMode"],"gold_per_floor":[116,198,161,177,177,208,208,218,266,266,286,286,142,142,142,220,220,239,154,205,220,235,235,235,252,278,278,303,322,322,342,342,422,422,443,777,473,500,527,527,228,262,286,286,311,311,311,337,337,337,337],"floor_reached":50,"playtime":1171,"items_purged":[],"score":931,"play_id":"2285828f-cbc6-4287-9ed0-3bf7077e2c1a","local_time":"20201213224654","is_ascension_mode":true,"campfire_choices":[{"data":"Feed","floor":7,"key":"SMITH"},{"floor":12,"key":"REST"},{"data":"Strike_R","floor":15,"key":"SMITH"},{"data":"Strike_R+1","floor":23,"key":"SMITH"},{"data":"Strike_R+1","floor":27,"key":"SMITH"},{"floor":32,"key":"REST"},{"floor":40,"key":"REST"},{"data":"Limit Break","floor":44,"key":"SMITH"},{"floor":46,"key":"REST"},{"floor":49,"key":"REST"}],"circlet_count":0,"master_deck":["AscendersBane","Strike_R+3","Strike_R+1","Strike_R+2","Strike_R","Strike_R+1","Defend_R","Defend_R","Defend_R+1","Defend_R","Bash+1","Heavy Blade","Feed+1","Pummel","Cleave","ReplayTheSpireMod:Muscle Training","Whirlwind","Limit Break+1","Clash","Massacre","ReplayTheSpireMod:Muscle Training","Feed","ReplayTheSpireMod:LeadingStrike","Flex","Cleave+1","Berserk+1","ReplayTheSpireMod:Limb From Limb","Pummel"],"relics":["Black Blood","NeowsBlessing","Bronze Scales","PreservedInsect","Simple Rune","Replay:Mystery Machine","Ring of Chaos","Red Skull","Vajra","CeramicFish","Pet Ghost","Nloth\u0027s Gift","Old Coin","Sling","Lantern","Replay:Baseball","Gambling Chip","Toy Ornithopter","Whetstone"],"acts_visited":["Exordium","TheCity","TheBeyond"],"potions_floor_usage":[16,33,33,45,50,50],"damage_taken":[{"damage":0,"enemies":"2 Louse","floor":1,"turns":1},{"damage":0,"enemies":"Cultist","floor":4,"turns":1},{"damage":0,"enemies":"3 Sentries","floor":6,"turns":2},{"damage":0,"enemies":"Small Slimes","floor":8,"turns":3},{"damage":19,"enemies":"Exordium Thugs","floor":11,"turns":4},{"damage":60,"enemies":"Slime Boss","floor":16,"turns":10},{"damage":13,"enemies":"Chosen","floor":18,"turns":4},{"damage":23,"enemies":"2 Thieves","floor":21,"turns":4},{"damage":4,"enemies":"Shelled Parasite and Fungi","floor":22,"turns":3},{"damage":7,"enemies":"Snake Plant","floor":25,"turns":2},{"damage":3,"enemies":"Cultist and Chosen","floor":29,"turns":3},{"damage":28,"enemies":"3 Cultists","floor":31,"turns":4},{"damage":43,"enemies":"Automaton","floor":33,"turns":6},{"damage":20,"enemies":"3 Darklings","floor":35,"turns":4},{"damage":28,"enemies":"Mind Bloom Boss Battle","floor":36,"turns":6},{"damage":21,"enemies":"3 Shapes","floor":39,"turns":3},{"damage":34,"enemies":"R_Hoarder","floor":42,"turns":5},{"damage":33,"enemies":"Transient","floor":45,"turns":5},{"damage":23,"enemies":"Writhing Mass","floor":48,"turns":2},{"damage":116,"enemies":"Time Eater","floor":50,"turns":4}],"seed_played":"-535838323195573409","potions_obtained":[{"floor":4,"key":"Regen Potion"},{"floor":8,"key":"Swift Potion"},{"floor":16,"key":"Doom Potion"},{"floor":29,"key":"CultistPotion"},{"floor":33,"key":"AttackPotion"},{"floor":36,"key":"Block Potion"},{"floor":48,"key":"Elixir"}],"is_trial":false,"path_per_floor":["M","?","$","M","$","E","R","M","T","?","M","R","$","T","R","B",null,"M","?","T","M","M","R","$","M","T","R","T","M","?","M","R","B",null,"M","?","$","T","M","R","$","E","T","R","M","R","?","M","R","B"],"character_chosen":"IRONCLAD","items_purchased":["Pummel","Simple Rune","Sling","Lantern","Gambling Chip"],"campfire_rested":5,"item_purchase_floors":[3,13,37,37,41],"current_hp_per_floor":[74,44,44,50,50,56,56,62,62,47,34,56,56,56,56,11,59,52,52,52,39,45,45,45,44,44,44,44,47,47,25,49,12,65,57,41,41,41,39,66,66,48,48,48,32,60,60,49,77,0,0],"gold":337,"neow_bonus":"THREE_ENEMY_KILL","is_daily":false,"chose_seed":false,"campfire_upgraded":5,"win_rate":0.0,"timestamp":1607870814,"path_taken":["M","?","$","?","$","E","R","M","T","?","M","R","$","?","R","BOSS","M","?","?","?","?","R","?","M","T","R","?","M","?","?","R","BOSS","M","?","?","?","?","R","$","E","T","R","M","R","?","M","R","BOSS"],"items_purchased_type":["Card","Relic","Relic","Relic","Relic"],"build_version":"2020-11-30","purchased_purges":0,"victory":false,"max_hp_per_floor":[75,75,75,75,75,75,75,75,75,75,75,75,75,75,75,75,75,75,75,75,79,83,83,83,83,83,83,83,83,83,83,83,83,83,83,83,83,83,90,90,90,94,94,94,94,94,94,94,94,94,94],"card_choices":[{"not_picked":["Warcry","Body Slam"],"picked":"Heavy Blade","floor":1},{"not_picked":["Evolve","Wild Strike"],"picked":"Feed","floor":2},{"not_picked":["Thunderclap","Second Wind"],"picked":"Cleave","floor":4},{"not_picked":["Rampage","Warcry","Reckless Charge"],"picked":"SKIP","floor":6},{"not_picked":["True Grit","Wild Strike"],"picked":"ReplayTheSpireMod:Muscle Training","floor":8},{"not_picked":["Heavy Blade","Pommel Strike"],"picked":"Whirlwind","floor":11},{"not_picked":["Offering","Bludgeon"],"picked":"Limit Break","floor":16},{"not_picked":["Rage","Iron Wave"],"picked":"Clash","floor":18},{"not_picked":["Armaments","Wild Strike","Iron Wave"],"picked":"SKIP","floor":21},{"not_picked":["Headbutt","Clash"],"picked":"Massacre","floor":22},{"not_picked":["Intimidate","Sever Soul"],"picked":"ReplayTheSpireMod:Muscle Training","floor":25},{"not_picked":["Wild Strike","Entrench","True Grit"],"picked":"SKIP","floor":29},{"not_picked":["ReplayTheSpireMod:Stacked","Warcry","Perfected Strike"],"picked":"SKIP","floor":31},{"not_picked":["Limit Break","Double Tap"],"picked":"Feed","floor":33},{"not_picked":["ReplayTheSpireMod:Strike From Hell","Entrench"],"picked":"ReplayTheSpireMod:LeadingStrike","floor":35},{"not_picked":["Evolve","Wild Strike"],"picked":"Flex","floor":36},{"not_picked":["ReplayReversal","Clothesline"],"picked":"Cleave+1","floor":39},{"not_picked":["Defy Death","Eclipse"],"picked":"Berserk","floor":42},{"not_picked":["Heavy Blade","Armaments+1"],"picked":"ReplayTheSpireMod:Limb From Limb","floor":45},{"not_picked":["Clash","Brutality"],"picked":"Pummel","floor":48}],"player_experience":459250,"relics_obtained":[{"floor":2,"key":"Anchor"},{"floor":6,"key":"Bronze Scales"},{"floor":9,"key":"PreservedInsect"},{"floor":14,"key":"Replay:Mystery Machine"},{"floor":20,"key":"Vajra"},{"floor":26,"key":"CeramicFish"},{"floor":28,"key":"Pet Ghost"},{"floor":36,"key":"Old Coin"},{"floor":38,"key":"Replay:Baseball"},{"floor":42,"key":"Toy Ornithopter"},{"floor":43,"key":"Whetstone"}],"event_choices":[{"damage_healed":0,"gold_gain":0,"player_choice":"Entered Light","damage_taken":15,"max_hp_gain":0,"max_hp_loss":0,"event_name":"Shining Light","floor":10,"gold_loss":0,"cards_upgraded":["Strike_R","Strike_R"]},{"damage_healed":0,"gold_gain":0,"player_choice":"Obtained Relic","damage_taken":0,"relics_obtained":["Red Skull"],"max_hp_gain":0,"max_hp_loss":0,"event_name":"Addict","floor":19,"gold_loss":85},{"damage_healed":0,"gold_gain":0,"player_choice":"Traded Relic","damage_taken":0,"relics_obtained":["Nloth\u0027s Gift"],"max_hp_gain":0,"max_hp_loss":0,"event_name":"N\u0027loth","floor":30,"relics_lost":["Anchor"],"gold_loss":0},{"damage_healed":0,"gold_gain":0,"player_choice":"Fight","damage_taken":0,"max_hp_gain":0,"max_hp_loss":0,"event_name":"MindBloom","floor":36,"gold_loss":0},{"damage_healed":0,"gold_gain":0,"player_choice":"Upgraded","damage_taken":0,"max_hp_gain":0,"max_hp_loss":0,"event_name":"Upgrade Shrine","floor":47,"gold_loss":0,"cards_upgraded":["Berserk"]}],"is_beta":false,"boss_relics":[{"not_picked":["Electric Blood","Empty Cage"],"picked":"Ring of Chaos"},{"not_picked":["Fusion Hammer","SlaversCollar"],"picked":"Black Blood"}],"items_purged_floors":[],"is_endless":false,"potions_floor_spawned":[4,8,16,22,25,29,33,36,42,48],"killed_by":"Time Eater","ascension_level":14}}