{"host":"1hv1kueuvc4r3rdp","time":1607819702,"event":{"mods":["AchievementEnabler","BaseMod","DeckTracker","Highlight Path","Minty Spire (QoL Compilation)","Permanent Neow","StSLib"],"gold_per_floor":[99,99,99,99,99,99,99,99,99,99,99,99,99,99,99,99,99,99,99,99,99,99,99,99,99,99,99,99,99,99,99,99,99,99,99,99,99,99],"floor_reached":37,"playtime":2587,"items_purged":[],"score":812,"play_id":"5359704e-95a1-464e-b968-1fa5b3b0ed1e","local_time":"20201212183502","is_ascension_mode":true,"campfire_choices":[{"data":"Wallop","floor":7,"key":"SMITH"},{"data":"CarveReality","floor":10,"key":"SMITH"},{"floor":15,"key":"REST"},{"floor":23,"key":"REST"},{"data":"Study","floor":25,"key":"SMITH"},{"data":"MasterReality","floor":27,"key":"SMITH"},{"floor":32,"key":"REST"}],"circlet_count":0,"master_deck":["AscendersBane","Strike_P","Strike_P","Strike_P","Defend_P","Defend_P","Defend_P","Eruption","Vigilance","CarveReality+1","BowlingBash","Wallop+1","Conclude","Ragnarok+1","Halt+1","Swivel","Study+1","MasterReality+1","Flash of Steel+1","WaveOfTheHand","DeusExMachina"],"relics":["Ectoplasm","Thread and Needle","Question Card","Yang","Molten Egg 2","Empty Cage","CeramicFish","White Beast Statue","SacredBark"],"acts_visited":["Exordium","TheCity","TheBeyond"],"potions_floor_usage":[16,20,24,33,33,37],"damage_taken":[{"damage":1,"enemies":"Small Slimes","floor":1,"turns":4},{"damage":0,"enemies":"Cultist","floor":3,"turns":2},{"damage":0,"enemies":"2 Louse","floor":4,"turns":2},{"damage":0,"enemies":"Red Slaver","floor":5,"turns":2},{"damage":23,"enemies":"Gremlin Nob","floor":6,"turns":4},{"damage":1,"enemies":"Blue Slaver","floor":8,"turns":2},{"damage":0,"enemies":"3 Sentries","floor":11,"turns":4},{"damage":3,"enemies":"Gremlin Gang","floor":12,"turns":3},{"damage":0,"enemies":"Gremlin Nob","floor":13,"turns":3},{"damage":0,"enemies":"Lots of Slimes","floor":14,"turns":1},{"damage":4,"enemies":"The Guardian","floor":16,"turns":12},{"damage":0,"enemies":"Chosen","floor":18,"turns":2},{"damage":0,"enemies":"3 Byrds","floor":19,"turns":4},{"damage":10,"enemies":"Centurion and Healer","floor":20,"turns":5},{"damage":41,"enemies":"Shelled Parasite and Fungi","floor":21,"turns":6},{"damage":0,"enemies":"Gremlin Leader","floor":24,"turns":5},{"damage":6,"enemies":"3 Cultists","floor":28,"turns":4},{"damage":0,"enemies":"Chosen and Byrds","floor":30,"turns":3},{"damage":13,"enemies":"Snake Plant","floor":31,"turns":3},{"damage":29,"enemies":"Champ","floor":33,"turns":12},{"damage":14,"enemies":"3 Shapes","floor":35,"turns":7},{"damage":2,"enemies":"Orb Walker","floor":36,"turns":4},{"damage":43,"enemies":"4 Shapes","floor":37,"turns":4}],"seed_played":"-8840483991069103429","potions_obtained":[{"floor":1,"key":"SpeedPotion"},{"floor":4,"key":"GamblersBrew"},{"floor":13,"key":"StancePotion"},{"floor":16,"key":"BlessingOfTheForge"},{"floor":20,"key":"SteroidPotion"},{"floor":28,"key":"FearPotion"},{"floor":30,"key":"Energy Potion"},{"floor":33,"key":"DistilledChaos"},{"floor":35,"key":"LiquidMemories"}],"is_trial":false,"path_per_floor":["M","?","M","M","M","E","R","M","T","R","E","M","E","M","R","B",null,"M","M","M","M","?","R","E","R","T","R","M","?","M","M","R","B",null,"M","M","M"],"character_chosen":"WATCHER","items_purchased":[],"campfire_rested":3,"item_purchase_floors":[],"current_hp_per_floor":[64,64,64,64,64,41,41,40,40,40,40,37,37,37,58,54,68,68,68,58,17,17,38,38,38,38,38,32,32,32,19,40,11,57,43,41,0,0],"gold":99,"neow_bonus":"BOSS_RELIC","is_daily":false,"chose_seed":false,"campfire_upgraded":4,"win_rate":0.0,"timestamp":1607819702,"path_taken":["M","?","M","M","M","E","R","M","T","R","E","M","E","M","R","BOSS","M","M","M","?","?","R","E","R","T","R","M","?","M","?","R","BOSS","M","M","M"],"items_purchased_type":[],"build_version":"2020-11-30","purchased_purges":0,"victory":false,"max_hp_per_floor":[72,72,72,72,72,72,72,72,72,72,72,72,72,72,72,72,72,72,72,72,72,72,72,72,72,72,72,72,72,72,72,72,72,72,72,72,72,72],"card_choices":[{"not_picked":["EmptyFist","Indignation"],"picked":"CarveReality","floor":1},{"not_picked":["ClearTheMind","CrushJoints"],"picked":"BowlingBash","floor":3},{"not_picked":["CrushJoints","FlyingSleeves"],"picked":"Wallop","floor":4},{"not_picked":["CarveReality","CutThroughFate","Prostrate"],"picked":"SKIP","floor":5},{"not_picked":["FlurryOfBlows","Crescendo","ClearTheMind"],"picked":"SKIP","floor":6},{"not_picked":["Indignation","ClearTheMind","MentalFortress"],"picked":"SKIP","floor":8},{"not_picked":["Study","Fasting2","Blasphemy"],"picked":"Conclude","floor":11},{"not_picked":["Nirvana","Consecrate","BowlingBash","EmptyFist"],"picked":"SKIP","floor":12},{"not_picked":["Swivel","EmptyBody","CrushJoints+1","FlyingSleeves+1"],"picked":"SKIP","floor":13},{"not_picked":["Vengeance","ForeignInfluence","Perseverance","EmptyBody"],"picked":"SKIP","floor":14},{"not_picked":["Wish","DevaForm","MasterReality"],"picked":"Ragnarok+1","floor":16},{"not_picked":["Crescendo","CutThroughFate+1","EmptyBody"],"picked":"Halt+1","floor":18},{"not_picked":["Worship","CutThroughFate+1","BattleHymn"],"picked":"Swivel","floor":19},{"not_picked":["Adaptation","Collect","WreathOfFlame"],"picked":"Study","floor":20},{"not_picked":["Nirvana","Pray+1","ClearTheMind","CrushJoints+1"],"picked":"SKIP","floor":21},{"not_picked":["Prostrate","BowlingBash+1","Study"],"picked":"MasterReality","floor":24},{"not_picked":["EmptyFist+1","Conclude+1","FlyingSleeves+1","Consecrate+1"],"picked":"SKIP","floor":28},{"not_picked":["Pray","BattleHymn","Adaptation"],"picked":"WaveOfTheHand","floor":30},{"not_picked":["CutThroughFate+1","Crescendo","Prostrate","Protect"],"picked":"SKIP","floor":31},{"not_picked":["Brilliance+1","SpiritShield","LessonLearned+1"],"picked":"DeusExMachina","floor":33},{"not_picked":["LikeWater","FollowUp+1","FlurryOfBlows+1","PathToVictory"],"picked":"SKIP","floor":35},{"not_picked":["Prostrate","BowlingBash+1","FollowUp+1","SignatureMove+1"],"picked":"SKIP","floor":36}],"player_experience":983226,"relics_obtained":[{"floor":6,"key":"Thread and Needle"},{"floor":9,"key":"Question Card"},{"floor":11,"key":"Yang"},{"floor":13,"key":"Molten Egg 2"},{"floor":24,"key":"CeramicFish"},{"floor":26,"key":"White Beast Statue"}],"event_choices":[{"damage_healed":0,"gold_gain":100,"player_choice":"Pray","damage_taken":0,"max_hp_gain":0,"max_hp_loss":0,"event_name":"Golden Shrine","floor":2,"gold_loss":0},{"damage_healed":0,"gold_gain":0,"player_choice":"Ignored","damage_taken":0,"max_hp_gain":0,"max_hp_loss":0,"event_name":"Ghosts","floor":22,"gold_loss":0},{"damage_healed":0,"gold_gain":0,"player_choice":"1 cards matched","damage_taken":0,"max_hp_gain":0,"max_hp_loss":0,"event_name":"Match and Keep!","floor":29,"gold_loss":0,"cards_obtained":["Flash of Steel"]}],"is_beta":false,"boss_relics":[{"not_picked":["Sozu","Calling Bell"],"picked":"Empty Cage"},{"not_picked":["Coffee Dripper","Snecko Eye"],"picked":"SacredBark"}],"items_purged_floors":[],"is_endless":false,"potions_floor_spawned":[1,4,12,13,16,20,28,30,31,33,35,36],"killed_by":"4 Shapes","ascension_level":13}}