{"host":"2s5c6uii15wgtvvf","time":1607889657,"event":{"mods":["Bard","BaseMod","Bestiary","CapriCore","Downfall","Friendly Minions","Hermit","HololiveMod","Jorbs\u0027s Wanderer Trilogy","Lobotomy","LobotomyExtend","Marisa????????","Minty Spire (QoL Compilation)","Remilia??????","Robot Space Explorer","Shade Mod","StSLib","Td1madao Mod","The Animator","The Cursed","The Gatherer","The Hayseed","The Hierophant","The Immortal","The Mystic","The Necromancer","The Runesmith","The Senshi","The Servant 0.9.4","TheHeartMod","WarShipGirlsR/????R mod","Yohane!","??????REMEMod"],"gold_per_floor":[110,37,55,65,65,97,97,126,195,195,195,207,227,242,242,242,242,242],"floor_reached":16,"playtime":885,"items_purged":[],"score":112,"play_id":"a4445284-f558-4ff4-ac74-6d8862c7b880","local_time":"20201213200057","is_ascension_mode":false,"metric_token":2129,"campfire_choices":[{"data":"Gatherer:Overflowing","floor":7,"key":"SMITH"},{"floor":10,"key":"REST"},{"floor":15,"key":"REST"}],"circlet_count":0,"master_deck":["Gatherer:Strike_Gatherer","Gatherer:Strike_Gatherer","Gatherer:Strike_Gatherer+1","Gatherer:Strike_Gatherer","Gatherer:Strike_Gatherer","Gatherer:Defend_Gatherer+1","Gatherer:Defend_Gatherer","Gatherer:Defend_Gatherer","Gatherer:Defend_Gatherer","Gatherer:Defend_Gatherer","Gatherer:FlowerWhip","Gatherer:BigPouch","CrumblingArmor","Gatherer:RecoveryHerb","LaLuna","Gatherer:Polymorphism","MeatLantern","Gatherer:ScherryThrow","UniverseFragment","Gatherer:Overflowing+1","CherryBlossoms","Wellcheers","Gatherer:VenomBarrier","PunishingBird","Gatherer:Duality"],"relics":["Gatherer:AlchemyBag","REME_ComplimentaryCards","CogitoBucket","LetterFromLob","FossilizedHelix","Hololive_LightStick","Ornamental Fan","MagicBullet_r","TreeSap"],"acts_visited":["Exordium"],"potions_floor_usage":[16],"damage_taken":[{"damage":1,"enemies":"Jaw Worm","floor":1,"turns":3},{"damage":9,"enemies":"2 Louse","floor":3,"turns":3},{"damage":5,"enemies":"Small Slimes","floor":4,"turns":3},{"damage":20,"enemies":"3 Sentries","floor":6,"turns":7},{"damage":8,"enemies":"Lagavulin","floor":8,"turns":6},{"damage":36,"enemies":"Gremlin Gang","floor":12,"turns":4},{"damage":0,"enemies":"Looter","floor":13,"turns":2},{"damage":0,"enemies":"Exordium Thugs","floor":14,"turns":4},{"damage":58,"enemies":"Slime Boss","floor":16,"turns":7}],"seed_played":"2001680676205040362","potions_obtained":[{"floor":8,"key":"Explosive Potion"},{"floor":12,"key":"SteroidPotion"}],"is_trial":false,"path_per_floor":["M","$","M","M","?","E","R","E","T","R","E","M","M","M","R","B"],"character_chosen":"THE_GATHERER","items_purchased":["Gatherer:RecoveryHerb"],"campfire_rested":2,"item_purchase_floors":[2],"current_hp_per_floor":[71,71,62,58,44,27,27,24,24,45,45,14,14,20,41,0,0,0],"gold":242,"neow_bonus":"","is_daily":false,"chose_seed":false,"campfire_upgraded":1,"win_rate":0.0,"timestamp":1607889657,"path_taken":["M","$","M","M","?","E","R","E","T","R","E","M","M","M","R","BOSS"],"items_purchased_type":["Card"],"build_version":"2020-11-30","purchased_purges":0,"victory":false,"max_hp_per_floor":[72,72,72,72,72,72,72,72,72,72,72,72,72,72,72,72,72,72],"card_choices":[{"not_picked":["Gatherer:ScherryThrow","Gatherer:PotentialSlash"],"picked":"Gatherer:BigPouch","floor":1},{"not_picked":["UniverseFragment","FairyFestival"],"picked":"CrumblingArmor","floor":1},{"not_picked":["Porccubus","HeroicMonk"],"picked":"LaLuna","floor":3},{"not_picked":["Gatherer:CarefulStrike","Gatherer:WoolGloves"],"picked":"Gatherer:Polymorphism","floor":3},{"not_picked":["FairyFestival","WhitesApple"],"picked":"MeatLantern","floor":4},{"not_picked":["Gatherer:CollectorsShot","Gatherer:GatherMaterial"],"picked":"Gatherer:ScherryThrow","floor":4},{"not_picked":["Scorched","Bloodbath"],"picked":"UniverseFragment","floor":6},{"not_picked":["Gatherer:CollectorsShot","Gatherer:AcidicSpray"],"picked":"Gatherer:Overflowing","floor":6},{"not_picked":["VoidDream","DespairKnight"],"picked":"CherryBlossoms","floor":8},{"not_picked":["Gatherer:AromaProtection","Gatherer:Duplicator"],"picked":"Gatherer:Herbalism","floor":8},{"not_picked":["OldLady","WallGazer"],"picked":"Wellcheers","floor":12},{"not_picked":["Gatherer:FragileHammer","Gatherer:PotentialSlash"],"picked":"Gatherer:VenomBarrier","floor":12},{"not_picked":["ShyLook","SpiderBud"],"picked":"PunishingBird","floor":13},{"not_picked":["Gatherer:CarefulStrike","Gatherer:OddSpoils"],"picked":"Gatherer:Duality","floor":13},{"not_picked":["FairyFestival","GalaxyChild","ShyLook"],"picked":"Singing Bowl","floor":14},{"not_picked":["Gatherer:FragileHammer","Gatherer:UpgradeBag","Gatherer:SealedBomb"],"picked":"SKIP","floor":14}],"player_experience":96124,"relics_obtained":[{"floor":1,"key":"LetterFromLob"},{"floor":6,"key":"FossilizedHelix"},{"floor":8,"key":"Hololive_LightStick"},{"floor":9,"key":"Ornamental Fan"}],"event_choices":[{"damage_healed":0,"gold_gain":0,"player_choice":"Entered Light","damage_taken":14,"max_hp_gain":0,"max_hp_loss":0,"event_name":"Shining Light","floor":5,"gold_loss":0,"cards_upgraded":["Gatherer:Strike_Gatherer","Gatherer:Defend_Gatherer"]}],"is_beta":false,"boss_relics":[],"items_purged_floors":[],"is_endless":false,"potions_floor_spawned":[8,12],"killed_by":"Slime Boss","ascension_level":0}}