{"host":"046f94hp0svsg0ce","time":1607902600,"event":{"mods":["Act Like it!","Astrologer","BaseMod","Beaked The Cultist","Better Third Choice","Colored Map","Colored Powertips","Hermit","Highlight Path","Mad Scientist","Marisa????????","Minty Spire (QoL Compilation)","Quick Restart","Rare Cards Sparkle","Relic Stats","Remilia??????","Somnambulant","StSLib","The Clintock","The Construct","The Disciple","The Exalted","The Forsaken","The Hierophant","The Necromancer","The Runesmith","The Servant 0.9.4","The Valiant"],"gold_per_floor":[109,109,124,144,154,154,189,189,189,219,229,229,260,278,278,380,380,394,14,14,24,0,0,329,329,329,342,342,342],"floor_reached":28,"playtime":1814,"items_purged":["astrologer:Strike"],"score":283,"play_id":"814a61a4-ac27-4da6-b223-8e0934396e14","local_time":"20201214003640","is_ascension_mode":false,"campfire_choices":[{"data":"astrologer:TheFool","floor":6,"key":"SMITH"},{"floor":8,"key":"REST"},{"floor":12,"key":"REST"},{"data":"astrologer:MeteorShower","floor":15,"key":"SMITH"},{"floor":23,"key":"REST"},{"floor":25,"key":"REST"}],"circlet_count":0,"master_deck":["astrologer:Strike","astrologer:Strike","astrologer:Strike","astrologer:Defend","astrologer:Defend","astrologer:Defend","astrologer:Defend","astrologer:NorthStar","astrologer:TheFool+1","astrologer:Confirmation+1","astrologer:SolarFlare","astrologer:FrozenStar","astrologer:MeteorShower+1","astrologer:FadingStar","astrologer:Novile","astrologer:Alignment","astrologer:Stardust","astrologer:Radiance","astrologer:Alignment","astrologer:FrozenStar","astrologer:SolarFlare","astrologer:MeteorShower","astrologer:Conjunction+1","astrologer:TheStar"],"relics":["astrologer:SkyMirror","PreservedInsect","Huge Egg","Bromod:ArcaneAwakening","Bromod:ArcaneDeflection","SacredBark","Turnip","Bromod:ArcanePulse","Old Coin","theForsaken:Kindling"],"acts_visited":["Exordium","TheCity"],"potions_floor_usage":[7,11,16,16,18],"damage_taken":[{"damage":0,"enemies":"Jaw Worm","floor":1,"turns":4},{"damage":1,"enemies":"Cultist","floor":3,"turns":4},{"damage":0,"enemies":"2 Louse","floor":4,"turns":2},{"damage":0,"enemies":"Gremlin Gang","floor":5,"turns":4},{"damage":51,"enemies":"Gremlin Nob","floor":7,"turns":5},{"damage":4,"enemies":"3 Sentries","floor":10,"turns":8},{"damage":1,"enemies":"Blue Slaver","floor":11,"turns":4},{"damage":0,"enemies":"Gremlin Nob","floor":13,"turns":3},{"damage":0,"enemies":"Red Slaver","floor":14,"turns":4},{"damage":16,"enemies":"Hexaghost","floor":16,"turns":8},{"damage":18,"enemies":"3 Byrds","floor":18,"turns":5},{"damage":32,"enemies":"2 Thieves","floor":21,"turns":5},{"damage":36,"enemies":"Book of Stabbing","floor":24,"turns":6},{"damage":26,"enemies":"Sentry and Sphere","floor":27,"turns":5},{"damage":14,"enemies":"Snecko","floor":28,"turns":3}],"seed_played":"2368745508210668045","potions_obtained":[{"floor":1,"key":"SpeedPotion"},{"floor":4,"key":"EssenceOfSteel"},{"floor":10,"key":"Dexterity Potion"},{"floor":14,"key":"Regen Potion"},{"floor":16,"key":"BlessingOfTheForge"},{"floor":18,"key":"Dexterity Potion"}],"is_trial":false,"path_per_floor":["M","?","M","M","M","R","E","R","T","E","M","R","E","M","R","B",null,"M","$","?","M","$","R","E","R","T","M","M"],"character_chosen":"ASTROLOGER","items_purchased":["Turnip","astrologer:MeteorShower"],"campfire_rested":4,"item_purchase_floors":[19,22],"current_hp_per_floor":[77,77,76,76,76,76,25,48,48,44,43,66,66,66,66,65,77,59,59,59,27,27,51,15,39,39,13,0,0],"gold":342,"neow_bonus":"TEN_PERCENT_HP_BONUS","is_daily":false,"chose_seed":false,"campfire_upgraded":2,"win_rate":0.0,"timestamp":1607902600,"path_taken":["M","?","M","M","M","R","E","R","T","E","M","R","E","?","R","BOSS","M","$","?","M","$","R","E","R","T","?","M"],"items_purchased_type":["Relic","Card"],"build_version":"2020-11-30","purchased_purges":1,"victory":false,"max_hp_per_floor":[77,77,77,77,77,77,77,77,77,77,77,77,77,77,77,77,77,77,77,77,77,77,77,77,77,77,77,77,77],"relic_stats":{"counters":[15,68],"PreservedInsect":94,"Turnip":[5],"obtain_stats":[{"Bromod:ArcaneAwakening":10,"Bromod:ArcanePulse":20,"theForsaken:Kindling":26,"Bromod:ArcaneDeflection":13,"SacredBark":17,"astrologer:SkyMirror":0,"PreservedInsect":7,"Turnip":19,"Huge Egg":9,"Old Coin":24},{"Bromod:ArcaneAwakening":6,"Bromod:ArcanePulse":11,"theForsaken:Kindling":13,"Bromod:ArcaneDeflection":8,"SacredBark":10,"astrologer:SkyMirror":0,"PreservedInsect":5,"Turnip":11,"Huge Egg":5,"Old Coin":13},{"Bromod:ArcaneAwakening":27,"Bromod:ArcanePulse":49,"theForsaken:Kindling":60,"Bromod:ArcaneDeflection":33,"SacredBark":45,"astrologer:SkyMirror":0,"PreservedInsect":19,"Turnip":49,"Huge Egg":19,"Old Coin":60}]},"card_choices":[{"not_picked":["astrologer:Radiance","astrologer:ShootingStar"],"picked":"astrologer:Confirmation","floor":1},{"not_picked":["astrologer:TheHierophant","astrologer:SpaceDust"],"picked":"astrologer:SolarFlare","floor":3},{"not_picked":["astrologer:Radiance","astrologer:Sunrise"],"picked":"astrologer:FrozenStar","floor":4},{"not_picked":["astrologer:TheWorld","astrologer:Opposition"],"picked":"astrologer:MeteorShower","floor":5},{"not_picked":["astrologer:TheMoon","astrologer:TheEmpress"],"picked":"astrologer:FadingStar","floor":7},{"not_picked":["astrologer:Eclipse","astrologer:Radiance"],"picked":"astrologer:Novile","floor":10},{"not_picked":["astrologer:Moonlight","astrologer:SpaceDust"],"picked":"astrologer:Alignment","floor":11},{"not_picked":["astrologer:Eclipse","astrologer:Moonlight"],"picked":"astrologer:Stardust","floor":13},{"not_picked":["astrologer:StarOfChange","astrologer:Eclipse"],"picked":"astrologer:Radiance","floor":14},{"not_picked":["astrologer:Premonition","astrologer:WheelofFortune"],"picked":"astrologer:Alignment","floor":16},{"not_picked":["astrologer:Stardust","astrologer:MeteorShower"],"picked":"astrologer:FrozenStar","floor":18},{"not_picked":["astrologer:TheTower","astrologer:FrozenStar"],"picked":"astrologer:SolarFlare","floor":21},{"not_picked":["astrologer:CometStrike+1","astrologer:Moonlight"],"picked":"astrologer:Conjunction+1","floor":24},{"not_picked":["astrologer:Still","astrologer:Radiance"],"picked":"astrologer:TheStar","floor":27}],"player_experience":1598129,"relics_obtained":[{"floor":7,"key":"PreservedInsect"},{"floor":9,"key":"Huge Egg"},{"floor":10,"key":"Bromod:ArcaneAwakening"},{"floor":13,"key":"Bromod:ArcaneDeflection"},{"floor":24,"key":"Old Coin"},{"floor":26,"key":"theForsaken:Kindling"}],"event_choices":[{"damage_healed":0,"gold_gain":0,"player_choice":"Upgraded","damage_taken":0,"max_hp_gain":0,"max_hp_loss":0,"event_name":"Upgrade Shrine","floor":2,"gold_loss":0,"cards_upgraded":["astrologer:Confirmation"]},{"damage_healed":0,"gold_gain":0,"player_choice":"Gave Potion","damage_taken":0,"relics_obtained":["Bromod:ArcanePulse"],"max_hp_gain":0,"max_hp_loss":0,"event_name":"WeMeetAgain","floor":20,"gold_loss":0}],"is_beta":false,"boss_relics":[{"not_picked":["Coffee Dripper","Runesmith:UraniumAnvil"],"picked":"SacredBark"}],"items_purged_floors":[19],"is_endless":false,"potions_floor_spawned":[1,4,10,14,16,18],"killed_by":"Snecko","ascension_level":0}}