{"host":"cf32014d19ld5mat","time":1607860015,"event":{"mods":["AchievementEnabler","BaseMod","Block Reminder","Minty Spire (QoL Compilation)","Random Character Button","Relic Stats","StSLib"],"gold_per_floor":[114,128,203,216,226,226,256,236,262,272,284,319,319,319,319,396,396,413,423,423,437,447,447,447,473,525,525,552,602,602,614,614,614,614],"floor_reached":33,"playtime":1125,"items_purged":[],"score":594,"play_id":"6012280d-ee70-4a35-8322-c261345012f0","local_time":"20201213114655","is_ascension_mode":true,"campfire_choices":[{"data":"Beam Cell","floor":6,"key":"SMITH"},{"data":"Chill","floor":13,"key":"SMITH"},{"data":"Conserve Battery","floor":15,"key":"SMITH"},{"floor":23,"key":"REST"},{"data":"Glacier","floor":27,"key":"SMITH"},{"floor":30,"key":"REST"},{"floor":32,"key":"REST"}],"circlet_count":0,"master_deck":["AscendersBane","Strike_B","Strike_B","Defend_B","Defend_B","Defend_B","Zap","Dualcast","Compile Driver","Hologram","Beam Cell+1","Leap","Cold Snap","Chill+1","Turbo","Conserve Battery+1","Biased Cognition","Ball Lightning","Glacier+1","White Noise+1","Loop","Go for the Eyes"],"relics":["Cracked Core","Akabeko","Pen Nib","Bronze Scales","Empty Cage","Mango","Art of War","Blue Candle"],"acts_visited":["Exordium","TheCity"],"potions_floor_usage":[7,11,16,16,22,25,28,32,33,33],"damage_taken":[{"damage":0,"enemies":"2 Louse","floor":1,"turns":3},{"damage":4,"enemies":"Small Slimes","floor":2,"turns":3},{"damage":6,"enemies":"Cultist","floor":4,"turns":3},{"damage":13,"enemies":"Blue Slaver","floor":5,"turns":4},{"damage":3,"enemies":"3 Sentries","floor":7,"turns":6},{"damage":0,"enemies":"Looter","floor":10,"turns":2},{"damage":7,"enemies":"Exordium Thugs","floor":11,"turns":3},{"damage":4,"enemies":"Gremlin Nob","floor":12,"turns":3},{"damage":4,"enemies":"Hexaghost","floor":16,"turns":9},{"damage":5,"enemies":"Shell Parasite","floor":18,"turns":7},{"damage":0,"enemies":"Spheric Guardian","floor":19,"turns":3},{"damage":22,"enemies":"Centurion and Healer","floor":21,"turns":7},{"damage":27,"enemies":"Snake Plant","floor":22,"turns":5},{"damage":27,"enemies":"Book of Stabbing","floor":25,"turns":5},{"damage":42,"enemies":"Gremlin Leader","floor":28,"turns":9},{"damage":24,"enemies":"Shelled Parasite and Fungi","floor":31,"turns":6},{"damage":53,"enemies":"Automaton","floor":33,"turns":6}],"seed_played":"-5090791049889119101","potions_obtained":[{"floor":5,"key":"AttackPotion"},{"floor":7,"key":"GamblersBrew"},{"floor":8,"key":"AttackPotion"},{"floor":11,"key":"BlessingOfTheForge"},{"floor":12,"key":"SkillPotion"},{"floor":16,"key":"Regen Potion"},{"floor":18,"key":"Explosive Potion"},{"floor":22,"key":"ColorlessPotion"},{"floor":25,"key":"FairyPotion"},{"floor":31,"key":"EntropicBrew"}],"is_trial":false,"path_per_floor":["M","M","?","M","M","R","E","?","T","M","M","E","R","?","R","B",null,"M","M","?","M","M","R","?","E","T","R","E","?","R","M","R","B"],"character_chosen":"DEFECT","items_purchased":[],"campfire_rested":3,"item_purchase_floors":[],"current_hp_per_floor":[64,60,49,43,30,30,27,27,27,27,20,16,16,16,16,12,56,51,51,51,29,14,35,35,22,22,22,9,9,34,10,35,0,0],"gold":614,"neow_bonus":"THREE_CARDS","is_daily":false,"chose_seed":false,"campfire_upgraded":4,"win_rate":0.0,"timestamp":1607860015,"path_taken":["M","M","?","M","M","R","E","?","T","M","?","E","R","?","R","BOSS","M","M","?","M","?","R","?","E","T","R","E","?","R","M","R","BOSS"],"items_purchased_type":[],"build_version":"2020-11-30","purchased_purges":0,"victory":false,"max_hp_per_floor":[71,71,71,71,71,71,71,71,71,71,71,71,71,71,71,71,71,71,71,71,71,71,71,71,85,85,85,85,85,85,85,85,85,85],"relic_stats":{"counters":[17,84],"Bronze Scales":[205],"Blue Candle":[0],"Pen Nib":[11],"Art of War":[0],"obtain_stats":[{"Bronze Scales":12,"Blue Candle":28,"Mango":25,"Pen Nib":9,"Art of War":26,"Cracked Core":0,"Empty Cage":17,"Akabeko":7},{"Bronze Scales":8,"Blue Candle":15,"Mango":14,"Pen Nib":5,"Art of War":14,"Cracked Core":0,"Empty Cage":9,"Akabeko":5},{"Bronze Scales":27,"Blue Candle":72,"Mango":63,"Pen Nib":19,"Art of War":63,"Cracked Core":0,"Empty Cage":36,"Akabeko":19}]},"card_choices":[{"not_picked":["Static Discharge","Beam Cell"],"picked":"Compile Driver","floor":0},{"not_picked":["Steam","Scrape"],"picked":"Hologram","floor":1},{"not_picked":["Coolheaded","Fusion"],"picked":"Beam Cell","floor":2},{"not_picked":["Auto Shields","Darkness"],"picked":"Leap","floor":4},{"not_picked":["Stack","Undo"],"picked":"Cold Snap","floor":5},{"not_picked":["Cold Snap","Tempest"],"picked":"Chill","floor":7},{"not_picked":["Steam","Streamline"],"picked":"Turbo","floor":10},{"not_picked":["Force Field","Creative AI"],"picked":"Conserve Battery","floor":11},{"not_picked":["Scrape","FTL","Double Energy"],"picked":"SKIP","floor":12},{"not_picked":["Meteor Strike","Thunder Strike"],"picked":"Biased Cognition","floor":16},{"not_picked":["FTL","Redo"],"picked":"Ball Lightning","floor":18},{"not_picked":["Scrape","Hologram","Beam Cell"],"picked":"SKIP","floor":19},{"not_picked":["Stack","Cold Snap"],"picked":"Glacier","floor":21},{"not_picked":["Cold Snap","Ball Lightning","Lockon"],"picked":"SKIP","floor":22},{"not_picked":["Stack","Machine Learning"],"picked":"White Noise+1","floor":25},{"not_picked":["Darkness","BootSequence"],"picked":"Loop","floor":28},{"not_picked":["Stack","Steam"],"picked":"Go for the Eyes","floor":31}],"player_experience":939367,"relics_obtained":[{"floor":7,"key":"Akabeko"},{"floor":9,"key":"Pen Nib"},{"floor":12,"key":"Bronze Scales"},{"floor":25,"key":"Mango"},{"floor":26,"key":"Art of War"},{"floor":28,"key":"Blue Candle"}],"event_choices":[{"damage_healed":0,"gold_gain":75,"player_choice":"Gather Gold","damage_taken":11,"max_hp_gain":0,"max_hp_loss":0,"event_name":"World of Goop","floor":3,"gold_loss":0},{"damage_healed":0,"gold_gain":0,"player_choice":"Bought 1 Potion","damage_taken":0,"max_hp_gain":0,"max_hp_loss":0,"event_name":"The Woman in Blue","floor":8,"gold_loss":0},{"damage_healed":0,"gold_gain":0,"player_choice":"Ignored","damage_taken":0,"max_hp_gain":0,"max_hp_loss":0,"event_name":"Liars Game","floor":14,"gold_loss":0},{"cards_removed":["Defend_B"],"damage_healed":0,"gold_gain":0,"player_choice":"Purged","damage_taken":0,"max_hp_gain":0,"max_hp_loss":0,"event_name":"Purifier","floor":20,"gold_loss":0},{"damage_healed":0,"gold_gain":0,"player_choice":"Ignored","damage_taken":0,"max_hp_gain":0,"max_hp_loss":0,"event_name":"The Mausoleum","floor":24,"gold_loss":0},{"damage_healed":0,"gold_gain":50,"player_choice":"Stole From Cult","damage_taken":0,"max_hp_gain":0,"max_hp_loss":0,"event_name":"Nest","floor":29,"gold_loss":0}],"is_beta":false,"boss_relics":[{"not_picked":["SlaversCollar","Tiny House"],"picked":"Empty Cage"}],"items_purged_floors":[],"is_endless":false,"potions_floor_spawned":[5,7,11,12,16,18,22,25,31],"killed_by":"Automaton","ascension_level":20}}