{"host":"z7byfb4bpt09dh7e","time":1607903077,"event":{"mods":["Aspiration","BaseMod","BetterRewards","Displayed Cursed Tome","Downfall","Infinite Spire","Minty Spire (QoL Compilation)","StSLib","The Blue Laboratory","Uncapped"],"gold_per_floor":[116,126,301,315,390,390,402,402,427,447,30,41,65,79,79,184,184,200,200,7,23,23,23,70,86,133,133,144,144,144,160,160,264,264,275,54,54,64,75,75,93,93,167,183,218,235,235,246,246,346,346,349,353,369,365,147,147,147,147,173,182,199,211,227,248,260,353,365,368,383,379,391,403,415,412,421,457,469,532,544,553,576,588,643,655,669,679,691,692,659,659],"floor_reached":90,"playtime":14799,"items_purged":["Doubt"],"score":1537,"play_id":"612d4a22-7fe8-418f-ad06-15b0df75475f","local_time":"20201213184437","is_ascension_mode":false,"campfire_choices":[{"floor":6.0,"key":"REST"},{"data":"MasterReality","floor":8.0,"key":"SMITH"},{"data":"ForeignInfluence","floor":15.0,"key":"SMITH"},{"floor":23.0,"key":"REST"},{"data":"Devotion","floor":27.0,"key":"SMITH"},{"floor":30.0,"key":"REST"},{"floor":32.0,"key":"REST"},{"data":"Magnetism","floor":40.0,"key":"SMITH"},{"floor":42.0,"key":"REST"},{"floor":47.0,"key":"REST"},{"floor":49.0,"key":"REST"},{"data":"Limit Break","floor":57.0,"key":"SMITH"},{"data":"Metallicize","floor":63.0,"key":"SMITH"},{"data":"Double Tap","floor":66.0,"key":"SMITH"},{"data":"infinitespire:Collect","floor":74,"key":"SMITH"},{"floor":80,"key":"REST"},{"floor":83,"key":"REST"}],"circlet_count":0,"master_deck":["Strike_P","Strike_P","Strike_P","Defend_P","Defend_P","Eruption","Vigilance","ForeignInfluence+1","WheelKick","CutThroughFate","MasterReality+1","Consecrate","Magnetism+1","Nirvana+1","Halt","Devotion+1","JustLucky+1","expansioncontent:DefensiveStance+1","BattleHymn+1","Pray","Meditate","Evaluate+1","BowlingBash","Adrenaline","Sucker Punch","Burst","FlurryOfBlows+1","Devotion+1","CutThroughFate+1","ReachHeaven+1","JustLucky","Thunderclap+1","ClearTheMind+1","DeceiveReality+1","Infernal Blade+1","Protect+1","LessonLearned","Dual Wield","Limit Break+1","Pray+1","Cleave","expansioncontent:DashGenerateEvil","Fasting2","Disarm","Metallicize+1","Barricade","Double Tap+1","Feed","Feel No Pain+1","Rage","infinitespire:Collect+1","infinitespire:Oblivion","CrushJoints+1","infinitespire:Collect","Anger","WaveOfTheHand+1","infinitespire:Oblivion","Brutality","Rupture","Collect+1","Perseverance"],"relics":["PureWater","aspiration:Nostalgia","hexamod:SpiritBrand","Bag of Marbles","Mummified Hand","MealTicket","SlaversCollar","aspiration:RitualStick","Omamori","Happy Flower","aspiration:IroncladSkillbook","Boot","Eternal Feather","aspiration:ChemicalBlood","aspiration:PoetsPen_weak","War Paint","MawBank","infinitespire:EmpoweringShard","SacredBark","FaceOfCleric","infinitespire:Satchel","Strawberry","infinitespire:Beetle Shell","aspiration:SecretTechniqueScroll"],"acts_visited":["Exordium","TheCity","TheBeyond","Exordium","TheCity","TheBeyond"],"potions_floor_usage":[75,76,84,86,89,90,90,90],"damage_taken":[{"damage":7.0,"enemies":"Cultist","floor":1.0,"turns":6.0},{"damage":7.0,"enemies":"Jaw Worm","floor":2.0,"turns":4.0},{"damage":2.0,"enemies":"2 Louse","floor":4.0,"turns":2.0},{"damage":0.0,"enemies":"Blue Slaver","floor":7.0,"turns":2.0},{"damage":0.0,"enemies":"Looter","floor":10.0,"turns":1.0},{"damage":11.0,"enemies":"Large Slime","floor":12.0,"turns":2.0},{"damage":3.0,"enemies":"Lots of Slimes","floor":14.0,"turns":3.0},{"damage":38.0,"enemies":"The Guardian","floor":16.0,"turns":6.0},{"damage":8.0,"enemies":"2 Thieves","floor":18.0,"turns":3.0},{"damage":3.0,"enemies":"Chosen","floor":21.0,"turns":5.0},{"damage":10.0,"enemies":"3 Cultists","floor":25.0,"turns":5.0},{"damage":32.0,"enemies":"Shelled Parasite and Fungi","floor":28.0,"turns":5.0},{"damage":5.0,"enemies":"Chosen and Byrds","floor":31.0,"turns":5.0},{"damage":28.0,"enemies":"Automaton","floor":33.0,"turns":6.0},{"damage":22.0,"enemies":"Orb Walker","floor":35.0,"turns":3.0},{"damage":11.0,"enemies":"3 Shapes","floor":38.0,"turns":3.0},{"damage":0.0,"enemies":"Transient","floor":39.0,"turns":5.0},{"damage":28.0,"enemies":"Maw","floor":41.0,"turns":5.0},{"damage":19.0,"enemies":"4 Shapes","floor":44.0,"turns":4.0},{"damage":62.0,"enemies":"Nightmare","floor":45.0,"turns":7.0},{"damage":19.0,"enemies":"Sphere and 2 Shapes","floor":46.0,"turns":5.0},{"damage":43.0,"enemies":"Jaw Worm Horde","floor":48.0,"turns":4.0},{"damage":61.0,"enemies":"Awakened One","floor":50.0,"turns":7.0},{"damage":0.0,"enemies":"Cultist","floor":52.0,"turns":2.0},{"damage":11.0,"enemies":"Small Slimes","floor":53.0,"turns":3.0},{"damage":0.0,"enemies":"2 Louse","floor":54.0,"turns":1.0},{"damage":16.0,"enemies":"Blue Slaver","floor":55.0,"turns":4.0},{"damage":8.0,"enemies":"Gremlin Gang","floor":61.0,"turns":4.0},{"damage":0.0,"enemies":"2 Fungi Beasts","floor":62.0,"turns":2.0},{"damage":0.0,"enemies":"Blue Slaver","floor":64.0,"turns":1.0},{"damage":8.0,"enemies":"3 Sentries","floor":65.0,"turns":4.0},{"damage":0.0,"enemies":"Slime Boss","floor":67.0,"turns":3.0},{"damage":17.0,"enemies":"3 Byrds","floor":69.0,"turns":4.0},{"damage":0.0,"enemies":"Spheric Guardian","floor":70.0,"turns":2.0},{"damage":20.0,"enemies":"Shelled Parasite and Fungi","floor":71.0,"turns":4.0},{"damage":16,"enemies":"Snecko","floor":75,"turns":3},{"damage":33,"enemies":"Snake Plant","floor":76,"turns":2},{"damage":44,"enemies":"Chosen and Byrds","floor":81,"turns":4},{"damage":9,"enemies":"3 Cultists","floor":82,"turns":4},{"damage":13,"enemies":"Champ","floor":84,"turns":6},{"damage":36,"enemies":"3 Darklings","floor":86,"turns":2},{"damage":5,"enemies":"3 Shapes","floor":87,"turns":2},{"damage":20,"enemies":"3 Darklings","floor":89,"turns":3},{"damage":32,"enemies":"infinitespire:Three Voidlings","floor":90,"turns":3},{"damage":46,"enemies":"Nightmare_Alpha","floor":90,"turns":2}],"seed_played":"-5245401512342899062","potions_obtained":[{"floor":1.0,"key":"LiquidMemories"},{"floor":4.0,"key":"Block Potion"},{"floor":12.0,"key":"blueLaboratory:CorrosionFlask"},{"floor":14.0,"key":"Explosive Potion"},{"floor":18.0,"key":"Fire Potion"},{"floor":25.0,"key":"SkillPotion"},{"floor":31.0,"key":"EssenceOfSteel"},{"floor":38.0,"key":"blueLaboratory:BottledHope"},{"floor":39.0,"key":"blueLaboratory:PhilterOfMotion"},{"floor":44.0,"key":"Weak Potion"},{"floor":50.0,"key":"Fire Potion"},{"floor":50.0,"key":"hexamod:EctoCoolerPotion"},{"floor":52.0,"key":"Block Potion"},{"floor":61.0,"key":"Fruit Juice"},{"floor":67.0,"key":"SkillPotion"},{"floor":84,"key":"Explosive Potion"},{"floor":86,"key":"blueLaboratory:CorrosionFlask"},{"floor":90,"key":"Explosive Potion"}],"is_trial":false,"path_per_floor":["M","M","?","M","?","R","M","R","T","M","$","M","T","M","R","B",null,"M","?","$","M","?","R","T","M","T","R","M","?","R","M","R","B",null,"M","$","?","M","M","R","M","R","T","M","NM","M","R","M","R","B",null,"M","M","M","M","$","R","?","T","T","M","M","R","M","E","R","B",null,"M","M","M","?","AVR","R","M","M","T","?","T","R","M","M","R","B",null,"M","M","?","M","?"],"character_chosen":"WATCHER","items_purchased":["Mummified Hand","Magnetism","expansioncontent:DefensiveStance","BattleHymn","Pray","Boot","expansioncontent:DashGenerateEvil","Fasting2"],"campfire_rested":9,"item_purchase_floors":[11,11,20,20,20,36,56,56],"current_hp_per_floor":[65,58,58,56,49,70,70,70,70,70,70,59,59,56,56,18,72,64,50,65,62,49,72,72,62,62,62,30,30,53,48,71,43,77,59,74,74,67,71,71,47,70,70,55,44,29,73,34,77,20,77,77,70,74,62,77,77,62,62,62,63,67,82,82,78,82,82,82,69,73,60,60,60,85,74,49,56,31,31,90,54,50,102,98,107,76,76,76,61,0,0],"gold":659,"neow_bonus":"NOSTALGIA","is_daily":false,"chose_seed":false,"campfire_upgraded":8,"win_rate":0.0,"timestamp":1607903077,"path_taken":["M","M","?","M","?","R","M","R","T","?","$","M","?","M","R","BOSS","M","?","$","M","?","R","?","M","T","R","M","?","R","M","R","BOSS","M","$","?","M","M","R","M","R","T","M","NM","M","R","?","R","BOSS","M","M","M","M","$","R","?","?","T","?","M","R","M","E","R","BOSS","M","M","M","?","AVR","R","M","?","T","?","?","R","M","M","R","BOSS","M","M","?","M","?"],"items_purchased_type":["Relic","Card","Card","Card","Card","Relic","Card","Card"],"build_version":"2020-11-30","purchased_purges":1,"victory":false,"max_hp_per_floor":[72,72,72,72,72,72,72,72,72,72,72,72,72,72,72,72,72,72,72,72,72,77,77,77,77,77,77,77,77,77,77,77,77,77,77,77,77,77,77,77,77,77,77,77,77,77,77,77,77,77,77,77,77,77,77,77,77,77,77,77,82,82,82,82,82,82,82,82,82,82,85,85,85,85,86,90,97,97,97,97,101,102,102,107,107,108,109,109,110,114,114],"card_choices":[{"not_picked":["FollowUp","EmptyBody"],"picked":"ForeignInfluence","floor":1.0},{"not_picked":["EmptyBody","FearNoEvil"],"picked":"WheelKick","floor":2.0},{"not_picked":["BowlingBash","BattleHymn"],"picked":"CutThroughFate","floor":4.0},{"not_picked":["Crescendo","FollowUp"],"picked":"MasterReality","floor":7.0},{"not_picked":["CrushJoints","FlyingSleeves"],"picked":"Consecrate","floor":10.0},{"not_picked":["WheelKick","JustLucky"],"picked":"Nirvana","floor":12.0},{"not_picked":["FollowUp","Worship"],"picked":"Halt","floor":14.0},{"not_picked":["Blasphemy","Scrawl"],"picked":"Devotion","floor":16.0},{"not_picked":["Nirvana","EmptyFist"],"picked":"JustLucky+1","floor":18.0},{"not_picked":["ThirdEye","BowlingBash"],"picked":"Meditate","floor":21.0},{"not_picked":["EmptyFist","CrushJoints"],"picked":"Evaluate","floor":25.0},{"not_picked":["PathToVictory","FlyingSleeves"],"picked":"BowlingBash","floor":28.0},{"not_picked":["Swivel","EmptyFist"],"picked":"FlurryOfBlows","floor":31.0},{"not_picked":["DeusExMachina","Blasphemy"],"picked":"Devotion","floor":33.0},{"not_picked":["Body Slam","Blood for Blood+1","BattleHymn+1"],"picked":"CutThroughFate+1","floor":35.0},{"not_picked":["SashWhip+1","Indignation+1","Uppercut"],"picked":"ReachHeaven+1","floor":38.0},{"not_picked":["FlurryOfBlows","ConjureBlade","Havoc"],"picked":"JustLucky","floor":39.0},{"not_picked":["Sword Boomerang+1","Evaluate","FollowUp+1"],"picked":"Thunderclap+1","floor":41.0},{"not_picked":["Corruption","Pommel Strike","Sanctity+1"],"picked":"ClearTheMind+1","floor":44.0},{"not_picked":["ConjureBlade","Evaluate+1","BowlingBash"],"picked":"DeceiveReality+1","floor":45.0},{"not_picked":["ThirdEye","Clash","Combust+1"],"picked":"Infernal Blade+1","floor":46.0},{"not_picked":["Warcry+1","JustLucky+1","Havoc+1"],"picked":"Protect+1","floor":48.0},{"not_picked":["Exhume","Limit Break","Blasphemy"],"picked":"LessonLearned","floor":50.0},{"not_picked":["FlurryOfBlows","Vengeance","Havoc"],"picked":"Dual Wield","floor":52.0},{"not_picked":["BowlingBash","MentalFortress","ClearTheMind"],"picked":"Limit Break","floor":53.0},{"not_picked":["SignatureMove","Protect","Carnage"],"picked":"Pray","floor":54.0},{"not_picked":["Dual Wield","Searing Blow","PathToVictory"],"picked":"Cleave","floor":55.0},{"not_picked":["FearNoEvil","Headbutt","PathToVictory"],"picked":"Disarm","floor":61.0},{"not_picked":["WindmillStrike","Cleave","Ghostly Armor"],"picked":"Metallicize","floor":62.0},{"not_picked":["EmptyBody","Swivel","Shrug It Off"],"picked":"Barricade","floor":64.0},{"not_picked":["Iron Wave","Adaptation","Searing Blow"],"picked":"Double Tap","floor":65.0},{"not_picked":["LessonLearned","Barricade","Scrawl"],"picked":"Feed","floor":67.0},{"not_picked":["Sever Soul","Evaluate+1","Thunderclap"],"picked":"Feel No Pain+1","floor":69.0},{"not_picked":["SashWhip","Disarm","Sever Soul"],"picked":"Rage","floor":70.0},{"not_picked":["Wild Strike","Havoc","PathToVictory","Searing Blow"],"picked":"SKIP","floor":71.0},{"not_picked":["Heavy Blade","Prostrate","Warcry"],"picked":"CrushJoints+1","floor":76},{"not_picked":["infinitespire:FinalStrike","infinitespire:DeathsTouch"],"picked":"infinitespire:Collect","floor":78},{"not_picked":["Havoc","Fasting2","Heavy Blade+1"],"picked":"Anger","floor":81},{"not_picked":["InnerPeace","Crescendo+1","EmptyBody+1"],"picked":"WaveOfTheHand+1","floor":82},{"not_picked":["infinitespire:SevenWalls","infinitespire:Starlight"],"picked":"infinitespire:Oblivion","floor":84},{"not_picked":["Corruption","Devotion","Fiend Fire"],"picked":"Brutality","floor":84},{"not_picked":["Perfected Strike","Fasting2+1","FearNoEvil+1"],"picked":"Rupture","floor":86},{"not_picked":["Shrug It Off","Shockwave+1","Evaluate"],"picked":"Collect+1","floor":87},{"not_picked":["Crescendo","ClearTheMind+1","Heavy Blade+1"],"picked":"Perseverance","floor":89}],"player_experience":229770,"relics_obtained":[{"floor":9.0,"key":"Bag of Marbles"},{"floor":13.0,"key":"MealTicket"},{"floor":24.0,"key":"Omamori"},{"floor":26.0,"key":"Happy Flower"},{"floor":43.0,"key":"Eternal Feather"},{"floor":45.0,"key":"aspiration:ChemicalBlood"},{"floor":59.0,"key":"War Paint"},{"floor":60.0,"key":"MawBank"},{"floor":65.0,"key":"infinitespire:EmpoweringShard"},{"floor":77,"key":"Strawberry"},{"floor":79,"key":"infinitespire:Beetle Shell"}],"event_choices":[{"damage_healed":0.0,"max_hp_gain":0.0,"max_hp_loss":0.0,"gold_gain":175.0,"event_name":"Liars Game","player_choice":"AGREE","floor":3.0,"gold_loss":0.0,"damage_taken":0.0,"cards_obtained":["Doubt"]},{"damage_healed":0.0,"max_hp_gain":0.0,"max_hp_loss":0.0,"gold_gain":75.0,"event_name":"FaceTrader","player_choice":"Touch","floor":5.0,"gold_loss":0.0,"damage_taken":7.0},{"damage_healed":0.0,"max_hp_gain":5.0,"max_hp_loss":0.0,"gold_gain":0.0,"event_name":"Forgotten Altar","player_choice":"Shed Blood","floor":22.0,"gold_loss":0.0,"damage_taken":18.0},{"damage_healed":0.0,"max_hp_gain":0.0,"max_hp_loss":0.0,"gold_gain":0.0,"event_name":"Upgrade Shrine","player_choice":"Upgraded","floor":37.0,"gold_loss":0.0,"damage_taken":0.0,"cards_upgraded":["Devotion"]},{"damage_healed":0.0,"max_hp_gain":0.0,"max_hp_loss":0.0,"gold_gain":0.0,"event_name":"Shining Light","player_choice":"Entered Light","floor":58.0,"gold_loss":0.0,"damage_taken":15.0,"cards_upgraded":["FlurryOfBlows","Nirvana"]},{"damage_healed":0.0,"max_hp_gain":0.0,"max_hp_loss":0.0,"gold_gain":0.0,"event_name":"FaceTrader","player_choice":"Trade","floor":72.0,"gold_loss":0.0,"damage_taken":0.0,"relics_obtained":["FaceOfCleric"]},{"damage_healed":0,"gold_gain":0,"player_choice":"Ignored","damage_taken":0,"max_hp_gain":0,"max_hp_loss":0,"event_name":"Tomb of Lord Red Mask","floor":88,"gold_loss":0}],"is_beta":false,"boss_relics":[{"not_picked":["Calling Bell","HolyWater"],"picked":"SlaversCollar"},{"not_picked":["Tiny House","aspiration:FutureDiary"],"picked":"aspiration:IroncladSkillbook"},{"not_picked":["Busted Crown","VioletLotus"],"picked":"aspiration:PoetsPen_weak"},{"not_picked":["Philosopher\u0027s Stone","Empty Cage"],"picked":"SacredBark"},{"not_picked":["Astrolabe","Snecko Eye"],"picked":"aspiration:SecretTechniqueScroll"}],"items_purged_floors":[36],"is_endless":true,"potions_floor_spawned":[1,4,12,14,18,25,31,38,39,44,50,52,53,67,70,71,84,87,89],"killed_by":"Nightmare_Alpha","ascension_level":0}}