{"host":"1hv1kueuvc4r3rdp","time":1607885044,"event":{"mods":["AchievementEnabler","BaseMod","DeckTracker","Highlight Path","Minty Spire (QoL Compilation)","Permanent Neow","StSLib"],"gold_per_floor":[111,125,135,146,146,146,186,186,210,249,220,234,234,257,257,257,257],"floor_reached":16,"playtime":733,"items_purged":[],"score":140,"play_id":"921d0aa7-49ae-4fad-ad32-59e83303f142","local_time":"20201213124404","is_ascension_mode":true,"campfire_choices":[{"data":"Blade Dance","floor":6,"key":"SMITH"},{"data":"Dagger Spray","floor":8,"key":"SMITH"},{"floor":15,"key":"REST"}],"circlet_count":0,"master_deck":["Strike_G","Strike_G","Strike_G","Strike_G","Strike_G","Defend_G","Defend_G","Defend_G","Defend_G","Defend_G","Survivor","Neutralize","Blade Dance+1","Accuracy","Dagger Spray+1","Regret","Cloak And Dagger"],"relics":["Cursed Key","Golden Idol","Akabeko","Vajra","Oddly Smooth Stone"],"acts_visited":["Exordium"],"potions_floor_usage":[7,10,16,16],"damage_taken":[{"damage":0,"enemies":"Jaw Worm","floor":1,"turns":4},{"damage":0,"enemies":"Small Slimes","floor":2,"turns":4},{"damage":0,"enemies":"2 Louse","floor":3,"turns":2},{"damage":8,"enemies":"Large Slime","floor":4,"turns":6},{"damage":7,"enemies":"Lagavulin","floor":7,"turns":7},{"damage":37,"enemies":"Gremlin Nob","floor":10,"turns":4},{"damage":0,"enemies":"Looter","floor":12,"turns":2},{"damage":0,"enemies":"3 Louse","floor":14,"turns":2},{"damage":22,"enemies":"The Guardian","floor":16,"turns":13}],"seed_played":"2455390388431202081","potions_obtained":[{"floor":1,"key":"FearPotion"},{"floor":3,"key":"AttackPotion"},{"floor":4,"key":"CultistPotion"},{"floor":14,"key":"Explosive Potion"}],"is_trial":false,"path_per_floor":["M","M","M","M","?","R","E","R","T","E","?","M","?","M","R","B"],"character_chosen":"THE_SILENT","items_purchased":[],"campfire_rested":1,"item_purchase_floors":[],"current_hp_per_floor":[70,70,70,62,45,45,38,38,38,1,1,1,1,1,22,0,0],"gold":257,"neow_bonus":"BOSS_RELIC","is_daily":false,"chose_seed":false,"campfire_upgraded":2,"win_rate":0.0,"timestamp":1607885044,"path_taken":["M","M","M","M","?","R","E","R","T","E","?","M","?","M","R","BOSS"],"items_purchased_type":[],"build_version":"2020-11-30","purchased_purges":0,"victory":false,"max_hp_per_floor":[70,70,70,70,70,70,70,70,70,70,70,70,70,70,70,70,70],"card_choices":[{"not_picked":["Deadly Poison","Calculated Gamble","Sucker Punch"],"picked":"SKIP","floor":1},{"not_picked":["Distraction","Deflect"],"picked":"Blade Dance","floor":2},{"not_picked":["Riddle With Holes","Prepared"],"picked":"Accuracy","floor":3},{"not_picked":["Bane","Backflip","Calculated Gamble"],"picked":"SKIP","floor":4},{"not_picked":["Riddle With Holes","Well Laid Plans"],"picked":"Dagger Spray","floor":7},{"not_picked":["Unload","Outmaneuver","Flying Knee"],"picked":"SKIP","floor":10},{"not_picked":["Catalyst","Outmaneuver","Distraction"],"picked":"SKIP","floor":12},{"not_picked":["Deadly Poison","Noxious Fumes"],"picked":"Cloak And Dagger","floor":14}],"player_experience":989567,"relics_obtained":[{"floor":7,"key":"Akabeko"},{"floor":9,"key":"Vajra"},{"floor":10,"key":"Oddly Smooth Stone"}],"event_choices":[{"damage_healed":0,"gold_gain":0,"player_choice":"Take Damage","damage_taken":17,"relics_obtained":["Golden Idol"],"max_hp_gain":0,"max_hp_loss":0,"event_name":"Golden Idol","floor":5,"gold_loss":0},{"damage_healed":0,"gold_gain":0,"player_choice":"Left Gold","damage_taken":0,"max_hp_gain":0,"max_hp_loss":0,"event_name":"World of Goop","floor":11,"gold_loss":29},{"damage_healed":0,"gold_gain":0,"player_choice":"Ignored","damage_taken":0,"max_hp_gain":0,"max_hp_loss":0,"event_name":"Shining Light","floor":13,"gold_loss":0}],"is_beta":false,"boss_relics":[],"items_purged_floors":[],"is_endless":false,"potions_floor_spawned":[1,3,4,14],"killed_by":"The Guardian","ascension_level":5}}