{"host":"tmiksjdllv4oe9un","time":1607821578,"event":{"mods":["Act Like it!","BaseMod","BetterRewards","Card Forge","Duelist Mod","GifTheSpireLib","Googly Eyes","Hallownest","Minty Spire (QoL Compilation)","Quick Restart","Replay The Spire","StSLib"],"gold_per_floor":[138,138,38,55,55,85,97,131,182,233,268,268,288,307,307,406,506,523,523,540,540,552,552,472,472,553,609,609,628,628,661,661,765,765,781,781,399,424,445,445,445,445,445,492,514,535,554,600,600,710],"floor_reached":51,"playtime":1945,"items_purged":["theDuelist:Sparks","theDuelist:Sparks","theDuelist:CastleWalls"],"score":1114,"play_id":"249cbb42-7dbe-43ac-90c9-a6243d88ae04","local_time":"20201212200618","is_ascension_mode":false,"campfire_choices":[{"data":"theDuelist:StardustDragon","floor":12.0,"key":"SMITH"},{"data":"theDuelist:BabyDragon","floor":15.0,"key":"SMITH"},{"data":"theDuelist:Lancephorhynchus","floor":23.0,"key":"SMITH"},{"data":"Hallownest:skillCityofTearsMap","floor":25.0,"key":"SMITH"},{"data":"theDuelist:TailSwipe","floor":30.0,"key":"SMITH"},{"data":"theDuelist:BSkullDragon","floor":32.0,"key":"SMITH"},{"data":"theDuelist:TailSwipe","floor":41.0,"key":"SMITH"},{"floor":49,"key":"DIG"}],"circlet_count":0,"master_deck":["theDuelist:BabyDragon+1","theDuelist:CastleWalls","theDuelist:CaveDragon","theDuelist:CaveDragon","theDuelist:LesserDragon","theDuelist:LesserDragon","theDuelist:YamataDragon","theDuelist:StardustDragon+1","theDuelist:BSkullDragon+1","theDuelist:Lancephorhynchus+1","theDuelist:Mountain+1","theDuelist:TailSwipe+1","Hallownest:skillCityofTearsMap+1","theDuelist:StardustDragon+1","theDuelist:TailSwipe+1","theDuelist:BerserkScales+1"],"relics":["theDuelist:MillenniumPuzzle","theDuelist:CardPoolRelic","theDuelist:CardPoolBasicRelic","theDuelist:BoosterPackPoolRelic","theDuelist:CardPoolAddRelic","theDuelist:CardPoolMinusRelic","theDuelist:CardPoolSaveRelic","theDuelist:CardPoolOptionsRelic","Hammer of Thor","Seething Fire","Anvil of the Gods","Hallownest:DreamNailRelic","Mercury Hourglass","ReplayTheSpireMod:TigerMarble","Replay:Mystery Machine","Incense Burner","Torii","Durian","Replay:Wanted Poster","Red Mask","theDuelist:BoosterPackTrapEgg","Replay:Bandana","SlaversCollar","theDuelist:MetronomeRelicB","Golden Egg","Mirror","Vajra","King of Hearts","Quantum Egg","Replay:Rubber Ducky"],"acts_visited":["Hallownest:Greenpath","Hallownest:CityofTears","Hallownest:KingdomsEdge"],"potions_floor_usage":[50,50],"damage_taken":[{"damage":2.0,"enemies":"Hallownest:monsterHuskGuard","floor":1.0,"turns":4.0},{"damage":0.0,"enemies":"2_ Uuma","floor":4.0,"turns":3.0},{"damage":16.0,"enemies":"Hallownest:eliteMossKnight","floor":6.0,"turns":8.0},{"damage":4.0,"enemies":"Hallownest:2_Baldur","floor":7.0,"turns":2.0},{"damage":6.0,"enemies":"Hallownest:eliteCrystalGuardian","floor":8.0,"turns":5.0},{"damage":6.0,"enemies":"Hallownest:eliteCrystalGuardian","floor":10.0,"turns":12.0},{"damage":0.0,"enemies":"Hallownest:monsterMossCharger","floor":11.0,"turns":5.0},{"damage":0.0,"enemies":"Hallownest:1_Baldur_1_Crawlid_1_Warrior","floor":13.0,"turns":5.0},{"damage":0.0,"enemies":"Hallownest:monsterFoolEater","floor":14.0,"turns":4.0},{"damage":16.0,"enemies":"Hallownest:BossHornet","floor":16.0,"turns":7.0},{"damage":4.0,"enemies":"Hallownest:3_Youths","floor":18.0,"turns":5.0},{"damage":1.0,"enemies":"Hallownest:Guard_and_Sentry","floor":20.0,"turns":4.0},{"damage":1.0,"enemies":"Hallownest:3_Mistakes","floor":22.0,"turns":9.0},{"damage":1.0,"enemies":"Hallownest:Glutton_and_Coward","floor":27.0,"turns":3.0},{"damage":4.0,"enemies":"Hallownest:Glutton_and_Coward","floor":28.0,"turns":3.0},{"damage":0.0,"enemies":"Hallownest:Warrior_and_Youth","floor":29.0,"turns":4.0},{"damage":0.0,"enemies":"Hallownest:Nosk","floor":31.0,"turns":7.0},{"damage":25.0,"enemies":"Hallownest:BossGrimm","floor":33.0,"turns":8.0},{"damage":16.0,"enemies":"Hallownest:Shield_Heavy","floor":35.0,"turns":7.0},{"damage":41.0,"enemies":"Hallownest:3_Siblings","floor":38.0,"turns":8.0},{"damage":6.0,"enemies":"Hallownest:Xero_Hu_Marmu","floor":39.0,"turns":8.0},{"damage":9.0,"enemies":"Hallownest:eliteCollector","floor":44.0,"turns":7.0},{"damage":0.0,"enemies":"Hallownest:2_Great","floor":45.0,"turns":6.0},{"damage":2.0,"enemies":"Hallownest:2_Wandering_and_1_Horned","floor":46.0,"turns":8.0},{"damage":1,"enemies":"Hallownest:Slobbering_and_Violent","floor":47,"turns":7},{"damage":0,"enemies":"Hallownest:eliteHiveKnight","floor":48,"turns":7},{"damage":0,"enemies":"Hallownest:Radiance","floor":50,"turns":7}],"seed_played":"-65021202250461314","potions_obtained":[{"floor":1.0,"key":"FearPotion"},{"floor":7.0,"key":"theDuelist:TokenPotion"},{"floor":16.0,"key":"EntropicBrew"},{"floor":22.0,"key":"Languid Potion"},{"floor":33.0,"key":"BlessingOfTheForge"}],"is_trial":false,"path_per_floor":["M","?","$","M","$","E","M","E","T","?","M","R","M","M","R","B",null,"M","?","M","?","M","R","?","R","T","M","?","M","R","E","R","B",null,"M","?","$","M","M","T","R","$","T","E","M","M","M","E","R","B",null],"character_chosen":"THE_DUELIST","items_purchased":["Golden Egg"],"campfire_rested":0,"item_purchase_floors":[37],"current_hp_per_floor":[72,72,72,72,72,56,52,46,46,45,45,45,45,45,45,29,85,81,81,80,80,79,79,79,79,79,78,74,74,74,74,74,49,85,69,63,63,22,20,20,20,20,20,11,11,9,8,8,8,8],"gold":710,"neow_bonus":"","is_daily":false,"chose_seed":false,"campfire_upgraded":7,"win_rate":0.0,"timestamp":1607821578,"path_taken":["M","?","?","?","$","E","M","E","T","?","M","R","?","M","R","BOSS","M","?","M","?","M","R","?","R","T","?","?","M","R","E","R","BOSS","M","?","$","M","M","?","R","?","T","E","M","M","M","E","R","BOSS"],"items_purchased_type":["Relic"],"build_version":"2020-11-30","purchased_purges":3,"victory":true,"max_hp_per_floor":[80,80,80,80,80,80,80,80,80,85,85,85,85,85,85,85,85,85,85,85,85,85,85,85,85,85,85,85,85,85,85,85,85,85,85,85,85,85,85,85,85,85,85,85,85,85,85,85,85,85],"card_choices":[{"not_picked":["theDuelist:SauropodBrachion","theDuelist:Pyrorex","theDuelist:FireDarts","theDuelist:FiendSkull","theDuelist:EvilMind"],"picked":"SKIP","floor":1.0},{"not_picked":["theDuelist:VeilDarkness+1","theDuelist:TyrantWing","theDuelist:SafeZone","theDuelist:DefenseZone+1","theDuelist:DefenseDraw"],"picked":"SKIP","floor":4.0},{"not_picked":["theDuelist:BlackStego","theDuelist:MadFlameKaiju","theDuelist:TrihornedDragon","theDuelist:BlackTyranno","theDuelist:GiantRex"],"picked":"SKIP","floor":6.0},{"not_picked":["theDuelist:ChimeratechOverdragon","theDuelist:DefensiveTactics","theDuelist:DoomkaiserDragon","theDuelist:SurvivalFittest"],"picked":"theDuelist:StardustDragon","floor":7.0},{"not_picked":["theDuelist:Beatraptor","theDuelist:DarkHorus","theDuelist:MirageDragon","theDuelist:ViceDragon","theDuelist:ThunderDragon"],"picked":"SKIP","floor":8.0},{"not_picked":["theDuelist:GiantRex","theDuelist:OceanDragonLord","theDuelist:WaterDragonCluster","theDuelist:GaiaDragonChamp"],"picked":"theDuelist:BSkullDragon","floor":10.0},{"not_picked":["theDuelist:CyberDragonInfinity","theDuelist:CyberEndDragon","theDuelist:BlackVeloci","theDuelist:BlueDuston","theDuelist:ChimeratechOverdragon"],"picked":"SKIP","floor":11.0},{"not_picked":["theDuelist:BigFire","theDuelist:ForbiddenChalice","theDuelist:RainbowOverdragon","theDuelist:Hinotama","theDuelist:PreventRat"],"picked":"SKIP","floor":13.0},{"not_picked":["theDuelist:CyberValley","theDuelist:ScrapIronScarecrow","theDuelist:LesserDragon","theDuelist:Earthquake","theDuelist:BabyDragon"],"picked":"SKIP","floor":14.0},{"not_picked":["theDuelist:DoomkaiserDragon","theDuelist:FiveHeaded","theDuelist:LostWorld","theDuelist:VoidOgreDragon"],"picked":"theDuelist:Lancephorhynchus","floor":16.0},{"not_picked":["theDuelist:MadSwordBeast","theDuelist:MaskedDragon","theDuelist:MirageDragon","theDuelist:TwinBarrelDragon","theDuelist:TwinHeadedBehemoth+1"],"picked":"SKIP","floor":18.0},{"not_picked":["theDuelist:CyberLaserDragon","theDuelist:MiraculousDescent+1","theDuelist:SilverWing","theDuelist:DragonTreasure+1"],"picked":"theDuelist:Mountain+1","floor":20.0},{"not_picked":["theDuelist:GaiaDragonChamp","theDuelist:LostWorld","theDuelist:SeismicShockwave","theDuelist:StardustDragon+1"],"picked":"theDuelist:TailSwipe","floor":22.0},{"not_picked":["theDuelist:JurassicImpact+1","theDuelist:SafeZone+1","theDuelist:CyberneticOverflow+1","theDuelist:ThreateningRoar+1","theDuelist:SurvivalFittest+1"],"picked":"SKIP","floor":27.0},{"not_picked":["theDuelist:BlasterDragonInfernos","theDuelist:ChimeratechOverdragon","theDuelist:QueenDragunDjinn","theDuelist:TailSwipe"],"picked":"theDuelist:StardustDragon+1","floor":29.0},{"not_picked":["theDuelist:GenesisDragon","theDuelist:RedEyesZombie"],"picked":"theDuelist:TailSwipe","floor":31.0},{"not_picked":["theDuelist:BeserkDragon+1","theDuelist:GiantRex+1","theDuelist:MegafleetDragon+1","theDuelist:SphereChaos+1","theDuelist:SoulCharge"],"picked":"SKIP","floor":35.0},{"not_picked":["theDuelist:ArmageddonDragonEmp+1","theDuelist:BSkullDragon","theDuelist:BusterBladerDDS","theDuelist:FiveHeaded","theDuelist:Scapegoat"],"picked":"SKIP","floor":38.0},{"not_picked":["theDuelist:ArmageddonDragonEmp+1","theDuelist:BSkullDragon","theDuelist:BusterBladerDDS","theDuelist:FiveHeaded","theDuelist:Scapegoat"],"picked":"SKIP","floor":38.0},{"not_picked":["theDuelist:Beatraptor","theDuelist:BlackBrutdrago+1","theDuelist:Hydrogeddon+1","theDuelist:MirageDragon","theDuelist:BlueEyes"],"picked":"SKIP","floor":39.0},{"not_picked":["theDuelist:DarkDriceratops","theDuelist:DarkHorus","theDuelist:Earthquake+1","theDuelist:TwinBarrelDragon+1","theDuelist:CyberDragon+1"],"picked":"SKIP","floor":44.0},{"not_picked":["theDuelist:Earthquake+1","theDuelist:SpiralSpearStrike","theDuelist:BerserkerSoul+1","theDuelist:UltraEvolutionPill+1","theDuelist:FangCritias"],"picked":"SKIP","floor":45.0},{"not_picked":["theDuelist:StampingDestruction","theDuelist:TailSwipe+1","theDuelist:AncientRules","theDuelist:UltraEvolutionPill","theDuelist:Scapegoat+1"],"picked":"SKIP","floor":46.0},{"not_picked":["theDuelist:BlackStego","theDuelist:CyberValley","theDuelist:Earthquake+1","theDuelist:Pyrorex+1","theDuelist:ArmedDragon5"],"picked":"SKIP","floor":47},{"not_picked":["theDuelist:DragonShield+1","theDuelist:SpiralSpearStrike+1","theDuelist:TyrantWing+1","theDuelist:VeilDarkness+1","theDuelist:FireDarts+1"],"picked":"SKIP","floor":48},{"not_picked":["theDuelist:ArmageddonDragonEmp+1","theDuelist:GaiaDragonChamp+1","theDuelist:Lancephorhynchus","theDuelist:SurvivalFittest+1"],"picked":"theDuelist:BerserkScales+1","floor":50}],"player_experience":12168,"relics_obtained":[{"floor":6.0,"key":"Mercury Hourglass"},{"floor":8.0,"key":"ReplayTheSpireMod:TigerMarble"},{"floor":9.0,"key":"Replay:Mystery Machine"},{"floor":10.0,"key":"Incense Burner"},{"floor":10.0,"key":"Torii"},{"floor":10.0,"key":"Durian"},{"floor":26.0,"key":"theDuelist:BoosterPackTrapEgg"},{"floor":31.0,"key":"Replay:Bandana"},{"floor":40.0,"key":"Mirror"},{"floor":43.0,"key":"Vajra"},{"floor":44.0,"key":"King of Hearts"},{"floor":48,"key":"Quantum Egg"},{"floor":49,"key":"Replay:Rubber Ducky"}],"event_choices":[{"damage_healed":0.0,"max_hp_gain":0.0,"max_hp_loss":0.0,"gold_gain":0.0,"event_name":"Battle City","player_choice":"Fight","duelist":true,"floor":10.0,"gold_loss":0.0,"damage_taken":0.0},{"damage_healed":0.0,"max_hp_gain":0.0,"max_hp_loss":0.0,"gold_gain":0.0,"event_name":"Tomb of the Nameless","player_choice":"Leave","duelist":true,"floor":21.0,"gold_loss":0.0,"damage_taken":0.0},{"damage_healed":0.0,"max_hp_gain":0.0,"max_hp_loss":0.0,"gold_gain":0.0,"event_name":"Aknamkanon\u0027s Tomb","player_choice":"Dig - random Duelist relic","duelist":true,"floor":36.0,"gold_loss":0.0,"damage_taken":0.0}],"is_beta":false,"boss_relics":[{"not_picked":["theDuelist:GamblerChip","ChewingGum"],"picked":"Replay:Wanted Poster"},{"not_picked":["Electric Blood","Busted Crown"],"picked":"SlaversCollar"}],"items_purged_floors":[0,3,37],"is_endless":false,"potions_floor_spawned":[1,7,16,22,27,33,44,45,46,47],"ascension_level":0}}