{"host":"cjhtzh7tp54jdfyv","time":1607895639,"event":{"mods":["BaseMod","Minty Spire (QoL Compilation)"],"gold_per_floor":[160,140,157,169,183,183,208,208,208,79,79,107,125,139,139,218,218,231,231,251,36,55,55,66,98,125,157,15,15,15],"floor_reached":29,"playtime":2017,"items_purged":["Strike_R","Strike_R"],"score":550,"play_id":"ef8a1c96-67ee-414a-9560-43e3d30bb7b1","local_time":"20201213164039","is_ascension_mode":true,"campfire_choices":[{"data":"Uppercut","floor":6,"key":"SMITH"},{"data":"Bash","floor":8,"key":"SMITH"},{"data":"Anger","floor":11,"key":"SMITH"},{"data":"Disarm","floor":15,"key":"SMITH"},{"floor":23,"key":"REST"}],"circlet_count":0,"master_deck":["AscendersBane","Strike_R","Strike_R","Strike_R","Defend_R","Defend_R","Defend_R+1","Defend_R","Bash+1","Cleave","Disarm+1","Uppercut+1","Seeing Red","Carnage","Anger+1","Shockwave","Dark Embrace","Limit Break","Inflame","Armaments","Power Through","Shrug It Off","Warcry","True Grit","Evolve"],"relics":["Tiny House","Lizard Tail","Mummified Hand","SlaversCollar","Medical Kit","Regal Pillow","Juzu Bracelet","Mercury Hourglass"],"acts_visited":["Exordium","TheCity"],"potions_floor_usage":[5,7,12,18,22,27],"damage_taken":[{"damage":7,"enemies":"2 Louse","floor":1,"turns":3},{"damage":4,"enemies":"Cultist","floor":3,"turns":4},{"damage":6,"enemies":"Jaw Worm","floor":4,"turns":4},{"damage":6,"enemies":"Looter","floor":5,"turns":4},{"damage":18,"enemies":"3 Sentries","floor":7,"turns":10},{"damage":6,"enemies":"Gremlin Nob","floor":12,"turns":3},{"damage":10,"enemies":"Red Slaver","floor":13,"turns":3},{"damage":5,"enemies":"2 Fungi Beasts","floor":14,"turns":3},{"damage":5,"enemies":"The Guardian","floor":16,"turns":13},{"damage":19,"enemies":"2 Thieves","floor":18,"turns":5},{"damage":24,"enemies":"Spheric Guardian","floor":20,"turns":5},{"damage":23,"enemies":"Centurion and Healer","floor":22,"turns":7},{"damage":45,"enemies":"Snecko","floor":24,"turns":9},{"damage":3,"enemies":"Book of Stabbing","floor":25,"turns":5},{"damage":30,"enemies":"Slavers","floor":27,"turns":6},{"damage":7,"enemies":"Snake Plant","floor":29,"turns":1}],"seed_played":"4475339787822703455","potions_obtained":[{"floor":0,"key":"HeartOfIron"},{"floor":2,"key":"Fire Potion"},{"floor":7,"key":"Swift Potion"},{"floor":14,"key":"Block Potion"},{"floor":16,"key":"Regen Potion"},{"floor":18,"key":"Explosive Potion"},{"floor":25,"key":"BlessingOfTheForge"},{"floor":27,"key":"Dexterity Potion"}],"is_trial":false,"path_per_floor":["M","?","M","M","M","R","E","R","T","$","R","E","M","M","R","B",null,"M","?","M","$","M","R","M","E","T","E","$","M"],"character_chosen":"IRONCLAD","items_purchased":["AttackPotion","Medical Kit","Power Through","Evolve"],"campfire_rested":1,"item_purchase_floors":[10,21,21,28],"current_hp_per_floor":[66,66,62,56,50,50,32,32,32,32,32,26,16,11,11,6,62,43,43,19,19,11,35,38,35,35,5,5,0,0],"gold":15,"neow_bonus":"BOSS_RELIC","is_daily":false,"chose_seed":false,"campfire_upgraded":4,"win_rate":0.0,"timestamp":1607895639,"path_taken":["M","?","M","M","M","R","E","R","T","$","R","E","M","?","R","BOSS","M","?","M","$","M","R","M","E","T","E","$","M"],"items_purchased_type":["Potion","Relic","Card","Card"],"build_version":"2020-11-30","purchased_purges":2,"victory":false,"max_hp_per_floor":[80,80,80,80,80,80,80,80,80,80,80,80,80,80,80,80,80,80,80,80,80,80,80,80,80,80,80,80,80,80],"card_choices":[{"not_picked":["Heavy Blade","Armaments"],"picked":"Cleave","floor":0},{"not_picked":["Anger","Heavy Blade"],"picked":"Disarm","floor":1},{"not_picked":["Flex","Rage"],"picked":"Uppercut","floor":3},{"not_picked":["Thunderclap","Clothesline"],"picked":"Seeing Red","floor":4},{"not_picked":["Body Slam","Rupture"],"picked":"Carnage","floor":5},{"not_picked":["Headbutt","Bloodletting"],"picked":"Anger","floor":7},{"not_picked":["Flex","Armaments"],"picked":"Shockwave","floor":12},{"not_picked":["Evolve","Power Through","Body Slam"],"picked":"SKIP","floor":13},{"not_picked":["Evolve","Sentinel"],"picked":"Dark Embrace","floor":14},{"not_picked":["Brutality","Juggernaut"],"picked":"Limit Break","floor":16},{"not_picked":["Sever Soul","Clothesline","Fire Breathing"],"picked":"SKIP","floor":18},{"not_picked":["Infernal Blade+1","Intimidate"],"picked":"Armaments","floor":20},{"not_picked":["Headbutt","Sword Boomerang","Pommel Strike"],"picked":"SKIP","floor":22},{"not_picked":["Twin Strike","Thunderclap"],"picked":"Shrug It Off","floor":24},{"not_picked":["Heavy Blade","Bloodletting"],"picked":"Warcry","floor":25},{"not_picked":["Warcry","Dual Wield"],"picked":"True Grit","floor":27}],"player_experience":4254295,"relics_obtained":[{"floor":7,"key":"Lizard Tail"},{"floor":12,"key":"Mummified Hand"},{"floor":25,"key":"Regal Pillow"},{"floor":26,"key":"Juzu Bracelet"},{"floor":27,"key":"Mercury Hourglass"}],"event_choices":[{"damage_healed":0,"gold_gain":0,"player_choice":"Bought 1 Potion","damage_taken":0,"max_hp_gain":0,"max_hp_loss":0,"event_name":"The Woman in Blue","floor":2,"gold_loss":0},{"damage_healed":0,"gold_gain":0,"player_choice":"Read","damage_taken":0,"max_hp_gain":0,"max_hp_loss":0,"event_name":"The Library","floor":19,"gold_loss":0,"cards_obtained":["Inflame"]}],"is_beta":false,"boss_relics":[{"not_picked":["Velvet Choker","SacredBark"],"picked":"SlaversCollar"}],"items_purged_floors":[10,28],"is_endless":false,"potions_floor_spawned":[4,7,14,16,18,20,25,27],"killed_by":"Snake Plant","ascension_level":20}}