{"host":"8xp52u5o8fcssvzz","time":1607842631,"event":{"mods":["2.2 Compatiblity","AchievementEnabler","Act Like it!","Aspiration","BaseMod","Better Altar","Better Match","Better Note","Better Sensory Stone","Better Skull","Better Third Choice","BetterRewards","Colored Map","Conspire","Downfall","GifTheSpireLib","Googly Eyes","Halation","Hallownest","Highlight Path","Hubris","Infinite Spire","Jorbs\u0027s Wanderer Trilogy","Lobotomy","LobotomyExtend","Marisa????????","Mimic Mod","Minty Spire (QoL Compilation)","Remilia_Scarlet Moed?????·?????3.3.5","Remilia??????","Replay The Spire","Spicy Shops","StSLib","Stuff the Spire","The Administrix","The Alterego","The Blackbeard","The Bladedancer","The Cursed","The Gatherer","The Necromancer","The Runesmith","The Servant 0.9.4","TheFirefly","TheSwordswoman","Unceasing Turn Reminder","everything is the same but u backflip on backflip"],"gold_per_floor":[113,123,123,123,123,123,48,48,48,48,58,84,84,84,84,84,84],"floor_reached":16,"playtime":695,"items_purged":["RemiliaMod:Scratch"],"score":96,"play_id":"af23fe5b-987b-40c6-9432-e55feb802f04","local_time":"20201212225711","is_ascension_mode":false,"campfire_choices":[{"data":"RemiliaMod:CNLCSZL","floor":10,"key":"SMITH"},{"data":"RemiliaMod:CDB","floor":13,"key":"SMITH"},{"floor":15,"key":"DIG"}],"circlet_count":0,"master_deck":["RemiliaMod:Scratch","RemiliaMod:Scratch","RemiliaMod:Scratch","RemiliaMod:Defend","RemiliaMod:Defend","RemiliaMod:Defend","RemiliaMod:Defend","RemiliaMod:CNLCSZL+1","RemiliaMod:CAattack","Wellcheers","RemiliaMod:CPQHZZ","UniverseFragment","RemiliaMod:CDB+1","OldLady","RemiliaMod:CSlAttack","PunishingBird","RemiliaMod:CPXRNL"],"relics":["RemiliaMod:RXiangDui","RemiliaMod:RFkXt","RemiliaMod:RWYXT","Juzu Bracelet","CogitoBucket","LetterFromLob","halation:StarCompass","PreservedInsect","ScarletDevilRocket","Replay:Arrowhead"],"acts_visited":["Exordium"],"potions_floor_usage":[],"damage_taken":[{"damage":4,"enemies":"Small Slimes","floor":1,"turns":6},{"damage":0,"enemies":"Cultist","floor":2,"turns":2},{"damage":0,"enemies":"conspire:RoseBush","floor":11,"turns":3},{"damage":18,"enemies":"Lagavulin","floor":12,"turns":5},{"damage":100,"enemies":"Fading Forest","floor":16,"turns":2}],"seed_played":"-7415406491561688685","potions_obtained":[{"floor":1,"key":"PowerPotion"},{"floor":6,"key":"FearPotion"},{"floor":6,"key":"Doom Potion"},{"floor":6,"key":"GamblersBrew"}],"is_trial":false,"path_per_floor":["M","M","?","?","?","?","$","?","T","R","M","E","R","?","R_BF","B"],"character_chosen":"Remilia_Scarlet_Modee","items_purchased":[],"campfire_rested":0,"item_purchase_floors":[],"current_hp_per_floor":[72,73,73,73,73,73,73,73,73,73,74,57,57,57,57,0,0],"gold":84,"neow_bonus":"","is_daily":false,"chose_seed":false,"campfire_upgraded":2,"win_rate":0.0,"timestamp":1607842631,"path_taken":["M","M","?","?","?","?","$","?","T","R","M","E","R","?","R_BF","BOSS"],"items_purchased_type":[],"build_version":"2020-11-30","purchased_purges":1,"victory":false,"max_hp_per_floor":[75,75,75,75,75,75,75,75,75,75,75,75,75,75,75,75,75],"card_choices":[{"not_picked":["FairyFestival","ShyLook"],"picked":"Wellcheers","floor":1},{"not_picked":["RemiliaMod:CJNMJFZ","RemiliaMod:CJNXRFZ"],"picked":"RemiliaMod:CPQHZZ","floor":1},{"not_picked":["SpiderBud","Mercenary"],"picked":"UniverseFragment","floor":2},{"not_picked":["RemiliaMod:CJNYSFZ","RemiliaMod:CJDB"],"picked":"RemiliaMod:CDB","floor":2},{"not_picked":["Murderer","FairyFestival"],"picked":"OldLady","floor":11},{"not_picked":["RemiliaMod:CJNSP","RemiliaMod:CYYRK"],"picked":"RemiliaMod:CSlAttack","floor":11},{"not_picked":["Mercenary","BeautyBeast"],"picked":"PunishingBird","floor":12},{"not_picked":["RemiliaMod:CPYSGJ","RemiliaMod:CJDB"],"picked":"RemiliaMod:CPXRNL","floor":12}],"player_experience":416736,"relics_obtained":[{"floor":1,"key":"LetterFromLob"},{"floor":12,"key":"ScarletDevilRocket"},{"floor":15,"key":"Replay:Arrowhead"}],"event_choices":[{"damage_healed":0,"gold_gain":0,"player_choice":"Gave Potion","damage_taken":0,"relics_obtained":["PreservedInsect"],"max_hp_gain":0,"max_hp_loss":0,"event_name":"WeMeetAgain","floor":4,"gold_loss":0},{"damage_healed":0,"gold_gain":0,"player_choice":"Got Potions","damage_taken":0,"max_hp_gain":0,"max_hp_loss":0,"event_name":"Lab","floor":6,"gold_loss":0},{"damage_healed":0,"gold_gain":1,"player_choice":"1","damage_taken":0,"max_hp_gain":0,"max_hp_loss":0,"event_name":"betterStone:BetterStone","floor":14,"gold_loss":0}],"is_beta":false,"boss_relics":[],"items_purged_floors":[7],"is_endless":false,"potions_floor_spawned":[1,11,12],"killed_by":"Fading Forest","ascension_level":0}}