{"host":"q9718omregw4er46","time":1607881456,"event":{"mods":["BaseMod","Bestiary","Colored Powertips","Custom Start","Highlight Path","Minty Spire (QoL Compilation)","Practice Mode","Quick Restart","Relic Stats"],"gold_per_floor":[368,388,54,54,54,54,54],"floor_reached":6,"playtime":287,"items_purged":[],"score":66,"play_id":"e9eefcd7-f829-42a3-a955-d824b9421102","local_time":"20201213224416","is_ascension_mode":true,"campfire_choices":[],"circlet_count":0,"master_deck":["AscendersBane","Strike_B","Strike_B","Strike_B","Strike_B","Defend_B","Defend_B+1","Defend_B","Defend_B+1","Zap","Dualcast","Writhe","Self Repair"],"relics":["Cracked Core","Bird Faced Urn","PreservedInsect"],"acts_visited":["Exordium"],"potions_floor_usage":[],"damage_taken":[{"damage":12,"enemies":"Small Slimes","floor":1,"turns":4},{"damage":16,"enemies":"Jaw Worm","floor":2,"turns":5},{"damage":32,"enemies":"Gremlin Nob","floor":6,"turns":3}],"seed_played":"7571394320756818742","potions_obtained":[{"floor":1,"key":"Swift Potion"}],"is_trial":false,"path_per_floor":["M","M","$","?","?","E"],"character_chosen":"DEFECT","items_purchased":["Bird Faced Urn"],"campfire_rested":0,"item_purchase_floors":[3],"current_hp_per_floor":[52,43,43,22,17,0,0],"gold":54,"neow_bonus":"TWO_FIFTY_GOLD","is_daily":false,"chose_seed":false,"campfire_upgraded":0,"win_rate":0.0,"timestamp":1607881456,"path_taken":["M","M","$","?","?","E"],"items_purchased_type":["Relic"],"build_version":"2020-11-30","purchased_purges":0,"victory":false,"max_hp_per_floor":[71,71,71,71,71,71,71],"relic_stats":{"counters":[3,12],"Bird Faced Urn":[2],"PreservedInsect":23,"obtain_stats":[{"Bird Faced Urn":3,"PreservedInsect":5,"Cracked Core":0},{"Bird Faced Urn":2,"PreservedInsect":2,"Cracked Core":0},{"Bird Faced Urn":9,"PreservedInsect":9,"Cracked Core":0}]},"card_choices":[{"not_picked":["Auto Shields","Coolheaded"],"picked":"Self Repair","floor":1},{"not_picked":["Hello World","Rebound","Aggregate"],"picked":"SKIP","floor":2}],"player_experience":1000148,"relics_obtained":[],"event_choices":[{"damage_healed":0,"gold_gain":0,"player_choice":"Entered Light","damage_taken":21,"max_hp_gain":0,"max_hp_loss":0,"event_name":"Shining Light","floor":4,"gold_loss":0,"cards_upgraded":["Defend_B","Defend_B"]},{"damage_healed":0,"gold_gain":0,"player_choice":"Success","damage_taken":5,"relics_obtained":["PreservedInsect"],"max_hp_gain":0,"max_hp_loss":0,"event_name":"Scrap Ooze","floor":5,"gold_loss":0}],"is_beta":false,"boss_relics":[],"items_purged_floors":[],"is_endless":false,"potions_floor_spawned":[1],"killed_by":"Gremlin Nob","ascension_level":19}}