{"host":"ow9msrs9p2ctkx99","time":1607844941,"event":{"mods":["AchievementEnabler","BaseMod","Colored Map","Colored Powertips","Minty Spire (QoL Compilation)","Permanent Neow","Quick Restart","SuperFastMode"],"gold_per_floor":[15,33,33,33,111,138,138,165,191,191,204,222,241,70,70,170,170,182,107,126,126,144,179,179,179,232,232,232],"floor_reached":27,"playtime":517,"items_purged":[],"score":362,"play_id":"0fe0cb66-d1b6-4b1a-972b-52635072fd4d","local_time":"20201213083541","is_ascension_mode":true,"campfire_choices":[{"floor":7.0,"key":"REST"},{"data":"Biased Cognition","floor":10.0,"key":"SMITH"},{"floor":15.0,"key":"REST"},{"data":"Panacea","floor":24.0,"key":"SMITH"}],"circlet_count":0,"master_deck":["AscendersBane","Defend_B","Defend_B","Defend_B+1","Defend_B","Dualcast+1","Machine Learning+1","Biased Cognition+1","Sweeping Beam","Compile Driver","FTL","Buffer","Gash","Turbo","Cold Snap","Capacitor","Panacea+1","Electrodynamics","Darkness","Stack","Meteor Strike","Tempest+1","Skim","Glacier","Coolheaded","Writhe"],"relics":["Cracked Core","Shuriken","Bronze Scales","Ice Cream","Strawberry","Cursed Key","Smiling Mask"],"acts_visited":["Exordium","TheCity"],"potions_floor_usage":[],"damage_taken":[{"damage":5.0,"enemies":"2 Louse","floor":1.0,"turns":2.0},{"damage":7.0,"enemies":"Jaw Worm","floor":2.0,"turns":3.0},{"damage":19.0,"enemies":"Gremlin Nob","floor":6.0,"turns":4.0},{"damage":17.0,"enemies":"Lagavulin","floor":8.0,"turns":5.0},{"damage":7.0,"enemies":"Small Slimes","floor":11.0,"turns":3.0},{"damage":1.0,"enemies":"Looter","floor":12.0,"turns":3.0},{"damage":15.0,"enemies":"3 Louse","floor":13.0,"turns":2.0},{"damage":21.0,"enemies":"Hexaghost","floor":16.0,"turns":8.0},{"damage":7.0,"enemies":"Chosen","floor":18.0,"turns":4.0},{"damage":0.0,"enemies":"Spheric Guardian","floor":20.0,"turns":3.0},{"damage":15.0,"enemies":"Cultist and Chosen","floor":22.0,"turns":6.0},{"damage":16.0,"enemies":"Book of Stabbing","floor":23.0,"turns":5.0},{"damage":33,"enemies":"Slavers","floor":27,"turns":2}],"seed_played":"49796400310404885","potions_obtained":[{"floor":8.0,"key":"DuplicationPotion"},{"floor":11.0,"key":"Swift Potion"},{"floor":12.0,"key":"Block Potion"},{"floor":13.0,"key":"Regen Potion"},{"floor":22.0,"key":"EssenceOfSteel"},{"floor":23.0,"key":"BlessingOfTheForge"}],"is_trial":false,"path_per_floor":["M","M","?","?","T","E","R","E","T","R","M","M","M","$","R","B",null,"M","?","M","?","M","E","R","?","T","E"],"character_chosen":"DEFECT","items_purchased":["Capacitor","Panacea"],"campfire_rested":2,"item_purchase_floors":[14,14],"current_hp_per_floor":[63,56,56,41,41,22,44,27,34,34,27,26,11,11,35,29,69,62,62,62,62,47,31,31,31,31,0,0],"gold":232,"neow_bonus":"TRANSFORM_TWO_CARDS","is_daily":false,"chose_seed":false,"campfire_upgraded":2,"win_rate":0.0,"timestamp":1607844941,"path_taken":["M","M","?","?","?","E","R","E","T","R","M","M","M","?","R","BOSS","M","?","M","?","M","E","R","?","T","E"],"items_purchased_type":["Card","Card"],"build_version":"2020-11-30","purchased_purges":0,"victory":false,"max_hp_per_floor":[75,75,75,75,75,75,75,75,82,82,82,82,82,82,82,82,82,82,82,82,82,82,82,82,82,82,82,82],"card_choices":[{"not_picked":["Compile Driver","Steam"],"picked":"Sweeping Beam","floor":1.0},{"not_picked":["Sweeping Beam","Scrape"],"picked":"Compile Driver","floor":2.0},{"not_picked":["Redo","Genetic Algorithm"],"picked":"FTL","floor":6.0},{"not_picked":["Aggregate","Self Repair"],"picked":"Buffer","floor":8.0},{"not_picked":["Barrage","Streamline"],"picked":"Gash","floor":11.0},{"not_picked":["Capacitor","Sweeping Beam"],"picked":"Turbo","floor":12.0},{"not_picked":["Redo","Beam Cell"],"picked":"Cold Snap","floor":13.0},{"not_picked":["Multi-Cast","Hyperbeam"],"picked":"Electrodynamics","floor":16.0},{"not_picked":["Streamline","Beam Cell"],"picked":"Darkness","floor":18.0},{"not_picked":["Redo","Compile Driver"],"picked":"Stack","floor":20.0},{"not_picked":["Hologram","Coolheaded"],"picked":"Tempest+1","floor":22.0},{"not_picked":["Steam Power+1","Stack+1"],"picked":"Skim","floor":23.0}],"player_experience":997736,"relics_obtained":[{"floor":5.0,"key":"Shuriken"},{"floor":6.0,"key":"Bronze Scales"},{"floor":8.0,"key":"Ice Cream"},{"floor":9.0,"key":"Strawberry"},{"floor":23.0,"key":"Smiling Mask"}],"event_choices":[{"damage_healed":0.0,"max_hp_gain":0.0,"max_hp_loss":0.0,"gold_gain":0.0,"event_name":"Living Wall","player_choice":"Grow","floor":3.0,"gold_loss":0.0,"damage_taken":0.0,"cards_upgraded":["Dualcast"]},{"damage_healed":0.0,"max_hp_gain":0.0,"max_hp_loss":0.0,"gold_gain":0.0,"event_name":"Shining Light","player_choice":"Entered Light","floor":4.0,"gold_loss":0.0,"damage_taken":15.0,"cards_upgraded":["Machine Learning","Defend_B"]},{"cards_removed":["Zap"],"damage_healed":0.0,"max_hp_gain":0.0,"max_hp_loss":0.0,"gold_gain":0.0,"event_name":"Beggar","player_choice":"Gave Gold","floor":19.0,"gold_loss":75.0,"damage_taken":0.0},{"damage_healed":0.0,"max_hp_gain":0.0,"max_hp_loss":0.0,"gold_gain":0.0,"event_name":"The Library","player_choice":"Read","floor":21.0,"gold_loss":0.0,"damage_taken":0.0,"cards_obtained":["Meteor Strike"]},{"damage_healed":0.0,"max_hp_gain":0.0,"max_hp_loss":0.0,"gold_gain":0.0,"cards_transformed":["Strike_B","Strike_B"],"event_name":"Drug Dealer","player_choice":"Became Test Subject","floor":25.0,"gold_loss":0.0,"damage_taken":0.0,"cards_obtained":["Glacier","Coolheaded"]}],"is_beta":false,"boss_relics":[{"not_picked":["Empty Cage","Busted Crown"],"picked":"Cursed Key"}],"items_purged_floors":[],"is_endless":false,"potions_floor_spawned":[8,11,12,13,22,23],"killed_by":"Slavers","ascension_level":10}}