{"host":"iiglj9c36e8zluux","time":1607821379,"event":{"mods":["Aspiration","BaseMod","Conspire","Halation","Hubris","Infinite Spire","Minty Spire (QoL Compilation)","Replay The Spire","Retaliation","Shop Mod","Spikes Relics","StSLib","The Blue Laboratory","Uncapped","vexMod"],"gold_per_floor":[111,125,135,153,171,171,184,184,184,207,207,226,124,124,124,223,223,241,257,275,299,319,319,319,76,76,76,76,94,119,119,119,127,127],"floor_reached":33,"playtime":2046,"items_purged":[],"score":294,"play_id":"d2f51f58-a29f-4ece-9ef1-33e508df1c4f","local_time":"20201212170259","daily_mods":["SealedDeck","Heirloom","Flight"],"is_ascension_mode":true,"campfire_choices":[{"floor":6.0,"key":"REST"},{"data":"Bane","floor":8.0,"key":"SMITH"},{"data":"Dagger Spray","floor":11.0,"key":"SMITH"},{"floor":15.0,"key":"REST"},{"floor":23.0,"key":"REST"},{"floor":24.0,"key":"REST"},{"data":"Tools of the Trade","floor":27.0,"key":"SMITH"},{"data":"Footwork","floor":28.0,"key":"SMITH"},{"floor":32,"key":"REST"}],"circlet_count":0,"master_deck":["Poisoned Stab","Deadly Poison","Deadly Poison","Dagger Spray+1","Catalyst","Dodge and Roll","Dodge and Roll","Fluid Movement","Cloak And Dagger","Cloak And Dagger","Deadly Poison","Bane+1","Dagger Spray","Cloak And Dagger","Fluid Movement","Dagger Throw","Quick Slash","Bane","ReplayTheSpireMod:Speed Training","Tools of the Trade+1","Flying Knee+1","Footwork+1","Quick Slash","Prepared","Poisoned Stab","Bane","Choke"],"relics":["Ring of the Snake","hubris:AstralHammer","infinitespire:Midas Blood","Centennial Puzzle","hubris:VirtuousBlindfold","vexMod:Dragonfruit","infinitespire:Beetle Shell","hubris:Towel"],"acts_visited":["Exordium","TheCity"],"potions_floor_usage":[],"damage_taken":[{"damage":0.0,"enemies":"Jaw Worm","floor":1.0,"turns":3.0},{"damage":0.0,"enemies":"Cultist","floor":2.0,"turns":3.0},{"damage":7.0,"enemies":"2 Louse","floor":3.0,"turns":2.0},{"damage":2.0,"enemies":"2 Fungi Beasts","floor":4.0,"turns":3.0},{"damage":26.0,"enemies":"Large Slime","floor":5.0,"turns":5.0},{"damage":5.0,"enemies":"Blue Slaver","floor":7.0,"turns":3.0},{"damage":12.0,"enemies":"Gremlin Gang","floor":10.0,"turns":4.0},{"damage":10.0,"enemies":"Looter","floor":12.0,"turns":3.0},{"damage":1.0,"enemies":"Slime Boss","floor":16.0,"turns":7.0},{"damage":15.0,"enemies":"2 Thieves","floor":18.0,"turns":4.0},{"damage":2.0,"enemies":"3 Byrds","floor":19.0,"turns":4.0},{"damage":1.0,"enemies":"Centurion and Healer","floor":20.0,"turns":6.0},{"damage":27.0,"enemies":"Cultist and Chosen","floor":21.0,"turns":6.0},{"damage":17.0,"enemies":"Snecko","floor":22.0,"turns":4.0},{"damage":0.0,"enemies":"3 Cultists","floor":29.0,"turns":2.0},{"damage":28.0,"enemies":"Snake Plant","floor":30.0,"turns":5.0},{"damage":55,"enemies":"Collector","floor":33,"turns":5}],"seed_played":"-6935904136672838020","potions_obtained":[{"floor":1.0,"key":"blueLaboratory:BubblePotion"},{"floor":4.0,"key":"blueLaboratory:PhilterOfMotion"},{"floor":7.0,"key":"DDmod:CleansePotion"},{"floor":10.0,"key":"blueLaboratory:NullPotion"},{"floor":20.0,"key":"DDmod:CleansePotion"},{"floor":22.0,"key":"blueLaboratory:Virophage"},{"floor":30.0,"key":"Elixir"}],"is_trial":true,"path_per_floor":["M","M","M","M","M","R","M","R","T","M","R","M","$","?","R","B",null,"M","M","M","M","M","R","R","$","T","R","R","M","M","?","R","B"],"character_chosen":"THE_SILENT","items_purchased":["Bane","ReplayTheSpireMod:Speed Training","vexMod:Dragonfruit"],"campfire_rested":5,"item_purchase_floors":[13,13,25],"current_hp_per_floor":[70,70,63,61,35,56,51,51,51,39,39,29,29,29,50,49,70,55,53,52,25,8,29,50,55,55,55,55,55,27,27,49,0,0],"gold":127,"neow_bonus":"","is_daily":false,"chose_seed":false,"campfire_upgraded":4,"win_rate":0.0,"timestamp":1607821379,"path_taken":["M","M","M","M","M","R","M","R","T","M","R","M","$","?","R","BOSS","M","M","M","M","?","R","R","$","T","R","R","M","M","?","R","BOSS"],"items_purchased_type":["Card","Card","Relic"],"build_version":"2020-11-30","purchased_purges":0,"victory":false,"max_hp_per_floor":[70,70,70,70,70,70,70,70,70,70,70,70,70,70,70,70,70,70,70,70,70,70,70,70,75,75,75,75,75,75,75,75,75,75],"card_choices":[{"not_picked":["Hidden Blade","Outmaneuver"],"picked":"Deadly Poison","floor":1.0},{"not_picked":["Setup","Dodge and Roll","Skewer"],"picked":"SKIP","floor":2.0},{"not_picked":["Reflex","Accuracy"],"picked":"Bane","floor":3.0},{"not_picked":["Underhanded Strike","Blade Dance"],"picked":"Dagger Spray","floor":4.0},{"not_picked":["Accuracy","Dodge and Roll"],"picked":"Cloak And Dagger","floor":5.0},{"not_picked":["Unload","Backflip"],"picked":"Fluid Movement","floor":7.0},{"not_picked":["Predator","Blade Dance"],"picked":"Dagger Throw","floor":10.0},{"not_picked":["Underhanded Strike","Dodge and Roll"],"picked":"Quick Slash","floor":12.0},{"not_picked":["Malaise","Replay:Bag of Tricks"],"picked":"Tools of the Trade","floor":16.0},{"not_picked":["Cloak And Dagger","Dodge and Roll+1"],"picked":"Flying Knee+1","floor":18.0},{"not_picked":["Caltrops","Acrobatics+1"],"picked":"Footwork","floor":19.0},{"not_picked":["Unload","Poisoned Stab"],"picked":"Quick Slash","floor":20.0},{"not_picked":["Dodge and Roll","PiercingWail+1"],"picked":"Prepared","floor":21.0},{"not_picked":["Deadly Poison","Hidden Blade"],"picked":"Poisoned Stab","floor":22.0},{"not_picked":["Acrobatics+1","ReplayTheSpireMod:Necrosis"],"picked":"Bane","floor":29.0},{"not_picked":["Acrobatics","hubris:SlightOfHand"],"picked":"Choke","floor":30.0}],"player_experience":91150,"relics_obtained":[{"floor":9.0,"key":"infinitespire:Midas Blood"},{"floor":26.0,"key":"infinitespire:Beetle Shell"}],"event_choices":[{"damage_healed":0.0,"max_hp_gain":0.0,"max_hp_loss":0.0,"gold_gain":0.0,"event_name":"WeMeetAgain","player_choice":"Gave Potion","floor":14.0,"gold_loss":0.0,"damage_taken":0.0,"relics_obtained":["Centennial Puzzle"]}],"is_beta":false,"boss_relics":[{"not_picked":["Honey Jar","Ring of the Serpent"],"picked":"hubris:VirtuousBlindfold"}],"items_purged_floors":[],"is_endless":false,"potions_floor_spawned":[1,4,7,10,20,22,30],"killed_by":"Collector","ascension_level":4}}