{"host":"x1qj4d8ympd5jdqh","time":1607852389,"event":{"mods":["AchievementEnabler","AlwaysNeverKeys","BaseMod","Colored Map","Custom Start","DeckTracker","Highlight Path","Minty Spire (QoL Compilation)","StSLib","SuperFastMode"],"gold_per_floor":[364,364,364,183,199,199,14,40,40,40,58,58,58,71,71,149,149,169,183,183,183],"floor_reached":20,"playtime":659,"items_purged":["Strike_G","Strike_G"],"score":348,"play_id":"9a859a12-9c8b-4027-843f-12f8a1bad395","local_time":"20201213183949","is_ascension_mode":true,"campfire_choices":[{"data":"Riddle With Holes","floor":6,"key":"SMITH"},{"data":"A Thousand Cuts","floor":10,"key":"SMITH"},{"floor":15,"key":"REST"}],"circlet_count":0,"master_deck":["AscendersBane","Strike_G","Strike_G","Strike_G","Defend_G","Defend_G","Defend_G","Defend_G","Defend_G","Survivor","Neutralize+1","Acrobatics","Dagger Throw","Riddle With Holes+1","A Thousand Cuts+1","Prepared","Burst","Reflex+1"],"relics":["Ring of the Snake","Shuriken","Sundial","Cursed Key"],"acts_visited":["Exordium","TheCity"],"potions_floor_usage":[8,12,16,20],"damage_taken":[{"damage":0,"enemies":"Small Slimes","floor":1,"turns":5},{"damage":0,"enemies":"Jaw Worm","floor":5,"turns":5},{"damage":24,"enemies":"Gremlin Nob","floor":8,"turns":4},{"damage":5,"enemies":"2 Louse","floor":11,"turns":3},{"damage":0,"enemies":"Exordium Thugs","floor":12,"turns":1},{"damage":10,"enemies":"Lots of Slimes","floor":14,"turns":3},{"damage":23,"enemies":"Slime Boss","floor":16,"turns":8},{"damage":34,"enemies":"Spheric Guardian","floor":18,"turns":6},{"damage":14,"enemies":"Shell Parasite","floor":19,"turns":8},{"damage":5,"enemies":"Snake Plant","floor":20,"turns":3}],"seed_played":"2656313578046126318","potions_obtained":[{"floor":1,"key":"Strength Potion"},{"floor":11,"key":"SmokeBomb"},{"floor":19,"key":"DuplicationPotion"}],"is_trial":false,"path_per_floor":["M","?","?","$","M","R","$","E","T","R","M","M","?","M","R","B",null,"M","M","M"],"character_chosen":"THE_SILENT","items_purchased":["Dagger Throw","AttackPotion","A Thousand Cuts"],"campfire_rested":1,"item_purchase_floors":[4,4,7],"current_hp_per_floor":[59,59,64,64,64,64,64,40,40,40,35,35,35,25,44,21,54,20,6,1,1],"gold":183,"neow_bonus":"TWO_FIFTY_GOLD","is_daily":false,"chose_seed":false,"campfire_upgraded":2,"win_rate":0.0,"timestamp":1607852389,"path_taken":["M","?","?","?","M","R","$","E","T","R","M","M","?","?","R","BOSS","M","M","M"],"items_purchased_type":["Card","Potion","Card"],"build_version":"2020-11-30","purchased_purges":2,"victory":false,"max_hp_per_floor":[60,60,65,65,65,65,65,65,65,65,65,65,65,65,65,65,65,65,65,65,65],"card_choices":[{"not_picked":["Bane","Prepared"],"picked":"Acrobatics","floor":1},{"not_picked":["Underhanded Strike","Deflect"],"picked":"Riddle With Holes","floor":5},{"not_picked":["Night Terror","Poisoned Stab","Deadly Poison"],"picked":"SKIP","floor":8},{"not_picked":["Deflect","Underhanded Strike","Blade Dance"],"picked":"SKIP","floor":11},{"not_picked":["Outmaneuver","Poisoned Stab"],"picked":"Prepared","floor":14},{"not_picked":["Phantasmal Killer","Venomology"],"picked":"Burst","floor":16},{"not_picked":["Bane","Distraction"],"picked":"Reflex+1","floor":18},{"not_picked":["Predator","Reflex+1","Dagger Spray"],"picked":"SKIP","floor":19}],"player_experience":1210490,"relics_obtained":[{"floor":8,"key":"Shuriken"},{"floor":9,"key":"Sundial"}],"event_choices":[{"damage_healed":0,"gold_gain":0,"player_choice":"Ignored","damage_taken":0,"max_hp_gain":0,"max_hp_loss":0,"event_name":"Liars Game","floor":2,"gold_loss":0},{"damage_healed":0,"gold_gain":0,"player_choice":"Donut","damage_taken":0,"max_hp_gain":5,"max_hp_loss":0,"event_name":"Big Fish","floor":3,"gold_loss":0},{"damage_healed":0,"gold_gain":0,"player_choice":"Forge","damage_taken":0,"max_hp_gain":0,"max_hp_loss":0,"event_name":"Accursed Blacksmith","floor":13,"gold_loss":0,"cards_upgraded":["Neutralize"]}],"is_beta":false,"boss_relics":[{"not_picked":["Ectoplasm","Ring of the Serpent"],"picked":"Cursed Key"}],"items_purged_floors":[4,7],"is_endless":false,"potions_floor_spawned":[1,11,12,19],"killed_by":"Snake Plant","ascension_level":20}}