{"host":"dl5mjdlimopbuch5","time":1607885702,"event":{"mods":["AchievementEnabler","BaseMod","Colored Powertips","Googly Eyes","Minty Spire (QoL Compilation)","Quick Restart"],"gold_per_floor":[117,117,192,211,20,55,55,55,136,156,181,194,205,219,219,319,319,332,347,357,376,376,399,399,410,410,420,420,453,152,0,0,0,0],"floor_reached":33,"playtime":823,"items_purged":[],"score":350,"play_id":"bf680932-ac6f-4b82-a4c9-02a880cd7393","local_time":"20201213185502","is_ascension_mode":true,"campfire_choices":[{"data":"Accuracy","floor":7.0,"key":"SMITH"},{"floor":15.0,"key":"REST"},{"floor":24.0,"key":"REST"},{"floor":28.0,"key":"REST"},{"floor":32.0,"key":"REST"}],"circlet_count":0,"master_deck":["Strike_G","Strike_G","Strike_G","Strike_G","Strike_G","Defend_G","Defend_G","Defend_G","Defend_G","Survivor","Neutralize","Blade Dance","Cloak And Dagger","Accuracy+1","Storm of Steel","Cloak And Dagger","Cloak And Dagger"],"relics":["Ring of the Snake","NeowsBlessing","Tiny Chest","Vajra","Bottled Tornado","Boot","SacredBark","Potion Belt","Torii","Paper Crane","Ninja Scroll"],"acts_visited":["Exordium","TheCity"],"potions_floor_usage":[33,33],"damage_taken":[{"damage":0.0,"enemies":"2 Louse","floor":1.0,"turns":1.0},{"damage":0.0,"enemies":"Jaw Worm","floor":4.0,"turns":1.0},{"damage":0.0,"enemies":"3 Sentries","floor":6.0,"turns":1.0},{"damage":0.0,"enemies":"Cultist","floor":10.0,"turns":2.0},{"damage":19.0,"enemies":"Lagavulin","floor":11.0,"turns":5.0},{"damage":0.0,"enemies":"Looter","floor":12.0,"turns":1.0},{"damage":0.0,"enemies":"2 Fungi Beasts","floor":13.0,"turns":3.0},{"damage":0.0,"enemies":"3 Louse","floor":14.0,"turns":1.0},{"damage":54.0,"enemies":"The Guardian","floor":16.0,"turns":10.0},{"damage":11.0,"enemies":"2 Thieves","floor":18.0,"turns":2.0},{"damage":8.0,"enemies":"Chosen","floor":19.0,"turns":3.0},{"damage":30.0,"enemies":"Shelled Parasite and Fungi","floor":20.0,"turns":4.0},{"damage":3.0,"enemies":"Centurion and Healer","floor":21.0,"turns":3.0},{"damage":27.0,"enemies":"Snake Plant","floor":25.0,"turns":5.0},{"damage":3.0,"enemies":"Snecko","floor":27.0,"turns":7.0},{"damage":1.0,"enemies":"Gremlin Leader","floor":29.0,"turns":6.0},{"damage":51,"enemies":"Automaton","floor":33,"turns":6}],"seed_played":"7846454253064633482","potions_obtained":[{"floor":4.0,"key":"Fire Potion"},{"floor":12.0,"key":"Fire Potion"},{"floor":13.0,"key":"AttackPotion"},{"floor":16.0,"key":"ColorlessPotion"},{"floor":21.0,"key":"SneckoOil"},{"floor":29.0,"key":"LiquidBronze"}],"is_trial":false,"path_per_floor":["M","?","?","M","$","E","R","?","T","M","E","M","M","M","R","B",null,"M","M","M","M","?","T","R","M","T","M","R","E","$","?","R","B"],"character_chosen":"THE_SILENT","items_purchased":["Accuracy","Tiny Chest","Ninja Scroll","Cloak And Dagger"],"campfire_rested":4,"item_purchase_floors":[5,5,30,30],"current_hp_per_floor":[70,70,59,59,59,59,59,59,59,59,40,40,40,40,61,7,70,59,51,21,18,18,18,39,12,12,9,30,29,29,29,50,0,0],"gold":0,"neow_bonus":"THREE_ENEMY_KILL","is_daily":false,"chose_seed":false,"campfire_upgraded":1,"win_rate":0.0,"timestamp":1607885702,"path_taken":["M","?","?","M","$","E","R","?","T","?","E","M","M","M","R","BOSS","M","M","M","M","?","?","R","M","T","M","R","E","$","?","R","BOSS"],"items_purchased_type":["Card","Relic","Relic","Card"],"build_version":"2020-11-30","purchased_purges":0,"victory":false,"max_hp_per_floor":[70,70,70,70,70,70,70,70,70,70,70,70,70,70,70,70,70,70,70,70,70,70,70,70,70,70,70,70,70,70,70,70,70,70],"card_choices":[{"not_picked":["Footwork","Predator"],"picked":"Blade Dance","floor":1.0},{"not_picked":["Concentrate","Skewer"],"picked":"Cloak And Dagger","floor":4.0},{"not_picked":["Flying Knee","Dodge and Roll","Bane"],"picked":"SKIP","floor":6.0},{"not_picked":["Flying Knee","Quick Slash","Eviscerate"],"picked":"SKIP","floor":10.0},{"not_picked":["Reflex","Dodge and Roll","After Image"],"picked":"SKIP","floor":11.0},{"not_picked":["Crippling Poison","Setup","Dagger Throw"],"picked":"SKIP","floor":12.0},{"not_picked":["Well Laid Plans","Sucker Punch","Terror"],"picked":"SKIP","floor":13.0},{"not_picked":["Bane","Caltrops","Acrobatics"],"picked":"SKIP","floor":14.0},{"not_picked":["After Image","Night Terror"],"picked":"Storm of Steel","floor":16.0},{"not_picked":["Backflip","Heel Hook+1","Flechettes"],"picked":"SKIP","floor":18.0},{"not_picked":["Dagger Spray","Deflect","Crippling Poison"],"picked":"SKIP","floor":19.0},{"not_picked":["Flying Knee","Terror","Sucker Punch+1"],"picked":"SKIP","floor":20.0},{"not_picked":["Underhanded Strike+1","Endless Agony+1","Bullet Time"],"picked":"SKIP","floor":21.0},{"not_picked":["Dagger Spray","Bouncing Flask","Riddle With Holes"],"picked":"SKIP","floor":25.0},{"not_picked":["Prepared+1","Acrobatics","Dodge and Roll"],"picked":"SKIP","floor":27.0},{"not_picked":["Dash","Riddle With Holes+1"],"picked":"Cloak And Dagger","floor":29.0}],"player_experience":214195,"relics_obtained":[{"floor":6.0,"key":"Vajra"},{"floor":9.0,"key":"Bottled Tornado"},{"floor":11.0,"key":"Boot"},{"floor":23.0,"key":"Potion Belt"},{"floor":26.0,"key":"Torii"},{"floor":29.0,"key":"Paper Crane"}],"event_choices":[{"damage_healed":0.0,"max_hp_gain":0.0,"max_hp_loss":0.0,"gold_gain":0.0,"event_name":"Golden Wing","player_choice":"Ignored","floor":2.0,"gold_loss":0.0,"damage_taken":0.0},{"damage_healed":0.0,"max_hp_gain":0.0,"max_hp_loss":0.0,"gold_gain":75.0,"event_name":"World of Goop","player_choice":"Gather Gold","floor":3.0,"gold_loss":0.0,"damage_taken":11.0},{"cards_removed":["Defend_G"],"damage_healed":0.0,"max_hp_gain":0.0,"max_hp_loss":0.0,"gold_gain":0.0,"event_name":"Bonfire Elementals","player_choice":"Offered Basic","floor":8.0,"gold_loss":0.0,"damage_taken":0.0},{"damage_healed":0.0,"max_hp_gain":0.0,"max_hp_loss":0.0,"gold_gain":0.0,"event_name":"Beggar","player_choice":"Ignored","floor":22.0,"gold_loss":0.0,"damage_taken":0.0},{"damage_healed":0.0,"max_hp_gain":0.0,"max_hp_loss":0.0,"gold_gain":0.0,"event_name":"Masked Bandits","player_choice":"Paid Fearfully","floor":31.0,"gold_loss":152.0,"damage_taken":0.0}],"is_beta":false,"boss_relics":[{"not_picked":["Fusion Hammer","Pandora\u0027s Box"],"picked":"SacredBark"}],"items_purged_floors":[],"is_endless":false,"potions_floor_spawned":[4,12,13,16,21,29],"killed_by":"Automaton","ascension_level":3}}