{"host":"danq4vzudt77osor","time":1607837869,"event":{"mods":["BaseMod","Colored Map","Custom Start","Minty Spire (QoL Compilation)","StSLib","SuperFastMode"],"gold_per_floor":[109,119,119,119,119,149,178,178,178,178,178,205,205,238,238,316,316,329,91,91,139,139,169,169,197,209,121,121,121,121,147,147,218,218,237,1236,1236,938,1287,1287,1320,1320,1320,394,427,452,452,487,487,487,487,487,487,34,69,69],"floor_reached":57,"playtime":1708,"items_purged":["Strike_R","Strike_R","Normality","Normality","Bludgeon+1"],"score":3901,"play_id":"e2eabc25-2304-4b6f-bd52-7a3321fdbf59","local_time":"20201213143749","daily_mods":["Flight"],"is_ascension_mode":true,"campfire_choices":[{"data":"Omniscience","floor":8.0,"key":"SMITH"},{"data":"Second Wind","floor":10.0,"key":"SMITH"},{"data":"Offering","floor":15.0,"key":"SMITH"},{"data":"Fasting2","floor":24,"key":"SMITH"},{"data":"Night Terror","floor":28,"key":"SMITH"},{"data":"Barricade","floor":30,"key":"SMITH"},{"data":"Echo Form","floor":32,"key":"SMITH"},{"floor":40,"key":"RECALL"},{"data":"Shrug It Off","floor":47,"key":"SMITH"},{"data":"Wild Strike","floor":49,"key":"SMITH"},{"floor":53,"key":"REST"}],"circlet_count":0,"master_deck":["Miracle+1","Insight+1","Master of Strategy+1","DevaForm+1","Fasting2+1","Omniscience+1","Night Terror+1","Adrenaline+1","Shrug It Off+1","Echo Form+1","Body Slam+1","Second Wind+1","Offering+1","Barricade+1","Wild Strike+1","Dark Embrace+1"],"relics":["Burning Blood","Juzu Bracelet","Black Star","Bag of Preparation","Pear","Champion Belt","Darkstone Periapt","Akabeko","Blue Candle","Tiny Chest","Nunchaku","Strawberry","Pen Nib","Bottled Tornado","Runic Pyramid","ClockworkSouvenir","Enchiridion","Pantograph","Torii","Happy Flower","MawBank","Charon\u0027s Ashes","MealTicket","Bird Faced Urn","Sozu","Paper Frog","TheAbacus","Old Coin","Molten Egg 2","Singing Bowl","InkBottle","Eternal Feather","OrangePellets","TungstenRod","Self Forming Clay","Lizard Tail","Mummified Hand","Omamori","Bag of Marbles","Vajra","Question Card","Kunai","Art of War","Oddly Smooth Stone"],"acts_visited":["Exordium","TheCity","TheBeyond","TheEnding"],"potions_floor_usage":[23,56],"damage_taken":[{"damage":0.0,"enemies":"Small Slimes","floor":1.0,"turns":2.0},{"damage":0.0,"enemies":"Cultist","floor":2.0,"turns":2.0},{"damage":2.0,"enemies":"3 Sentries","floor":6.0,"turns":5.0},{"damage":0.0,"enemies":"Gremlin Nob","floor":7.0,"turns":2.0},{"damage":0.0,"enemies":"3 Sentries","floor":12.0,"turns":2.0},{"damage":0.0,"enemies":"Lagavulin","floor":14.0,"turns":4.0},{"damage":19.0,"enemies":"The Guardian","floor":16.0,"turns":7.0},{"damage":26.0,"enemies":"3 Byrds","floor":18.0,"turns":4.0},{"damage":8,"enemies":"Book of Stabbing","floor":23,"turns":3},{"damage":12,"enemies":"Slavers","floor":25,"turns":4},{"damage":6,"enemies":"Book of Stabbing","floor":31,"turns":2},{"damage":6,"enemies":"Automaton","floor":33,"turns":5},{"damage":0,"enemies":"3 Shapes","floor":35,"turns":2},{"damage":7,"enemies":"2 Orb Walkers","floor":39,"turns":3},{"damage":27,"enemies":"Reptomancer","floor":41,"turns":3},{"damage":0,"enemies":"Nemesis","floor":45,"turns":3},{"damage":5,"enemies":"Reptomancer","floor":46,"turns":2},{"damage":0,"enemies":"Giant Head","floor":48,"turns":2},{"damage":0,"enemies":"Awakened One","floor":50,"turns":3},{"damage":0,"enemies":"Donu and Deca","floor":51,"turns":2},{"damage":0,"enemies":"Shield and Spear","floor":55,"turns":2},{"damage":16,"enemies":"The Heart","floor":56,"turns":4}],"seed_played":"1147600383470418721","potions_obtained":[{"floor":1.0,"key":"Energy Potion"},{"floor":2.0,"key":"Strength Potion"},{"floor":16.0,"key":"Block Potion"},{"floor":25,"key":"ElixirPotion"}],"is_trial":true,"path_per_floor":["M","M","?","?","?","E","E","R","T","R","?","E","?","E","R","B",null,"M","$","?","T","?","E","R","E","T","$","R","?","R","E","R","B",null,"M","?","T","$","?","R","E","?","T","$","E","E","R","E","R","B","B",null,"R","$","E","B",null],"character_chosen":"IRONCLAD","items_purchased":["ClockworkSouvenir","TheAbacus","OrangePellets","TungstenRod","Self Forming Clay","Kunai"],"campfire_rested":1,"item_purchase_floors":[19,38,44,44,44,54],"current_hp_per_floor":[74,75,75,59,59,63,69,69,69,69,43,56,56,62,62,49,81,61,61,61,61,40,38,38,32,32,32,32,32,32,32,32,71,87,92,104,104,104,104,104,91,91,91,106,108,110,110,112,112,112,112,112,112,112,114,114],"gold":69,"neow_bonus":"","is_daily":false,"chose_seed":false,"campfire_upgraded":9,"win_rate":0.0,"timestamp":1607837869,"path_taken":["M","M","?","?","?","E","E","R","T","R","?","E","?","E","R","BOSS","M","$","?","?","?","E","R","E","T","$","R","?","R","E","R","BOSS","M","?","?","$","?","R","E","?","T","$","E","E","R","E","R","BOSS","BOSS","R","$","E","BOSS"],"items_purchased_type":["Relic","Relic","Relic","Relic","Relic","Relic"],"build_version":"2020-11-30","purchased_purges":5,"victory":true,"max_hp_per_floor":[75,75,75,85,85,85,85,85,85,85,85,92,92,92,92,92,92,92,92,92,92,92,92,92,92,92,92,92,92,92,92,92,92,92,92,104,104,104,104,104,106,106,106,106,108,110,110,112,112,112,112,112,112,112,114,114],"card_choices":[{"not_picked":["Rage","Searing Blow","Burning Pact"],"picked":"SKIP","floor":1.0},{"not_picked":["Clothesline","Battle Trance"],"picked":"Body Slam","floor":2.0},{"not_picked":["Sword Boomerang","Anger","Body Slam"],"picked":"SKIP","floor":6.0},{"not_picked":["Searing Blow","Perfected Strike"],"picked":"Second Wind","floor":7.0},{"not_picked":["Havoc","Clothesline","Sword Boomerang"],"picked":"SKIP","floor":12.0},{"not_picked":["Spot Weakness","Heavy Blade"],"picked":"Offering","floor":14.0},{"not_picked":["Reaper","Demon Form"],"picked":"Barricade","floor":16.0},{"not_picked":["Warcry","Iron Wave","Inflame"],"picked":"SKIP","floor":18.0},{"not_picked":["Feel No Pain","Rage","Sword Boomerang"],"picked":"SKIP","floor":23},{"not_picked":["Exhume","Pommel Strike","Iron Wave"],"picked":"SKIP","floor":25},{"not_picked":["Anger","Iron Wave+1","Dark Embrace+1"],"picked":"SKIP","floor":31},{"not_picked":["Anger","Iron Wave+1"],"picked":"Dark Embrace+1","floor":31},{"not_picked":["Cleave+1","Flex+1","Searing Blow+1"],"picked":"SKIP","floor":35},{"not_picked":["Havoc","Shrug It Off+1","True Grit+1"],"picked":"Singing Bowl","floor":41},{"not_picked":["Body Slam+1","Entrench","Havoc+1"],"picked":"Singing Bowl","floor":45},{"not_picked":["Warcry","Rage+1","Inflame"],"picked":"Singing Bowl","floor":46},{"not_picked":["Cleave+1","Dual Wield","Sword Boomerang+1"],"picked":"Singing Bowl","floor":48},{"not_picked":["Combust","Feel No Pain","Intimidate","Twin Strike+1"],"picked":"Singing Bowl","floor":55}],"player_experience":1657938,"relics_obtained":[{"floor":6.0,"key":"Champion Belt"},{"floor":6.0,"key":"Darkstone Periapt"},{"floor":7.0,"key":"Akabeko"},{"floor":7.0,"key":"Blue Candle"},{"floor":9.0,"key":"Tiny Chest"},{"floor":12.0,"key":"Nunchaku"},{"floor":12.0,"key":"Strawberry"},{"floor":14.0,"key":"Pen Nib"},{"floor":14.0,"key":"Bottled Tornado"},{"floor":22,"key":"Enchiridion"},{"floor":23,"key":"Pantograph"},{"floor":23,"key":"Torii"},{"floor":25,"key":"Happy Flower"},{"floor":25,"key":"MawBank"},{"floor":26,"key":"Charon\u0027s Ashes"},{"floor":31,"key":"MealTicket"},{"floor":31,"key":"Bird Faced Urn"},{"floor":37,"key":"Paper Frog"},{"floor":39,"key":"Old Coin"},{"floor":41,"key":"Molten Egg 2"},{"floor":41,"key":"Singing Bowl"},{"floor":43,"key":"Eternal Feather"},{"floor":45,"key":"Lizard Tail"},{"floor":45,"key":"Mummified Hand"},{"floor":46,"key":"Omamori"},{"floor":46,"key":"Bag of Marbles"},{"floor":48,"key":"Vajra"},{"floor":48,"key":"Question Card"},{"floor":55,"key":"Art of War"},{"floor":55,"key":"Oddly Smooth Stone"}],"event_choices":[{"damage_healed":0.0,"max_hp_gain":0.0,"max_hp_loss":0.0,"gold_gain":0.0,"event_name":"Liars Game","player_choice":"Ignored","floor":3.0,"gold_loss":0.0,"damage_taken":0.0},{"damage_healed":0.0,"max_hp_gain":0.0,"max_hp_loss":0.0,"gold_gain":0.0,"event_name":"Scrap Ooze","player_choice":"Success","floor":4.0,"gold_loss":0.0,"damage_taken":26.0,"relics_obtained":["Pear"]},{"damage_healed":0.0,"max_hp_gain":0.0,"max_hp_loss":0.0,"gold_gain":0.0,"event_name":"Living Wall","player_choice":"Grow","floor":5.0,"gold_loss":0.0,"damage_taken":0.0,"cards_upgraded":["Bludgeon"]},{"damage_healed":0.0,"max_hp_gain":0.0,"max_hp_loss":0.0,"gold_gain":0.0,"event_name":"Shining Light","player_choice":"Entered Light","floor":11.0,"gold_loss":0.0,"damage_taken":26.0,"cards_upgraded":["Master of Strategy","DevaForm"]},{"damage_healed":0.0,"max_hp_gain":0.0,"max_hp_loss":0.0,"gold_gain":0.0,"event_name":"Upgrade Shrine","player_choice":"Upgraded","floor":13.0,"gold_loss":0.0,"damage_taken":0.0,"cards_upgraded":["Body Slam"]},{"damage_healed":0.0,"max_hp_gain":0.0,"max_hp_loss":0.0,"gold_gain":0.0,"event_name":"Match and Keep!","player_choice":"0 cards matched","floor":20.0,"gold_loss":0.0,"damage_taken":0.0,"cards_obtained":[]},{"damage_healed":0,"gold_gain":0,"player_choice":"Obtained Book","damage_taken":21,"max_hp_gain":0,"max_hp_loss":0,"event_name":"Cursed Tome","floor":22,"gold_loss":0},{"damage_healed":0,"gold_gain":0,"cards_transformed":["Defend_R","Defend_R"],"player_choice":"Became Test Subject","damage_taken":0,"max_hp_gain":0,"max_hp_loss":0,"event_name":"Drug Dealer","floor":29,"gold_loss":0,"cards_obtained":["Carnage","Wild Strike"]},{"damage_healed":0,"gold_gain":999,"player_choice":"Gold","damage_taken":0,"max_hp_gain":0,"max_hp_loss":0,"event_name":"MindBloom","floor":36,"gold_loss":0,"cards_obtained":["Normality","Normality"]},{"damage_healed":0,"gold_gain":0,"player_choice":"Fight","damage_taken":0,"max_hp_gain":0,"max_hp_loss":0,"event_name":"Mysterious Sphere","floor":39,"gold_loss":0},{"cards_removed":["Carnage"],"damage_healed":0,"gold_gain":0,"player_choice":"Gave Card","damage_taken":0,"relics_obtained":["InkBottle"],"max_hp_gain":0,"max_hp_loss":0,"event_name":"WeMeetAgain","floor":42,"gold_loss":0}],"is_beta":false,"boss_relics":[{"not_picked":["Snecko Eye","Tiny House"],"picked":"Runic Pyramid"},{"not_picked":["SlaversCollar","Runic Cube"],"picked":"Sozu"}],"items_purged_floors":[19,27,38,44,54],"is_endless":false,"potions_floor_spawned":[1,2,16,25,33,39,45,46,48],"ascension_level":20}}