{"host":"kh6fvhxn285ncg0o","time":1607849624,"event":{"mods":["Act Like it!","BaseMod","Colored Map","Friendly Minions","Keyboard Shortcuts","Minty Spire (QoL Compilation)","Quick Restart","Relic Stats","StSLib","SuperFastMode"],"gold_per_floor":[113,38,38,55,205,230,257,257,257,275,4,17,42,58,58,136,136,150,200,211,84,9,9,41,41,41,52,52,52,91,105,105,190,190,215,140,155,155,155],"floor_reached":38,"playtime":1142,"items_purged":["Strike_R"],"score":969,"play_id":"52d5b631-3419-4623-8a3c-20cd31187eec","local_time":"20201213175344","is_ascension_mode":true,"campfire_choices":[{"data":"Armaments","floor":15.0,"key":"SMITH"},{"data":"Battle Trance","floor":23.0,"key":"SMITH"},{"floor":25.0,"key":"REST"},{"data":"Juggernaut","floor":32.0,"key":"SMITH"}],"circlet_count":0,"master_deck":["AscendersBane","Strike_R","Defend_R","Defend_R","Defend_R","Defend_R","Bash+1","Battle Trance+1","Armaments+1","Seeing Red","Blood for Blood","Combust","Shockwave","Evolve","Barricade","Brutality","Impervious","Entrench","Juggernaut+1","Offering","Body Slam+1"],"relics":["Burning Blood","NeowsBlessing","Kunai","Odd Mushroom","The Courier","Medical Kit","MealTicket","Sozu","Oddly Smooth Stone","Letter Opener","Charon\u0027s Ashes","CeramicFish","Runic Dome"],"acts_visited":["Exordium","TheCity","TheBeyond"],"potions_floor_usage":[33,33],"damage_taken":[{"damage":0.0,"enemies":"Small Slimes","floor":1.0,"turns":1.0},{"damage":0.0,"enemies":"Cultist","floor":4.0,"turns":1.0},{"damage":0.0,"enemies":"3 Sentries","floor":6.0,"turns":2.0},{"damage":38.0,"enemies":"The Mushroom Lair","floor":7.0,"turns":7.0},{"damage":3.0,"enemies":"2 Louse","floor":10.0,"turns":4.0},{"damage":2.0,"enemies":"Large Slime","floor":12.0,"turns":3.0},{"damage":28.0,"enemies":"Gremlin Nob","floor":13.0,"turns":4.0},{"damage":7.0,"enemies":"Red Slaver","floor":14.0,"turns":3.0},{"damage":17.0,"enemies":"Hexaghost","floor":16.0,"turns":7.0},{"damage":9.0,"enemies":"Chosen","floor":18.0,"turns":4.0},{"damage":15.0,"enemies":"Spheric Guardian","floor":20.0,"turns":4.0},{"damage":32.0,"enemies":"Book of Stabbing","floor":24.0,"turns":5.0},{"damage":7.0,"enemies":"Centurion and Healer","floor":27.0,"turns":5.0},{"damage":9.0,"enemies":"Gremlin Leader","floor":30.0,"turns":7.0},{"damage":23.0,"enemies":"3 Cultists","floor":31.0,"turns":5.0},{"damage":7,"enemies":"Champ","floor":33,"turns":19},{"damage":50,"enemies":"3 Darklings","floor":35,"turns":4},{"damage":6,"enemies":"Orb Walker","floor":37,"turns":3},{"damage":25,"enemies":"3 Darklings","floor":38,"turns":3}],"seed_played":"-7835516406214739983","potions_obtained":[{"floor":4.0,"key":"Dexterity Potion"},{"floor":10.0,"key":"SpeedPotion"},{"floor":12.0,"key":"SteroidPotion"},{"floor":13.0,"key":"PowerPotion"},{"floor":16.0,"key":"GamblersBrew"}],"is_trial":false,"path_per_floor":["M","?","?","M","?","E","?","?","T","M","$","M","E","M","R","B",null,"M","?","M","$","?","R","E","R","T","M","T","$","E","M","R","B",null,"M","?","M","M"],"character_chosen":"IRONCLAD","items_purchased":["Medical Kit","Blood for Blood","Combust","Entrench"],"campfire_rested":1,"item_purchase_floors":[11,11,11,21],"current_hp_per_floor":[74,74,74,75,75,75,43,43,43,46,46,50,28,27,27,16,60,57,50,41,56,56,56,30,52,52,51,51,66,63,46,46,45,68,24,24,24,0,0],"gold":155,"neow_bonus":"THREE_ENEMY_KILL","is_daily":false,"chose_seed":false,"campfire_upgraded":3,"win_rate":0.0,"timestamp":1607849624,"path_taken":["M","?","?","?","?","E","?","?","T","M","$","?","E","?","R","BOSS","M","?","?","$","?","R","E","R","T","M","?","?","E","M","R","BOSS","M","?","M","?"],"items_purchased_type":["Relic","Card","Card","Card"],"build_version":"2020-11-30","purchased_purges":1,"victory":false,"max_hp_per_floor":[75,75,75,75,75,75,75,75,75,75,75,75,75,75,75,75,75,75,75,75,75,75,75,75,75,75,75,75,75,75,75,75,75,75,75,75,75,75,75],"relic_stats":{"Sozu":1,"counters":[19,91],"CeramicFish":27,"MealTicket":30,"Charon\u0027s Ashes":[150],"Kunai":[13],"Letter Opener":[115],"Medical Kit":[5],"obtain_stats":[{"NeowsBlessing":0,"CeramicFish":30,"Oddly Smooth Stone":24,"The Courier":9,"Charon\u0027s Ashes":28,"Letter Opener":26,"Odd Mushroom":7,"Medical Kit":11,"Burning Blood":0,"Sozu":17,"Runic Dome":34,"MealTicket":13,"Kunai":6},{"NeowsBlessing":0,"CeramicFish":14,"Oddly Smooth Stone":12,"The Courier":4,"Charon\u0027s Ashes":13,"Letter Opener":12,"Odd Mushroom":4,"Medical Kit":5,"Burning Blood":0,"Sozu":9,"Runic Dome":16,"MealTicket":7,"Kunai":3},{"NeowsBlessing":0,"CeramicFish":57,"Oddly Smooth Stone":45,"The Courier":11,"Charon\u0027s Ashes":50,"Letter Opener":45,"Odd Mushroom":11,"Medical Kit":15,"Burning Blood":0,"Sozu":32,"Runic Dome":81,"MealTicket":22,"Kunai":4}],"Burning Blood":97},"card_choices":[{"not_picked":["Flex","Clothesline"],"picked":"Battle Trance","floor":1.0},{"not_picked":["Blood for Blood","Rampage","Warcry"],"picked":"SKIP","floor":6.0},{"not_picked":["Twin Strike","Pommel Strike"],"picked":"Armaments","floor":7.0},{"not_picked":["Warcry","Burning Pact"],"picked":"Seeing Red","floor":10.0},{"not_picked":["Sentinel","Clothesline"],"picked":"Shockwave","floor":12.0},{"not_picked":["Clothesline","Sword Boomerang"],"picked":"Evolve","floor":13.0},{"not_picked":["Carnage","Combust"],"picked":"Barricade","floor":14.0},{"not_picked":["Limit Break","Barricade"],"picked":"Brutality","floor":16.0},{"not_picked":["Twin Strike","Perfected Strike","Heavy Blade"],"picked":"SKIP","floor":18.0},{"not_picked":["Sever Soul","Anger+1"],"picked":"Impervious","floor":20.0},{"not_picked":["Sever Soul","Wild Strike","Inflame"],"picked":"SKIP","floor":24.0},{"not_picked":["Warcry","Flex","Armaments+1"],"picked":"SKIP","floor":27.0},{"not_picked":["Intimidate","Iron Wave"],"picked":"Juggernaut","floor":30.0},{"not_picked":["Perfected Strike","Twin Strike","Heavy Blade"],"picked":"SKIP","floor":31.0},{"not_picked":["Fiend Fire","Reaper"],"picked":"Offering","floor":33},{"not_picked":["Pommel Strike+1","Flame Barrier"],"picked":"Body Slam+1","floor":35},{"not_picked":["Perfected Strike","Heavy Blade+1","Headbutt"],"picked":"SKIP","floor":37}],"player_experience":3144135,"relics_obtained":[{"floor":6.0,"key":"Kunai"},{"floor":7.0,"key":"Odd Mushroom"},{"floor":9.0,"key":"The Courier"},{"floor":13.0,"key":"MealTicket"},{"floor":24.0,"key":"Oddly Smooth Stone"},{"floor":26.0,"key":"Letter Opener"},{"floor":28.0,"key":"Charon\u0027s Ashes"},{"floor":30.0,"key":"CeramicFish"}],"event_choices":[{"cards_removed":["Strike_R"],"damage_healed":0.0,"max_hp_gain":0.0,"max_hp_loss":0.0,"gold_gain":0.0,"event_name":"The Cleric","player_choice":"Card Removal","floor":2.0,"gold_loss":75.0,"damage_taken":0.0},{"damage_healed":0.0,"max_hp_gain":0.0,"max_hp_loss":0.0,"gold_gain":0.0,"event_name":"Upgrade Shrine","player_choice":"Upgraded","floor":3.0,"gold_loss":0.0,"damage_taken":0.0,"cards_upgraded":["Bash"]},{"damage_healed":0.0,"max_hp_gain":0.0,"max_hp_loss":0.0,"gold_gain":150.0,"event_name":"Liars Game","player_choice":"AGREE","floor":5.0,"gold_loss":0.0,"damage_taken":0.0,"cards_obtained":["Doubt"]},{"damage_healed":0.0,"max_hp_gain":0.0,"max_hp_loss":0.0,"gold_gain":0.0,"event_name":"Mushrooms","player_choice":"Fought Mushrooms","floor":7.0,"gold_loss":0.0,"damage_taken":0.0},{"cards_removed":["Doubt"],"damage_healed":0.0,"max_hp_gain":0.0,"max_hp_loss":0.0,"gold_gain":0.0,"event_name":"Fountain of Cleansing","player_choice":"Removed Curses","floor":8.0,"gold_loss":0.0,"damage_taken":0.0},{"damage_healed":0.0,"max_hp_gain":0.0,"max_hp_loss":0.0,"gold_gain":50.0,"event_name":"FaceTrader","player_choice":"Touch","floor":19.0,"gold_loss":0.0,"damage_taken":7.0},{"cards_removed":["Strike_R"],"damage_healed":0.0,"max_hp_gain":0.0,"max_hp_loss":0.0,"gold_gain":0.0,"event_name":"Beggar","player_choice":"Gave Gold","floor":22.0,"gold_loss":75.0,"damage_taken":0.0},{"cards_removed":["Strike_R"],"damage_healed":0,"gold_gain":0,"player_choice":"Single Remove","damage_taken":0,"max_hp_gain":0,"max_hp_loss":0,"event_name":"Designer","floor":36,"gold_loss":75}],"is_beta":false,"boss_relics":[{"not_picked":["Fusion Hammer","Runic Pyramid"],"picked":"Sozu"},{"not_picked":["Snecko Eye","SlaversCollar"],"picked":"Runic Dome"}],"items_purged_floors":[21],"is_endless":false,"potions_floor_spawned":[4,10,12,13,16,18,27,35],"killed_by":"3 Darklings","ascension_level":20}}