{"host":"9kesdg97wkrx2bva","time":1607857972,"event":{"mods":["AchievementEnabler","BaseMod","Colored Map","GifTheSpireLib","Infinite Spire","Minty Spire (QoL Compilation)","Replay The Spire","StSLib"],"gold_per_floor":[109,109,109,119,44,76,76,103,126,126,143,143,158,173,173,247,247,261,261,171,155,173,173,173,173],"floor_reached":24,"playtime":1017,"items_purged":["Strike_G"],"score":393,"play_id":"13aba9e1-4f61-4ae4-8268-befec267cbbf","local_time":"20201213051252","is_ascension_mode":true,"campfire_choices":[{"data":"ReplayTheSpireMod:Speed Training","floor":7,"key":"SMITH"},{"data":"Dagger Throw","floor":10,"key":"SMITH"},{"data":"Fluid Movement","floor":12,"key":"SMITH"},{"data":"Survivor","floor":15,"key":"SMITH"},{"data":"Fluid Movement","floor":23,"key":"SMITH"}],"circlet_count":0,"master_deck":["AscendersBane","Strike_G+1","Strike_G+1","Strike_G+1","Strike_G+1","Defend_G+1","Defend_G+1","Defend_G+1","Defend_G+1","Survivor+1","Neutralize","ReplayTheSpireMod:Speed Training+1","Dagger Throw+1","Fluid Movement+1","Prepared","Underhanded Strike+1","Fluid Movement+1","Bullet Time","Dagger Throw","Riddle With Holes","Deadly Poison"],"relics":["Ring of the Snake","NeowsBlessing","ReplayFunnel","Nunchaku","Anchor","Philosopher\u0027s Stone"],"acts_visited":["Exordium","TheCity"],"potions_floor_usage":[16,16,22],"damage_taken":[{"damage":0,"enemies":"2 Louse","floor":1,"turns":1},{"damage":0,"enemies":"Cultist","floor":4,"turns":1},{"damage":0,"enemies":"Gremlin Nob","floor":6,"turns":1},{"damage":16,"enemies":"3 Sentries","floor":8,"turns":18},{"damage":0,"enemies":"Jaw Worm","floor":11,"turns":4},{"damage":2,"enemies":"Large Slime","floor":13,"turns":6},{"damage":0,"enemies":"Exordium Wildlife","floor":14,"turns":6},{"damage":19,"enemies":"Fading Forest","floor":16,"turns":11},{"damage":16,"enemies":"Spheric Guardian","floor":18,"turns":11},{"damage":7,"enemies":"2 Thieves","floor":21,"turns":4},{"damage":6,"enemies":"Snecko","floor":22,"turns":5},{"damage":36,"enemies":"Snake Plant","floor":24,"turns":4}],"seed_played":"3431346425775185698","potions_obtained":[{"floor":4,"key":"Energy Potion"},{"floor":14,"key":"Toxic Potion"},{"floor":18,"key":"LiquidBronze"},{"floor":21,"key":"DuplicationPotion"}],"is_trial":false,"path_per_floor":["M","?","?","M","$","E","R","E","T","R","M","R","M","M","R","B",null,"M","?","?","M","M","R","M"],"character_chosen":"THE_SILENT","items_purchased":[],"campfire_rested":0,"item_purchase_floors":[],"current_hp_per_floor":[59,64,64,64,64,64,64,48,48,48,48,48,46,46,46,27,60,44,44,44,37,31,31,0,0],"gold":173,"neow_bonus":"THREE_ENEMY_KILL","is_daily":false,"chose_seed":false,"campfire_upgraded":5,"win_rate":0.0,"timestamp":1607857972,"path_taken":["M","?","?","M","$","E","R","E","T","R","M","R","?","M","R","BOSS","M","?","?","M","?","R","M"],"items_purchased_type":[],"build_version":"2020-11-30","purchased_purges":1,"victory":false,"max_hp_per_floor":[66,71,71,71,71,71,71,71,71,71,71,71,71,71,71,71,71,71,71,71,71,71,71,71,71],"card_choices":[{"not_picked":["Slice","Cloak And Dagger"],"picked":"ReplayTheSpireMod:Speed Training","floor":1},{"not_picked":["Reflex","Cloak And Dagger"],"picked":"Dagger Throw","floor":4},{"not_picked":["PiercingWail","Flying Knee"],"picked":"Fluid Movement","floor":6},{"not_picked":["Deflect","ReplayTheSpireMod:Shiv Toss"],"picked":"Prepared","floor":8},{"not_picked":["Doppelganger","Endless Agony","Setup"],"picked":"SKIP","floor":11},{"not_picked":["Fluid Movement","Deflect"],"picked":"Underhanded Strike","floor":13},{"not_picked":["Sneak Up","Acrobatics"],"picked":"Fluid Movement","floor":14},{"not_picked":["Atom Bomb","Grand Finale"],"picked":"Bullet Time","floor":16},{"not_picked":["Leg Sweep","Blade Dance"],"picked":"Dagger Throw","floor":18},{"not_picked":["Acrobatics","Concentrate"],"picked":"Riddle With Holes","floor":21},{"not_picked":["Poisoned Stab","Leg Sweep"],"picked":"Deadly Poison","floor":22}],"player_experience":887889,"relics_obtained":[{"floor":6,"key":"ReplayFunnel"},{"floor":8,"key":"Nunchaku"},{"floor":9,"key":"Anchor"}],"event_choices":[{"damage_healed":0,"gold_gain":0,"player_choice":"Donut","damage_taken":0,"max_hp_gain":5,"max_hp_loss":0,"event_name":"Big Fish","floor":2,"gold_loss":0},{"damage_healed":0,"gold_gain":0,"player_choice":"Bought 0 Potions","damage_taken":0,"max_hp_gain":0,"max_hp_loss":0,"event_name":"The Woman in Blue","floor":3,"gold_loss":0},{"damage_healed":0,"gold_gain":0,"player_choice":"Simplicity","damage_taken":0,"max_hp_gain":0,"max_hp_loss":0,"event_name":"Back to Basics","floor":19,"gold_loss":0,"cards_upgraded":["Strike_G","Strike_G","Strike_G","Strike_G","Defend_G","Defend_G","Defend_G","Defend_G","Defend_G"]},{"cards_removed":["Defend_G"],"damage_healed":0,"gold_gain":0,"player_choice":"Upgrade and Remove","damage_taken":0,"max_hp_gain":0,"max_hp_loss":0,"event_name":"Designer","floor":20,"gold_loss":90,"cards_upgraded":["Underhanded Strike"]}],"is_beta":false,"boss_relics":[{"not_picked":["infinitespire:Cupcake","Runic Pyramid"],"picked":"Philosopher\u0027s Stone"}],"items_purged_floors":[5],"is_endless":false,"potions_floor_spawned":[4,14,18,21],"killed_by":"Snake Plant","ascension_level":14}}