{"host":"csaqw07vjsqfysdp","time":1607883550,"event":{"mods":["AchievementEnabler","BaseMod","Colored Powertips","Googly Eyes","Minty Spire (QoL Compilation)","Permanent Neow","Quick Restart","StSLib","Unceasing Turn Reminder"],"gold_per_floor":[118,135,135,146,146,173,173,202,229,229,249,274,285,17,17,117,117,132,132,132,57,57,88,88,113,137,137,137,170,21,38,38,137,137,147,197,197,214,233,262,262,297,351,351,351,351,28,44,44,44],"floor_reached":51,"playtime":2542,"items_purged":["Strike_G","Grand Finale"],"score":922,"play_id":"3db75374-11bf-44b9-ac14-f6a860baccae","local_time":"20201213131910","is_ascension_mode":true,"campfire_choices":[{"data":"Crippling Poison","floor":7,"key":"SMITH"},{"floor":15,"key":"REST"},{"floor":24,"key":"REST"},{"data":"Crippling Poison","floor":27,"key":"SMITH"},{"floor":32,"key":"REST"},{"floor":41,"key":"REST"},{"floor":44,"key":"REST"},{"floor":49,"key":"REST"}],"circlet_count":0,"master_deck":["Strike_G+1","Defend_G","Defend_G","Defend_G","Defend_G","Defend_G","Survivor","Neutralize+1","Noxious Fumes","Leg Sweep+1","Crippling Poison+1","Calculated Gamble+1","Dagger Throw","Crippling Poison+1","Poisoned Stab","Poisoned Stab","After Image","Predator","Skewer+1","Deadly Poison","Heel Hook","Poisoned Stab+1","After Image","Tactician+1","Footwork+1","After Image","The Bomb","Noxious Fumes","PiercingWail"],"relics":["HoveringKite","Juzu Bracelet","Omamori","Happy Flower","Whetstone","TwistedFunnel","Calling Bell","Potion Belt","StrikeDummy","Incense Burner","Enchiridion","TungstenRod","Lantern","Bronze Scales","Boot","Shuriken","Medical Kit","Snecko Eye","CaptainsWheel","Bag of Preparation","Bottled Flame","PreservedInsect","Frozen Eye"],"acts_visited":["Exordium","TheCity","TheBeyond"],"potions_floor_usage":[40,40,40,40,50,50,50,50,50],"damage_taken":[{"damage":2,"enemies":"2 Louse","floor":1,"turns":4},{"damage":0,"enemies":"Cultist","floor":2,"turns":5},{"damage":7,"enemies":"Small Slimes","floor":4,"turns":5},{"damage":21,"enemies":"3 Sentries","floor":6,"turns":10},{"damage":6,"enemies":"Lagavulin","floor":8,"turns":9},{"damage":6,"enemies":"Looter","floor":11,"turns":4},{"damage":14,"enemies":"3 Sentries","floor":12,"turns":8},{"damage":19,"enemies":"Large Slime","floor":13,"turns":7},{"damage":19,"enemies":"The Guardian","floor":16,"turns":7},{"damage":6,"enemies":"3 Byrds","floor":18,"turns":4},{"damage":14,"enemies":"Slavers","floor":23,"turns":5},{"damage":4,"enemies":"Book of Stabbing","floor":25,"turns":5},{"damage":17,"enemies":"Slavers","floor":29,"turns":4},{"damage":6,"enemies":"Chosen","floor":31,"turns":3},{"damage":16,"enemies":"Collector","floor":33,"turns":8},{"damage":7,"enemies":"3 Darklings","floor":35,"turns":3},{"damage":10,"enemies":"Mind Bloom Boss Battle","floor":36,"turns":5},{"damage":0,"enemies":"3 Shapes","floor":38,"turns":2},{"damage":1,"enemies":"Maw","floor":39,"turns":5},{"damage":19,"enemies":"Giant Head","floor":40,"turns":8},{"damage":8,"enemies":"Reptomancer","floor":42,"turns":5},{"damage":38,"enemies":"4 Shapes","floor":48,"turns":4},{"damage":45,"enemies":"Awakened One","floor":50,"turns":13}],"seed_played":"-7996924926016282545","potions_obtained":[{"floor":1,"key":"LiquidMemories"},{"floor":6,"key":"FairyPotion"},{"floor":8,"key":"LiquidMemories"},{"floor":13,"key":"Explosive Potion"},{"floor":29,"key":"FearPotion"},{"floor":33,"key":"EntropicBrew"},{"floor":36,"key":"Strength Potion"},{"floor":40,"key":"SpeedPotion"},{"floor":48,"key":"Swift Potion"}],"is_trial":false,"path_per_floor":["M","M","?","M","?","E","R","E","T","?","M","E","M","$","R","B",null,"M","?","?","?","?","E","R","E","T","R","?","E","$","M","R","B",null,"M","?","?","M","M","E","R","E","T","R","?","?","$","M","R","B",null],"character_chosen":"THE_SILENT","items_purchased":["TwistedFunnel","Poisoned Stab","Medical Kit","Frozen Eye","Noxious Fumes"],"campfire_rested":6,"item_purchase_floors":[14,14,30,47,47],"current_hp_per_floor":[68,68,68,61,61,40,40,34,34,34,28,14,19,19,40,21,70,64,48,48,48,48,34,55,51,51,51,51,34,34,28,49,33,70,63,53,53,53,52,33,54,46,46,67,67,67,67,29,50,5],"gold":44,"neow_bonus":"BOSS_RELIC","is_daily":false,"chose_seed":false,"campfire_upgraded":2,"win_rate":0.0,"timestamp":1607883550,"path_taken":["M","M","?","?","?","E","R","E","T","?","M","E","M","$","R","BOSS","M","?","?","?","?","E","R","E","T","R","?","E","$","M","R","BOSS","M","?","?","M","M","E","R","E","T","R","?","?","?","M","R","BOSS"],"items_purchased_type":["Relic","Card","Relic","Relic","Card"],"build_version":"2020-11-30","purchased_purges":2,"victory":true,"max_hp_per_floor":[70,70,70,70,70,70,70,70,70,70,70,70,70,70,70,70,70,70,70,70,70,70,70,70,70,70,70,70,70,70,70,70,70,70,70,70,70,70,70,70,70,70,70,70,70,70,70,70,70,70],"card_choices":[{"not_picked":["Slice","Outmaneuver"],"picked":"Noxious Fumes","floor":1},{"not_picked":["Sucker Punch","Deadly Poison"],"picked":"Leg Sweep","floor":2},{"not_picked":["Endless Agony","Flying Knee"],"picked":"Crippling Poison","floor":4},{"not_picked":["Dagger Spray","Slice"],"picked":"Calculated Gamble","floor":6},{"not_picked":["Distraction","Cloak And Dagger"],"picked":"Dagger Throw","floor":8},{"not_picked":["Setup","Flying Knee","Deflect"],"picked":"SKIP","floor":11},{"not_picked":["Dodge and Roll","Predator"],"picked":"Crippling Poison","floor":12},{"not_picked":["Concentrate","After Image"],"picked":"Poisoned Stab","floor":13},{"not_picked":["Doppelganger","Wraith Form v2"],"picked":"After Image","floor":16},{"not_picked":["Dagger Spray","Footwork"],"picked":"Predator","floor":18},{"not_picked":["Flechettes+1","Dodge and Roll"],"picked":"Skewer+1","floor":23},{"not_picked":["Deflect","Dagger Throw+1"],"picked":"Deadly Poison","floor":25},{"not_picked":["Crippling Poison","Setup+1"],"picked":"Heel Hook","floor":29},{"not_picked":["Flechettes","Expertise"],"picked":"Poisoned Stab+1","floor":31},{"not_picked":["Unload","Grand Finale"],"picked":"After Image","floor":33},{"not_picked":["Slice+1","Outmaneuver","Blade Dance+1"],"picked":"SKIP","floor":35},{"not_picked":["Escape Plan","PiercingWail+1"],"picked":"Tactician+1","floor":36},{"not_picked":["Setup","Accuracy+1","Flying Knee"],"picked":"SKIP","floor":38},{"not_picked":["Underhanded Strike+1","Grand Finale"],"picked":"Footwork+1","floor":39},{"not_picked":["Blade Dance","Burst","All Out Attack+1"],"picked":"SKIP","floor":40},{"not_picked":["Deflect","Slice+1"],"picked":"After Image","floor":42},{"not_picked":["Secret Technique","Forethought"],"picked":"The Bomb","floor":45},{"not_picked":["Crippling Poison","Bane+1"],"picked":"PiercingWail","floor":48}],"player_experience":305130,"relics_obtained":[{"floor":6,"key":"Juzu Bracelet"},{"floor":8,"key":"Omamori"},{"floor":9,"key":"Happy Flower"},{"floor":12,"key":"Whetstone"},{"floor":17,"key":"Potion Belt"},{"floor":17,"key":"StrikeDummy"},{"floor":17,"key":"Incense Burner"},{"floor":19,"key":"Enchiridion"},{"floor":23,"key":"Lantern"},{"floor":25,"key":"Bronze Scales"},{"floor":26,"key":"Boot"},{"floor":29,"key":"Shuriken"},{"floor":36,"key":"CaptainsWheel"},{"floor":40,"key":"Bag of Preparation"},{"floor":42,"key":"Bottled Flame"},{"floor":43,"key":"PreservedInsect"}],"event_choices":[{"cards_removed":["Strike_G"],"damage_healed":0,"gold_gain":0,"player_choice":"Purged","damage_taken":0,"max_hp_gain":0,"max_hp_loss":0,"event_name":"Purifier","floor":3,"gold_loss":0},{"damage_healed":0,"gold_gain":0,"player_choice":"Ignored","damage_taken":0,"max_hp_gain":0,"max_hp_loss":0,"event_name":"Liars Game","floor":5,"gold_loss":0},{"damage_healed":0,"gold_gain":0,"player_choice":"Grow","damage_taken":0,"max_hp_gain":0,"max_hp_loss":0,"event_name":"Living Wall","floor":10,"gold_loss":0,"cards_upgraded":["Calculated Gamble"]},{"damage_healed":0,"gold_gain":0,"player_choice":"Obtained Book","damage_taken":16,"max_hp_gain":0,"max_hp_loss":0,"event_name":"Cursed Tome","floor":19,"gold_loss":0},{"damage_healed":0,"gold_gain":0,"player_choice":"Opened","damage_taken":0,"relics_obtained":["TungstenRod"],"max_hp_gain":0,"max_hp_loss":0,"event_name":"The Mausoleum","floor":20,"gold_loss":0,"cards_obtained":["Writhe"]},{"cards_removed":["Strike_G"],"damage_healed":0,"gold_gain":0,"player_choice":"Gave Gold","damage_taken":0,"max_hp_gain":0,"max_hp_loss":0,"event_name":"Beggar","floor":21,"gold_loss":75},{"damage_healed":0,"gold_gain":0,"player_choice":"Forge","damage_taken":0,"max_hp_gain":0,"max_hp_loss":0,"event_name":"Accursed Blacksmith","floor":22,"gold_loss":0,"cards_upgraded":["Leg Sweep"]},{"damage_healed":0,"gold_gain":0,"player_choice":"Ignored","damage_taken":0,"max_hp_gain":0,"max_hp_loss":0,"event_name":"Vampires","floor":28,"gold_loss":0},{"damage_healed":0,"gold_gain":0,"player_choice":"Fight","damage_taken":0,"max_hp_gain":0,"max_hp_loss":0,"event_name":"MindBloom","floor":36,"gold_loss":0},{"damage_healed":0,"gold_gain":0,"player_choice":"Ignored","damage_taken":0,"max_hp_gain":0,"max_hp_loss":0,"event_name":"Tomb of Lord Red Mask","floor":37,"gold_loss":0},{"damage_healed":0,"gold_gain":0,"player_choice":"Memory 1","damage_taken":0,"max_hp_gain":0,"max_hp_loss":0,"event_name":"SensoryStone","floor":45,"gold_loss":0},{"damage_healed":0,"gold_gain":0,"cards_transformed":["Strike_G"],"player_choice":"Transformed","damage_taken":0,"max_hp_gain":0,"max_hp_loss":0,"event_name":"Transmorgrifier","floor":46,"gold_loss":0,"cards_obtained":["Grand Finale"]}],"is_beta":false,"boss_relics":[{"not_picked":["SacredBark","Busted Crown"],"picked":"Calling Bell"},{"not_picked":["SlaversCollar","Tiny House"],"picked":"Snecko Eye"}],"items_purged_floors":[14,47],"is_endless":false,"potions_floor_spawned":[1,6,8,13,29,33,36,38,40,48],"ascension_level":4}}