{"host":"Crutt","time":1607827775,"event":{"mods":["Aspiration","BaseMod","Downfall","Googly Eyes","Minty Spire (QoL Compilation)","Optimize The Spire","Spicy Shops","StSLib"],"gold_per_floor":[99,130,130,55,505,147,173,189,217,142,157,168,168,168,181,181,181],"floor_reached":16,"playtime":1971,"items_purged":["Guardian:Strike_Guardian","Guardian:Defend_Guardian"],"score":206,"play_id":"db42f667-30bd-482d-90c5-14e444406076","local_time":"20201212204935","is_ascension_mode":true,"campfire_choices":[{"floor":1,"key":"RECALL"},{"data":"Guardian:TwinSlam","floor":4,"key":"SMITH"},{"data":"Guardian:Repulse","floor":10,"key":"SMITH"}],"circlet_count":0,"master_deck":["AscendersBane","Guardian:Strike_Guardian","Guardian:Strike_Guardian","Guardian:Strike_Guardian","Guardian:Defend_Guardian","Guardian:Defend_Guardian","Guardian:Defend_Guardian","Guardian:CurlUp","Guardian:TwinSlam+1","Guardian:Reroute","Guardian:Repulse+1","Slimebound:Icky","Slimebound:Icky","Guardian:ChargeUp","Guardian:DecasProtection","Guardian:Incinerate","Guardian:FloatingOrbs","Guardian:PolyBeam","Guardian:MultiBeam"],"relics":["Guardian:ModeShifter","downfall:HeartsMalice","Eternal Feather","downfall:HeartBlessingRed","Membership Card","Bronze Scales","Potion Belt","downfall:HeartBlessingBlue","Prayer Wheel"],"acts_visited":["Exordium"],"potions_floor_usage":[8,9,9,16,16],"damage_taken":[{"damage":0,"enemies":"3 Sentries","floor":2,"turns":1},{"damage":0,"enemies":"Jaw Worm","floor":3,"turns":1},{"damage":0,"enemies":"downfall:FleeingMerchant","floor":6,"turns":1},{"damage":0,"enemies":"2 Louse","floor":8,"turns":3},{"damage":28,"enemies":"Lagavulin","floor":9,"turns":9},{"damage":7,"enemies":"Small Slimes","floor":11,"turns":3},{"damage":10,"enemies":"Gremlin Gang","floor":12,"turns":4},{"damage":0,"enemies":"3 Louse","floor":15,"turns":3},{"damage":49,"enemies":"downfall:Defect","floor":16,"turns":6}],"seed_played":"7175413341928664776","potions_obtained":[{"floor":2,"key":"SpeedPotion"},{"floor":8,"key":"Ancient Potion"},{"floor":9,"key":"EssenceOfSteel"},{"floor":12,"key":"champ:CounterPotion"},{"floor":15,"key":"Guardian:BlockOnCardUsePotion"}],"is_trial":false,"path_per_floor":["R","E","M","R","?","$","T","M","E","R","M","M","?","?","M","B"],"character_chosen":"GUARDIAN","items_purchased":["Membership Card","Bronze Scales","Guardian:Gem_Purple","Block Potion"],"campfire_rested":0,"item_purchase_floors":[6,6,6,6],"current_hp_per_floor":[72,72,72,78,78,78,78,78,50,69,62,52,52,49,49,0,0],"gold":181,"neow_bonus":"THREE_ENEMY_KILL","is_daily":false,"chose_seed":false,"campfire_upgraded":2,"win_rate":0.0,"timestamp":1607827775,"path_taken":["R","E","M","R","?","$","T","M","E","R","M","M","?","?","M","BOSS"],"items_purchased_type":["Relic","Relic","Card","Potion"],"build_version":"2020-12-07","purchased_purges":2,"victory":false,"max_hp_per_floor":[80,80,80,80,80,80,80,80,80,90,90,90,90,90,90,90,90],"card_choices":[{"not_picked":["Guardian:MultiBeam","Guardian:DonusPower"],"picked":"Guardian:Reroute","floor":2},{"not_picked":["Guardian:PrimingBeam","Guardian:PolyBeam"],"picked":"Guardian:Repulse","floor":3},{"not_picked":["Guardian:Repulse","Guardian:Planning"],"picked":"Guardian:Gem_Cyan","floor":6},{"not_picked":["Guardian:ShieldSpikes","Guardian:Gem_Yellow"],"picked":"Guardian:ChargeUp","floor":8},{"not_picked":["Guardian:BronzeArmor","Guardian:Gem_Green"],"picked":"Guardian:DecasProtection","floor":9},{"not_picked":["Guardian:Orbwalk","Guardian:Recover"],"picked":"Guardian:Incinerate","floor":11},{"not_picked":["Guardian:ChargeCore","Guardian:Gem_Yellow"],"picked":"Guardian:FloatingOrbs","floor":12},{"not_picked":["Guardian:CrystalBeam","Guardian:Reroute"],"picked":"Guardian:PolyBeam","floor":15},{"not_picked":["Guardian:Gem_Green","Guardian:ChargeUp"],"picked":"Guardian:MultiBeam","floor":15}],"player_experience":3065508,"relics_obtained":[{"floor":2,"key":"Eternal Feather"},{"floor":9,"key":"Potion Belt"}],"event_choices":[{"damage_healed":0,"gold_gain":0,"player_choice":"Success","damage_taken":3,"relics_obtained":["Prayer Wheel"],"max_hp_gain":0,"max_hp_loss":0,"event_name":"Scrap Ooze","floor":14,"gold_loss":0}],"is_beta":true,"boss_relics":[],"items_purged_floors":[6,6],"is_endless":false,"potions_floor_spawned":[2,8,9,12,15],"killed_by":"downfall:Defect","ascension_level":11}}