{"host":"y56d1fjpgcjsodvy","time":1607847382,"event":{"mods":["BaseMod","Colored Powertips","GifTheSpireLib","Highlight Path","Minty Spire (QoL Compilation)","StSLib","SuperFastMode","everything is the same but u backflip on backflip"],"gold_per_floor":[113,113,131,45,122,156,170,170,170,170,65,85,120,270,270,270,270],"floor_reached":16,"playtime":270,"items_purged":["Zap+1"],"score":216,"play_id":"7f3724fb-dc3e-4211-a946-a7f2c4309ca1","local_time":"20201213171622","is_ascension_mode":true,"campfire_choices":[{"data":"Hyperbeam","floor":10.0,"key":"SMITH"},{"data":"Hello World","floor":15,"key":"SMITH"}],"circlet_count":0,"master_deck":["AscendersBane","Strike_B","Strike_B","Strike_B","Strike_B","Defend_B","Defend_B","Defend_B","Defend_B","Self Repair","Hello World+1","Hyperbeam+1","Conserve Battery","Gash","Stack","Recycle","Doubt"],"relics":["Cracked Core","Turnip","HornCleat","Ancient Tea Set","Centennial Puzzle","Pen Nib"],"acts_visited":["Exordium"],"potions_floor_usage":[13,13],"damage_taken":[{"damage":8.0,"enemies":"2 Louse","floor":1.0,"turns":3.0},{"damage":1.0,"enemies":"Cultist","floor":3.0,"turns":4.0},{"damage":6.0,"enemies":"3 Sentries","floor":6.0,"turns":4.0},{"damage":12.0,"enemies":"Jaw Worm","floor":7.0,"turns":4.0},{"damage":1.0,"enemies":"Exordium Thugs","floor":12.0,"turns":4.0},{"damage":18,"enemies":"Lagavulin","floor":13,"turns":5},{"damage":57,"enemies":"The Guardian","floor":16,"turns":8}],"seed_played":"-4262898317249329540","potions_obtained":[{"floor":1.0,"key":"Ancient Potion"},{"floor":6.0,"key":"Fire Potion"}],"is_trial":false,"path_per_floor":["M","?","M","$","T","E","M","?","T","R","$","M","E","?","R","B"],"character_chosen":"DEFECT","items_purchased":["Hyperbeam","Stack"],"campfire_rested":0,"item_purchase_floors":[4,11],"current_hp_per_floor":[56,56,62,62,62,63,58,51,51,51,51,57,46,46,46,0,0],"gold":270,"neow_bonus":"ONE_RARE_RELIC","is_daily":false,"chose_seed":false,"campfire_upgraded":2,"win_rate":0.0,"timestamp":1607847382,"path_taken":["M","?","M","?","?","E","?","?","T","R","$","M","E","?","R","BOSS"],"items_purchased_type":["Card","Card"],"build_version":"2020-11-30","purchased_purges":1,"victory":false,"max_hp_per_floor":[64,64,64,64,64,64,64,64,64,64,64,64,64,64,64,64,64],"card_choices":[{"not_picked":["Beam Cell","Gash"],"picked":"Self Repair","floor":1.0},{"not_picked":["Streamline","Hologram"],"picked":"Hello World","floor":3.0},{"not_picked":["Lockon","Sweeping Beam"],"picked":"Conserve Battery","floor":6.0},{"not_picked":["Lockon","Turbo"],"picked":"Gash","floor":7.0},{"not_picked":["Darkness","Blizzard","Chaos"],"picked":"SKIP","floor":12},{"not_picked":["Multi-Cast","Go for the Eyes"],"picked":"Recycle","floor":13}],"player_experience":1157627,"relics_obtained":[{"floor":5.0,"key":"HornCleat"},{"floor":6.0,"key":"Ancient Tea Set"},{"floor":9.0,"key":"Centennial Puzzle"},{"floor":13,"key":"Pen Nib"}],"event_choices":[{"damage_healed":0.0,"max_hp_gain":0.0,"max_hp_loss":0.0,"gold_gain":0.0,"event_name":"Upgrade Shrine","player_choice":"Upgraded","floor":2.0,"gold_loss":0.0,"damage_taken":0.0,"cards_upgraded":["Zap"]},{"cards_removed":["Dualcast"],"damage_healed":0.0,"max_hp_gain":0.0,"max_hp_loss":0.0,"gold_gain":0.0,"event_name":"Golden Wing","player_choice":"Card Removal","floor":8.0,"gold_loss":0.0,"damage_taken":7.0},{"damage_healed":0,"gold_gain":150,"player_choice":"AGREE","damage_taken":0,"max_hp_gain":0,"max_hp_loss":0,"event_name":"Liars Game","floor":14,"gold_loss":0,"cards_obtained":["Doubt"]}],"is_beta":false,"boss_relics":[],"items_purged_floors":[11],"is_endless":false,"potions_floor_spawned":[1,6],"killed_by":"The Guardian","ascension_level":20}}