{"host":"uxq2rly8rxtwffuf","time":1607876688,"event":{"mods":["BaseMod","Koishi","Minty Spire (QoL Compilation)","StSLib","The Judge","The Servant 0.9.4"],"gold_per_floor":[111,126,139,139,154,154,180,180,180,212,226,258,317,317,317,391,391,404,404,417,417,39,39,20,36,36,49,49,49,74,74,74,74,74],"floor_reached":33,"playtime":1372,"items_purged":["Writhe"],"score":495,"play_id":"bc39c9f4-146d-44b8-97d6-5eb98d1d8300","local_time":"20201213192448","is_ascension_mode":true,"campfire_choices":[{"data":"Koishi:HeartStoppingHorror","floor":6.0,"key":"SMITH"},{"data":"Koishi:HeartAttack","floor":8.0,"key":"SMITH"},{"floor":15.0,"key":"REST"},{"data":"Koishi:HauntingSlash","floor":23,"key":"SMITH"},{"floor":32,"key":"RECALL"}],"circlet_count":0,"master_deck":["AscendersBane","Koishi:BasicStrike","Koishi:BasicDefend","Koishi:BasicDefend","Koishi:BasicDefend","Koishi:Provoke","Koishi:HauntingSlash+1","Koishi:StingingMind","Koishi:DreadfulBlow","Koishi:HeartStoppingHorror+1","Koishi:StingingMind","Koishi:HeartAttack+1","Koishi:MindNumbingTerror","Koishi:StrangeCloudFist","Koishi:TraumaticStroke","Koishi:RuptureMind","Koishi:PhantomBarrier","Koishi:ParalyzingFear+1","Koishi:Possession","Koishi:IdleWhim","Koishi:BloodcurdlingScream","Koishi:Vanish+1","Koishi:HeartfeltFancy","Koishi:ParalyzingFear+1"],"relics":["Koishi:ImaginaryFriend","Orichalcum","Smiling Mask","The Courier","Blue Candle","Eternal Feather","Vajra","Koishi:ColorfulDays","Toy Ornithopter","MealTicket","Meat on the Bone","Mercury Hourglass","InkBottle","Juzu Bracelet"],"acts_visited":["Exordium","TheCity"],"potions_floor_usage":[27,30],"damage_taken":[{"damage":9.0,"enemies":"Cultist","floor":1.0,"turns":5.0},{"damage":7.0,"enemies":"Jaw Worm","floor":2.0,"turns":4.0},{"damage":3.0,"enemies":"2 Louse","floor":3.0,"turns":3.0},{"damage":4.0,"enemies":"Looter","floor":5.0,"turns":4.0},{"damage":10.0,"enemies":"Gremlin Nob","floor":7.0,"turns":3.0},{"damage":16.0,"enemies":"Lagavulin","floor":10.0,"turns":5.0},{"damage":0.0,"enemies":"Exordium Wildlife","floor":11.0,"turns":3.0},{"damage":9.0,"enemies":"3 Sentries","floor":12.0,"turns":8.0},{"damage":14.0,"enemies":"3 Sentries","floor":13.0,"turns":5.0},{"damage":7.0,"enemies":"Slime Boss","floor":16.0,"turns":10.0},{"damage":26,"enemies":"3 Byrds","floor":18,"turns":5},{"damage":10,"enemies":"2 Thieves","floor":20,"turns":3},{"damage":20,"enemies":"Centurion and Healer","floor":25,"turns":6},{"damage":35,"enemies":"Shelled Parasite and Fungi","floor":27,"turns":4},{"damage":19,"enemies":"Book of Stabbing","floor":30,"turns":4},{"damage":69,"enemies":"Automaton","floor":33,"turns":6}],"seed_played":"-3859867645030839804","potions_obtained":[{"floor":2.0,"key":"Strength Potion"},{"floor":5.0,"key":"DistilledChaos"},{"floor":10.0,"key":"Dexterity Potion"},{"floor":12.0,"key":"Weak Potion"},{"floor":16.0,"key":"Regen Potion"},{"floor":27,"key":"PowerPotion"}],"is_trial":false,"path_per_floor":["M","M","M","?","M","R","E","R","T","E","M","E","?","T","R","B",null,"M","?","M","?","$","R","$","M","T","M","?","T","E","?","R","B"],"character_chosen":"KOISHI","items_purchased":["MealTicket","Meat on the Bone","Koishi:BloodcurdlingScream"],"campfire_rested":1,"item_purchase_floors":[22,22,24],"current_hp_per_floor":[44,42,44,44,47,47,43,43,43,36,38,35,23,23,49,47,55,37,37,33,33,33,45,57,52,52,37,37,37,39,50,57,0,0],"gold":74,"neow_bonus":"RANDOM_COMMON_RELIC","is_daily":false,"chose_seed":false,"campfire_upgraded":3,"win_rate":0.0,"timestamp":1607876688,"path_taken":["M","M","?","?","M","R","E","R","T","E","?","E","?","?","R","BOSS","M","?","M","?","$","R","?","M","T","M","?","?","E","?","R","BOSS"],"items_purchased_type":["Relic","Relic","Card"],"build_version":"2020-11-30","purchased_purges":1,"victory":false,"max_hp_per_floor":[57,57,57,57,57,57,57,57,57,57,57,57,57,57,57,57,57,57,57,57,57,57,57,57,57,57,57,57,57,57,57,57,57,57],"card_choices":[{"not_picked":["Koishi:CatchAndRose","Koishi:RacingHeart"],"picked":"Koishi:StingingMind","floor":1.0},{"not_picked":["Koishi:DNAsFlaw","Koishi:UnansweredLove"],"picked":"Koishi:DreadfulBlow","floor":2.0},{"not_picked":["Koishi:Prune","Koishi:CatchAndRose"],"picked":"Koishi:HeartStoppingHorror","floor":3.0},{"not_picked":["Koishi:CatchAndRose","Koishi:UnansweredLove"],"picked":"Koishi:StingingMind","floor":5.0},{"not_picked":["Koishi:SubterraneanRose","Koishi:Bloodlust"],"picked":"Koishi:HeartAttack","floor":7.0},{"not_picked":["Koishi:LastRemote","Koishi:ApparitionsStalkTheNight","Koishi:GhostParty"],"picked":"SKIP","floor":10.0},{"not_picked":["Koishi:SubterraneanRose","Koishi:TremblingHands"],"picked":"Koishi:MindNumbingTerror","floor":11.0},{"not_picked":["Koishi:PhilosophyOfTheDespised","Koishi:GhostParty"],"picked":"Koishi:StrangeCloudFist","floor":12.0},{"not_picked":["Koishi:UnconsciousUprising","Koishi:FourthEye"],"picked":"Koishi:TraumaticStroke","floor":13.0},{"not_picked":["Koishi:SuperEgo","Koishi:SilentAndRestless"],"picked":"Koishi:RuptureMind","floor":16.0},{"not_picked":["Koishi:EmbersOfLove","Koishi:Bloodlust"],"picked":"Koishi:PhantomBarrier","floor":18},{"not_picked":["Koishi:RorschachInDanmaku","Koishi:PhantomBarrier"],"picked":"Koishi:ParalyzingFear+1","floor":20},{"not_picked":["Koishi:ReflexRadar+1","Koishi:SpiritedAway"],"picked":"Koishi:Vanish+1","floor":25},{"not_picked":["Koishi:GeneticsOfTheUnconscious","Koishi:UnansweredLove"],"picked":"Koishi:HeartfeltFancy","floor":27},{"not_picked":["Koishi:IdleWhim","Koishi:VengefulSpirit"],"picked":"Koishi:ParalyzingFear+1","floor":30}],"player_experience":1326806,"relics_obtained":[{"floor":7.0,"key":"Smiling Mask"},{"floor":10.0,"key":"The Courier"},{"floor":12.0,"key":"Blue Candle"},{"floor":13.0,"key":"Eternal Feather"},{"floor":14.0,"key":"Vajra"},{"floor":26,"key":"Mercury Hourglass"},{"floor":29,"key":"InkBottle"},{"floor":30,"key":"Juzu Bracelet"}],"event_choices":[{"cards_removed":["Koishi:BasicStrike"],"damage_healed":0.0,"max_hp_gain":0.0,"max_hp_loss":0.0,"gold_gain":0.0,"event_name":"Wheel of Change","player_choice":"Card Removal","floor":4.0,"gold_loss":0.0,"damage_taken":0.0},{"damage_healed":0.0,"max_hp_gain":0.0,"max_hp_loss":0.0,"gold_gain":0.0,"event_name":"Dead Adventurer","player_choice":"Searched \u00271\u0027 times","floor":13.0,"gold_loss":0.0,"damage_taken":0.0},{"damage_healed":0,"gold_gain":0,"player_choice":"Opened","damage_taken":0,"relics_obtained":["Toy Ornithopter"],"max_hp_gain":0,"max_hp_loss":0,"event_name":"The Mausoleum","floor":19,"gold_loss":0,"cards_obtained":["Writhe"]},{"damage_healed":0,"gold_gain":0,"cards_transformed":["Koishi:BasicStrike","Koishi:BasicDefend"],"player_choice":"Became Test Subject","damage_taken":0,"max_hp_gain":0,"max_hp_loss":0,"event_name":"Drug Dealer","floor":21,"gold_loss":0,"cards_obtained":["Koishi:Possession","Koishi:IdleWhim"]},{"cards_removed":["Koishi:BasicStrike"],"damage_healed":0,"gold_gain":0,"player_choice":"Elegance","damage_taken":0,"max_hp_gain":0,"max_hp_loss":0,"event_name":"Back to Basics","floor":28,"gold_loss":0},{"damage_healed":11,"gold_gain":0,"player_choice":"Heal","damage_taken":0,"max_hp_gain":0,"max_hp_loss":0,"event_name":"The Library","floor":31,"gold_loss":0}],"is_beta":false,"boss_relics":[{"not_picked":["SacredBark","Empty Cage"],"picked":"Koishi:ColorfulDays"}],"items_purged_floors":[22],"is_endless":false,"potions_floor_spawned":[2,5,10,12,16,27],"killed_by":"Automaton","ascension_level":15}}