{"host":"p1xsuo25udtrkbq2","time":1607854029,"event":{"mods":["BaseMod","Colored Map","Minty Spire (QoL Compilation)","Rare Cards Sparkle","Relic Stats","Slay the Relics Exporter","StSLib","everything is the same but u backflip on backflip"],"gold_per_floor":[117,292,292,23,23,63,86,86,86,86,6,27,65,88,88,219,282,305,330,354,373,396,436,436,449,449,449,43,43,87,103,103,233,233,248,267,4,29,29,29,29],"floor_reached":40,"playtime":5757,"items_purged":["Doubt","Scrape"],"score":488,"play_id":"2544636a-84b4-41b1-968c-f32479138432","local_time":"20201213050709","is_ascension_mode":false,"campfire_choices":[{"data":"Echo Form","floor":8.0,"key":"SMITH"},{"data":"Dualcast","floor":10.0,"key":"SMITH"},{"data":"Coolheaded","floor":15.0,"key":"SMITH"},{"data":"Doom and Gloom","floor":24.0,"key":"SMITH"},{"data":"The Bomb","floor":29.0,"key":"SMITH"},{"floor":32.0,"key":"REST"}],"circlet_count":0,"master_deck":["Zap","Dualcast+1","BootSequence","Ball Lightning","Rebound+1","Echo Form+1","Doom and Gloom+1","Coolheaded+1","Sweeping Beam","Undo+1","Machine Learning","Self Repair","Stack+1","Capacitor","Leap+1","Darkness+1","Writhe","The Bomb+1","Defragment","Multi-Cast","Compile Driver","Fusion","Hello World","Rebound","Redo","Self Repair","Steam Power","Conserve Battery+1","Apotheosis"],"relics":["Cracked Core","NeowsBlessing","Golden Idol","Meat on the Bone","Pen Nib","Sundial","Lizard Tail","Tiny House","War Paint","Blue Candle","Bronze Scales","Oddly Smooth Stone","The Courier","Pandora\u0027s Box"],"acts_visited":["Exordium","TheCity","TheBeyond"],"potions_floor_usage":[],"damage_taken":[{"damage":0.0,"enemies":"2 Louse","floor":1.0,"turns":1.0},{"damage":0.0,"enemies":"3 Sentries","floor":6.0,"turns":1.0},{"damage":0.0,"enemies":"Jaw Worm","floor":7.0,"turns":1.0},{"damage":1.0,"enemies":"Cultist","floor":12.0,"turns":3.0},{"damage":0.0,"enemies":"Lagavulin","floor":13.0,"turns":5.0},{"damage":14.0,"enemies":"Exordium Thugs","floor":14.0,"turns":3.0},{"damage":26.0,"enemies":"Slime Boss","floor":16.0,"turns":9.0},{"damage":0.0,"enemies":"3 Byrds","floor":18.0,"turns":2.0},{"damage":3.0,"enemies":"Chosen","floor":19.0,"turns":5.0},{"damage":32.0,"enemies":"Snake Plant","floor":20.0,"turns":6.0},{"damage":43.0,"enemies":"3 Cultists","floor":21.0,"turns":6.0},{"damage":37.0,"enemies":"Cultist and Chosen","floor":22.0,"turns":9.0},{"damage":21.0,"enemies":"Book of Stabbing","floor":23.0,"turns":6.0},{"damage":15.0,"enemies":"Snake Plant","floor":25.0,"turns":5.0},{"damage":33.0,"enemies":"Gremlin Leader","floor":30.0,"turns":4.0},{"damage":12.0,"enemies":"Centurion and Healer","floor":31.0,"turns":5.0},{"damage":17.0,"enemies":"Champ","floor":33.0,"turns":11.0},{"damage":6.0,"enemies":"3 Darklings","floor":35.0,"turns":3.0},{"damage":22.0,"enemies":"Orb Walker","floor":36.0,"turns":4.0},{"damage":33.0,"enemies":"Maw","floor":38.0,"turns":8.0},{"damage":47,"enemies":"Nemesis","floor":40,"turns":6}],"seed_played":"-13108146419279015","potions_obtained":[{"floor":1.0,"key":"Strength Potion"},{"floor":14.0,"key":"Explosive Potion"},{"floor":16.0,"key":"Explosive Potion"},{"floor":17.0,"key":"Strength Potion"},{"floor":18.0,"key":"Explosive Potion"},{"floor":22.0,"key":"DistilledChaos"},{"floor":25.0,"key":"Explosive Potion"},{"floor":30.0,"key":"SteroidPotion"},{"floor":31.0,"key":"SkillPotion"},{"floor":33.0,"key":"SpeedPotion"},{"floor":38.0,"key":"FearPotion"}],"is_trial":false,"path_per_floor":["M","?","?","$","?","E","M","R","T","R","$","M","E","M","R","B",null,"M","M","M","M","M","E","R","M","T","?","$","R","E","M","R","B",null,"M","M","$","M","?","E"],"character_chosen":"DEFECT","items_purchased":["Ball Lightning","Meat on the Bone","Doom and Gloom","The Bomb","Oddly Smooth Stone","Apotheosis","FocusPotion"],"campfire_rested":1,"item_purchase_floors":[4,4,11,28,28,37,37],"current_hp_per_floor":[75,75,69,69,55,55,55,55,55,55,55,54,54,40,40,26,74,74,74,56,32,55,46,46,50,50,50,50,50,29,29,51,53,74,68,46,46,45,45,0,0],"gold":29,"neow_bonus":"THREE_ENEMY_KILL","is_daily":false,"chose_seed":false,"campfire_upgraded":5,"win_rate":0.0,"timestamp":1607854029,"path_taken":["M","?","?","$","?","E","M","R","T","R","?","M","E","?","R","BOSS","M","M","M","M","?","E","R","M","T","?","$","R","E","M","R","BOSS","M","M","$","M","?","E"],"items_purchased_type":["Card","Relic","Card","Card","Relic","Card","Potion"],"build_version":"2020-11-30","purchased_purges":2,"victory":false,"max_hp_per_floor":[75,75,69,69,69,69,69,69,69,69,69,69,69,69,69,69,74,74,74,74,74,74,74,74,74,74,74,74,74,74,74,74,74,74,74,74,74,74,74,74,74],"relic_stats":{"Lizard Tail":37,"counters":[21,103],"Golden Idol":154,"Sundial":[8],"Blue Candle":[4],"Bronze Scales":[105],"Pandora\u0027s Box":["Compile Driver","Scrape","Fusion","Hello World","Rebound","Redo","Self Repair","Steam Power"],"Pen Nib":[10],"War Paint":["Defend_B","Undo"],"obtain_stats":[{"Tiny House":17,"NeowsBlessing":0,"Golden Idol":3,"Blue Candle":26,"Oddly Smooth Stone":28,"Pen Nib":6,"The Courier":30,"War Paint":23,"Lizard Tail":13,"Sundial":9,"Bronze Scales":27,"Pandora\u0027s Box":34,"Cracked Core":0,"Meat on the Bone":4},{"Tiny House":7,"NeowsBlessing":0,"Golden Idol":1,"Blue Candle":14,"Oddly Smooth Stone":14,"Pen Nib":2,"The Courier":15,"War Paint":13,"Lizard Tail":5,"Sundial":3,"Bronze Scales":14,"Pandora\u0027s Box":17,"Cracked Core":0,"Meat on the Bone":1},{"Tiny House":23,"NeowsBlessing":0,"Golden Idol":1,"Blue Candle":62,"Oddly Smooth Stone":62,"Pen Nib":2,"The Courier":66,"War Paint":57,"Lizard Tail":11,"Sundial":3,"Bronze Scales":62,"Pandora\u0027s Box":82,"Cracked Core":0,"Meat on the Bone":1}],"Meat on the Bone":108},"card_choices":[{"not_picked":["Go for the Eyes","Rebound"],"picked":"BootSequence","floor":1.0},{"not_picked":["Loop","Skim"],"picked":"Rebound","floor":6.0},{"not_picked":["Gash","Hologram"],"picked":"Echo Form","floor":7.0},{"not_picked":["Beam Cell","Cold Snap"],"picked":"Coolheaded","floor":12.0},{"not_picked":["BootSequence","Blizzard"],"picked":"Sweeping Beam","floor":13.0},{"not_picked":["Melter","Go for the Eyes"],"picked":"Undo","floor":14.0},{"not_picked":["Meteor Strike","Reboot"],"picked":"Machine Learning","floor":16.0},{"not_picked":["Hologram","Go for the Eyes+1"],"picked":"Self Repair","floor":18.0},{"not_picked":["Beam Cell","Capacitor"],"picked":"Stack+1","floor":19.0},{"not_picked":["Scrape+1","Rebound"],"picked":"Capacitor","floor":20.0},{"not_picked":["Cold Snap","Hyperbeam"],"picked":"Leap+1","floor":21.0},{"not_picked":["Coolheaded","Leap"],"picked":"Darkness+1","floor":22.0},{"not_picked":["BootSequence","Steam","Beam Cell"],"picked":"SKIP","floor":23.0},{"not_picked":["Tempest","Force Field+1","Rip and Tear"],"picked":"SKIP","floor":25.0},{"not_picked":["Streamline","All For One","Lockon"],"picked":"SKIP","floor":30.0},{"not_picked":["Chaos+1","Beam Cell"],"picked":"Defragment","floor":31.0},{"not_picked":["Thunder Strike","All For One"],"picked":"Multi-Cast","floor":33.0},{"not_picked":["FTL","Leap+1","Lockon"],"picked":"SKIP","floor":35.0},{"not_picked":["Beam Cell+1","Redo"],"picked":"Conserve Battery+1","floor":36.0},{"not_picked":["Lockon+1","Skim+1","Leap"],"picked":"SKIP","floor":38.0}],"player_experience":800485,"relics_obtained":[{"floor":6.0,"key":"Pen Nib"},{"floor":9.0,"key":"Sundial"},{"floor":13.0,"key":"Lizard Tail"},{"floor":23.0,"key":"War Paint"},{"floor":26.0,"key":"Blue Candle"},{"floor":30.0,"key":"The Courier"}],"event_choices":[{"damage_healed":0.0,"max_hp_gain":0.0,"max_hp_loss":0.0,"gold_gain":175.0,"event_name":"Liars Game","player_choice":"AGREE","floor":2.0,"gold_loss":0.0,"damage_taken":0.0,"cards_obtained":["Doubt"]},{"damage_healed":0.0,"max_hp_gain":0.0,"max_hp_loss":6.0,"gold_gain":0.0,"event_name":"Golden Idol","player_choice":"Lose Max HP","floor":3.0,"gold_loss":0.0,"damage_taken":0.0,"relics_obtained":["Golden Idol"]},{"damage_healed":0.0,"max_hp_gain":0.0,"max_hp_loss":0.0,"gold_gain":0.0,"event_name":"Shining Light","player_choice":"Entered Light","floor":5.0,"gold_loss":0.0,"damage_taken":14.0,"cards_upgraded":["Defend_B","Strike_B"]},{"damage_healed":0.0,"max_hp_gain":0.0,"max_hp_loss":0.0,"gold_gain":0.0,"event_name":"The Mausoleum","player_choice":"Opened","floor":27.0,"gold_loss":0.0,"damage_taken":0.0,"relics_obtained":["Bronze Scales"],"cards_obtained":["Writhe"]},{"damage_healed":0,"gold_gain":0,"player_choice":"Ignored","damage_taken":0,"max_hp_gain":0,"max_hp_loss":0,"event_name":"Mysterious Sphere","floor":39,"gold_loss":0}],"is_beta":false,"boss_relics":[{"not_picked":["SacredBark","Ectoplasm"],"picked":"Tiny House"},{"not_picked":["Snecko Eye","Runic Dome"],"picked":"Pandora\u0027s Box"}],"items_purged_floors":[28,37],"is_endless":false,"potions_floor_spawned":[1,14,16,18,22,25,30,31,33,38],"killed_by":"Nemesis","ascension_level":0}}