{"host":"mli1kjx8eh35fx4e","time":1607888339,"event":{"mods":["2.2 Compatiblity","Act Like it!","Aspiration","BaseMod","Better Altar","Better Match","Better Note","Better Sensory Stone","Better Skull","Better Third Choice","BetterRewards","CCEM","Colored Map","Conspire","Downfall","Elementarium","Gensokyo","GifTheSpireLib","Googly Eyes","Halation","Hallownest","Hermit","Hubris","Infinite Spire","Jedi Mod","JesterMod","Jorbs\u0027s Wanderer Trilogy","Mimic Mod","Minty Spire (QoL Compilation)","Pale of the Ancients","Permanent Neow","Railgun Mod","Replay The Spire","Robot Space Explorer","Shade Mod","Shop Mod","Spicy Shops","StSLib","Strawberry Spire","Stuff the Spire","SuperFastMode","The Blackbeard","The Bug Knight","The Cursed","The Death Knight","The Hierophant","The Jungle","The Necromancer","The Problem Sleuth","The Witch","[IsaacMod]????"],"gold_per_floor":[119,119,149,12,12,45,45,58,107,118,48,48,48,65,65,194,194,256,32,32,32,91,91,145,145,200,200,213,241,241],"floor_reached":29,"playtime":3778,"items_purged":["TheRailgun:Discharge"],"score":239,"play_id":"3a212bf4-4007-41ac-8460-cc5c0eb88b00","local_time":"20201213143859","is_ascension_mode":false,"campfire_choices":[{"data":"TheRailgun:Iron_Dust_Field","floor":7,"key":"SMITH"},{"data":"TheRailgun:Judgement_Officer","floor":15,"key":"SMITH"},{"floor":23,"key":"REST"},{"floor":25,"key":"REST"},{"data":"TheRailgun:Magnetic_Flight","floor":27,"key":"SMITH"}],"circlet_count":0,"master_deck":["TheRailgun:Strike","TheRailgun:Strike","TheRailgun:Strike+1","TheRailgun:Strike","TheRailgun:Defend+1","TheRailgun:Defend+1","TheRailgun:Defend","TheRailgun:Defend","TheRailgun:Static","TheRailgun:Zip+1","TheRailgun:Negative_Field","TheRailgun:Zap","TheRailgun:Teleporter","TheRailgun:Iron_Dust_Field+1","TheRailgun:Zap","TheRailgun:Judgement_Officer+1","TheRailgun:Teleporter","TheRailgun:Magnetic_Flight+1","TheRailgun:Railgun","TheRailgun:Battery_Pack","TheRailgun:Battery_Pack","TheRailgun:Iron_Dust_Shield+1","TheRailgun:Biribiri+1","TheRailgun:Gekota_Phone"],"relics":["TheRailgun:CoinRelic","HushsDoor","SalivaCoin","ReplayTheSpireMod:TigerMarble","MealTicket","War Paint","Replay:Grab Bag","Anchor","Lantern"],"acts_visited":["Gensokyo:Gensokyo","theJungle:Jungle"],"potions_floor_usage":[16,16,18,24,24,28],"damage_taken":[{"damage":0,"enemies":"Gensokyo:2_Kodama","floor":1,"turns":1},{"damage":0,"enemies":"Gensokyo:Gryphon","floor":3,"turns":4},{"damage":6,"enemies":"Gensokyo:Aya","floor":6,"turns":3},{"damage":0,"enemies":"Gensokyo:Gryphon","floor":8,"turns":3},{"damage":0,"enemies":"Gensokyo:Python","floor":10,"turns":2},{"damage":0,"enemies":"Gensokyo:5_Fairies","floor":14,"turns":3},{"damage":19,"enemies":"Gensokyo:Kokoro","floor":16,"turns":7},{"damage":35,"enemies":"theJungle:MUSHROOMGANG","floor":18,"turns":4},{"damage":17,"enemies":"theJungle:5_Spyders","floor":22,"turns":5},{"damage":30,"enemies":"theJungle:2_Phrogs","floor":24,"turns":4},{"damage":0,"enemies":"Snake Plant","floor":28,"turns":2},{"damage":37,"enemies":"Nightmare","floor":29,"turns":5}],"seed_played":"8851521301272428557","potions_obtained":[{"floor":10,"key":"Venom Potion"},{"floor":14,"key":"SkillPotion"},{"floor":16,"key":"sneckomod:MuddlingPotion"},{"floor":24,"key":"AttackPotion"}],"is_trial":false,"path_per_floor":["M","?","MIM","$","$","E","R","M","T","M","?","$","?","M","R","B",null,"M","$","?","?","M","R","E","R","T","R","M","NM"],"character_chosen":"THE_DEFAULT","items_purchased":["TheRailgun:Teleporter","TheRailgun:Railgun","Death Potion","Death Potion","TheRailgun:Battery_Pack","Anchor"],"campfire_rested":2,"item_purchase_floors":[4,17,17,17,19,19],"current_hp_per_floor":[70,70,70,70,70,64,64,64,64,64,64,70,70,70,70,51,60,25,40,40,48,31,49,19,37,37,37,37,0,0],"gold":241,"neow_bonus":"RANDOM_COMMON_RELIC","is_daily":false,"chose_seed":false,"campfire_upgraded":3,"win_rate":0.0,"timestamp":1607888339,"path_taken":["M","?","?","?","$","E","R","M","T","?","?","?","?","M","R","BOSS","M","$","?","?","?","R","E","R","T","R","M","NM"],"items_purchased_type":["Card","Card","Potion","Potion","Card","Relic"],"build_version":"2020-11-30","purchased_purges":1,"victory":false,"max_hp_per_floor":[70,70,70,70,70,70,70,70,70,70,70,70,70,70,70,70,60,60,60,60,60,60,60,60,60,60,60,60,60,60],"card_choices":[{"not_picked":["TheRailgun:Taser","TheRailgun:Thundershock"],"picked":"TheRailgun:Negative_Field","floor":1},{"not_picked":["TheRailgun:Thunderbolt","TheRailgun:Static"],"picked":"TheRailgun:Zap","floor":3},{"not_picked":["TheRailgun:Iron_Dust_Sword","TheRailgun:Thunder"],"picked":"TheRailgun:Iron_Dust_Field","floor":6},{"not_picked":["TheRailgun:Push","TheRailgun:Zip"],"picked":"TheRailgun:Zap","floor":8},{"not_picked":["TheRailgun:Discharge","TheRailgun:Crack"],"picked":"TheRailgun:Judgement_Officer","floor":10},{"not_picked":["TheRailgun:Discharge","TheRailgun:Oneesama"],"picked":"TheRailgun:Teleporter","floor":14},{"not_picked":["TheRailgun:Judgement_Officer","TheRailgun:Circuitous"],"picked":"TheRailgun:Magnetic_Flight","floor":16},{"not_picked":["TheRailgun:Magnetic_Movement+1","TheRailgun:Static"],"picked":"TheRailgun:Battery_Pack","floor":18},{"not_picked":["TheRailgun:Zap","TheRailgun:Discharge"],"picked":"TheRailgun:Iron_Dust_Shield+1","floor":22},{"not_picked":["TheRailgun:Iron_Dust_Field","TheRailgun:Teleporter"],"picked":"TheRailgun:Biribiri+1","floor":24},{"not_picked":["TheRailgun:Discharge+1","TheRailgun:Coin_Flip"],"picked":"TheRailgun:Gekota_Phone","floor":28}],"player_experience":542745,"relics_obtained":[{"floor":3,"key":"MealTicket"},{"floor":9,"key":"War Paint"},{"floor":24,"key":"Lantern"}],"event_choices":[],"is_beta":false,"boss_relics":[{"not_picked":["ChampionBelt","aspiration:IroncladSkillbook"],"picked":"Replay:Grab Bag"},{"not_picked":[]}],"items_purged_floors":[4],"is_endless":false,"potions_floor_spawned":[10,14,16,24],"killed_by":"Nightmare","ascension_level":0}}