{"host":"i344ixtilokuekwt","time":1607833816,"event":{"mods":["BaseMod","Card Forge","Colored Powertips","Minty Spire (QoL Compilation)","Quick Restart","Relic Stats","StSLib"],"gold_per_floor":[116,126,2,2,17,51,51,82,105,135,35,35,65,85,85,194,194,210,229,243,243,243,243,280,306,332,147,147,147,170,196,196,196,196],"floor_reached":33,"playtime":920,"items_purged":["Body Slam","Strike_R","Strike_R"],"score":285,"play_id":"d749da55-a781-4d67-b0c0-44fbefd13079","local_time":"20201212233016","is_ascension_mode":false,"campfire_choices":[{"data":"Uppercut","floor":7,"key":"SMITH"},{"data":"Whirlwind","floor":12,"key":"SMITH"},{"data":"Bash","floor":15,"key":"SMITH"},{"data":"Limit Break","floor":23,"key":"SMITH"},{"floor":29,"key":"REST"},{"data":"True Grit","floor":32,"key":"SMITH"}],"circlet_count":0,"master_deck":["Strike_R+1","Strike_R","Defend_R","Defend_R","Defend_R","Defend_R","Bash+1","Uppercut+1","Twin Strike+1","Whirlwind+1","Limit Break+1","Offering","Spot Weakness+1","True Grit+1","Pommel Strike","Flame Barrier","Spot Weakness+1","Shrug It Off+1"],"relics":["Burning Blood","Hammer of Thor","Seething Fire","Anvil of the Gods","Blood Vial","Lantern","Oddly Smooth Stone","CeramicFish","Whetstone","Philosopher\u0027s Stone","MutagenicStrength","Boot"],"acts_visited":["Exordium","TheCity"],"potions_floor_usage":[6,18,33,33,33],"damage_taken":[{"damage":0,"enemies":"2 Louse","floor":1,"turns":4},{"damage":6,"enemies":"Jaw Worm","floor":2,"turns":3},{"damage":4,"enemies":"Small Slimes","floor":5,"turns":4},{"damage":26,"enemies":"Lagavulin","floor":6,"turns":6},{"damage":14,"enemies":"Gremlin Nob","floor":8,"turns":4},{"damage":20,"enemies":"Lagavulin","floor":13,"turns":6},{"damage":0,"enemies":"3 Louse","floor":14,"turns":1},{"damage":16,"enemies":"Slime Boss","floor":16,"turns":9},{"damage":11,"enemies":"2 Thieves","floor":18,"turns":3},{"damage":6,"enemies":"Chosen","floor":19,"turns":3},{"damage":11,"enemies":"Shelled Parasite and Fungi","floor":20,"turns":2},{"damage":39,"enemies":"Gremlin Leader","floor":24,"turns":6},{"damage":22,"enemies":"Snake Plant","floor":25,"turns":3},{"damage":6,"enemies":"3 Cultists","floor":30,"turns":1},{"damage":8,"enemies":"Shelled Parasite and Fungi","floor":31,"turns":2},{"damage":45,"enemies":"Automaton","floor":33,"turns":6}],"seed_played":"4996820021975117030","potions_obtained":[{"floor":2,"key":"Swift Potion"},{"floor":6,"key":"SpeedPotion"},{"floor":8,"key":"BlessingOfTheForge"},{"floor":16,"key":"FearPotion"},{"floor":18,"key":"Ancient Potion"}],"is_trial":false,"path_per_floor":["M","M","$","?","M","E","R","E","T","?","$","R","E","M","R","B",null,"M","M","M","?","?","R","E","M","T","$","?","R","M","M","R","B"],"character_chosen":"IRONCLAD","items_purchased":["AttackPotion","Flame Barrier"],"campfire_rested":1,"item_purchase_floors":[3,27],"current_hp_per_floor":[80,80,80,80,80,60,60,54,54,54,54,54,42,50,50,42,80,75,77,74,59,59,59,28,14,14,14,14,39,41,41,41,0,0],"gold":196,"neow_bonus":"TRANSFORM_CARD","is_daily":false,"chose_seed":false,"campfire_upgraded":5,"win_rate":0.0,"timestamp":1607833816,"path_taken":["M","M","$","?","M","E","R","E","T","?","?","R","E","M","R","BOSS","M","M","M","?","?","R","E","M","T","$","?","R","M","M","R","BOSS"],"items_purchased_type":["Potion","Card"],"build_version":"2020-11-30","purchased_purges":3,"victory":false,"max_hp_per_floor":[80,80,80,80,80,80,80,80,80,80,80,80,80,80,80,80,80,80,80,80,85,85,85,85,85,85,85,85,85,85,85,85,85,85],"relic_stats":{"Blood Vial":22,"counters":[16,63],"CeramicFish":72,"Whetstone":["Strike_R","Twin Strike"],"Boot":[6],"obtain_stats":[{"Blood Vial":6,"Lantern":8,"Anvil of the Gods":0,"CeramicFish":10,"MutagenicStrength":22,"Oddly Smooth Stone":9,"Philosopher\u0027s Stone":17,"Hammer of Thor":0,"Seething Fire":0,"Whetstone":13,"Boot":24,"Burning Blood":0},{"Blood Vial":4,"Lantern":5,"Anvil of the Gods":0,"CeramicFish":5,"MutagenicStrength":11,"Oddly Smooth Stone":5,"Philosopher\u0027s Stone":8,"Hammer of Thor":0,"Seething Fire":0,"Whetstone":6,"Boot":12,"Burning Blood":0},{"Blood Vial":17,"Lantern":21,"Anvil of the Gods":0,"CeramicFish":21,"MutagenicStrength":45,"Oddly Smooth Stone":21,"Philosopher\u0027s Stone":37,"Hammer of Thor":0,"Seething Fire":0,"Whetstone":27,"Boot":51,"Burning Blood":0}],"Burning Blood":82},"card_choices":[{"not_picked":["Perfected Strike","Metallicize","Reckless Charge"],"picked":"SKIP","floor":1},{"not_picked":["Heavy Blade","Body Slam"],"picked":"Uppercut","floor":2},{"not_picked":["Body Slam","Evolve","Clothesline"],"picked":"SKIP","floor":5},{"not_picked":["Metallicize","Infernal Blade"],"picked":"Twin Strike","floor":6},{"not_picked":["Rampage","Infernal Blade"],"picked":"Whirlwind","floor":8},{"not_picked":["Feel No Pain","Hemokinesis","Dual Wield"],"picked":"SKIP","floor":13},{"not_picked":["Iron Wave","Headbutt"],"picked":"Limit Break","floor":14},{"not_picked":["Double Tap","Juggernaut"],"picked":"Offering","floor":16},{"not_picked":["Rage+1","Perfected Strike","Cleave"],"picked":"SKIP","floor":18},{"not_picked":["Thunderclap","Metallicize"],"picked":"Spot Weakness+1","floor":19},{"not_picked":["Warcry","Anger","Iron Wave"],"picked":"SKIP","floor":20},{"not_picked":["Limit Break","Flex"],"picked":"True Grit","floor":24},{"not_picked":["Searing Blow","Metallicize"],"picked":"Pommel Strike","floor":25},{"not_picked":["Sentinel","Dropkick"],"picked":"Spot Weakness+1","floor":30},{"not_picked":["Perfected Strike","True Grit"],"picked":"Shrug It Off+1","floor":31}],"player_experience":655517,"relics_obtained":[{"floor":6,"key":"Blood Vial"},{"floor":8,"key":"Lantern"},{"floor":9,"key":"Oddly Smooth Stone"},{"floor":13,"key":"Whetstone"},{"floor":24,"key":"Boot"}],"event_choices":[{"damage_healed":0,"gold_gain":0,"player_choice":"Ignored","damage_taken":0,"max_hp_gain":0,"max_hp_loss":0,"event_name":"Liars Game","floor":4,"gold_loss":0},{"damage_healed":0,"gold_gain":30,"player_choice":"Searched \u00272\u0027 times","damage_taken":0,"relics_obtained":["CeramicFish"],"max_hp_gain":0,"max_hp_loss":0,"event_name":"Dead Adventurer","floor":10,"gold_loss":0},{"damage_healed":0,"gold_gain":0,"player_choice":"Shed Blood","damage_taken":20,"max_hp_gain":5,"max_hp_loss":0,"event_name":"Forgotten Altar","floor":21,"gold_loss":0},{"damage_healed":0,"gold_gain":0,"player_choice":"Inject Mutagens","damage_taken":0,"relics_obtained":["MutagenicStrength"],"max_hp_gain":0,"max_hp_loss":0,"event_name":"Drug Dealer","floor":22,"gold_loss":0},{"damage_healed":0,"gold_gain":0,"player_choice":"Ignored","damage_taken":0,"max_hp_gain":0,"max_hp_loss":0,"event_name":"The Mausoleum","floor":28,"gold_loss":0}],"is_beta":false,"boss_relics":[{"not_picked":["Runic Dome","Pandora\u0027s Box"],"picked":"Philosopher\u0027s Stone"}],"items_purged_floors":[3,11,27],"is_endless":false,"potions_floor_spawned":[2,6,8,16,18,19,24,31],"killed_by":"Automaton","ascension_level":0}}