{"host":"i344ixtilokuekwt","time":1607835331,"event":{"mods":["BaseMod","Card Forge","Colored Powertips","Minty Spire (QoL Compilation)","Quick Restart","Relic Stats","StSLib"],"gold_per_floor":[368,368,368,386,404,404,433,460,472,484,496,508,520,546,558,570,570],"floor_reached":16,"playtime":365,"items_purged":[],"score":100,"play_id":"75dfa9fe-f335-48a4-a5b0-7cc9b63fb139","local_time":"20201212235531","is_ascension_mode":false,"campfire_choices":[{"data":"Whirlwind","floor":6,"key":"SMITH"},{"data":"Bash","floor":13,"key":"SMITH"},{"data":"Headbutt","floor":15,"key":"SMITH"}],"circlet_count":0,"master_deck":["Strike_R","Strike_R","Strike_R","Strike_R+1","Strike_R+1","Defend_R","Defend_R","Defend_R","Defend_R","Bash+1","Headbutt+1","Whirlwind+1"],"relics":["Burning Blood","Hammer of Thor","Seething Fire","Anvil of the Gods","MawBank","Nunchaku","Golden Idol","Thread and Needle"],"acts_visited":["Exordium"],"potions_floor_usage":[16],"damage_taken":[{"damage":1,"enemies":"Cultist","floor":1,"turns":4},{"damage":0,"enemies":"2 Louse","floor":4,"turns":2},{"damage":5,"enemies":"Small Slimes","floor":5,"turns":3},{"damage":22,"enemies":"3 Sentries","floor":7,"turns":4},{"damage":7,"enemies":"Looter","floor":8,"turns":4},{"damage":0,"enemies":"Large Slime","floor":14,"turns":3},{"damage":49,"enemies":"The Guardian","floor":16,"turns":12}],"seed_played":"103558485572252478","potions_obtained":[{"floor":1,"key":"Strength Potion"},{"floor":7,"key":"Strength Potion"}],"is_trial":false,"path_per_floor":["M","?","?","M","M","R","E","M","T","?","T","?","R","M","R","B"],"character_chosen":"IRONCLAD","items_purchased":[],"campfire_rested":0,"item_purchase_floors":[],"current_hp_per_floor":[61,45,45,51,52,52,36,35,35,35,35,40,40,46,46,0,0],"gold":570,"neow_bonus":"TWO_FIFTY_GOLD","is_daily":false,"chose_seed":false,"campfire_upgraded":3,"win_rate":0.0,"timestamp":1607835331,"path_taken":["M","?","?","M","M","R","E","M","T","?","?","?","R","M","R","BOSS"],"items_purchased_type":[],"build_version":"2020-11-30","purchased_purges":0,"victory":false,"max_hp_per_floor":[80,80,80,80,80,80,80,80,80,74,74,79,79,79,79,79,79],"relic_stats":{"Nunchaku":[2],"counters":[7,32],"Golden Idol":3,"MawBank":108,"obtain_stats":[{"Nunchaku":9,"Anvil of the Gods":0,"Golden Idol":10,"Thread and Needle":11,"Hammer of Thor":0,"Seething Fire":0,"MawBank":7,"Burning Blood":0},{"Nunchaku":5,"Anvil of the Gods":0,"Golden Idol":5,"Thread and Needle":5,"Hammer of Thor":0,"Seething Fire":0,"MawBank":4,"Burning Blood":0},{"Nunchaku":17,"Anvil of the Gods":0,"Golden Idol":17,"Thread and Needle":17,"Hammer of Thor":0,"Seething Fire":0,"MawBank":13,"Burning Blood":0}],"Burning Blood":36},"card_choices":[{"not_picked":["Feel No Pain","Heavy Blade","Body Slam"],"picked":"SKIP","floor":1},{"not_picked":["Perfected Strike","Armaments"],"picked":"Headbutt","floor":4},{"not_picked":["Intimidate","Sentinel"],"picked":"Whirlwind","floor":5},{"not_picked":["True Grit","Carnage","Second Wind"],"picked":"SKIP","floor":7},{"not_picked":["Clash","Berserk","Sword Boomerang"],"picked":"SKIP","floor":8},{"not_picked":["Thunderclap","Headbutt","Dark Embrace"],"picked":"SKIP","floor":14}],"player_experience":655517,"relics_obtained":[{"floor":7,"key":"MawBank"},{"floor":9,"key":"Nunchaku"},{"floor":11,"key":"Thread and Needle"}],"event_choices":[{"damage_healed":0,"gold_gain":0,"player_choice":"Entered Light","damage_taken":16,"max_hp_gain":0,"max_hp_loss":0,"event_name":"Shining Light","floor":2,"gold_loss":0,"cards_upgraded":["Strike_R","Strike_R"]},{"damage_healed":0,"gold_gain":0,"player_choice":"Ignored","damage_taken":0,"max_hp_gain":0,"max_hp_loss":0,"event_name":"Liars Game","floor":3,"gold_loss":0},{"damage_healed":0,"gold_gain":0,"player_choice":"Lose Max HP","damage_taken":0,"relics_obtained":["Golden Idol"],"max_hp_gain":0,"max_hp_loss":6,"event_name":"Golden Idol","floor":10,"gold_loss":0},{"damage_healed":0,"gold_gain":0,"player_choice":"Donut","damage_taken":0,"max_hp_gain":5,"max_hp_loss":0,"event_name":"Big Fish","floor":12,"gold_loss":0}],"is_beta":false,"boss_relics":[],"items_purged_floors":[],"is_endless":false,"potions_floor_spawned":[1,7],"killed_by":"The Guardian","ascension_level":0}}