{"host":"3iouabftir4t7z56","time":1607818842,"event":{"mods":["Astrologer","BaseMod","Colored Map","Minty Spire (QoL Compilation)","StSLib","The Cursed"],"gold_per_floor":[114,129,16,91,91,117,117,129,178,187,187,187],"floor_reached":11,"playtime":480,"items_purged":["astrologer:Strike"],"score":96,"play_id":"e4044ad2-5368-41f3-91f5-38cd92dcbfee","local_time":"20201213012042","is_ascension_mode":false,"campfire_choices":[{"data":"astrologer:StarOfMisfortune","floor":7,"key":"SMITH"}],"circlet_count":0,"master_deck":["astrologer:Strike+1","astrologer:Strike","astrologer:Strike+1","astrologer:Defend+1","astrologer:Defend","astrologer:Defend","astrologer:Defend","astrologer:NorthStar","astrologer:TheFool","astrologer:Radiance+1","astrologer:StarOfMisfortune+1","astrologer:TheLovers","astrologer:FrozenStar","astrologer:StarOfRegret","Parasite"],"relics":["astrologer:SkyMirror","NeowsBlessing","Whetstone","CeramicFish"],"acts_visited":["Exordium"],"potions_floor_usage":[],"damage_taken":[{"damage":0,"enemies":"Cultist","floor":1,"turns":1},{"damage":0,"enemies":"Jaw Worm","floor":2,"turns":1},{"damage":0,"enemies":"3 Sentries","floor":6,"turns":2},{"damage":0,"enemies":"2 Louse","floor":8,"turns":2},{"damage":0,"enemies":"Lagavulin","floor":11,"turns":1}],"seed_played":"-4805735733740532152","potions_obtained":[{"floor":1,"key":"DistilledChaos"},{"floor":6,"key":"BlessingOfTheForge"}],"is_trial":false,"path_per_floor":["M","M","$","?","?","E","R","M","T","?","E"],"character_chosen":"ASTROLOGER","items_purchased":["astrologer:TheLovers"],"campfire_rested":0,"item_purchase_floors":[3],"current_hp_per_floor":[70,70,70,59,45,45,45,45,45,62,62,62],"gold":187,"neow_bonus":"THREE_ENEMY_KILL","is_daily":false,"chose_seed":false,"campfire_upgraded":1,"win_rate":0.0,"timestamp":1607818842,"path_taken":["M","M","$","?","?","E","R","M","T","?","E"],"items_purchased_type":["Card"],"build_version":"2020-11-30","purchased_purges":1,"victory":false,"max_hp_per_floor":[70,70,70,70,70,70,70,70,70,70,70,70],"card_choices":[{"not_picked":["astrologer:Eclipse","astrologer:FrozenStar"],"picked":"astrologer:Radiance","floor":1},{"not_picked":["astrologer:Stardust","astrologer:Divination"],"picked":"astrologer:StarOfMisfortune","floor":2},{"not_picked":["astrologer:SpaceDust","astrologer:ReadTheStars"],"picked":"astrologer:FrozenStar","floor":6},{"not_picked":["astrologer:NeutronStar","astrologer:MeteorShower"],"picked":"astrologer:StarOfRegret","floor":8}],"player_experience":591771,"relics_obtained":[{"floor":6,"key":"Whetstone"},{"floor":9,"key":"CeramicFish"}],"event_choices":[{"damage_healed":0,"gold_gain":75,"player_choice":"Gather Gold","damage_taken":11,"max_hp_gain":0,"max_hp_loss":0,"event_name":"World of Goop","floor":4,"gold_loss":0},{"damage_healed":0,"gold_gain":0,"player_choice":"Entered Light","damage_taken":14,"max_hp_gain":0,"max_hp_loss":0,"event_name":"Shining Light","floor":5,"gold_loss":0,"cards_upgraded":["astrologer:Defend","astrologer:Strike"]},{"damage_healed":17,"gold_gain":0,"player_choice":"Healed and dodged fight","damage_taken":0,"max_hp_gain":0,"max_hp_loss":0,"event_name":"Mushrooms","floor":10,"gold_loss":0,"cards_obtained":["Parasite"]}],"is_beta":false,"boss_relics":[],"items_purged_floors":[3],"is_endless":false,"potions_floor_spawned":[1,6],"killed_by":"Lagavulin","ascension_level":0}}