{"host":"9v3x998ddbx8o276","time":1607824220,"event":{"mods":["AchievementEnabler","BaseMod","Colored Map","Highlight Path","Minty Spire (QoL Compilation)","Quick Restart","Rare Cards Sparkle"],"gold_per_floor":[116,129,129,147,93,119,131,162,198,229,241,271,283,305,317,405,417,439,431,443,405,427,439,31,31,55,27,55,73,73,83,83,161,161,181,199,199,216,216,216,216],"floor_reached":40,"playtime":3025,"items_purged":["Tactician"],"score":841,"play_id":"fab47174-118a-4fc4-803f-4f8abddf51c8","local_time":"20201213122020","is_ascension_mode":true,"campfire_choices":[{"data":"Dagger Spray","floor":7.0,"key":"SMITH"},{"floor":11.0,"key":"REST"},{"data":"Bouncing Flask","floor":13.0,"key":"SMITH"},{"data":"Noxious Fumes","floor":15.0,"key":"SMITH"},{"floor":23.0,"key":"REST"},{"floor":30.0,"key":"REST"},{"floor":32.0,"key":"REST"}],"circlet_count":0,"master_deck":["AscendersBane","Survivor","Neutralize","Escape Plan+1","Glass Knife+1","Cloak And Dagger+1","PiercingWail","Skewer+1","Deflect","Dagger Spray+1","Noxious Fumes+1","PiercingWail","Bouncing Flask+1","Backflip","Envenom","Well Laid Plans+1","Phantasmal Killer","Choke","Slice","Deflect","Prepared","Slice","Deflect","Wraith Form v2","Slice+1","Dodge and Roll","Corpse Explosion","Dodge and Roll","Deflect","Parasite","Riddle With Holes+1"],"relics":["Astrolabe","MawBank","Lantern","PreservedInsect","Chemical X","Nloth\u0027s Gift","Happy Flower","Orichalcum","Fusion Hammer"],"acts_visited":["Exordium","TheCity","TheBeyond"],"potions_floor_usage":[40,40],"damage_taken":[{"damage":1.0,"enemies":"Jaw Worm","floor":1.0,"turns":3.0},{"damage":0.0,"enemies":"Cultist","floor":2.0,"turns":3.0},{"damage":0.0,"enemies":"2 Louse","floor":4.0,"turns":2.0},{"damage":16.0,"enemies":"3 Sentries","floor":6.0,"turns":9.0},{"damage":0.0,"enemies":"Exordium Thugs","floor":8.0,"turns":4.0},{"damage":10.0,"enemies":"Lots of Slimes","floor":10.0,"turns":4.0},{"damage":8.0,"enemies":"Exordium Wildlife","floor":12.0,"turns":5.0},{"damage":2.0,"enemies":"2 Fungi Beasts","floor":14.0,"turns":3.0},{"damage":13.0,"enemies":"Hexaghost","floor":16.0,"turns":8.0},{"damage":9.0,"enemies":"3 Byrds","floor":18.0,"turns":4.0},{"damage":9.0,"enemies":"Spheric Guardian","floor":22.0,"turns":5.0},{"damage":42.0,"enemies":"Gremlin Leader","floor":28.0,"turns":5.0},{"damage":0.0,"enemies":"Snake Plant","floor":29.0,"turns":3.0},{"damage":6.0,"enemies":"Centurion and Healer","floor":31.0,"turns":6.0},{"damage":33.0,"enemies":"Champ","floor":33.0,"turns":13.0},{"damage":28,"enemies":"3 Darklings","floor":35,"turns":5},{"damage":0,"enemies":"Orb Walker","floor":36,"turns":2},{"damage":23,"enemies":"Writhing Mass","floor":38,"turns":6},{"damage":7,"enemies":"Giant Head","floor":40,"turns":1}],"seed_played":"-5822794125031156450","potions_obtained":[{"floor":2.0,"key":"AttackPotion"},{"floor":8.0,"key":"CunningPotion"},{"floor":19.0,"key":"GamblersBrew"},{"floor":31.0,"key":"Explosive Potion"},{"floor":33.0,"key":"Ancient Potion"}],"is_trial":false,"path_per_floor":["M","M","?","M","$","E","R","M","T","M","R","M","R","M","R","B",null,"M","?","$","?","M","R","$","?","T","$","E","M","R","M","R","B",null,"M","M","?","M","?","E"],"character_chosen":"THE_SILENT","items_purchased":["Dexterity Potion","PreservedInsect","Chemical X","Slice","Deflect"],"campfire_rested":4,"item_purchase_floors":[5,24,24,24,27],"current_hp_per_floor":[58,58,58,58,58,42,42,42,42,32,51,43,43,41,41,28,57,48,48,48,48,39,58,58,58,58,58,16,16,35,29,48,15,53,25,25,25,2,2,0,0],"gold":216,"neow_bonus":"BOSS_RELIC","is_daily":false,"chose_seed":false,"campfire_upgraded":3,"win_rate":0.0,"timestamp":1607824220,"path_taken":["M","M","?","M","$","E","R","?","T","M","R","M","R","M","R","BOSS","M","?","?","?","?","R","?","?","T","$","E","?","R","M","R","BOSS","M","M","?","M","?","E"],"items_purchased_type":["Potion","Relic","Relic","Card","Card"],"build_version":"2020-11-30","purchased_purges":1,"victory":false,"max_hp_per_floor":[66,66,66,66,66,66,66,66,66,66,66,66,66,66,66,66,66,66,66,66,66,66,66,66,66,66,66,66,66,66,66,66,66,66,66,66,66,66,66,66,66],"card_choices":[{"not_picked":["Prepared","Calculated Gamble"],"picked":"PiercingWail","floor":1.0},{"not_picked":["PiercingWail","Expertise"],"picked":"Skewer","floor":2.0},{"not_picked":["Quick Slash","Blade Dance"],"picked":"Deflect","floor":4.0},{"not_picked":["Calculated Gamble","Well Laid Plans"],"picked":"Dagger Spray","floor":6.0},{"not_picked":["Poisoned Stab","Setup"],"picked":"Noxious Fumes","floor":8.0},{"not_picked":["Sucker Punch","Dagger Spray"],"picked":"PiercingWail","floor":10.0},{"not_picked":["Deflect","Escape Plan"],"picked":"Bouncing Flask","floor":12.0},{"not_picked":["Choke","Distraction"],"picked":"Backflip","floor":14.0},{"not_picked":["Storm of Steel","Night Terror"],"picked":"Envenom","floor":16.0},{"not_picked":["Quick Slash+1","Blade Dance"],"picked":"Deflect","floor":18.0},{"not_picked":["Bane","Infinite Blades"],"picked":"Prepared","floor":22.0},{"not_picked":["Distraction","Acrobatics"],"picked":"Wraith Form v2","floor":28.0},{"not_picked":["Dagger Spray","All Out Attack+1"],"picked":"Slice+1","floor":29.0},{"not_picked":["Prepared","Dagger Spray"],"picked":"Dodge and Roll","floor":31.0},{"not_picked":["Burst","After Image"],"picked":"Corpse Explosion","floor":33.0},{"not_picked":["Poisoned Stab","Setup"],"picked":"Dodge and Roll","floor":35},{"not_picked":["Blade Dance","Underhanded Strike+1"],"picked":"Deflect","floor":36},{"not_picked":["PiercingWail","Distraction"],"picked":"Riddle With Holes+1","floor":38}],"player_experience":2025848,"relics_obtained":[{"floor":6.0,"key":"MawBank"},{"floor":9.0,"key":"Lantern"},{"floor":26.0,"key":"Happy Flower"},{"floor":28.0,"key":"Orichalcum"}],"event_choices":[{"cards_removed":["Defend_G"],"damage_healed":0.0,"max_hp_gain":0.0,"max_hp_loss":0.0,"gold_gain":0.0,"event_name":"Purifier","player_choice":"Purged","floor":3.0,"gold_loss":0.0,"damage_taken":0.0},{"damage_healed":0.0,"max_hp_gain":0.0,"max_hp_loss":0.0,"gold_gain":0.0,"event_name":"The Woman in Blue","player_choice":"Bought 1 Potion","floor":19.0,"gold_loss":0.0,"damage_taken":0.0},{"damage_healed":0.0,"max_hp_gain":0.0,"max_hp_loss":0.0,"gold_gain":0.0,"event_name":"Designer","player_choice":"Upgraded Two","floor":21.0,"gold_loss":50.0,"damage_taken":0.0,"cards_upgraded":["Skewer","Well Laid Plans"]},{"damage_healed":0.0,"max_hp_gain":0.0,"max_hp_loss":0.0,"gold_gain":0.0,"event_name":"N\u0027loth","player_choice":"Traded Relic","floor":25.0,"relics_lost":["Pandora\u0027s Box"],"gold_loss":0.0,"damage_taken":0.0,"relics_obtained":["Nloth\u0027s Gift"]},{"cards_removed":["Masterful Stab"],"damage_healed":0,"gold_gain":0,"player_choice":"Removed Attack","damage_taken":0,"max_hp_gain":0,"max_hp_loss":0,"event_name":"Falling","floor":37,"gold_loss":0},{"damage_healed":0,"gold_gain":0,"player_choice":"Ignored","damage_taken":0,"max_hp_gain":0,"max_hp_loss":0,"event_name":"Mysterious Sphere","floor":39,"gold_loss":0}],"is_beta":false,"boss_relics":[{"not_picked":["SlaversCollar","Ectoplasm"],"picked":"Pandora\u0027s Box"},{"not_picked":["Runic Dome","Cursed Key"],"picked":"Fusion Hammer"}],"items_purged_floors":[24],"is_endless":false,"potions_floor_spawned":[2,8,10,22,28,31,33,35],"killed_by":"Giant Head","ascension_level":20}}