{"host":"x2bb8tnu3h3a650h","time":1607899649,"event":{"mods":["AchievementEnabler","Aspiration","BaseMod","BetterRewards","Colored Map","Conspire","Defuse TimeMaze Blight","Downfall","Energized Spire","Halation","Hubris","Infinite Spire","Mimic Mod","Minty Spire (QoL Compilation)","Rare Cards Sparkle","Replay The Spire","Shop Mod","Spicy Shops","StSLib","The Jungle","The Servant 0.9.4","Wandering Minibosses","vexMod"],"gold_per_floor":[114,114,114,114,125,125,159,11,37,37,48,48,68,99,99,200,200,215,303,54,54,74,100,100,100,126,160,179,0,11,29,29,126,126,153,203,231,257,58,58,72,72,72,72,72,125,149,172,172,172,172,172],"floor_reached":51,"playtime":2176,"items_purged":["Strike_G","Strike_G","Strike_G","CommonCold","Strike_G"],"score":985,"play_id":"8eefa4af-76a0-4d9f-b3ae-e056660c65fa","local_time":"20201213224729","is_ascension_mode":true,"campfire_choices":[{"floor":6,"key":"REST"},{"data":"infinitespire:FutureSight","floor":10,"key":"SMITH"},{"data":"Deadly Poison","floor":15,"key":"SMITH"},{"floor":25,"key":"REST"},{"floor":32,"key":"REST"},{"data":"Poison Darts","floor":40,"key":"SMITH"},{"data":"Deadly Poison","floor":42,"key":"SMITH"},{"floor":49,"key":"REST"},{"floor":50,"key":"REST"}],"circlet_count":0,"master_deck":["Strike_G","Defend_G","Defend_G","Defend_G","Defend_G","Survivor","Neutralize","Backflip","infinitespire:FutureSight+1","Backflip","Deadly Poison+1","Slice","Poison Darts+1","Bouncing Flask","Deadly Poison+1","Deadly Poison","Poisoned Stab+1","Deadly Poison","Concentrate+1","Malaise","Toxin Wave+1","Deadly Poison+1"],"relics":["NeowsBlessing","aspiration:AnachronicSnailShell","infinitespire:CheckeredPen","Chemical X","ReplayFunnel","The Specimen","Black Star","Replay:Wax Seal","MerchantsRug","MealTicket","aspiration:FrozenJewel","vexMod:MemoryStick","vexMod:FocusSash","Smiling Mask","wanderingMiniBosses:OtherGremlinHorn","infinitespire:EvilPickle","conspire:SeveredTorchhead","hubris:BundleOfHerbs","TwistedFunnel","ReplayTheSpireMod:CursedCoin","Calipers"],"acts_visited":["Exordium","TheCity","TheBeyond"],"potions_floor_usage":[14,14,23,31,33,46,51,51,51],"damage_taken":[{"damage":0,"enemies":"Small Slimes","floor":1,"turns":1},{"damage":0,"enemies":"conspire:RoseBush","floor":5,"turns":1},{"damage":0,"enemies":"3 Sentries","floor":7,"turns":1},{"damage":0,"enemies":"Jaw Worm","floor":11,"turns":2},{"damage":0,"enemies":"conspire:2 RoseBushes","floor":13,"turns":6},{"damage":6,"enemies":"Gremlin Nob","floor":14,"turns":4},{"damage":46,"enemies":"Slime Boss","floor":16,"turns":12},{"damage":4,"enemies":"3 Byrds","floor":18,"turns":3},{"damage":5,"enemies":"Shell Parasite","floor":22,"turns":4},{"damage":13,"enemies":"Replay:Snechameleon","floor":23,"turns":6},{"damage":11,"enemies":"Nightmare","floor":27,"turns":5},{"damage":5,"enemies":"Centurion and Healer","floor":28,"turns":7},{"damage":0,"enemies":"Snecko","floor":30,"turns":3},{"damage":0,"enemies":"3 Cultists","floor":31,"turns":4},{"damage":22,"enemies":"Pondfish","floor":33,"turns":8},{"damage":2,"enemies":"3 Shapes","floor":35,"turns":4},{"damage":1,"enemies":"Mind Bloom Boss Battle","floor":36,"turns":5},{"damage":1,"enemies":"3 Darklings","floor":37,"turns":5},{"damage":0,"enemies":"Sphere and 2 Shapes","floor":38,"turns":3},{"damage":0,"enemies":"Jaw Worm Horde","floor":41,"turns":2},{"damage":15,"enemies":"2 Orb Walkers","floor":46,"turns":4},{"damage":2,"enemies":"Spire Growth","floor":48,"turns":4},{"damage":71,"enemies":"hubris:GrandSnecko","floor":51,"turns":6}],"seed_played":"722115929141291085","potions_obtained":[{"floor":11,"key":"Cursed Concoction"},{"floor":13,"key":"Languid Potion"},{"floor":22,"key":"Ancient Potion"},{"floor":28,"key":"Poison Potion"},{"floor":31,"key":"Strength Potion"},{"floor":35,"key":"SteroidPotion"},{"floor":38,"key":"PowerPotion"},{"floor":46,"key":"sneckomod:MuddlingPotion"}],"is_trial":false,"path_per_floor":["M","?","?","?","M","R","E","$","T","R","M","$","M","E","R","B",null,"M","?","$","?","M","E","AVR","R","T","NM","M","?","M","M","R","B",null,"M","?","M","M","$","R","M","R","MIM","AVR","?","?","T","M","R","R","B"],"character_chosen":"THE_SILENT","items_purchased":["Chemical X","MerchantsRug","TwistedFunnel","ReplayTheSpireMod:CursedCoin","CultistPotion"],"campfire_rested":5,"item_purchase_floors":[8,20,39,39,39],"current_hp_per_floor":[63,46,39,39,39,60,60,60,60,60,60,60,60,54,54,8,55,51,23,23,23,18,5,5,26,26,15,10,10,10,10,31,9,55,53,52,51,51,66,66,66,66,66,66,66,51,51,49,49,70,0,0],"gold":172,"neow_bonus":"THREE_ENEMY_KILL","is_daily":false,"chose_seed":false,"campfire_upgraded":4,"win_rate":0.0,"timestamp":1607899649,"path_taken":["M","?","?","?","?","R","E","$","T","R","M","$","M","E","R","BOSS","M","?","$","?","M","E","AVR","R","T","NM","M","?","M","M","R","BOSS","M","?","M","M","$","R","M","R","MIM","AVR","?","?","?","?","R","R","BOSS"],"items_purchased_type":["Relic","Relic","Relic","Relic","Potion"],"build_version":"2020-11-30","purchased_purges":5,"victory":false,"max_hp_per_floor":[70,70,70,70,70,70,70,70,70,70,70,70,70,70,70,70,70,70,70,70,70,70,70,70,70,70,70,70,70,70,70,70,70,70,70,70,70,70,70,70,70,70,70,70,70,70,70,70,70,70,70,70],"card_choices":[{"not_picked":["Dagger Spray","Masterful Stab"],"picked":"Backflip","floor":1},{"not_picked":["infinitespire:Gouge","infinitespire:DeathsTouch"],"picked":"infinitespire:FutureSight","floor":2},{"not_picked":["Noxious Fumes","Dodge and Roll"],"picked":"Backflip","floor":5},{"not_picked":["Sneak Up","Acrobatics","Cloak And Dagger"],"picked":"SKIP","floor":7},{"not_picked":["Tactician","Dagger Throw","Dodge and Roll"],"picked":"SKIP","floor":11},{"not_picked":["Well Laid Plans","hubris:Counter"],"picked":"Deadly Poison","floor":13},{"not_picked":["Hidden Blade","Deflect"],"picked":"Slice","floor":14},{"not_picked":["Wraith Form v2","Corpse Explosion"],"picked":"Poison Darts","floor":16},{"not_picked":["Cloak And Dagger","Backflip+1"],"picked":"Bouncing Flask","floor":18},{"not_picked":["hubris:TrickCloak","Sucker Punch"],"picked":"Deadly Poison","floor":19},{"not_picked":["Flying Knee","Cloak And Dagger"],"picked":"Deadly Poison","floor":19},{"not_picked":["Cloak And Dagger","Fluid Movement"],"picked":"Poisoned Stab+1","floor":22},{"not_picked":["Envenom","Replay:Poison Smokescreen"],"picked":"Deadly Poison","floor":23},{"not_picked":["Escape Plan","hubris:SlightOfHand+1"],"picked":"Concentrate+1","floor":27},{"not_picked":["Deflect+1","Fluid Movement","Noxious Fumes"],"picked":"SKIP","floor":28},{"not_picked":["Deadly Poison","hubris:SlightOfHand","Finisher"],"picked":"SKIP","floor":30},{"not_picked":["conspire:PoisonWeapons","Dagger Spray+1","Heel Hook"],"picked":"SKIP","floor":31},{"not_picked":["Adrenaline","Storm of Steel"],"picked":"Malaise","floor":33},{"not_picked":["Hidden Blade","Deflect+1","Quick Slash+1"],"picked":"SKIP","floor":35},{"not_picked":["Prepared","Leg Sweep+1"],"picked":"Toxin Wave+1","floor":36},{"not_picked":["Backflip","Dash","Acrobatics"],"picked":"SKIP","floor":37},{"not_picked":["Poisoned Stab","Blade Dance","hubris:SlightOfHand+1"],"picked":"SKIP","floor":38},{"not_picked":["hubris:Counter+1","Phantasmal Killer"],"picked":"Deadly Poison+1","floor":41},{"not_picked":["ReplayTheSpireMod:Speed Training+1","Cloak And Dagger+1","Slice"],"picked":"SKIP","floor":48}],"player_experience":580444,"relics_obtained":[{"floor":7,"key":"infinitespire:CheckeredPen"},{"floor":9,"key":"ReplayFunnel"},{"floor":14,"key":"The Specimen"},{"floor":19,"key":"Replay:Wax Seal"},{"floor":23,"key":"MealTicket"},{"floor":23,"key":"aspiration:FrozenJewel"},{"floor":26,"key":"vexMod:MemoryStick"},{"floor":27,"key":"vexMod:FocusSash"},{"floor":27,"key":"Smiling Mask"},{"floor":28,"key":"wanderingMiniBosses:OtherGremlinHorn"},{"floor":36,"key":"hubris:BundleOfHerbs"},{"floor":46,"key":"Calipers"}],"event_choices":[{"damage_healed":0,"gold_gain":0,"player_choice":"Success","damage_taken":7,"relics_obtained":["aspiration:AnachronicSnailShell"],"max_hp_gain":0,"max_hp_loss":0,"event_name":"Scrap Ooze","floor":3,"gold_loss":0},{"cards_removed":["Defend_G"],"damage_healed":0,"gold_gain":0,"player_choice":"Forget","damage_taken":0,"max_hp_gain":0,"max_hp_loss":0,"event_name":"Living Wall","floor":4,"gold_loss":0},{"damage_healed":0,"gold_gain":0,"player_choice":"Ignored","damage_taken":0,"max_hp_gain":0,"max_hp_loss":0,"event_name":"Vampires","floor":21,"gold_loss":0},{"damage_healed":0,"gold_gain":0,"player_choice":"Paid Fearfully","damage_taken":0,"max_hp_gain":0,"max_hp_loss":0,"event_name":"Masked Bandits","floor":29,"gold_loss":179},{"damage_healed":0,"gold_gain":0,"player_choice":"Fight","damage_taken":0,"max_hp_gain":0,"max_hp_loss":0,"event_name":"MindBloom","floor":36,"gold_loss":0},{"damage_healed":0,"gold_gain":0,"player_choice":"Memory 1","damage_taken":0,"max_hp_gain":0,"max_hp_loss":0,"event_name":"SensoryStone","floor":45,"gold_loss":0},{"damage_healed":0,"gold_gain":0,"player_choice":"Fight","damage_taken":0,"max_hp_gain":0,"max_hp_loss":0,"event_name":"Mysterious Sphere","floor":46,"gold_loss":0}],"is_beta":false,"boss_relics":[{"not_picked":["vexMod:ImprovementManual","halation:CatFaceCupcake"],"picked":"Black Star"},{"not_picked":["vexMod:CursedCompass","energizedSpire:PogoStick"],"picked":"conspire:SeveredTorchhead"}],"items_purged_floors":[20,20,39,39,44],"is_endless":true,"potions_floor_spawned":[11,13,22,28,31,35,38,46],"killed_by":"hubris:GrandSnecko","ascension_level":8}}