{"host":"llpusn9usp8rznkj","time":1607894915,"event":{"mods":["2.2 Compatiblity","BaseMod","Colored Map","Colored Powertips","Conspire","Downfall","Hubris","Minty Spire (QoL Compilation)","Rare Cards Sparkle","Replay The Spire","StSLib","The Cursed"],"gold_per_floor":[111,36,36,36,53,80,80,110,110,110,35,35,61,61,61,61,61],"floor_reached":16,"playtime":552,"items_purged":["Strike_B"],"score":278,"play_id":"b623b997-cbd2-4759-b54e-ae0b093fd841","local_time":"20201213162835","is_ascension_mode":true,"campfire_choices":[{"floor":12.0,"key":"REST"}],"circlet_count":0,"master_deck":["AscendersBane","Strike_B","Strike_B","Strike_B","Defend_B","Defend_B","Defend_B","Defend_B","Zap","Dualcast+1","Heatsinks","Rebound","Defragment+1","Coolheaded","Defragment","Reinforced Body+1"],"relics":["Cracked Core","NeowsBlessing","hubris:CuriousFeather","ReplayTheSpireMod:TigerMarble","conspire:TopHat","Replay:Towering Pillar of Hats","Prayer Wheel"],"acts_visited":["Exordium"],"potions_floor_usage":[16],"damage_taken":[{"damage":0.0,"enemies":"Small Slimes","floor":1.0,"turns":1.0},{"damage":0.0,"enemies":"2 Louse","floor":5.0,"turns":1.0},{"damage":0.0,"enemies":"Lagavulin","floor":6.0,"turns":1.0},{"damage":44.0,"enemies":"Gremlin Nob","floor":8.0,"turns":4.0},{"damage":14.0,"enemies":"3 Sentries","floor":13.0,"turns":9.0},{"damage":21,"enemies":"Fading Forest","floor":16,"turns":7}],"seed_played":"4956423149832135967","potions_obtained":[{"floor":8.0,"key":"ColorlessPotion"},{"floor":13.0,"key":"SkillPotion"}],"is_trial":false,"path_per_floor":["M","$","?","?","M","E","?","E","T","?","$","R","E","?","R_BF","B"],"character_chosen":"DEFECT","items_purchased":["Defragment"],"campfire_rested":1,"item_purchase_floors":[11],"current_hp_per_floor":[64,64,64,71,71,71,71,27,27,6,6,27,13,13,13,0,0],"gold":61,"neow_bonus":"THREE_ENEMY_KILL","is_daily":false,"chose_seed":false,"campfire_upgraded":0,"win_rate":0.0,"timestamp":1607894915,"path_taken":["M","$","?","?","?","E","?","E","T","?","$","R","E","?","R_BF","BOSS"],"items_purchased_type":["Card"],"build_version":"2020-11-30","purchased_purges":1,"victory":false,"max_hp_per_floor":[71,71,71,71,71,71,71,71,71,71,71,71,71,71,71,71,71],"card_choices":[{"not_picked":["Turbo","Gash"],"picked":"Heatsinks","floor":1.0},{"not_picked":["Redo","BasicCrystalCard"],"picked":"Rebound","floor":5.0},{"not_picked":["Hyperbeam","Streamline"],"picked":"Defragment","floor":6.0},{"not_picked":["Consume","Panic Button","BootSequence"],"picked":"SKIP","floor":8.0},{"not_picked":["ReplayTheSpireMod:Dual Polarity","Panic Button"],"picked":"hubris:PowerSurge","floor":13.0}],"player_experience":962523,"relics_obtained":[{"floor":6.0,"key":"hubris:CuriousFeather"},{"floor":8.0,"key":"ReplayTheSpireMod:TigerMarble"},{"floor":9.0,"key":"conspire:TopHat"},{"floor":13.0,"key":"Replay:Towering Pillar of Hats"}],"event_choices":[{"damage_healed":7.0,"max_hp_gain":0.0,"max_hp_loss":0.0,"gold_gain":0.0,"event_name":"Wheel of Change","player_choice":"Full Heal","floor":4.0,"gold_loss":0.0,"damage_taken":0.0},{"damage_healed":0.0,"max_hp_gain":0.0,"max_hp_loss":0.0,"gold_gain":0.0,"event_name":"Shining Light","player_choice":"Entered Light","floor":10.0,"gold_loss":0.0,"damage_taken":21.0,"cards_upgraded":["Defragment","Dualcast"]},{"damage_healed":0,"gold_gain":0,"player_choice":"Fled","damage_taken":0,"max_hp_gain":0,"max_hp_loss":0,"event_name":"Scrap Ooze","floor":14,"gold_loss":0}],"is_beta":false,"boss_relics":[],"items_purged_floors":[2],"is_endless":false,"potions_floor_spawned":[8,13],"killed_by":"Fading Forest","ascension_level":20}}