{"host":"kos1s9q8ffr8fqos","time":1607891213,"event":{"mods":["2.2 Compatiblity","AchievementEnabler","AlwaysNeverKeys","Astrologer","BaseMod","Bestiary","Better Altar","Better Match","Better Note","Better Sensory Stone","Better Skull","Better Third Choice","Better Vampires","Colored Map","Colored Powertips","Curses Come First","Hermit","Infinite Spire","Jorbs\u0027s Wanderer Trilogy","Minty Spire (QoL Compilation)","Quick Restart","Random Character Button","Relic Stats","Shop Mod","StSLib","The Blue Laboratory","The Disciple","The Hierophant"],"gold_per_floor":[111,123,123,11,40,73,73,95,95,95,126,126,170,170,170,282,282,313,330,330,358,30,30,98,98,98,120,120,120,120,168,168,282,282,306,328,328,328,603,603,644,665,665,700,700,749,775,914,914,929],"floor_reached":51,"playtime":3580,"items_purged":["stsjorbsmod:Strike_Wanderer","stsjorbsmod:Strike_Wanderer","Regret"],"score":969,"play_id":"f182ec01-952b-4875-af9a-60bc9ff22eca","local_time":"20201213142653","is_ascension_mode":true,"campfire_choices":[{"data":"stsjorbsmod:DoubleCheck","floor":7.0,"key":"SMITH"},{"data":"Magnetism","floor":10.0,"key":"SMITH"},{"floor":15.0,"key":"REST"},{"data":"stsjorbsmod:Fireball","floor":23,"key":"SMITH"},{"data":"infinitespire:Starlight","floor":25,"key":"SMITH"},{"data":"stsjorbsmod:FindFamiliar","floor":30,"key":"SMITH"},{"data":"stsjorbsmod:Feast","floor":32,"key":"SMITH"},{"data":"stsjorbsmod:IvoryTower","floor":40,"key":"SMITH"},{"data":"stsjorbsmod:ArcaneForm","floor":49,"key":"SMITH"}],"circlet_count":0,"master_deck":["stsjorbsmod:ForbiddenGrimoire+1","stsjorbsmod:FreshAdventure+1","stsjorbsmod:EyeOfTheStorm+1","stsjorbsmod:ArcaneForm+1","stsjorbsmod:DoubleCheck+1","stsjorbsmod:Introspection","Magnetism+1","stsjorbsmod:OldPocket+1","stsjorbsmod:MagicMissiles+1","stsjorbsmod:DisguiseSelf+1","stsjorbsmod:LocateObject","stsjorbsmod:Fireball+1","stsjorbsmod:Banish+1","stsjorbsmod:Prestidigitation+1","stsjorbsmod:Feast+1","stsjorbsmod:Mania","infinitespire:Starlight+1","stsjorbsmod:FranticSearch","stsjorbsmod:SchoolsOfMagic","Writhe","stsjorbsmod:FindFamiliar+1","stsjorbsmod:Pyromancy","stsjorbsmod:MagicMissiles+1","stsjorbsmod:DeathThroes","stsjorbsmod:IvoryTower+1","stsjorbsmod:BlackTentacles+1","stsjorbsmod:Stalwart","stsjorbsmod:FaerieFire","stsjorbsmod:DisguiseSelf","stsjorbsmod:Mania","stsjorbsmod:ScorchingRay+1","stsjorbsmod:MistyStep","Clumsy","stsjorbsmod:Channel+1"],"relics":["stsjorbsmod:GrimoireRelic","infinitespire:Satchel","infinitespire:WardingShard","infinitespire:Cupcake","infinitespire:ShieldingShard","Cursed Key","stsjorbsmod:AlchemistsFireRelic","infinitespire:FocusingShard","Nunchaku","MerchantsRug"],"acts_visited":["Exordium","TheCity","TheBeyond"],"potions_floor_usage":[16,31,42,50,50],"damage_taken":[{"damage":6.0,"enemies":"2 Louse","floor":1.0,"turns":4.0},{"damage":0.0,"enemies":"Small Slimes","floor":2.0,"turns":4.0},{"damage":2.0,"enemies":"Cultist","floor":5.0,"turns":4.0},{"damage":13.0,"enemies":"Lagavulin","floor":6.0,"turns":7.0},{"damage":17.0,"enemies":"Gremlin Gang","floor":8.0,"turns":4.0},{"damage":24.0,"enemies":"Large Slime","floor":11.0,"turns":7.0},{"damage":6.0,"enemies":"3 Louse","floor":13.0,"turns":5.0},{"damage":2,"enemies":"Hexaghost","floor":16,"turns":7},{"damage":14,"enemies":"Shell Parasite","floor":18,"turns":5},{"damage":21,"enemies":"2 Thieves","floor":19,"turns":4},{"damage":4,"enemies":"Centurion and Healer","floor":21,"turns":4},{"damage":20,"enemies":"Slavers","floor":24,"turns":4},{"damage":0,"enemies":"Snecko","floor":27,"turns":4},{"damage":0,"enemies":"Shelled Parasite and Fungi","floor":31,"turns":5},{"damage":46,"enemies":"Automaton","floor":33,"turns":7},{"damage":0,"enemies":"Orb Walker","floor":35,"turns":3},{"damage":0,"enemies":"3 Darklings","floor":36,"turns":3},{"damage":0,"enemies":"Reptomancer","floor":41,"turns":4},{"damage":6,"enemies":"Jaw Worm Horde","floor":42,"turns":2},{"damage":0,"enemies":"Writhing Mass","floor":44,"turns":5},{"damage":0,"enemies":"Sphere and 2 Shapes","floor":46,"turns":3},{"damage":11,"enemies":"Nemesis","floor":47,"turns":3},{"damage":51,"enemies":"Awakened One","floor":50,"turns":7}],"seed_played":"-6653641776296513013","potions_obtained":[{"floor":8.0,"key":"blueLaboratory:LouseDecoction"},{"floor":13.0,"key":"Swift Potion"},{"floor":24,"key":"SkillPotion"},{"floor":27,"key":"blueLaboratory:Moonshine"},{"floor":31,"key":"blueLaboratory:FruitPreserves"},{"floor":36,"key":"FearPotion"},{"floor":41,"key":"ColorlessPotion"},{"floor":42,"key":"blueLaboratory:BottledHope"},{"floor":46,"key":"Weak Potion"}],"is_trial":false,"path_per_floor":["M","M","?","$","M","E","R","M","T","R","M","?","M","?","R","B",null,"M","M","AVR","M","$","R","E","R","T","M","?","?","R","M","R","B",null,"M","M","?","?","?","R","E","M","T","M","AVR","M","E","$","R","B",null],"character_chosen":"WANDERER","items_purchased":["stsjorbsmod:OldPocket","stsjorbsmod:MagicMissiles","stsjorbsmod:AlchemistsFireRelic","MerchantsRug"],"campfire_rested":1,"item_purchase_floors":[4,4,22,48],"current_hp_per_floor":[58,64,64,64,64,57,57,42,42,42,18,18,15,15,34,39,64,56,42,42,57,57,57,54,54,54,72,72,72,72,74,74,39,76,78,80,80,80,80,80,82,82,82,84,84,84,82,82,82,56],"gold":929,"neow_bonus":"THREE_RARE_CARDS","is_daily":false,"chose_seed":false,"campfire_upgraded":8,"win_rate":0.0,"timestamp":1607891213,"path_taken":["M","M","?","$","M","E","R","?","T","R","?","?","M","?","R","BOSS","M","M","AVR","M","$","R","E","R","T","M","?","?","R","?","R","BOSS","M","M","?","?","?","R","E","?","T","M","AVR","M","E","?","R","BOSS"],"items_purchased_type":["Card","Card","Relic","Relic"],"build_version":"2020-11-30","purchased_purges":3,"victory":true,"max_hp_per_floor":[62,64,64,64,64,64,64,64,64,64,64,64,64,64,64,64,64,64,68,68,70,70,70,70,70,70,72,72,72,72,74,74,76,76,78,80,80,80,80,80,82,82,82,84,84,84,86,86,86,88],"relic_stats":{"Nunchaku":[2],"counters":[23,105],"Cursed Key":2,"obtain_stats":[{"MerchantsRug":48,"stsjorbsmod:GrimoireRelic":0,"infinitespire:FocusingShard":24,"stsjorbsmod:AlchemistsFireRelic":22,"Whetstone":47,"War Paint":26,"Cursed Key":20,"White Beast Statue":41,"Nunchaku":45,"infinitespire:ShieldingShard":20,"infinitespire:WardingShard":9,"infinitespire:Satchel":6,"Pandora\u0027s Box":34,"Toxic Egg 2":43,"infinitespire:Cupcake":17},{"MerchantsRug":22,"stsjorbsmod:GrimoireRelic":0,"infinitespire:FocusingShard":12,"stsjorbsmod:AlchemistsFireRelic":11,"Whetstone":22,"War Paint":12,"Cursed Key":10,"White Beast Statue":18,"Nunchaku":20,"infinitespire:ShieldingShard":10,"infinitespire:WardingShard":5,"infinitespire:Satchel":4,"Pandora\u0027s Box":15,"Toxic Egg 2":19,"infinitespire:Cupcake":8},{"MerchantsRug":98,"stsjorbsmod:GrimoireRelic":0,"infinitespire:FocusingShard":59,"stsjorbsmod:AlchemistsFireRelic":55,"Whetstone":98,"War Paint":59,"Cursed Key":51,"White Beast Statue":85,"Nunchaku":92,"infinitespire:ShieldingShard":51,"infinitespire:WardingShard":23,"infinitespire:Satchel":19,"Pandora\u0027s Box":75,"Toxic Egg 2":87,"infinitespire:Cupcake":42}]},"card_choices":[{"not_picked":["stsjorbsmod:Banish","stsjorbsmod:CorrodingBarrier"],"picked":"stsjorbsmod:ArcaneForm","floor":0.0},{"not_picked":["stsjorbsmod:TrueStrike","stsjorbsmod:HedgeWizard"],"picked":"stsjorbsmod:DoubleCheck","floor":1.0},{"not_picked":["stsjorbsmod:ChatteringStrike","stsjorbsmod:TinyHut"],"picked":"stsjorbsmod:Introspection","floor":2.0},{"not_picked":["Dark Shackles","Deep Breath"],"picked":"Magnetism","floor":3.0},{"not_picked":["stsjorbsmod:DoubleCheck","stsjorbsmod:BookOfTongues"],"picked":"stsjorbsmod:DisguiseSelf","floor":5.0},{"not_picked":["stsjorbsmod:AnimateObjects","stsjorbsmod:TrueStrike","stsjorbsmod:ColorSpray"],"picked":"SKIP","floor":6.0},{"not_picked":["stsjorbsmod:RayOfFrost","stsjorbsmod:Prepare"],"picked":"stsjorbsmod:LocateObject","floor":8.0},{"not_picked":["stsjorbsmod:Materialize","stsjorbsmod:Prestidigitation","stsjorbsmod:LocateObject"],"picked":"SKIP","floor":11.0},{"not_picked":["stsjorbsmod:Materialize","stsjorbsmod:UnseenServant"],"picked":"stsjorbsmod:Fireball","floor":13.0},{"not_picked":["stsjorbsmod:GatherPower+1","stsjorbsmod:Determination+1"],"picked":"stsjorbsmod:Banish+1","floor":14.0},{"not_picked":["stsjorbsmod:ParryingBlow+1","stsjorbsmod:BurningFlask+1"],"picked":"stsjorbsmod:Prestidigitation+1","floor":14.0},{"not_picked":["stsjorbsmod:ThirstingSword","stsjorbsmod:Determination"],"picked":"stsjorbsmod:Feast","floor":16},{"not_picked":["stsjorbsmod:Channel","stsjorbsmod:FracturedMind","stsjorbsmod:ChatteringStrike+1"],"picked":"SKIP","floor":18},{"not_picked":["stsjorbsmod:BlackTentacles","stsjorbsmod:HedgeWizard"],"picked":"stsjorbsmod:Mania","floor":19},{"not_picked":["stsjorbsmod:TinyHut+1","stsjorbsmod:TollTheDead"],"picked":"stsjorbsmod:FranticSearch","floor":21},{"not_picked":["stsjorbsmod:RefuseToForget+1","stsjorbsmod:Aid"],"picked":"stsjorbsmod:SchoolsOfMagic","floor":24},{"not_picked":["stsjorbsmod:LoseGrip","stsjorbsmod:WanderingMind+1"],"picked":"stsjorbsmod:FindFamiliar","floor":27},{"not_picked":["stsjorbsmod:TollTheDead+1","stsjorbsmod:Introspection+1"],"picked":"stsjorbsmod:MagicMissiles+1","floor":29},{"not_picked":["stsjorbsmod:TrueStrike","stsjorbsmod:MagicMissiles","stsjorbsmod:Materialize"],"picked":"SKIP","floor":31},{"not_picked":["stsjorbsmod:Fear","stsjorbsmod:Withdraw"],"picked":"stsjorbsmod:DeathThroes","floor":33},{"not_picked":["stsjorbsmod:TrueStrike+1","stsjorbsmod:Mania+1","stsjorbsmod:ArcaneWeapon"],"picked":"SKIP","floor":35},{"not_picked":["stsjorbsmod:Hurt+1","stsjorbsmod:Index+1","stsjorbsmod:Hibernate+1"],"picked":"SKIP","floor":36},{"not_picked":["stsjorbsmod:ChatteringStrike+1","stsjorbsmod:BookOfTongues"],"picked":"stsjorbsmod:ScorchingRay+1","floor":41},{"not_picked":["stsjorbsmod:HoldMonster","stsjorbsmod:Materialize+1"],"picked":"stsjorbsmod:MistyStep","floor":42},{"not_picked":["stsjorbsmod:UnseenServant+1","stsjorbsmod:BlackTentacles"],"picked":"stsjorbsmod:Channel+1","floor":44},{"not_picked":["stsjorbsmod:MagicMissiles","stsjorbsmod:Will+1","stsjorbsmod:TollTheDead"],"picked":"SKIP","floor":46},{"not_picked":["stsjorbsmod:RayOfFrost","stsjorbsmod:WeightOfMemory+1","stsjorbsmod:Hurt+1"],"picked":"SKIP","floor":47}],"player_experience":1223195,"relics_obtained":[{"floor":6.0,"key":"infinitespire:Satchel"},{"floor":9.0,"key":"infinitespire:WardingShard"},{"floor":24,"key":"infinitespire:FocusingShard"},{"floor":26,"key":"War Paint"},{"floor":41,"key":"White Beast Statue"},{"floor":43,"key":"Toxic Egg 2"},{"floor":47,"key":"Whetstone"}],"event_choices":[{"damage_healed":0.0,"max_hp_gain":0.0,"max_hp_loss":0.0,"gold_gain":1.0,"event_name":"betterStone:BetterStone","player_choice":"1","floor":3.0,"gold_loss":0.0,"damage_taken":0.0},{"damage_healed":0.0,"max_hp_gain":0.0,"max_hp_loss":0.0,"gold_gain":0.0,"event_name":"Living Wall","player_choice":"Grow","floor":12.0,"gold_loss":0.0,"damage_taken":0.0,"cards_upgraded":["stsjorbsmod:MagicMissiles"]},{"damage_healed":0.0,"max_hp_gain":0.0,"max_hp_loss":0.0,"gold_gain":0.0,"event_name":"betterMatch:BetterMatch","player_choice":"2","floor":14.0,"gold_loss":0.0,"damage_taken":0.0,"cards_obtained":["betterMatch:CommonCard","betterMatch:RareCard"]},{"damage_healed":0,"gold_gain":0,"player_choice":"Read","damage_taken":0,"max_hp_gain":0,"max_hp_loss":0,"event_name":"The Library","floor":28,"gold_loss":0,"cards_obtained":["stsjorbsmod:Pyromancy"]},{"damage_healed":0,"gold_gain":0,"player_choice":"2","damage_taken":0,"max_hp_gain":0,"max_hp_loss":0,"event_name":"betterMatch:BetterMatch","floor":29,"gold_loss":0,"cards_obtained":["betterMatch:UncommonCard"]},{"damage_healed":0,"gold_gain":0,"player_choice":"Ignored","damage_taken":0,"max_hp_gain":0,"max_hp_loss":0,"event_name":"Mysterious Sphere","floor":38,"gold_loss":0},{"damage_healed":0,"gold_gain":275,"player_choice":"Desecrate","damage_taken":0,"max_hp_gain":0,"max_hp_loss":0,"event_name":"Golden Shrine","floor":39,"gold_loss":0,"cards_obtained":["Regret"]}],"is_beta":false,"boss_relics":[{"not_picked":["Fusion Hammer","SacredBark"],"picked":"infinitespire:Cupcake"},{"not_picked":["Tiny House","Coffee Dripper"],"picked":"Pandora\u0027s Box"}],"items_purged_floors":[20,22,45],"is_endless":false,"potions_floor_spawned":[8,13,24,27,31,36,41,42,44,46,47],"ascension_level":3}}