{"host":"nsxzlb359hv0da5z","time":1607841356,"event":{"mods":["BaseMod","Bestiary","Colored Map","Minty Spire (QoL Compilation)","Permanent Neow","Relic Stats","Slay the Relics Exporter","ojb\u0027s Info Mod"],"gold_per_floor":[13,13,26,47,47,47,67,107,107,107,150,170,170,191,191,284,284,308,152,152,167,37,37,55,55,55,75,0,0,200,221,221,310,310,334,350,350,227,560,560,560,113,191,191,206,236,246,265,265,265,265,265,265,28,55,55],"floor_reached":57,"playtime":11408,"items_purged":["Strike_B","Strike_B","Normality"],"score":2559,"play_id":"28da3d79-72df-49b0-80b6-94e319a4fa58","local_time":"20201212223556","is_ascension_mode":true,"campfire_choices":[{"data":"Go for the Eyes","floor":6.0,"key":"SMITH"},{"floor":10.0,"key":"REST"},{"data":"Sunder","floor":13.0,"key":"SMITH"},{"floor":15.0,"key":"REST"},{"floor":23.0,"key":"REST"},{"data":"Coolheaded","floor":25.0,"key":"SMITH"},{"floor":29.0,"key":"REST"},{"floor":32.0,"key":"REST"},{"data":"Chaos","floor":40.0,"key":"SMITH"},{"floor":44.0,"key":"RECALL"},{"data":"Defragment","floor":49.0,"key":"SMITH"},{"data":"Loop","floor":53.0,"key":"SMITH"}],"circlet_count":0,"master_deck":["AscendersBane","Strike_B","Defend_B","Defend_B","Defend_B","Defend_B","Zap","Dualcast","Echo Form","Compile Driver","Melter","Go for the Eyes+1","Beam Cell","Coolheaded+1","Sunder+1","Chaos+1","Cold Snap","Electrodynamics","Conserve Battery","Undo","Loop+1","Leap+1","Auto Shields","Glacier","Creative AI","Doom and Gloom","Self Repair","Meteor Strike","Defragment+1","Glacier+1","Ball Lightning"],"relics":["Cracked Core","Cables","StrikeDummy","The Courier","Cursed Key","NlothsMask","Lantern","Snecko Eye","Bird Faced Urn","Turnip","Bag of Preparation","FossilizedHelix"],"acts_visited":["Exordium","TheCity","TheBeyond","TheEnding"],"potions_floor_usage":[56],"damage_taken":[{"damage":2.0,"enemies":"2 Louse","floor":1.0,"turns":2.0},{"damage":2.0,"enemies":"Jaw Worm","floor":3.0,"turns":3.0},{"damage":0.0,"enemies":"Cultist","floor":4.0,"turns":2.0},{"damage":9.0,"enemies":"Blue Slaver","floor":7.0,"turns":3.0},{"damage":26.0,"enemies":"Gremlin Nob","floor":8.0,"turns":4.0},{"damage":23.0,"enemies":"3 Sentries","floor":11.0,"turns":6.0},{"damage":0.0,"enemies":"2 Fungi Beasts","floor":12.0,"turns":2.0},{"damage":6.0,"enemies":"Exordium Thugs","floor":14.0,"turns":2.0},{"damage":2.0,"enemies":"Slime Boss","floor":16.0,"turns":6.0},{"damage":25.0,"enemies":"Chosen","floor":18.0,"turns":5.0},{"damage":17.0,"enemies":"Shell Parasite","floor":21.0,"turns":4.0},{"damage":13.0,"enemies":"3 Cultists","floor":24.0,"turns":6.0},{"damage":14.0,"enemies":"Snecko","floor":27.0,"turns":4.0},{"damage":8.0,"enemies":"Snake Plant","floor":31.0,"turns":5.0},{"damage":16.0,"enemies":"Champ","floor":33.0,"turns":12.0},{"damage":3.0,"enemies":"3 Darklings","floor":35.0,"turns":5.0},{"damage":3.0,"enemies":"Orb Walker","floor":36.0,"turns":3.0},{"damage":7.0,"enemies":"Writhing Mass","floor":45.0,"turns":5.0},{"damage":71.0,"enemies":"Nemesis","floor":46.0,"turns":11.0},{"damage":37.0,"enemies":"Transient","floor":47.0,"turns":6.0},{"damage":0.0,"enemies":"4 Shapes","floor":48.0,"turns":5.0},{"damage":26.0,"enemies":"Time Eater","floor":50.0,"turns":13.0},{"damage":46.0,"enemies":"Donu and Deca","floor":51.0,"turns":11.0},{"damage":61.0,"enemies":"Shield and Spear","floor":55.0,"turns":9.0},{"damage":66,"enemies":"The Heart","floor":56,"turns":11}],"seed_played":"229977845282704184","potions_obtained":[{"floor":1.0,"key":"BlessingOfTheForge"},{"floor":4.0,"key":"Dexterity Potion"},{"floor":12.0,"key":"BlessingOfTheForge"},{"floor":31.0,"key":"FocusPotion"},{"floor":33.0,"key":"LiquidBronze"},{"floor":46.0,"key":"FocusPotion"},{"floor":47.0,"key":"Swift Potion"}],"is_trial":false,"path_per_floor":["M","?","M","M","?","R","M","E","T","R","E","M","R","M","R","B",null,"M","$","?","M","$","R","M","R","T","M","?","R","?","M","R","B",null,"M","M","?","$","?","R","?","$","T","R","M","E","M","M","R","B","B",null,"R","$","E","B",null],"character_chosen":"DEFECT","items_purchased":["Undo","Loop","Lantern","Meteor Strike","Defragment","Bird Faced Urn","Swift Potion","Bag of Preparation"],"campfire_rested":5,"item_purchase_floors":[19,19,22,38,42,42,42,54],"current_hp_per_floor":[62,62,60,60,60,60,51,25,25,44,21,21,21,15,34,32,56,31,31,31,14,14,33,20,20,20,6,6,25,25,17,36,20,53,50,47,47,47,47,47,47,47,47,47,61,29,4,40,40,60,48,58,58,58,36,38],"gold":55,"neow_bonus":"THREE_RARE_CARDS","is_daily":false,"chose_seed":false,"campfire_upgraded":6,"win_rate":0.0,"timestamp":1607841356,"path_taken":["M","?","M","M","?","R","M","E","T","R","E","M","R","M","R","BOSS","M","$","?","M","?","R","M","R","T","M","?","R","?","M","R","BOSS","M","M","?","$","?","R","?","$","T","R","M","E","M","M","R","BOSS","BOSS","R","$","E","BOSS"],"items_purchased_type":["Card","Card","Relic","Card","Card","Relic","Potion","Relic"],"build_version":"2020-11-30","purchased_purges":3,"victory":true,"max_hp_per_floor":[71,64,64,64,64,64,64,64,64,64,64,64,64,64,64,64,64,64,64,64,64,64,64,64,64,64,64,64,64,64,64,64,64,64,64,64,61,61,61,61,61,61,61,61,61,61,61,61,61,61,61,61,61,61,61,61],"relic_stats":{"counters":[25,145],"Bird Faced Urn":[229],"Snecko Eye":[119,132,143,117],"Turnip":[5],"Bag of Preparation":[4],"Cursed Key":2,"obtain_stats":[{"Lantern":22,"Golden Idol":2,"The Courier":11,"Bag of Preparation":54,"Cursed Key":17,"Cables":8,"Bird Faced Urn":42,"Snecko Eye":34,"Turnip":46,"Cracked Core":0,"StrikeDummy":9,"FossilizedHelix":55,"NlothsMask":20},{"Lantern":11,"Golden Idol":1,"The Courier":6,"Bag of Preparation":23,"Cursed Key":9,"Cables":5,"Bird Faced Urn":17,"Snecko Eye":15,"Turnip":19,"Cracked Core":0,"StrikeDummy":5,"FossilizedHelix":24,"NlothsMask":10},{"Lantern":39,"Golden Idol":2,"The Courier":20,"Bag of Preparation":125,"Cursed Key":30,"Cables":14,"Bird Faced Urn":74,"Snecko Eye":66,"Turnip":90,"Cracked Core":0,"StrikeDummy":14,"FossilizedHelix":134,"NlothsMask":35}],"Cables":[115,41,42,20,12]},"card_choices":[{"not_picked":["Seek","Creative AI"],"picked":"Echo Form","floor":0.0},{"not_picked":["Redo","Consume"],"picked":"Compile Driver","floor":1.0},{"not_picked":["Compile Driver","White Noise"],"picked":"Melter","floor":3.0},{"not_picked":["Consume","Rebound"],"picked":"Go for the Eyes","floor":4.0},{"not_picked":["Multi-Cast","Redo"],"picked":"Beam Cell","floor":7.0},{"not_picked":["Streamline","Gash"],"picked":"Coolheaded","floor":8.0},{"not_picked":["Steam","Chaos"],"picked":"Sunder","floor":11.0},{"not_picked":["Tempest","Capacitor"],"picked":"Chaos","floor":12.0},{"not_picked":["Doom and Gloom","Fusion"],"picked":"Cold Snap","floor":14.0},{"not_picked":["All For One","Creative AI"],"picked":"Electrodynamics","floor":16.0},{"not_picked":["Stack","Rebound"],"picked":"Conserve Battery","floor":18.0},{"not_picked":["Beam Cell+1","Stack"],"picked":"Leap+1","floor":21.0},{"not_picked":["Beam Cell","Storm+1","Coolheaded"],"picked":"SKIP","floor":24.0},{"not_picked":["Rebound","Ball Lightning"],"picked":"Auto Shields","floor":27.0},{"not_picked":["Beam Cell","Heatsinks"],"picked":"Glacier","floor":31.0},{"not_picked":["Machine Learning","Echo Form"],"picked":"Creative AI","floor":33.0},{"not_picked":["Stack","Tempest"],"picked":"Doom and Gloom","floor":35.0},{"not_picked":["Barrage","Streamline"],"picked":"Self Repair","floor":36.0},{"not_picked":["Darkness","Gash","Beam Cell"],"picked":"SKIP","floor":45.0},{"not_picked":["Genetic Algorithm","Ball Lightning"],"picked":"Glacier+1","floor":46.0},{"not_picked":["Chaos","Leap","Double Energy"],"picked":"SKIP","floor":47.0},{"not_picked":["Steam Power+1","Blizzard","Sweeping Beam"],"picked":"SKIP","floor":48.0},{"not_picked":["Steam Power+1","Blizzard","Sweeping Beam"],"picked":"SKIP","floor":48.0},{"not_picked":["Conserve Battery","Turbo"],"picked":"Ball Lightning","floor":55.0}],"player_experience":1780663,"relics_obtained":[{"floor":8.0,"key":"Cables"},{"floor":9.0,"key":"StrikeDummy"},{"floor":11.0,"key":"The Courier"},{"floor":46.0,"key":"Turnip"},{"floor":55.0,"key":"FossilizedHelix"}],"event_choices":[{"damage_healed":0.0,"max_hp_gain":0.0,"max_hp_loss":7.0,"gold_gain":0.0,"event_name":"Golden Idol","player_choice":"Lose Max HP","floor":2.0,"gold_loss":0.0,"damage_taken":0.0,"relics_obtained":["Golden Idol"]},{"damage_healed":0.0,"max_hp_gain":0.0,"max_hp_loss":0.0,"gold_gain":0.0,"event_name":"The Cleric","player_choice":"Leave","floor":5.0,"gold_loss":0.0,"damage_taken":0.0},{"damage_healed":0.0,"max_hp_gain":0.0,"max_hp_loss":0.0,"gold_gain":0.0,"event_name":"FaceTrader","player_choice":"Trade","floor":20.0,"gold_loss":0.0,"damage_taken":0.0,"relics_obtained":["NlothsMask"]},{"cards_removed":["Regret"],"damage_healed":0.0,"max_hp_gain":0.0,"max_hp_loss":0.0,"gold_gain":0.0,"event_name":"Beggar","player_choice":"Gave Gold","floor":28.0,"gold_loss":75.0,"damage_taken":0.0},{"damage_healed":0.0,"max_hp_gain":0.0,"max_hp_loss":0.0,"gold_gain":200.0,"event_name":"Wheel of Change","player_choice":"Gold","floor":30.0,"gold_loss":0.0,"damage_taken":0.0},{"damage_healed":0.0,"max_hp_gain":0.0,"max_hp_loss":3.0,"gold_gain":0.0,"event_name":"Winding Halls","player_choice":"Max HP","floor":37.0,"gold_loss":0.0,"damage_taken":0.0},{"damage_healed":0.0,"max_hp_gain":0.0,"max_hp_loss":0.0,"gold_gain":333.0,"event_name":"The Moai Head","player_choice":"Gave Idol","floor":39.0,"relics_lost":["Golden Idol"],"gold_loss":0.0,"damage_taken":0.0},{"cards_removed":["Strike_B"],"damage_healed":0.0,"max_hp_gain":0.0,"max_hp_loss":0.0,"gold_gain":0.0,"event_name":"Falling","player_choice":"Removed Attack","floor":41.0,"gold_loss":0.0,"damage_taken":0.0}],"is_beta":false,"boss_relics":[{"not_picked":["Philosopher\u0027s Stone","Astrolabe"],"picked":"Cursed Key"},{"not_picked":["SlaversCollar","Black Star"],"picked":"Snecko Eye"}],"items_purged_floors":[19,42,54],"is_endless":false,"potions_floor_spawned":[1,4,12,31,33,46,47],"ascension_level":20}}