{"host":"ih7ofq2zpufcoifs","time":1607873029,"event":{"mods":["BaseMod","Colored Map","Minty Spire (QoL Compilation)"],"gold_per_floor":[109,34,47,47,64,64,95,95,95,95,95,109,143,162,162,162,162],"floor_reached":16,"playtime":666,"items_purged":["Strike_R"],"score":248,"play_id":"40a40277-90d2-48be-86f1-de1c2dcae2fe","local_time":"20201214012349","is_ascension_mode":true,"campfire_choices":[{"data":"Bash","floor":6,"key":"SMITH"},{"data":"Carnage","floor":8,"key":"SMITH"},{"floor":10,"key":"REST"},{"data":"Rupture","floor":15,"key":"SMITH"}],"circlet_count":0,"master_deck":["AscendersBane","Strike_R","Strike_R","Strike_R","Strike_R","Defend_R","Defend_R","Defend_R","Defend_R","Bash+1","Carnage+1","Headbutt","Pain","Rupture+1"],"relics":["SlaversCollar","WarpedTongs","Matryoshka","Oddly Smooth Stone","InkBottle","Golden Idol","Orichalcum"],"acts_visited":["Exordium"],"potions_floor_usage":[16],"damage_taken":[{"damage":15,"enemies":"Cultist","floor":1,"turns":5},{"damage":4,"enemies":"Small Slimes","floor":3,"turns":6},{"damage":9,"enemies":"Jaw Worm","floor":5,"turns":3},{"damage":22,"enemies":"3 Sentries","floor":7,"turns":8},{"damage":2,"enemies":"3 Louse","floor":12,"turns":4},{"damage":18,"enemies":"Lagavulin","floor":13,"turns":4},{"damage":3,"enemies":"2 Fungi Beasts","floor":14,"turns":3}],"seed_played":"7574888034063864250","potions_obtained":[{"floor":1,"key":"ElixirPotion"},{"floor":7,"key":"CultistPotion"}],"is_trial":false,"path_per_floor":["M","$","M","?","M","R","E","R","T","R","?","M","E","M","R","B"],"character_chosen":"IRONCLAD","items_purchased":[],"campfire_rested":1,"item_purchase_floors":[],"current_hp_per_floor":[57,57,53,53,44,44,22,22,22,46,46,44,26,23,23,0,0],"gold":162,"neow_bonus":"BOSS_RELIC","is_daily":false,"chose_seed":false,"campfire_upgraded":3,"win_rate":0.0,"timestamp":1607873029,"path_taken":["M","?","M","?","?","R","E","R","T","R","?","M","E","M","R","BOSS"],"items_purchased_type":[],"build_version":"2020-11-30","purchased_purges":1,"victory":false,"max_hp_per_floor":[80,80,80,80,80,80,80,80,80,80,74,74,74,74,74,74,74],"card_choices":[{"not_picked":["Evolve","Heavy Blade"],"picked":"Carnage","floor":1},{"not_picked":["Shrug It Off","Iron Wave"],"picked":"Headbutt","floor":3},{"not_picked":["Entrench","Flex","Brutality"],"picked":"SKIP","floor":5},{"not_picked":["Entrench","Flex","Brutality"],"picked":"SKIP","floor":5},{"not_picked":["Entrench","Flex","Brutality"],"picked":"SKIP","floor":5},{"not_picked":["Thunderclap","Power Through","Intimidate"],"picked":"SKIP","floor":7},{"not_picked":["Fire Breathing","Second Wind"],"picked":"Rupture","floor":12},{"not_picked":["Pommel Strike","Searing Blow","Headbutt"],"picked":"SKIP","floor":13},{"not_picked":["Sword Boomerang","Evolve","Reckless Charge"],"picked":"SKIP","floor":14}],"player_experience":311149,"relics_obtained":[{"floor":7,"key":"Matryoshka"},{"floor":9,"key":"Oddly Smooth Stone"},{"floor":9,"key":"InkBottle"},{"floor":13,"key":"Orichalcum"}],"event_choices":[{"damage_healed":0,"gold_gain":0,"player_choice":"Rummage","damage_taken":0,"relics_obtained":["WarpedTongs"],"max_hp_gain":0,"max_hp_loss":0,"event_name":"Accursed Blacksmith","floor":4,"gold_loss":0,"cards_obtained":["Pain"]},{"damage_healed":0,"gold_gain":0,"player_choice":"Lose Max HP","damage_taken":0,"relics_obtained":["Golden Idol"],"max_hp_gain":0,"max_hp_loss":6,"event_name":"Golden Idol","floor":11,"gold_loss":0}],"is_beta":false,"boss_relics":[],"items_purged_floors":[2],"is_endless":false,"potions_floor_spawned":[1,7],"killed_by":"The Guardian","ascension_level":11}}