{"host":"99ad87xtd5ypi7ii","time":1607895869,"event":{"mods":["BaseMod","Hermit","Highlight Path","Marisa????????","Minty Spire (QoL Compilation)","Robot Space Explorer","StSLib","The Bladedancer","The Construct","The Cursed","The Disciple","The Elementalist","The Gatherer","The Hierophant","The Runesmith","The Servant 0.9.4","TheVacant"],"gold_per_floor":[114,114,34,46,56,91,91,120,120,132,152,152,169,197,197,294,294,304,323,323,323,219,219,248,248,248,276,191,206,206,96,96,96,96],"floor_reached":33,"playtime":1834,"items_purged":["RobotSpaceExplorer:Strike"],"score":441,"play_id":"ec40e30d-acdb-4036-8c53-2f7193902914","local_time":"20201213224429","is_ascension_mode":true,"campfire_choices":[{"data":"RobotSpaceExplorer:Discharger","floor":7,"key":"SMITH"},{"floor":12,"key":"REST"},{"data":"RobotSpaceExplorer:Calculate","floor":15,"key":"SMITH"},{"data":"RobotSpaceExplorer:Discharger","floor":23,"key":"SMITH"},{"floor":25,"key":"REST"},{"data":"RobotSpaceExplorer:Electropulse","floor":32,"key":"SMITH"}],"circlet_count":0,"master_deck":["RobotSpaceExplorer:Strike","RobotSpaceExplorer:Strike","RobotSpaceExplorer:Defend","RobotSpaceExplorer:Defend+1","RobotSpaceExplorer:Defend","RobotSpaceExplorer:Defend","RobotSpaceExplorer:Scan","RobotSpaceExplorer:MiniLasers","RobotSpaceExplorer:MiniDrones","RobotSpaceExplorer:ShovelStrike","RobotSpaceExplorer:Discharger+1","RobotSpaceExplorer:Calculate+1","RobotSpaceExplorer:Probe","RobotSpaceExplorer:ShockKick","RobotSpaceExplorer:GearShield+1","RobotSpaceExplorer:Jetpack","RobotSpaceExplorer:Smokescreen","RobotSpaceExplorer:Electropulse+1","RobotSpaceExplorer:Discharger+1","RobotSpaceExplorer:IronShell+1","RobotSpaceExplorer:ShockKick+1","RobotSpaceExplorer:IronShell","RobotSpaceExplorer:Electropulse+1"],"relics":["RobotSpaceExplorer:RoboCore","Vajra","Mercury Hourglass","Ancient Tea Set","Juzu Bracelet","RobotSpaceExplorer:SearchSpecs","Bronze Scales","MutagenicStrength","elementalistmod:BlueRibbon","Incense Burner","War Paint","Pantograph","Darkstone Periapt","HornCleat"],"acts_visited":["Exordium","TheCity"],"potions_floor_usage":[6,6,14,14,16,24,27,33],"damage_taken":[{"damage":11,"enemies":"2 Louse","floor":1,"turns":3},{"damage":1,"enemies":"Cultist","floor":4,"turns":3},{"damage":3,"enemies":"Small Slimes","floor":5,"turns":3},{"damage":28,"enemies":"Gremlin Nob","floor":6,"turns":4},{"damage":5,"enemies":"3 Sentries","floor":8,"turns":4},{"damage":1,"enemies":"Red Slaver","floor":10,"turns":2},{"damage":3,"enemies":"Large Slime","floor":11,"turns":4},{"damage":0,"enemies":"Exordium Wildlife","floor":13,"turns":1},{"damage":14,"enemies":"Gremlin Nob","floor":14,"turns":4},{"damage":0,"enemies":"Slime Boss","floor":16,"turns":5},{"damage":17,"enemies":"Shell Parasite","floor":18,"turns":5},{"damage":5,"enemies":"Spheric Guardian","floor":19,"turns":3},{"damage":6,"enemies":"Slavers","floor":24,"turns":5},{"damage":10,"enemies":"Book of Stabbing","floor":27,"turns":4},{"damage":0,"enemies":"3 Cultists","floor":29,"turns":4},{"damage":4,"enemies":"Champ","floor":33,"turns":6}],"seed_played":"923408965493929400","potions_obtained":[{"floor":1,"key":"Fire Potion"},{"floor":4,"key":"Energy Potion"},{"floor":8,"key":"Weak Potion"},{"floor":10,"key":"SkillPotion"},{"floor":13,"key":"construct:ShiftPotion"},{"floor":14,"key":"SneckoOil"},{"floor":19,"key":"RobotSpaceExplorer:RecyclePotion"}],"is_trial":false,"path_per_floor":["M","?","$","M","M","E","R","E","T","M","M","R","M","E","R","B",null,"M","M","?","?","?","R","E","R","T","E","?","M","?","$","R","B"],"character_chosen":"RobotSpaceExplorer","items_purchased":["RobotSpaceExplorer:Discharger","RobotSpaceExplorer:Electropulse"],"campfire_rested":2,"item_purchase_floors":[3,31],"current_hp_per_floor":[71,71,71,70,67,39,39,34,34,33,30,54,54,40,40,40,72,55,50,50,50,50,50,44,68,68,58,58,58,58,58,58,78,78],"gold":96,"neow_bonus":"TEN_PERCENT_HP_BONUS","is_daily":false,"chose_seed":false,"campfire_upgraded":4,"win_rate":0.0,"timestamp":1607895869,"path_taken":["M","?","$","?","M","E","R","E","T","?","M","R","M","E","R","BOSS","M","M","?","?","?","R","E","R","T","E","?","M","?","?","R","BOSS"],"items_purchased_type":["Card","Card"],"build_version":"2020-11-30","purchased_purges":1,"victory":false,"max_hp_per_floor":[82,82,82,82,82,82,82,82,82,82,82,82,82,82,82,82,82,82,82,82,82,82,82,82,82,82,82,82,82,82,82,82,82,82],"card_choices":[{"not_picked":["RobotSpaceExplorer:Ammunition","RobotSpaceExplorer:GlueSpray"],"picked":"RobotSpaceExplorer:MiniDrones","floor":1},{"not_picked":["RobotSpaceExplorer:ToxicBomb","RobotSpaceExplorer:ImprovisedAttack"],"picked":"RobotSpaceExplorer:Calculate","floor":4},{"not_picked":["RobotSpaceExplorer:DoubleBlock","RobotSpaceExplorer:SurgingShield"],"picked":"RobotSpaceExplorer:Probe","floor":5},{"not_picked":["RobotSpaceExplorer:FreezingShield","RobotSpaceExplorer:JunkDive"],"picked":"RobotSpaceExplorer:ShockKick","floor":6},{"not_picked":["RobotSpaceExplorer:GearShield","RobotSpaceExplorer:ScrapMissile","RobotSpaceExplorer:ImprovisedAttack"],"picked":"SKIP","floor":8},{"not_picked":["RobotSpaceExplorer:MetalStrike","RobotSpaceExplorer:PowerCollector"],"picked":"RobotSpaceExplorer:GearShield","floor":10},{"not_picked":["RobotSpaceExplorer:LaserBurst","RobotSpaceExplorer:Ammunition"],"picked":"RobotSpaceExplorer:Jetpack","floor":11},{"not_picked":["RobotSpaceExplorer:PlasmaMissile","RobotSpaceExplorer:Counterblock","RobotSpaceExplorer:ToxicBomb"],"picked":"SKIP","floor":13},{"not_picked":["RobotSpaceExplorer:GlueShot","RobotSpaceExplorer:SurgingStrike"],"picked":"RobotSpaceExplorer:Smokescreen","floor":14},{"not_picked":["RobotSpaceExplorer:Scanner","RobotSpaceExplorer:Blaster"],"picked":"RobotSpaceExplorer:Exploration","floor":16},{"not_picked":["RobotSpaceExplorer:StarLightning","RobotSpaceExplorer:DoubleFind+1"],"picked":"RobotSpaceExplorer:Electropulse+1","floor":18},{"not_picked":["RobotSpaceExplorer:RigExplosive","RobotSpaceExplorer:Ammunition+1"],"picked":"RobotSpaceExplorer:Discharger","floor":19},{"not_picked":["RobotSpaceExplorer:PowerCollector","RobotSpaceExplorer:PowerGlove+1"],"picked":"RobotSpaceExplorer:IronShell+1","floor":24},{"not_picked":["RobotSpaceExplorer:SlimeMissile+1","RobotSpaceExplorer:FreezingShield"],"picked":"RobotSpaceExplorer:ShockKick+1","floor":27},{"not_picked":["RobotSpaceExplorer:MiniDrones","RobotSpaceExplorer:SwiftStep"],"picked":"RobotSpaceExplorer:IronShell","floor":29}],"player_experience":718061,"relics_obtained":[{"floor":6,"key":"Vajra"},{"floor":8,"key":"Mercury Hourglass"},{"floor":9,"key":"Ancient Tea Set"},{"floor":14,"key":"Juzu Bracelet"},{"floor":18,"key":"Bronze Scales"},{"floor":24,"key":"War Paint"},{"floor":26,"key":"Pantograph"},{"floor":27,"key":"Darkstone Periapt"}],"event_choices":[{"damage_healed":0,"gold_gain":0,"cards_transformed":["RobotSpaceExplorer:Strike"],"player_choice":"Transformed","damage_taken":0,"max_hp_gain":0,"max_hp_loss":0,"event_name":"Transmorgrifier","floor":2,"gold_loss":0,"cards_obtained":["RobotSpaceExplorer:ShovelStrike"]},{"damage_healed":0,"gold_gain":0,"player_choice":"Inject Mutagens","damage_taken":0,"relics_obtained":["MutagenicStrength"],"max_hp_gain":0,"max_hp_loss":0,"event_name":"Drug Dealer","floor":20,"gold_loss":0},{"damage_healed":0,"gold_gain":0,"player_choice":"Paid Gold","damage_taken":0,"relics_obtained":["Incense Burner"],"max_hp_gain":0,"max_hp_loss":0,"event_name":"WeMeetAgain","floor":22,"gold_loss":104},{"damage_healed":0,"gold_gain":0,"player_choice":"Obtained Relic","damage_taken":0,"relics_obtained":["HornCleat"],"max_hp_gain":0,"max_hp_loss":0,"event_name":"Addict","floor":28,"gold_loss":85},{"damage_healed":0,"gold_gain":0,"player_choice":"Ignored","damage_taken":0,"max_hp_gain":0,"max_hp_loss":0,"event_name":"Vampires","floor":30,"gold_loss":0}],"is_beta":false,"boss_relics":[{"not_picked":["Empty Cage","Tiny House"],"picked":"RobotSpaceExplorer:SearchSpecs"}],"items_purged_floors":[31],"is_endless":false,"potions_floor_spawned":[1,4,8,10,13,14,19],"killed_by":"Champ","ascension_level":5}}