{"host":"jxajaf4sdikd2b60","time":1607843044,"event":{"mods":["2.2 Compatiblity","AchievementEnabler","BaseMod","Better Altar","Better Match","Better Note","Better Sensory Stone","Better Skull","Better Third Choice","Better Vampires","BetterRewards","Colored Powertips","Minty Spire (QoL Compilation)","Permanent Neow","Quick Restart","Relic Stats","Slay-I","Spicy Shops","StSLib","Transform Curses"],"gold_per_floor":[110,110,126,138,138,138,163,338,338,355,129,140,140,156,156,261,311,330,330,23,23,23,23,0,20,20,36,61,61,61,72,72,171,171,186,199,199,199,214,214,8,34,34,49,49,49],"floor_reached":45,"playtime":1640,"items_purged":["Strike_B","Strike_B","Strike_B","Doubt","Strike_B","Gash"],"score":880,"play_id":"8361e07c-a54d-43e8-8fe7-24a801e28b5a","local_time":"20201213020404","is_ascension_mode":true,"campfire_choices":[{"data":"White Noise","floor":6,"key":"SMITH"},{"data":"Zap","floor":15,"key":"SMITH"},{"data":"Creative AI","floor":23,"key":"SMITH"},{"floor":30,"key":"REST"},{"data":"Thunder Strike","floor":32,"key":"SMITH"},{"data":"Force Field","floor":40,"key":"SMITH"}],"circlet_count":0,"master_deck":["Defend_B","Defend_B","Defend_B","Defend_B","Zap+1","Dualcast","White Noise","Conserve Battery","Aggregate","Ball Lightning","Capacitor","White Noise+1","Storm","Sweeping Beam","Thunder Strike+1","Purity+1","Gash","Creative AI+1","Force Field+1","Ball Lightning+1","Force Field","Conserve Battery","Self Repair+1","Electrodynamics","White Noise+1","Consume+1"],"relics":["Cracked Core","Meat on the Bone","Membership Card","Du-Vu Doll","Gambling Chip","Omamori","Tiny House","Juzu Bracelet","DollysMirror","Pantograph","Nloth\u0027s Gift","Symbiotic Virus","Toxic Egg 2","Smiling Mask","Bloody Idol","SlaversCollar","Runic Capacitor","Strawberry","Boot","White Beast Statue"],"acts_visited":["Exordium","TheCity","TheBeyond"],"potions_floor_usage":[4,10,10,27,28,35,44,44,45],"damage_taken":[{"damage":0,"enemies":"Cultist","floor":1,"turns":4},{"damage":0,"enemies":"Jaw Worm","floor":3,"turns":3},{"damage":10,"enemies":"Small Slimes","floor":4,"turns":3},{"damage":18,"enemies":"Lagavulin","floor":7,"turns":5},{"damage":5,"enemies":"3 Louse","floor":10,"turns":2},{"damage":13,"enemies":"Blue Slaver","floor":12,"turns":2},{"damage":0,"enemies":"Red Slaver","floor":14,"turns":4},{"damage":0,"enemies":"Slime Boss","floor":16,"turns":4},{"damage":23,"enemies":"3 Byrds","floor":18,"turns":4},{"damage":12,"enemies":"Shell Parasite","floor":25,"turns":4},{"damage":0,"enemies":"3 Cultists","floor":27,"turns":3},{"damage":21,"enemies":"Book of Stabbing","floor":28,"turns":4},{"damage":26,"enemies":"Centurion and Healer","floor":31,"turns":4},{"damage":51,"enemies":"Champ","floor":33,"turns":7},{"damage":42,"enemies":"3 Darklings","floor":35,"turns":7},{"damage":0,"enemies":"3 Shapes","floor":36,"turns":3},{"damage":65,"enemies":"Sphere and 2 Shapes","floor":39,"turns":5},{"damage":7,"enemies":"Maw","floor":44,"turns":7},{"damage":83,"enemies":"4 Shapes","floor":45,"turns":3}],"seed_played":"317687540631625229","potions_obtained":[{"floor":1,"key":"Energy Potion"},{"floor":4,"key":"EssenceOfSteel"},{"floor":7,"key":"AttackPotion"},{"floor":12,"key":"Strength Potion"},{"floor":17,"key":"DuplicationPotion"},{"floor":25,"key":"Explosive Potion"},{"floor":27,"key":"Strength Potion"},{"floor":33,"key":"SpeedPotion"},{"floor":35,"key":"Dexterity Potion"},{"floor":44,"key":"Block Potion"}],"is_trial":false,"path_per_floor":["M","?","M","M","?","R","E","?","T","M","$","M","?","M","R","B",null,"M","?","$","?","T","R","?","M","T","M","E","?","R","M","R","B",null,"M","M","?","?","M","R","$","T","T","M","M"],"character_chosen":"DEFECT","items_purchased":["Meat on the Bone","White Noise","Conserve Battery","Membership Card","Lee\u0027s Waffle","Gash","Omamori","Sweeping Beam","DollysMirror","Pantograph","Conserve Battery","Runic Capacitor","Strawberry"],"campfire_rested":1,"item_purchase_floors":[0,0,0,0,0,0,11,11,20,20,20,41,41],"current_hp_per_floor":[82,82,82,72,77,77,59,59,59,54,54,53,53,53,53,53,84,61,61,61,61,61,61,61,49,49,49,50,4,31,32,32,33,77,62,67,90,90,52,52,59,64,64,72,0,0],"gold":49,"neow_bonus":"","is_daily":false,"chose_seed":false,"campfire_upgraded":5,"win_rate":0.0,"timestamp":1607843044,"path_taken":["M","?","M","?","?","R","E","?","T","M","$","M","?","M","R","BOSS","M","?","$","?","?","R","?","M","T","M","E","?","R","M","R","BOSS","M","M","?","?","M","R","$","?","T","M","M"],"items_purchased_type":["Relic","Card","Card","Relic","Relic","Card","Relic","Card","Relic","Relic","Card","Relic","Relic"],"build_version":"2020-11-30","purchased_purges":6,"victory":false,"max_hp_per_floor":[82,82,82,82,87,87,87,87,87,87,87,87,87,87,87,87,92,92,92,92,92,92,92,92,92,92,92,92,92,92,92,92,92,92,92,92,92,92,92,92,99,99,99,99,99,99],"relic_stats":{"counters":[59,264],"Gambling Chip":[18],"Pantograph":25,"Bloody Idol":35,"Juzu Bracelet":5,"Nloth\u0027s Gift":1,"Smiling Mask":50,"Boot":[2],"obtain_stats":[{"Darkstone Periapt":29,"Calipers":0,"Tiny House":17,"CeramicFish":31,"Mango":28,"Runic Capacitor":0,"Juzu Bracelet":0,"Incense Burner":9,"Smiling Mask":28,"Boot":42,"TheAbacus":47,"DollysMirror":20,"Strawberry":23,"Pantograph":42,"Gambling Chip":9,"Prayer Wheel":22,"Toxic Egg 2":26,"Cracked Core":0,"Lee\u0027s Waffle":19,"Happy Flower":44,"Golden Idol":10,"The Courier":26,"PreservedInsect":47,"Omamori":11,"Frozen Egg 2":0,"Orichalcum":6,"War Paint":47,"Question Card":0,"Medical Kit":47,"White Beast Statue":43,"Nuclear Battery":17,"WarpedTongs":0,"Du-Vu Doll":7,"SlaversCollar":34,"Busted Crown":34,"Ornamental Fan":9,"Bloody Idol":29,"Molten Egg 2":26,"CultistMask":5,"Art of War":25,"Nloth\u0027s Gift":21,"Bottled Lightning":23,"Membership Card":0,"StrikeDummy":36,"Symbiotic Virus":22,"Pocketwatch":40,"Meat on the Bone":43},{"Darkstone Periapt":32,"Calipers":21,"Tiny House":28,"CeramicFish":32,"Mango":18,"Runic Capacitor":0,"Juzu Bracelet":0,"Incense Burner":26,"Smiling Mask":52,"Boot":57,"TheAbacus":38,"DollysMirror":49,"Strawberry":30,"Pantograph":37,"Gambling Chip":44,"Prayer Wheel":29,"Toxic Egg 2":50,"Cracked Core":0,"Lee\u0027s Waffle":14,"Happy Flower":37,"Golden Idol":26,"The Courier":31,"PreservedInsect":38,"Omamori":45,"Frozen Egg 2":0,"Orichalcum":7,"War Paint":38,"Question Card":21,"Medical Kit":38,"White Beast Statue":57,"Nuclear Battery":13,"WarpedTongs":21,"Du-Vu Doll":44,"SlaversCollar":54,"Busted Crown":33,"Ornamental Fan":8,"Bloody Idol":52,"Molten Egg 2":17,"CultistMask":23,"Art of War":31,"Nloth\u0027s Gift":49,"Bottled Lightning":16,"Membership Card":40,"StrikeDummy":34,"Symbiotic Virus":49,"Pocketwatch":36,"Meat on the Bone":37},{"Darkstone Periapt":127,"Calipers":76,"Tiny House":99,"CeramicFish":127,"Mango":60,"Runic Capacitor":0,"Juzu Bracelet":0,"Incense Burner":90,"Smiling Mask":228,"Boot":254,"TheAbacus":171,"DollysMirror":217,"Strawberry":114,"Pantograph":167,"Gambling Chip":201,"Prayer Wheel":105,"Toxic Egg 2":221,"Cracked Core":0,"Lee\u0027s Waffle":44,"Happy Flower":167,"Golden Idol":90,"The Courier":119,"PreservedInsect":171,"Omamori":203,"Frozen Egg 2":0,"Orichalcum":24,"War Paint":171,"Question Card":76,"Medical Kit":171,"White Beast Statue":254,"Nuclear Battery":41,"WarpedTongs":76,"Du-Vu Doll":201,"SlaversCollar":239,"Busted Crown":140,"Ornamental Fan":26,"Bloody Idol":228,"Molten Egg 2":56,"CultistMask":80,"Art of War":119,"Nloth\u0027s Gift":217,"Bottled Lightning":53,"Membership Card":186,"StrikeDummy":145,"Symbiotic Virus":217,"Pocketwatch":158,"Meat on the Bone":167}],"Meat on the Bone":72},"card_choices":[{"not_picked":["Genetic Algorithm","Consume"],"picked":"Ball Lightning","floor":1},{"not_picked":["Leap","Turbo"],"picked":"Capacitor","floor":3},{"not_picked":["Redo","Fusion"],"picked":"White Noise","floor":4},{"not_picked":["Barrage","Turbo"],"picked":"Storm","floor":7},{"not_picked":["Undo","Heatsinks","Melter"],"picked":"SKIP","floor":10},{"not_picked":["Streamline","Static Discharge"],"picked":"Thunder Strike","floor":12},{"not_picked":["PanicButton","Good Instincts"],"picked":"Purity","floor":13},{"not_picked":["Stack","Steam"],"picked":"Gash","floor":14},{"not_picked":["Amplify","Fission"],"picked":"Creative AI","floor":16},{"not_picked":["Turbo","Cold Snap"],"picked":"Force Field","floor":17},{"not_picked":["Go for the Eyes","Auto Shields+1"],"picked":"Ball Lightning+1","floor":18},{"not_picked":["Cold Snap","Leap"],"picked":"Self Repair+1","floor":25},{"not_picked":["Lockon","Barrage","Rebound"],"picked":"SKIP","floor":27},{"not_picked":["Rainbow+1","Rebound","Glacier+1"],"picked":"SKIP","floor":28},{"not_picked":["Undo+1","Compile Driver","Leap+1"],"picked":"SKIP","floor":31},{"not_picked":["Multi-Cast+1","Meteor Strike"],"picked":"Electrodynamics","floor":33},{"not_picked":["Leap+1","Streamline+1","Steam+1"],"picked":"SKIP","floor":35},{"not_picked":["FTL","Turbo+1","Blizzard"],"picked":"SKIP","floor":36},{"not_picked":["Steam+1","Stack+1"],"picked":"White Noise+1","floor":39},{"not_picked":["Tempest+1","Reinforced Body+1"],"picked":"Consume+1","floor":44}],"player_experience":582017,"relics_obtained":[{"floor":7,"key":"Du-Vu Doll"},{"floor":9,"key":"Gambling Chip"},{"floor":19,"key":"Juzu Bracelet"},{"floor":22,"key":"Symbiotic Virus"},{"floor":26,"key":"Toxic Egg 2"},{"floor":28,"key":"Smiling Mask"},{"floor":42,"key":"Boot"},{"floor":43,"key":"White Beast Statue"}],"event_choices":[{"cards_removed":["Aggregate"],"damage_healed":0,"gold_gain":0,"player_choice":"Offered Uncommon","damage_taken":0,"max_hp_gain":0,"max_hp_loss":0,"event_name":"Bonfire Elementals","floor":2,"gold_loss":0},{"damage_healed":0,"gold_gain":0,"player_choice":"Donut","damage_taken":0,"max_hp_gain":5,"max_hp_loss":0,"event_name":"Big Fish","floor":5,"gold_loss":0},{"damage_healed":0,"gold_gain":175,"player_choice":"AGREE","damage_taken":163,"max_hp_gain":0,"max_hp_loss":0,"event_name":"betterThird:BetterSerpent","floor":8,"gold_loss":0},{"damage_healed":0,"gold_gain":1,"player_choice":"1","damage_taken":0,"max_hp_gain":0,"max_hp_loss":0,"event_name":"betterStone:BetterStone","floor":13,"gold_loss":0},{"damage_healed":0,"gold_gain":0,"player_choice":"Relic","damage_taken":0,"max_hp_gain":0,"max_hp_loss":0,"event_name":"Wheel of Change","floor":19,"gold_loss":0},{"damage_healed":0,"gold_gain":0,"player_choice":"Traded Relic","damage_taken":0,"relics_obtained":["Nloth\u0027s Gift"],"max_hp_gain":0,"max_hp_loss":0,"event_name":"N\u0027loth","floor":21,"relics_lost":["Lee\u0027s Waffle"],"gold_loss":0},{"damage_healed":0,"gold_gain":0,"player_choice":"Paid Fearfully","damage_taken":0,"max_hp_gain":0,"max_hp_loss":0,"event_name":"Masked Bandits","floor":24,"gold_loss":23},{"damage_healed":0,"gold_gain":0,"player_choice":" Idol ","damage_taken":46,"relics_obtained":["Bloody Idol"],"max_hp_gain":50,"max_hp_loss":4,"event_name":"betterAltar:BetterAltar","floor":29,"potions_obtained":[],"relics_lost":[],"gold_loss":0},{"damage_healed":23,"gold_gain":0,"player_choice":"Writhe","damage_taken":0,"max_hp_gain":0,"max_hp_loss":0,"event_name":"Winding Halls","floor":37,"gold_loss":0,"cards_obtained":["Writhe"]},{"damage_healed":0,"gold_gain":0,"player_choice":"Ignored","damage_taken":0,"max_hp_gain":0,"max_hp_loss":0,"event_name":"Mysterious Sphere","floor":38,"gold_loss":0}],"is_beta":false,"boss_relics":[{"not_picked":["Calling Bell","Busted Crown"],"picked":"Tiny House"},{"not_picked":["FrozenCore","SacredBark"],"picked":"SlaversCollar"}],"items_purged_floors":[0,0,0,11,20,41],"is_endless":false,"potions_floor_spawned":[1,4,7,12,25,27,33,35,36,44],"killed_by":"4 Shapes","ascension_level":7}}