{"host":"kyy1kus4tsuq869y","time":1607869745,"event":{"mods":["BaseMod","Downfall","GifTheSpireLib","HololiveMod","Hubris","Jorbs\u0027s Wanderer Trilogy","Marisa£®ÏF”Í°°ƒß¿Ì…≥£©","Minty Spire (QoL Compilation)","Quick Restart","READ ME - Guardian Mod","READ ME - Snecko Mod","Reimu£®≤©¿ˆ¡È√Œ£©","Remilia£®¿Ÿ√◊¿Ú—«£©","Replay The Spire","StSLib","Td1madao Mod","The Administrix","The Animator","The Bug Knight","The Construct","The Cursed","The Hierophant","The Runesmith","The Senshi","The Servant 0.9.4","Youmu£®ªÍ∆«—˝√Œ£©"],"gold_per_floor":[112,127,42,53,53,53,84,84,138,150,150,161,161,189,189,262,262,275,275,288,301,317,342,342,368,445,477,477,477,477,491,491,505,505,578,678,698,503,517,517,517,552,569,569,569,581,581,592,592,612,612,612,612,612,48,48,48],"floor_reached":56,"playtime":2079,"items_purged":[],"score":1534,"play_id":"19eb4d39-4d5d-4fdd-8c6b-ca5d8ee319df","local_time":"20201213222905","is_ascension_mode":true,"campfire_choices":[{"data":"Replay:SS_hec_2","floor":6.0,"key":"SMITH"},{"data":"Fire Breathing","floor":8.0,"key":"SMITH"},{"data":"Rampage","floor":11.0,"key":"SMITH"},{"floor":15.0,"key":"RECALL"},{"data":"Evolve","floor":24.0,"key":"SMITH"},{"data":"Metallicize","floor":32.0,"key":"SMITH"},{"data":"Immolate","floor":34.0,"key":"SMITH"},{"floor":44.0,"key":"REST"},{"data":"Fire Breathing","floor":51,"key":"SMITH"},{"floor":54,"key":"REST"}],"circlet_count":0,"master_deck":["AscendersBane","Strike_R","Strike_R","Strike_R","Strike_R","Defend_R","Defend_R","Defend_R","Defend_R","Bash","Replay:SS_hec_2+1","Fire Breathing+1","Rampage+1","Immolate+1","Replay:SS_hec_2+1","Evolve+1","Metallicize+1","Reaper","Magnetism","Magnetism","Fire Breathing+1"],"relics":["Burning Blood","HollowMod:PaleOreRelic","Happy Flower","Singing Bowl","SacredBark","Bird Faced Urn","Bronze Scales","HornCleat","Pen Nib","Replay:Wanted Poster","Regal Pillow","hubris:MysteriousPyramids","hubris:Icosahedron","Magic Flower","HandDrill"],"acts_visited":["Exordium","TheCity","TheBeyond","TheEnding"],"potions_floor_usage":[50,50],"damage_taken":[{"damage":0.0,"enemies":"Cultist","floor":1.0,"turns":5.0},{"damage":0.0,"enemies":"Small Slimes","floor":2.0,"turns":5.0},{"damage":2.0,"enemies":"Jaw Worm","floor":4.0,"turns":6.0},{"damage":14.0,"enemies":"Gremlin Nob","floor":7.0,"turns":6.0},{"damage":0.0,"enemies":"Large Slime","floor":10.0,"turns":5.0},{"damage":4.0,"enemies":"Lots of Slimes","floor":12.0,"turns":7.0},{"damage":0.0,"enemies":"HollowMod:MossKnight","floor":14.0,"turns":9.0},{"damage":35.0,"enemies":"Fading Forest","floor":16.0,"turns":13.0},{"damage":0.0,"enemies":"Chosen","floor":18.0,"turns":5.0},{"damage":3.0,"enemies":"2 Thieves","floor":20.0,"turns":3.0},{"damage":27.0,"enemies":"Snake Plant","floor":21.0,"turns":3.0},{"damage":0.0,"enemies":"Chosen and Byrds","floor":22.0,"turns":6.0},{"damage":2.0,"enemies":"Replay:Snechameleon","floor":23.0,"turns":8.0},{"damage":75.0,"enemies":"Slavers","floor":25.0,"turns":8.0},{"damage":0.0,"enemies":"Replay:Snechameleon","floor":27.0,"turns":6.0},{"damage":0.0,"enemies":"Shelled Parasite and Fungi","floor":31.0,"turns":7.0},{"damage":0.0,"enemies":"Snake Plant","floor":33.0,"turns":6.0},{"damage":34.0,"enemies":"Collector","floor":35.0,"turns":12.0},{"damage":0.0,"enemies":"3 Shapes","floor":37.0,"turns":4.0},{"damage":32.0,"enemies":"3 Darklings","floor":39.0,"turns":5.0},{"damage":92.0,"enemies":"Giant Head","floor":42.0,"turns":9.0},{"damage":17.0,"enemies":"4 Shapes","floor":43.0,"turns":5.0},{"damage":9.0,"enemies":"Jaw Worm Horde","floor":46.0,"turns":6.0},{"damage":3.0,"enemies":"Spire Growth","floor":48.0,"turns":9.0},{"damage":0,"enemies":"Maw","floor":50,"turns":10},{"damage":53,"enemies":"Donu and Deca","floor":52,"turns":11},{"damage":7,"enemies":"Shield and Spear","floor":56,"turns":2}],"seed_played":"-510135563247431231","potions_obtained":[{"floor":4.0,"key":"Fire Potion"},{"floor":10.0,"key":"DuplicationPotion"},{"floor":14.0,"key":"SpeedPotion"},{"floor":18.0,"key":"champ:CounterPotion"},{"floor":25.0,"key":"PowerPotion"},{"floor":31.0,"key":"Ancient Potion"},{"floor":33.0,"key":"Milkshake"},{"floor":43.0,"key":"Swift Potion"}],"is_trial":false,"path_per_floor":["M","M","$","M","?","R","E","R","T","M","R","M","T","E","R","B",null,"M","?","M","M","M","E","R","E","T","E","PTL","PTL","?","M","R","M","R","B",null,"M","$","M","?","$","E","M","R","T","M","?","M","?","M","R","B",null,"R","$","E"],"character_chosen":"IRONCLAD","items_purchased":["Fire Breathing","Magnetism","Magic Flower","HandDrill","Block Potion"],"campfire_rested":2,"item_purchase_floors":[3,38,55,55,55],"current_hp_per_floor":[74,75,75,75,68,68,60,60,60,66,66,68,68,76,76,65,74,79,79,81,60,68,72,72,13,13,35,35,35,35,53,53,71,71,53,82,93,93,82,82,82,21,34,78,78,97,97,101,101,103,103,74,96,103,103,96,96],"gold":48,"neow_bonus":"RANDOM_COLORLESS","is_daily":false,"chose_seed":false,"campfire_upgraded":7,"win_rate":0.0,"timestamp":1607869745,"path_taken":["M","?","$","?","?","R","E","R","T","M","R","M","?","E","R","BOSS","M","?","M","?","M","E","R","E","T","E","PTL","PTL","?","M","R","M","R","BOSS","M","$","?","?","$","E","M","R","T","M","?","M","?","?","R","BOSS","R","$","E"],"items_purchased_type":["Card","Card","Relic","Relic","Potion"],"build_version":"2020-11-30","purchased_purges":0,"victory":false,"max_hp_per_floor":[75,75,75,75,75,75,75,75,75,75,75,75,75,77,77,77,77,79,79,81,81,83,83,83,85,85,87,87,87,87,89,89,91,91,91,91,93,93,95,95,95,97,97,97,97,99,99,101,101,103,103,103,103,103,103,103,103],"card_choices":[{"not_picked":["expansioncontent:BronzeBeam","Replay:SS_fish_3"],"picked":"Replay:SS_hec_2","floor":0.0},{"not_picked":["Iron Wave","Sever Soul","Havoc"],"picked":"SKIP","floor":1.0},{"not_picked":["Flex","True Grit","Perfected Strike"],"picked":"SKIP","floor":2.0},{"not_picked":["Havoc","Headbutt","Iron Wave"],"picked":"SKIP","floor":4.0},{"not_picked":["Clash","Anger"],"picked":"Rampage","floor":7.0},{"not_picked":["Whirlwind","Clothesline","Flex"],"picked":"SKIP","floor":10.0},{"not_picked":["Flex","Twin Strike","Replay:Undeath\u0027s Touch"],"picked":"SKIP","floor":12.0},{"not_picked":["Armaments","Exhume","Burning Pact"],"picked":"Singing Bowl","floor":14.0},{"not_picked":["Reaper","Hemogenesis"],"picked":"Immolate","floor":16.0},{"not_picked":["ReplayReversal","Sword Boomerang+1","Warcry"],"picked":"Singing Bowl","floor":18.0},{"not_picked":["Dropkick","ReplayTheSpireMod:Strike From Hell","Clothesline"],"picked":"Singing Bowl","floor":20.0},{"not_picked":["Armaments","Perfected Strike+1"],"picked":"Evolve","floor":21.0},{"not_picked":["hubris:ReadiedAction+1","Pommel Strike","Replay:Undeath\u0027s Touch"],"picked":"Singing Bowl","floor":22.0},{"not_picked":["Clothesline","Entrench"],"picked":"Metallicize","floor":23.0},{"not_picked":["Feel No Pain","Heavy Blade+1","Thunderclap"],"picked":"Singing Bowl","floor":25.0},{"not_picked":["Sever Soul","ReplayTheSpireMod:Stacked","Dual Wield"],"picked":"Singing Bowl","floor":27.0},{"not_picked":["Eclipse","Iron Wave","True Grit"],"picked":"Singing Bowl","floor":31.0},{"not_picked":["hubris:SharpeningStone","Entrench","Run Through"],"picked":"Singing Bowl","floor":33.0},{"not_picked":["Replay:Many Hands","Bludgeon"],"picked":"Reaper","floor":35.0},{"not_picked":["Clash","Entrench","Uppercut"],"picked":"Singing Bowl","floor":37.0},{"not_picked":["Anger+1","Body Slam","True Grit+1"],"picked":"Singing Bowl","floor":39.0},{"not_picked":["expansioncontent:LastStand","Poisoned Strike"],"picked":"Magnetism","floor":40.0},{"not_picked":["Feel No Pain","Wild Strike","Second Wind+1"],"picked":"Singing Bowl","floor":42.0},{"not_picked":["Second Wind+1","Havoc"],"picked":"Fire Breathing","floor":43.0},{"not_picked":["ReplayTheSpireMod:Limb From Limb+1","Dark Embrace+1","Searing Blow"],"picked":"Singing Bowl","floor":46.0},{"not_picked":["Dark Embrace","Rage","hubris:SharpeningStone"],"picked":"Singing Bowl","floor":48.0},{"not_picked":["Seeing Red","Sever Soul","Pommel Strike"],"picked":"Singing Bowl","floor":50}],"player_experience":455682,"relics_obtained":[{"floor":7.0,"key":"HollowMod:PaleOreRelic"},{"floor":13.0,"key":"Happy Flower"},{"floor":14.0,"key":"Singing Bowl"},{"floor":23.0,"key":"Bird Faced Urn"},{"floor":25.0,"key":"Bronze Scales"},{"floor":26.0,"key":"HornCleat"},{"floor":27.0,"key":"Pen Nib"},{"floor":42.0,"key":"Regal Pillow"},{"floor":45.0,"key":"hubris:MysteriousPyramids"}],"event_choices":[{"cards_removed":["Strike_R"],"damage_healed":0.0,"max_hp_gain":0.0,"max_hp_loss":0.0,"gold_gain":0.0,"event_name":"Golden Wing","player_choice":"Card Removal","floor":5.0,"gold_loss":0.0,"damage_taken":7.0},{"damage_healed":0.0,"max_hp_gain":0.0,"max_hp_loss":0.0,"gold_gain":0.0,"event_name":"Duplicator","player_choice":"Copied","floor":19.0,"gold_loss":0.0,"damage_taken":0.0,"cards_obtained":["Replay:SS_hec_2"]},{"damage_healed":0.0,"max_hp_gain":0.0,"max_hp_loss":0.0,"gold_gain":0.0,"event_name":"Match and Keep!","player_choice":"0 cards matched","floor":30.0,"gold_loss":0.0,"damage_taken":0.0,"cards_obtained":[]},{"damage_healed":0.0,"max_hp_gain":0.0,"max_hp_loss":0.0,"gold_gain":0.0,"event_name":"SensoryStone","player_choice":"Memory 1","floor":40.0,"gold_loss":0.0,"damage_taken":0.0},{"damage_healed":0.0,"max_hp_gain":0.0,"max_hp_loss":0.0,"gold_gain":0.0,"event_name":"Tomb of Lord Red Mask","player_choice":"Ignored","floor":47.0,"gold_loss":0.0,"damage_taken":0.0}],"is_beta":false,"boss_relics":[{"not_picked":["Empty Cage","RedLine:ReiMu"],"picked":"SacredBark"},{"not_picked":["Velvet Choker","hubris:VirtuousBlindfold"],"picked":"Replay:Wanted Poster"}],"items_purged_floors":[],"is_endless":false,"potions_floor_spawned":[4,10,14,16,18,25,31,33,37,43],"killed_by":"Shield and Spear","ascension_level":19}}