{"host":"0msxzbajcl1c78mb","time":1607834946,"event":{"mods":["AchievementEnabler","BaseMod","Colored Map","Colored Powertips","Highlight Path","Minty Spire (QoL Compilation)","Relic Sorter","Relic Stats","StSLib","The Jungle","everything is the same but u backflip on backflip"],"gold_per_floor":[113,133,148,98,112,139,139,167,167,189,216,216,227,240,240,342,342,352,277,277,296,296,296,323,323,323,358,376,376,405,435,447,563,575,603,665,695,758,415,415,441,461,488,488,523,523,535,554,554,554,554,554,75,109,109],"floor_reached":56,"playtime":5926,"items_purged":["Strike_B","Regret","Decay"],"score":1866,"play_id":"eb90dde9-8634-48e1-851e-17f57267793c","local_time":"20201212234906","is_ascension_mode":true,"campfire_choices":[{"floor":7,"key":"REST"},{"data":"Sunder","floor":12,"key":"SMITH"},{"data":"Genetic Algorithm","floor":15,"key":"SMITH"},{"data":"Sunder","floor":23,"key":"SMITH"},{"data":"Self Repair","floor":25,"key":"SMITH"},{"data":"Electrodynamics","floor":32,"key":"SMITH"},{"data":"Defragment","floor":40,"key":"SMITH"},{"floor":44,"key":"RECALL"},{"data":"Biased Cognition","floor":46,"key":"SMITH"},{"data":"Seek","floor":49,"key":"SMITH"},{"data":"Rainbow","floor":52,"key":"SMITH"}],"circlet_count":0,"master_deck":["Strike_B","Defend_B","Defend_B","Defend_B","Zap","Dualcast","Sunder+1","Self Repair+1","Creative AI","Genetic Algorithm+1","Double Energy","Fusion","Recycle","Sunder+1","Rainbow+1","Electrodynamics+1","Seek+1","Double Energy","Biased Cognition+1","Stack+1","Chill+1","Defragment+1","Glacier","Fusion+1","Double Energy"],"relics":["Snecko Eye","Dead Branch","Centennial Puzzle","Pen Nib","Odd Mushroom","Bottled Flame","Cursed Key","Cables","Anchor","InkBottle","MawBank","Inserter","Turnip","Bird Faced Urn","Potion Belt","Darkstone Periapt","Art of War","Mummified Hand","Strawberry","Frozen Eye","Bag of Preparation"],"acts_visited":["Exordium","TheCity","TheBeyond","TheEnding"],"potions_floor_usage":[16,16,22,27,33,33,33,33,50,55,55,55,55],"damage_taken":[{"damage":12,"enemies":"Jaw Worm","floor":1,"turns":3},{"damage":0,"enemies":"Small Slimes","floor":2,"turns":1},{"damage":0,"enemies":"Cultist","floor":3,"turns":3},{"damage":12,"enemies":"Exordium Wildlife","floor":5,"turns":4},{"damage":30,"enemies":"Lagavulin","floor":6,"turns":5},{"damage":10,"enemies":"3 Sentries","floor":8,"turns":6},{"damage":7,"enemies":"The Mushroom Lair","floor":10,"turns":3},{"damage":0,"enemies":"Gremlin Nob","floor":11,"turns":2},{"damage":6,"enemies":"Looter","floor":13,"turns":4},{"damage":1,"enemies":"Exordium Thugs","floor":14,"turns":3},{"damage":0,"enemies":"Slime Boss","floor":16,"turns":3},{"damage":5,"enemies":"Shell Parasite","floor":18,"turns":3},{"damage":0,"enemies":"Chosen","floor":21,"turns":2},{"damage":0,"enemies":"Book of Stabbing","floor":24,"turns":3},{"damage":0,"enemies":"Slavers","floor":27,"turns":2},{"damage":0,"enemies":"Snake Plant","floor":28,"turns":1},{"damage":0,"enemies":"Gremlin Leader","floor":30,"turns":2},{"damage":0,"enemies":"Snecko","floor":31,"turns":2},{"damage":17,"enemies":"Champ","floor":33,"turns":5},{"damage":11,"enemies":"3 Darklings","floor":35,"turns":3},{"damage":11,"enemies":"Mind Bloom Boss Battle","floor":36,"turns":5},{"damage":0,"enemies":"3 Shapes","floor":37,"turns":3},{"damage":7,"enemies":"2 Orb Walkers","floor":38,"turns":3},{"damage":2,"enemies":"Nemesis","floor":41,"turns":3},{"damage":0,"enemies":"3 Darklings","floor":42,"turns":4},{"damage":0,"enemies":"Reptomancer","floor":45,"turns":5},{"damage":0,"enemies":"Transient","floor":47,"turns":5},{"damage":0,"enemies":"4 Shapes","floor":48,"turns":2},{"damage":2,"enemies":"Time Eater","floor":50,"turns":8},{"damage":0,"enemies":"Shield and Spear","floor":54,"turns":3},{"damage":36,"enemies":"The Heart","floor":55,"turns":6}],"seed_played":"-692203424685618995","potions_obtained":[{"floor":1,"key":"Ancient Potion"},{"floor":5,"key":"PotionOfCapacity"},{"floor":8,"key":"EssenceOfDarkness"},{"floor":16,"key":"SkillPotion"},{"floor":18,"key":"Ancient Potion"},{"floor":22,"key":"Fruit Juice"},{"floor":22,"key":"EntropicBrew"},{"floor":22,"key":"Block Potion"},{"floor":28,"key":"Explosive Potion"},{"floor":30,"key":"LiquidMemories"},{"floor":37,"key":"GamblersBrew"},{"floor":45,"key":"PowerPotion"},{"floor":48,"key":"Fire Potion"}],"is_trial":false,"path_per_floor":["M","M","M","?","M","E","R","E","T","?","E","R","M","M","R","B",null,"M","$","?","M","?","R","E","R","T","E","M","?","E","M","R","B",null,"M","?","M","?","$","R","E","M","T","R","E","R","M","M","R","B",null,"R","$","E","B",null],"character_chosen":"DEFECT","items_purchased":["Defragment","Glacier","Potion Belt","FocusPotion","Strawberry","Frozen Eye"],"campfire_rested":1,"item_purchase_floors":[39,39,39,53,53,53],"current_hp_per_floor":[56,56,63,63,58,35,57,54,54,54,61,61,62,68,68,75,75,75,75,75,75,80,80,80,80,80,80,80,80,80,80,80,73,78,77,80,80,80,80,80,80,80,86,86,86,86,86,86,86,86,86,86,93,93,78],"gold":109,"neow_bonus":"BOSS_RELIC","is_daily":false,"chose_seed":false,"campfire_upgraded":9,"win_rate":0.0,"timestamp":1607834946,"path_taken":["M","M","M","?","M","E","R","E","T","?","E","R","M","M","R","BOSS","M","$","?","M","?","R","E","R","T","E","?","?","E","M","R","BOSS","M","?","M","?","?","R","E","M","T","R","E","R","M","M","R","BOSS","R","$","E","BOSS"],"items_purchased_type":["Card","Card","Relic","Potion","Relic","Relic"],"build_version":"2020-11-30","purchased_purges":3,"victory":true,"max_hp_per_floor":[75,75,75,75,75,75,75,75,75,75,75,75,75,75,75,75,75,75,75,75,75,80,80,80,80,80,80,80,80,80,80,80,80,80,80,80,80,80,80,80,80,80,86,86,86,86,86,86,86,86,86,86,93,93,93],"relic_stats":{"Darkstone Periapt":6,"Inserter":[25],"counters":[31,107],"Dead Branch":[130],"Pen Nib":[15],"Bag of Preparation":[2],"Cursed Key":2,"MawBank":108,"Cables":[55,31,12,8,4],"Centennial Puzzle":[33],"Mummified Hand":[100],"Bird Faced Urn":[15],"Snecko Eye":[224,200,195,212],"Turnip":[2],"Art of War":[2],"obtain_stats":[{"Potion Belt":39,"Darkstone Periapt":41,"Inserter":34,"Dead Branch":6,"Pen Nib":9,"Bag of Preparation":54,"Odd Mushroom":10,"Cursed Key":17,"MawBank":30,"Cables":20,"Frozen Eye":53,"Centennial Puzzle":8,"Bottled Flame":11,"Anchor":24,"Mummified Hand":45,"Bird Faced Urn":38,"Strawberry":53,"Snecko Eye":0,"Turnip":36,"Art of War":43,"Cracked Core":0,"InkBottle":27},{"Potion Belt":23,"Darkstone Periapt":24,"Inserter":19,"Dead Branch":5,"Pen Nib":6,"Bag of Preparation":30,"Odd Mushroom":7,"Cursed Key":11,"MawBank":17,"Cables":12,"Frozen Eye":29,"Centennial Puzzle":6,"Bottled Flame":8,"Anchor":14,"Mummified Hand":26,"Bird Faced Urn":23,"Strawberry":29,"Snecko Eye":0,"Turnip":21,"Art of War":25,"Cracked Core":0,"InkBottle":15},{"Potion Belt":71,"Darkstone Periapt":74,"Inserter":57,"Dead Branch":16,"Pen Nib":22,"Bag of Preparation":101,"Odd Mushroom":25,"Cursed Key":37,"MawBank":50,"Cables":40,"Frozen Eye":98,"Centennial Puzzle":22,"Bottled Flame":27,"Anchor":45,"Mummified Hand":83,"Bird Faced Urn":71,"Strawberry":98,"Snecko Eye":0,"Turnip":65,"Art of War":78,"Cracked Core":0,"InkBottle":47}],"InkBottle":[42]},"card_choices":[{"not_picked":["Loop","Darkness"],"picked":"Sunder","floor":1},{"not_picked":["Leap","Cold Snap"],"picked":"Self Repair","floor":2},{"not_picked":["Beam Cell","Rebound","Turbo"],"picked":"SKIP","floor":3},{"not_picked":["Consume","Steam","Leap"],"picked":"SKIP","floor":5},{"not_picked":["Barrage","BootSequence"],"picked":"Creative AI","floor":6},{"not_picked":["Reinforced Body","BootSequence"],"picked":"Genetic Algorithm","floor":8},{"not_picked":["Capacitor","Stack"],"picked":"Double Energy","floor":10},{"not_picked":["Hologram","Turbo"],"picked":"Fusion","floor":11},{"not_picked":["Beam Cell","Barrage"],"picked":"Recycle","floor":13},{"not_picked":["Reprogram","Streamline"],"picked":"Sunder","floor":14},{"not_picked":["Core Surge","Amplify"],"picked":"Rainbow","floor":16},{"not_picked":["Ball Lightning+1","Melter+1","Rebound+1"],"picked":"SKIP","floor":18},{"not_picked":["Go for the Eyes","Redo","Coolheaded"],"picked":"SKIP","floor":21},{"not_picked":["Glacier","Sweeping Beam+1"],"picked":"Electrodynamics","floor":24},{"not_picked":["Go for the Eyes","Static Discharge","Gash+1"],"picked":"SKIP","floor":27},{"not_picked":["Redo+1","Go for the Eyes+1","Stack+1"],"picked":"SKIP","floor":28},{"not_picked":["Go for the Eyes","Steam","Heatsinks"],"picked":"SKIP","floor":30},{"not_picked":["Aggregate+1","Turbo","Conserve Battery+1"],"picked":"SKIP","floor":31},{"not_picked":["All For One","Amplify"],"picked":"Biased Cognition","floor":33},{"not_picked":["Darkness","Sweeping Beam+1","Leap"],"picked":"SKIP","floor":35},{"not_picked":["Leap","Ball Lightning"],"picked":"Stack+1","floor":36},{"not_picked":["Turbo+1","Barrage+1","Seek"],"picked":"SKIP","floor":37},{"not_picked":["Redo","Go for the Eyes+1"],"picked":"Chill+1","floor":38},{"not_picked":["Beam Cell","Reboot","Conserve Battery+1"],"picked":"SKIP","floor":41},{"not_picked":["Redo","Static Discharge+1","Beam Cell+1"],"picked":"SKIP","floor":42},{"not_picked":["Steam+1","Compile Driver","Stack"],"picked":"SKIP","floor":45},{"not_picked":["Ball Lightning+1","Coolheaded+1"],"picked":"Fusion+1","floor":47},{"not_picked":["Compile Driver","Barrage+1","Sweeping Beam"],"picked":"SKIP","floor":48},{"not_picked":["Fission","Go for the Eyes"],"picked":"Double Energy","floor":54}],"player_experience":251808,"relics_obtained":[{"floor":6,"key":"Dead Branch"},{"floor":8,"key":"Centennial Puzzle"},{"floor":9,"key":"Pen Nib"},{"floor":10,"key":"Odd Mushroom"},{"floor":11,"key":"Bottled Flame"},{"floor":24,"key":"Anchor"},{"floor":27,"key":"InkBottle"},{"floor":30,"key":"MawBank"},{"floor":36,"key":"Turnip"},{"floor":38,"key":"Bird Faced Urn"},{"floor":41,"key":"Darkstone Periapt"},{"floor":43,"key":"Art of War"},{"floor":45,"key":"Mummified Hand"},{"floor":54,"key":"Bag of Preparation"}],"event_choices":[{"cards_removed":["Defend_B"],"damage_healed":0,"gold_gain":0,"player_choice":"Card Removal","damage_taken":0,"max_hp_gain":0,"max_hp_loss":0,"event_name":"The Cleric","floor":4,"gold_loss":50},{"damage_healed":0,"gold_gain":0,"player_choice":"Fought Mushrooms","damage_taken":0,"max_hp_gain":0,"max_hp_loss":0,"event_name":"Mushrooms","floor":10,"gold_loss":0},{"damage_healed":0,"gold_gain":0,"player_choice":"Opened","damage_taken":0,"relics_obtained":["Cables"],"max_hp_gain":0,"max_hp_loss":0,"event_name":"The Mausoleum","floor":20,"gold_loss":0},{"damage_healed":0,"gold_gain":0,"player_choice":"Got Potions","damage_taken":0,"max_hp_gain":0,"max_hp_loss":0,"event_name":"Lab","floor":22,"gold_loss":0},{"damage_healed":0,"gold_gain":0,"cards_transformed":["Strike_B","Strike_B"],"player_choice":"Became Test Subject","damage_taken":0,"max_hp_gain":0,"max_hp_loss":0,"event_name":"Drug Dealer","floor":29,"gold_loss":0,"cards_obtained":["Seek","Double Energy"]},{"damage_healed":0,"gold_gain":0,"player_choice":"Fight","damage_taken":0,"max_hp_gain":0,"max_hp_loss":0,"event_name":"MindBloom","floor":36,"gold_loss":0},{"damage_healed":0,"gold_gain":0,"player_choice":"Fight","damage_taken":0,"max_hp_gain":0,"max_hp_loss":0,"event_name":"Mysterious Sphere","floor":38,"gold_loss":0}],"is_beta":false,"boss_relics":[{"not_picked":["Astrolabe","Pandora\u0027s Box"],"picked":"Cursed Key"},{"not_picked":["Philosopher\u0027s Stone","SlaversCollar"],"picked":"Inserter"}],"items_purged_floors":[19,39,53],"is_endless":false,"potions_floor_spawned":[1,5,8,16,18,24,28,30,31,37,45,48],"ascension_level":7}}