{"host":"y76clbnovzmw9ubx","time":1607890220,"event":{"mods":["AchievementEnabler","BaseMod","Minty Spire (QoL Compilation)","Permanent Neow","Relic Stats"],"gold_per_floor":[359,375,392,392,26,52,52,84,84,9,27,42,57,86,86,160,160,174,193,205,205,17,51,70,105,105,144,59,68,88,120,120,194,194,214,270,294,294,309,309,353,353,353,380,393,143,173,173,173,173,173,173],"floor_reached":51,"playtime":2725,"items_purged":["Strike_R","Strike_R","Strike_R"],"score":1670,"play_id":"d9e59690-adbc-4dbe-8481-a24f7521b98e","local_time":"20201213151020","is_ascension_mode":true,"campfire_choices":[{"data":"Carnage","floor":7,"key":"SMITH"},{"data":"Sword Boomerang","floor":15,"key":"SMITH"},{"data":"Anger","floor":32,"key":"SMITH"},{"floor":40,"key":"RECALL"},{"floor":42,"key":"REST"},{"floor":49,"key":"REST"}],"circlet_count":0,"master_deck":["AscendersBane","Strike_R","Defend_R","Defend_R","Defend_R","Defend_R","Bash","Carnage+1","Spot Weakness","Pommel Strike","Disarm","Reaper","Sword Boomerang+1","Burning Pact","Reckless Charge","Feed","Flame Barrier","Sword Boomerang","Anger+1","Reaper","Shockwave","Second Wind+1","Dark Embrace+1","Immolate","Fiend Fire","True Grit+1","True Grit+1","Sword Boomerang+1","Heavy Blade","Dual Wield"],"relics":["Burning Blood","Brimstone","Bag of Preparation","HornCleat","CaptainsWheel","Mango","The Courier","SlaversCollar","Smiling Mask","White Beast Statue","Ancient Tea Set","CeramicFish","Anchor","Bottled Flame","Fusion Hammer","Turnip","Boot","PreservedInsect","ClockworkSouvenir","Meat on the Bone"],"acts_visited":["Exordium","TheCity","TheBeyond"],"potions_floor_usage":[14,19,35],"damage_taken":[{"damage":12,"enemies":"Jaw Worm","floor":1,"turns":4},{"damage":6,"enemies":"Cultist","floor":2,"turns":3},{"damage":0,"enemies":"2 Louse","floor":3,"turns":2},{"damage":40,"enemies":"Lagavulin","floor":6,"turns":4},{"damage":24,"enemies":"3 Sentries","floor":8,"turns":6},{"damage":7,"enemies":"Exordium Thugs","floor":11,"turns":4},{"damage":7,"enemies":"Looter","floor":12,"turns":2},{"damage":14,"enemies":"Large Slime","floor":13,"turns":5},{"damage":0,"enemies":"Lagavulin","floor":14,"turns":3},{"damage":47,"enemies":"Hexaghost","floor":16,"turns":6},{"damage":26,"enemies":"3 Byrds","floor":18,"turns":4},{"damage":26,"enemies":"Shell Parasite","floor":19,"turns":3},{"damage":10,"enemies":"Sentry and Sphere","floor":20,"turns":4},{"damage":23,"enemies":"Book of Stabbing","floor":23,"turns":4},{"damage":23,"enemies":"3 Cultists","floor":24,"turns":5},{"damage":25,"enemies":"Gremlin Leader","floor":25,"turns":5},{"damage":31,"enemies":"Slavers","floor":27,"turns":5},{"damage":11,"enemies":"Shelled Parasite and Fungi","floor":30,"turns":4},{"damage":14,"enemies":"Book of Stabbing","floor":31,"turns":4},{"damage":77,"enemies":"Champ","floor":33,"turns":9},{"damage":0,"enemies":"3 Shapes","floor":35,"turns":3},{"damage":16,"enemies":"2 Orb Walkers","floor":36,"turns":3},{"damage":9,"enemies":"3 Darklings","floor":37,"turns":4},{"damage":1,"enemies":"Spire Growth","floor":39,"turns":4},{"damage":60,"enemies":"Giant Head","floor":41,"turns":6},{"damage":20,"enemies":"Nemesis","floor":44,"turns":5},{"damage":15,"enemies":"Transient","floor":45,"turns":6},{"damage":48,"enemies":"Reptomancer","floor":47,"turns":5},{"damage":147,"enemies":"Awakened One","floor":50,"turns":9},{"damage":24,"enemies":"Time Eater","floor":51,"turns":4}],"seed_played":"2625777981533576030","potions_obtained":[{"floor":2,"key":"BlessingOfTheForge"},{"floor":8,"key":"Energy Potion"},{"floor":12,"key":"FearPotion"},{"floor":16,"key":"Ancient Potion"},{"floor":35,"key":"Dexterity Potion"},{"floor":36,"key":"ElixirPotion"}],"is_trial":false,"path_per_floor":["M","M","M","?","$","E","R","E","T","$","M","M","M","E","R","B",null,"M","M","M","?","$","E","M","E","T","E","?","?","M","E","R","B",null,"M","?","M","?","M","R","E","R","T","E","M","$","E","?","R","B","B"],"character_chosen":"IRONCLAD","items_purchased":["Brimstone","Bag of Preparation","Disarm","Shockwave","Fire Potion","ClockworkSouvenir","Dual Wield"],"campfire_rested":2,"item_purchase_floors":[5,5,5,22,22,46,46],"current_hp_per_floor":[62,62,68,68,68,34,34,40,54,54,56,63,81,82,82,41,72,55,46,49,49,49,32,60,72,72,91,91,91,97,89,89,39,83,100,90,100,100,103,103,69,99,99,85,82,82,61,61,91,19,0,0],"gold":173,"neow_bonus":"TWO_FIFTY_GOLD","is_daily":false,"chose_seed":false,"campfire_upgraded":3,"win_rate":0.0,"timestamp":1607890220,"path_taken":["M","M","M","?","$","E","R","E","T","$","M","?","M","E","R","BOSS","M","M","M","?","?","E","M","E","T","E","?","?","?","E","R","BOSS","M","?","M","?","M","R","E","R","T","E","M","$","E","?","R","BOSS","BOSS"],"items_purchased_type":["Relic","Relic","Card","Card","Potion","Relic","Card"],"build_version":"2020-11-30","purchased_purges":3,"victory":false,"max_hp_per_floor":[68,68,68,68,68,68,68,68,82,82,82,82,82,82,82,82,82,85,85,88,88,88,88,91,91,91,94,94,94,97,97,97,97,97,100,100,100,100,103,103,103,103,103,103,103,103,106,101,101,101,101,101],"relic_stats":{"counters":[30,135],"CeramicFish":63,"Turnip":[1],"PreservedInsect":63,"Bag of Preparation":[54],"Smiling Mask":50,"Boot":[16],"obtain_stats":[{"CeramicFish":27,"Mango":9,"The Courier":14,"PreservedInsect":44,"Bag of Preparation":5,"Smiling Mask":23,"Ancient Tea Set":26,"Boot":41,"Burning Blood":0,"White Beast Statue":25,"ClockworkSouvenir":46,"SlaversCollar":17,"CaptainsWheel":8,"Anchor":28,"Bottled Flame":31,"HornCleat":6,"Brimstone":5,"Fusion Hammer":34,"Turnip":36,"Meat on the Bone":47},{"CeramicFish":17,"Mango":5,"The Courier":9,"PreservedInsect":26,"Bag of Preparation":3,"Smiling Mask":14,"Ancient Tea Set":16,"Boot":25,"Burning Blood":0,"White Beast Statue":16,"ClockworkSouvenir":27,"SlaversCollar":10,"CaptainsWheel":5,"Anchor":17,"Bottled Flame":19,"HornCleat":4,"Brimstone":3,"Fusion Hammer":20,"Turnip":22,"Meat on the Bone":28},{"CeramicFish":69,"Mango":19,"The Courier":33,"PreservedInsect":111,"Bag of Preparation":9,"Smiling Mask":54,"Ancient Tea Set":64,"Boot":106,"Burning Blood":0,"White Beast Statue":64,"ClockworkSouvenir":117,"SlaversCollar":39,"CaptainsWheel":19,"Anchor":69,"Bottled Flame":77,"HornCleat":13,"Brimstone":9,"Fusion Hammer":86,"Turnip":92,"Meat on the Bone":122}],"Burning Blood":146,"Meat on the Bone":12},"card_choices":[{"not_picked":["Havoc","Rage","Burning Pact"],"picked":"SKIP","floor":1},{"not_picked":["Clash","Reckless Charge"],"picked":"Carnage","floor":2},{"not_picked":["Clash","Shrug It Off"],"picked":"Spot Weakness","floor":3},{"not_picked":["Perfected Strike","Clothesline"],"picked":"Reaper","floor":6},{"not_picked":["Clothesline","Warcry","Sentinel"],"picked":"SKIP","floor":8},{"not_picked":["Perfected Strike","Havoc"],"picked":"Sword Boomerang","floor":11},{"not_picked":["Uppercut","Sever Soul"],"picked":"Burning Pact","floor":12},{"not_picked":["Carnage","Seeing Red"],"picked":"Reckless Charge","floor":13},{"not_picked":["Berserk","Blood for Blood","Havoc"],"picked":"SKIP","floor":14},{"not_picked":["Reaper","Brutality"],"picked":"Feed","floor":16},{"not_picked":["Feel No Pain","Rupture"],"picked":"Flame Barrier","floor":18},{"not_picked":["Thunderclap","Armaments"],"picked":"Sword Boomerang","floor":19},{"not_picked":["Perfected Strike","Anger","Thunderclap"],"picked":"SKIP","floor":20},{"not_picked":["Perfected Strike","Thunderclap"],"picked":"Anger","floor":20},{"not_picked":["Warcry","Iron Wave","Inflame"],"picked":"SKIP","floor":23},{"not_picked":["Body Slam","Inflame"],"picked":"Second Wind+1","floor":24},{"not_picked":["Pommel Strike","Body Slam+1"],"picked":"Dark Embrace+1","floor":25},{"not_picked":["Perfected Strike","Iron Wave"],"picked":"Immolate","floor":27},{"not_picked":["Cleave","Reckless Charge","Wild Strike"],"picked":"SKIP","floor":30},{"not_picked":["Searing Blow+1","Blood for Blood","Metallicize"],"picked":"SKIP","floor":31},{"not_picked":["Blood for Blood","Shockwave"],"picked":"True Grit+1","floor":35},{"not_picked":["Clothesline+1","Sever Soul"],"picked":"True Grit+1","floor":36},{"not_picked":["Flex","Ghostly Armor"],"picked":"Sword Boomerang+1","floor":37},{"not_picked":["Headbutt","Juggernaut","Anger"],"picked":"SKIP","floor":39},{"not_picked":["Brutality","Sever Soul+1"],"picked":"Heavy Blade","floor":41},{"not_picked":["Anger","Sever Soul","Searing Blow"],"picked":"SKIP","floor":44},{"not_picked":["Sentinel","Thunderclap","Body Slam"],"picked":"SKIP","floor":45},{"not_picked":["Inflame","Blood for Blood","Body Slam+1"],"picked":"SKIP","floor":47}],"player_experience":2848040,"relics_obtained":[{"floor":6,"key":"HornCleat"},{"floor":8,"key":"CaptainsWheel"},{"floor":9,"key":"Mango"},{"floor":14,"key":"The Courier"},{"floor":23,"key":"Smiling Mask"},{"floor":25,"key":"White Beast Statue"},{"floor":26,"key":"Ancient Tea Set"},{"floor":27,"key":"CeramicFish"},{"floor":31,"key":"Bottled Flame"},{"floor":36,"key":"Turnip"},{"floor":41,"key":"Boot"},{"floor":44,"key":"PreservedInsect"},{"floor":47,"key":"Meat on the Bone"}],"event_choices":[{"damage_healed":0,"gold_gain":0,"player_choice":"1 cards matched","damage_taken":0,"max_hp_gain":0,"max_hp_loss":0,"event_name":"Match and Keep!","floor":4,"gold_loss":0,"cards_obtained":["Pommel Strike"]},{"damage_healed":0,"gold_gain":0,"player_choice":"Copied","damage_taken":0,"max_hp_gain":0,"max_hp_loss":0,"event_name":"Duplicator","floor":21,"gold_loss":0,"cards_obtained":["Reaper"]},{"damage_healed":0,"gold_gain":0,"player_choice":"Obtained Relic","damage_taken":0,"relics_obtained":["Anchor"],"max_hp_gain":0,"max_hp_loss":0,"event_name":"Addict","floor":28,"gold_loss":85},{"damage_healed":0,"gold_gain":0,"cards_transformed":["Strike_R"],"player_choice":"Transformed","damage_taken":0,"max_hp_gain":0,"max_hp_loss":0,"event_name":"Transmorgrifier","floor":29,"gold_loss":0,"cards_obtained":["Fiend Fire"]},{"damage_healed":0,"gold_gain":0,"player_choice":"Fight","damage_taken":0,"max_hp_gain":0,"max_hp_loss":0,"event_name":"Mysterious Sphere","floor":36,"gold_loss":0},{"damage_healed":0,"gold_gain":0,"player_choice":"Ignored","damage_taken":0,"max_hp_gain":0,"max_hp_loss":0,"event_name":"Tomb of Lord Red Mask","floor":38,"gold_loss":0},{"damage_healed":0,"gold_gain":0,"player_choice":"Max HP","damage_taken":0,"max_hp_gain":0,"max_hp_loss":5,"event_name":"Winding Halls","floor":48,"gold_loss":0}],"is_beta":false,"boss_relics":[{"not_picked":["SacredBark","Black Blood"],"picked":"SlaversCollar"},{"not_picked":["Busted Crown","Snecko Eye"],"picked":"Fusion Hammer"}],"items_purged_floors":[10,22,46],"is_endless":false,"potions_floor_spawned":[2,8,11,12,13,16,27,30,31,33,35,36,37,39,41,44,45,47],"killed_by":"Time Eater","ascension_level":20}}