{"host":"t5h83eruwt5lxl3o","time":1607843647,"event":{"mods":["AchievementEnabler","Act Like it!","BaseMod","CapriCore","Colored Map","DeckTracker","Hermit","Highlight Path","Koishi","Marisa£¨Ùöéë¡¡Øª×âÞÞ£©","Minty Spire (QoL Compilation)","Permanent Neow","Quick Restart","StSLib","SuperFastMode","The Cursed","The Immortal","everything is the same but u backflip on backflip"],"gold_per_floor":[11,29,49,61,71,71,171,202,202,236,247,247,172,191,191,288,288,306,318,218,218,218,245,265,292,338,385,397,419,451,473,485,596,608,635,657,257,257,52,52,85,107,107,107,128,128,151,192,192,192,192,192,42,72,72],"floor_reached":56,"playtime":4000,"items_purged":["Strike_P","Defend_P","Strike_P","Defend_P"],"score":2049,"play_id":"8423b1ca-db13-46c4-8883-593c602d23fa","local_time":"20201213161407","is_ascension_mode":true,"campfire_choices":[{"data":"Eruption","floor":6.0,"key":"SMITH"},{"data":"Adaptation","floor":12.0,"key":"SMITH"},{"data":"MentalFortress","floor":15.0,"key":"SMITH"},{"floor":32.0,"key":"REST"},{"data":"Vault","floor":40.0,"key":"SMITH"},{"floor":44.0,"key":"RECALL"},{"data":"Adaptation","floor":46.0,"key":"SMITH"},{"data":"CrushJoints","floor":49.0,"key":"SMITH"},{"data":"Tantrum","floor":52,"key":"SMITH"}],"circlet_count":0,"master_deck":["Strike_P","Defend_P","Eruption+1","Vigilance","MentalFortress+1","Adaptation+1","CrushJoints+1","EmptyFist","FearNoEvil","MentalFortress","Vault+1","FlurryOfBlows","MentalFortress+1","EmptyMind+1","Tantrum+1","TalkToTheHand+1","Adaptation+1","Halt+1","Consecrate+1","Panache+1"],"relics":["HolyWater","InkBottle","Calipers","Prayer Wheel","Black Star","Pear","Kunai","Gremlin Horn","FossilizedHelix","Bottled Flame","MawBank","Anchor","Thread and Needle","Membership Card","Damaru","Bottled Lightning","TeardropLocket","Mummified Hand","CeramicFish","Juzu Bracelet","Frozen Egg 2","TheAbacus","Bronze Scales","White Beast Statue"],"acts_visited":["Exordium","TheCity","TheBeyond","TheEnding"],"potions_floor_usage":[55],"damage_taken":[{"damage":0.0,"enemies":"2 Louse","floor":1.0,"turns":2.0},{"damage":0.0,"enemies":"Cultist","floor":2.0,"turns":5.0},{"damage":0.0,"enemies":"Small Slimes","floor":3.0,"turns":2.0},{"damage":12.0,"enemies":"Exordium Wildlife","floor":4.0,"turns":4.0},{"damage":0.0,"enemies":"Blue Slaver","floor":5.0,"turns":4.0},{"damage":0.0,"enemies":"Gremlin Nob","floor":8.0,"turns":2.0},{"damage":19.0,"enemies":"3 Sentries","floor":10.0,"turns":6.0},{"damage":1.0,"enemies":"Looter","floor":11.0,"turns":3.0},{"damage":0.0,"enemies":"Lots of Slimes","floor":14.0,"turns":4.0},{"damage":3.0,"enemies":"The Guardian","floor":16.0,"turns":8.0},{"damage":3.0,"enemies":"Spheric Guardian","floor":18.0,"turns":3.0},{"damage":6.0,"enemies":"2 Thieves","floor":19.0,"turns":3.0},{"damage":0.0,"enemies":"Gremlin Leader","floor":23.0,"turns":8.0},{"damage":4.0,"enemies":"Centurion and Healer","floor":24.0,"turns":4.0},{"damage":11.0,"enemies":"Slavers","floor":25.0,"turns":8.0},{"damage":21.0,"enemies":"Book of Stabbing","floor":27.0,"turns":8.0},{"damage":0.0,"enemies":"3 Cultists","floor":29.0,"turns":5.0},{"damage":0.0,"enemies":"Snecko","floor":30.0,"turns":6.0},{"damage":0.0,"enemies":"Shelled Parasite and Fungi","floor":31.0,"turns":4.0},{"damage":0.0,"enemies":"Automaton","floor":33.0,"turns":14.0},{"damage":0.0,"enemies":"3 Shapes","floor":35.0,"turns":4.0},{"damage":0.0,"enemies":"Orb Walker","floor":36.0,"turns":4.0},{"damage":0.0,"enemies":"Giant Head","floor":41.0,"turns":7.0},{"damage":0.0,"enemies":"Jaw Worm Horde","floor":42.0,"turns":3.0},{"damage":0.0,"enemies":"3 Darklings","floor":45.0,"turns":3.0},{"damage":0.0,"enemies":"Writhing Mass","floor":47.0,"turns":3.0},{"damage":0.0,"enemies":"Nemesis","floor":48.0,"turns":8.0},{"damage":0,"enemies":"Awakened One","floor":50,"turns":7},{"damage":0,"enemies":"Shield and Spear","floor":54,"turns":3},{"damage":1,"enemies":"The Heart","floor":55,"turns":8}],"seed_played":"9087377702374275135","potions_obtained":[{"floor":2.0,"key":"SkillPotion"},{"floor":3.0,"key":"BottledMiracle"},{"floor":11.0,"key":"Ambrosia"},{"floor":14.0,"key":"EntropicBrew"},{"floor":16.0,"key":"Fire Potion"},{"floor":18.0,"key":"StancePotion"},{"floor":23.0,"key":"SteroidPotion"},{"floor":27.0,"key":"DistilledChaos"},{"floor":29.0,"key":"SkillPotion"},{"floor":35.0,"key":"FairyPotion"},{"floor":41.0,"key":"Fruit Juice"},{"floor":54,"key":"Energy Potion"}],"is_trial":false,"path_per_floor":["M","M","M","M","M","R","?","E","T","E","M","R","$","M","R","B",null,"M","M","$","T","?","E","M","E","T","E","$","M","M","M","R","B",null,"M","M","$","?","$","R","E","M","T","R","M","R","M","E","R","B",null,"R","$","E","B",null],"character_chosen":"WATCHER","items_purchased":["Membership Card","Damaru","Bottled Lightning","TeardropLocket","Panache+1","TheAbacus"],"campfire_rested":1,"item_purchase_floors":[37,37,37,39,53,53],"current_hp_per_floor":[65,65,65,53,53,53,53,53,53,34,33,33,33,33,33,30,62,59,53,53,63,63,63,59,48,48,27,27,27,27,27,51,51,74,74,74,74,74,74,74,79,79,79,79,79,79,79,79,79,79,85,85,85,85,84],"gold":72,"neow_bonus":"TRANSFORM_TWO_CARDS","is_daily":false,"chose_seed":false,"campfire_upgraded":7,"win_rate":0.0,"timestamp":1607843647,"path_taken":["M","M","M","M","M","R","?","E","T","E","?","R","$","M","R","BOSS","M","?","$","?","?","E","M","E","T","E","$","?","M","M","R","BOSS","M","M","$","?","$","R","E","M","T","R","M","R","M","E","R","BOSS","R","$","E","BOSS"],"items_purchased_type":["Relic","Relic","Relic","Relic","Card","Relic"],"build_version":"2020-11-30","purchased_purges":4,"victory":true,"max_hp_per_floor":[72,72,72,72,72,72,72,72,72,72,72,72,72,72,72,72,72,72,72,72,82,82,82,82,82,82,82,82,82,82,82,82,82,82,82,82,82,82,82,82,87,87,87,87,87,87,87,87,87,87,87,87,87,87,87],"card_choices":[{"not_picked":["ThirdEye","CutThroughFate","Weave"],"picked":"SKIP","floor":1.0},{"not_picked":["Halt","PathToVictory"],"picked":"CrushJoints","floor":2.0},{"not_picked":["PathToVictory","ThirdEye"],"picked":"EmptyFist","floor":3.0},{"not_picked":["CrushJoints","SashWhip","EmptyMind"],"picked":"SKIP","floor":4.0},{"not_picked":["JustLucky","CrushJoints","ThirdEye"],"picked":"SKIP","floor":5.0},{"not_picked":["Perseverance","SpiritShield","EmptyBody"],"picked":"SKIP","floor":8.0},{"not_picked":["SandsOfTime","Protect","Nirvana"],"picked":"SKIP","floor":10.0},{"not_picked":["SandsOfTime","Protect","Nirvana"],"picked":"SKIP","floor":10.0},{"not_picked":["Wireheading","CutThroughFate"],"picked":"FearNoEvil","floor":11.0},{"not_picked":["Prostrate","ClearTheMind","Perseverance"],"picked":"SKIP","floor":11.0},{"not_picked":["Weave","PathToVictory","CrushJoints"],"picked":"SKIP","floor":14.0},{"not_picked":["Wireheading","Nirvana","Wish"],"picked":"SKIP","floor":14.0},{"not_picked":["Weave","PathToVictory","CrushJoints"],"picked":"SKIP","floor":14.0},{"not_picked":["Wireheading","Nirvana","Wish"],"picked":"SKIP","floor":14.0},{"not_picked":["SashWhip","Prostrate+1"],"picked":"MentalFortress+1","floor":18.0},{"not_picked":["Worship","Consecrate"],"picked":"MentalFortress","floor":18.0},{"not_picked":["CutThroughFate+1","MentalFortress","ThirdEye"],"picked":"SKIP","floor":19.0},{"not_picked":["Protect","Crescendo","EmptyBody+1"],"picked":"SKIP","floor":19.0},{"not_picked":["CutThroughFate","Fasting2"],"picked":"Vault","floor":23.0},{"not_picked":["BowlingBash","JustLucky","FlyingSleeves"],"picked":"SKIP","floor":24.0},{"not_picked":["ReachHeaven","EmptyBody","Wireheading"],"picked":"SKIP","floor":24.0},{"not_picked":["Nirvana","ClearTheMind","ThirdEye"],"picked":"SKIP","floor":25.0},{"not_picked":["Vengeance","EmptyMind"],"picked":"FlurryOfBlows","floor":27.0},{"not_picked":["FlurryOfBlows","SignatureMove+1"],"picked":"MentalFortress+1","floor":29.0},{"not_picked":["FollowUp+1","Weave","CutThroughFate"],"picked":"SKIP","floor":29.0},{"not_picked":["FollowUp","Halt+1"],"picked":"EmptyMind+1","floor":30.0},{"not_picked":["Perseverance","Protect","SandsOfTime+1"],"picked":"SKIP","floor":30.0},{"not_picked":["DeusExMachina","WindmillStrike","SashWhip"],"picked":"SKIP","floor":31.0},{"not_picked":["Crescendo","CrushJoints","JustLucky"],"picked":"SKIP","floor":31.0},{"not_picked":["JustLucky+1","Protect","PathToVictory+1"],"picked":"SKIP","floor":35.0},{"not_picked":["Crescendo+1","FlurryOfBlows+1","Prostrate+1"],"picked":"SKIP","floor":35.0},{"not_picked":["Fasting2","EmptyFist"],"picked":"Tantrum","floor":36.0},{"not_picked":["FollowUp+1","PathToVictory","SashWhip"],"picked":"SKIP","floor":36.0},{"not_picked":["BowlingBash","Blasphemy","Ragnarok"],"picked":"SKIP","floor":41.0},{"not_picked":["CrushJoints+1","ReachHeaven+1"],"picked":"TalkToTheHand+1","floor":42.0},{"not_picked":["Consecrate+1","BowlingBash+1","Wallop"],"picked":"SKIP","floor":42.0},{"not_picked":["FlurryOfBlows","EmptyBody+1"],"picked":"Adaptation","floor":45.0},{"not_picked":["PathToVictory","Halt","FearNoEvil"],"picked":"SKIP","floor":45.0},{"not_picked":["PathToVictory","Halt","FearNoEvil"],"picked":"SKIP","floor":45.0},{"not_picked":["PathToVictory","Halt","FearNoEvil"],"picked":"SKIP","floor":45.0},{"not_picked":["FollowUp","Pray"],"picked":"Halt+1","floor":47.0},{"not_picked":["FollowUp","Crescendo+1","DeceiveReality+1"],"picked":"SKIP","floor":47.0},{"not_picked":["PathToVictory","Pray"],"picked":"Consecrate+1","floor":48.0},{"not_picked":["WheelKick+1","EmptyBody+1","CutThroughFate"],"picked":"SKIP","floor":54}],"player_experience":589818,"relics_obtained":[{"floor":8.0,"key":"InkBottle"},{"floor":9.0,"key":"Calipers"},{"floor":10.0,"key":"Prayer Wheel"},{"floor":21.0,"key":"Pear"},{"floor":23.0,"key":"Kunai"},{"floor":23.0,"key":"Gremlin Horn"},{"floor":25.0,"key":"FossilizedHelix"},{"floor":25.0,"key":"Bottled Flame"},{"floor":26.0,"key":"MawBank"},{"floor":27.0,"key":"Anchor"},{"floor":27.0,"key":"Thread and Needle"},{"floor":41.0,"key":"Mummified Hand"},{"floor":41.0,"key":"CeramicFish"},{"floor":48.0,"key":"Juzu Bracelet"},{"floor":48.0,"key":"Frozen Egg 2"},{"floor":54,"key":"Bronze Scales"},{"floor":54,"key":"White Beast Statue"}],"event_choices":[{"damage_healed":0.0,"max_hp_gain":0.0,"max_hp_loss":0.0,"gold_gain":100.0,"event_name":"Wheel of Change","player_choice":"Gold","floor":7.0,"gold_loss":0.0,"damage_taken":0.0},{"damage_healed":0.0,"max_hp_gain":0.0,"max_hp_loss":0.0,"gold_gain":0.0,"event_name":"Ghosts","player_choice":"Ignored","floor":22.0,"gold_loss":0.0,"damage_taken":0.0},{"cards_removed":["MentalFortress"],"damage_healed":0.0,"max_hp_gain":0.0,"max_hp_loss":0.0,"gold_gain":0.0,"event_name":"Falling","player_choice":"Removed Power","floor":38.0,"gold_loss":0.0,"damage_taken":0.0}],"is_beta":false,"boss_relics":[{"not_picked":["Pandora\u0027s Box","Snecko Eye"],"picked":"Black Star"},{"not_picked":["Runic Pyramid","Astrolabe"],"picked":"HolyWater"}],"items_purged_floors":[13,20,37,39],"is_endless":false,"potions_floor_spawned":[2,3,11,14,16,18,23,27,29,35,41,54],"ascension_level":9}}