{"host":"y76x98twjnyyxs83","time":1607893481,"event":{"mods":["BaseMod","Colored Powertips","Minty Spire (QoL Compilation)","Permanent Neow","Quick Restart","Rare Cards Sparkle","Relic Stats","StSLib"],"gold_per_floor":[168,168,183,202,252,252,279,279,302,333,333,352,371,403,403,475,475,493,522,536,536,55,55,55],"floor_reached":23,"playtime":884,"items_purged":["Writhe"],"score":418,"play_id":"808546e1-8819-4bf1-83fb-edc630b3bfff","local_time":"20201214050441","is_ascension_mode":true,"campfire_choices":[{"data":"Wallop","floor":6,"key":"SMITH"},{"data":"Eruption","floor":8,"key":"SMITH"},{"data":"FearNoEvil","floor":11,"key":"SMITH"},{"floor":15,"key":"REST"}],"circlet_count":0,"master_deck":["AscendersBane","Strike_P","Strike_P","Strike_P","Strike_P","Defend_P","Defend_P+1","Defend_P","Defend_P","Eruption+1","Vigilance","Wallop+1","CrushJoints+1","Adaptation","FearNoEvil+1","FlyingSleeves","TalkToTheHand","Meditate","DeusExMachina","Indignation","ThirdEye","Apotheosis"],"relics":["Tiny House","Bag of Marbles","Bronze Scales","Happy Flower","Gremlin Horn","Cursed Key","Red Mask","Potion Belt","Centennial Puzzle"],"acts_visited":["Exordium","TheCity"],"potions_floor_usage":[16,16,19,20],"damage_taken":[{"damage":0,"enemies":"2 Louse","floor":1,"turns":3},{"damage":4,"enemies":"Jaw Worm","floor":3,"turns":2},{"damage":3,"enemies":"Cultist","floor":4,"turns":4},{"damage":8,"enemies":"Lagavulin","floor":7,"turns":6},{"damage":21,"enemies":"3 Sentries","floor":10,"turns":9},{"damage":9,"enemies":"Red Slaver","floor":12,"turns":2},{"damage":2,"enemies":"Exordium Wildlife","floor":13,"turns":3},{"damage":5,"enemies":"Lagavulin","floor":14,"turns":4},{"damage":32,"enemies":"Slime Boss","floor":16,"turns":10},{"damage":15,"enemies":"3 Byrds","floor":18,"turns":3},{"damage":21,"enemies":"Masked Bandits","floor":19,"turns":3},{"damage":0,"enemies":"2 Thieves","floor":20,"turns":2},{"damage":22,"enemies":"Gremlin Leader","floor":23,"turns":2}],"seed_played":"-6141221815209542997","potions_obtained":[{"floor":0,"key":"Swift Potion"},{"floor":1,"key":"Swift Potion"},{"floor":4,"key":"SpeedPotion"},{"floor":14,"key":"BottledMiracle"},{"floor":18,"key":"Weak Potion"},{"floor":19,"key":"Swift Potion"}],"is_trial":false,"path_per_floor":["M","?","M","M","?","R","E","R","T","E","R","M","M","E","R","B",null,"M","?","M","?","$","E"],"character_chosen":"WATCHER","items_purchased":["Apotheosis","Fire Potion","Centennial Puzzle"],"campfire_rested":1,"item_purchase_floors":[22,22,22],"current_hp_per_floor":[66,66,62,59,59,59,51,51,51,30,30,21,19,14,35,3,56,41,20,20,20,20,0,0],"gold":55,"neow_bonus":"BOSS_RELIC","is_daily":false,"chose_seed":false,"campfire_upgraded":3,"win_rate":0.0,"timestamp":1607893481,"path_taken":["M","?","M","M","?","R","E","R","T","E","R","M","?","E","R","BOSS","M","?","M","?","$","E"],"items_purchased_type":["Card","Potion","Relic"],"build_version":"2020-11-30","purchased_purges":1,"victory":false,"max_hp_per_floor":[73,73,73,73,73,73,73,73,73,73,73,73,73,73,73,73,73,73,73,73,73,73,73,73],"relic_stats":{"Centennial Puzzle":[0],"Happy Flower":[9],"Gremlin Horn":[10,10],"counters":[13,53],"Bronze Scales":[110],"Cursed Key":0,"obtain_stats":[{"Potion Belt":21,"Centennial Puzzle":22,"Tiny House":0,"Happy Flower":10,"Gremlin Horn":14,"Bronze Scales":9,"Bag of Marbles":7,"Red Mask":19,"PureWater":0,"Cursed Key":17},{"Potion Belt":12,"Centennial Puzzle":12,"Tiny House":0,"Happy Flower":5,"Gremlin Horn":8,"Bronze Scales":4,"Bag of Marbles":4,"Red Mask":11,"PureWater":0,"Cursed Key":9},{"Potion Belt":51,"Centennial Puzzle":51,"Tiny House":0,"Happy Flower":24,"Gremlin Horn":33,"Bronze Scales":15,"Bag of Marbles":15,"Red Mask":49,"PureWater":0,"Cursed Key":43}]},"card_choices":[{"not_picked":["Crescendo","EmptyMind"],"picked":"Wallop","floor":0},{"not_picked":["Prostrate","BowlingBash"],"picked":"CrushJoints","floor":1},{"not_picked":["Worship","Crescendo"],"picked":"Adaptation","floor":3},{"not_picked":["EmptyBody","PathToVictory","Evaluate"],"picked":"SKIP","floor":4},{"not_picked":["Protect","Pray"],"picked":"FearNoEvil","floor":7},{"not_picked":["Sanctity","Worship","Crescendo"],"picked":"SKIP","floor":10},{"not_picked":["CutThroughFate","WheelKick"],"picked":"FlyingSleeves","floor":12},{"not_picked":["WreathOfFlame","Devotion"],"picked":"TalkToTheHand","floor":13},{"not_picked":["CutThroughFate","SashWhip"],"picked":"Meditate","floor":14},{"not_picked":["Devotion","Establishment"],"picked":"DeusExMachina","floor":16},{"not_picked":["Consecrate","Pray","CutThroughFate"],"picked":"SKIP","floor":18},{"not_picked":["Vengeance","Evaluate"],"picked":"Indignation","floor":19},{"not_picked":["SashWhip","Prostrate"],"picked":"ThirdEye","floor":20}],"player_experience":1082707,"relics_obtained":[{"floor":7,"key":"Bag of Marbles"},{"floor":9,"key":"Bronze Scales"},{"floor":10,"key":"Happy Flower"},{"floor":14,"key":"Gremlin Horn"},{"floor":19,"key":"Red Mask"}],"event_choices":[{"damage_healed":0,"gold_gain":0,"player_choice":"Grow","damage_taken":0,"max_hp_gain":0,"max_hp_loss":0,"event_name":"Living Wall","floor":2,"gold_loss":0,"cards_upgraded":["CrushJoints"]},{"damage_healed":0,"gold_gain":50,"player_choice":"Pray","damage_taken":0,"max_hp_gain":0,"max_hp_loss":0,"event_name":"Golden Shrine","floor":5,"gold_loss":0},{"damage_healed":0,"gold_gain":0,"player_choice":"Fought Bandits","damage_taken":0,"max_hp_gain":0,"max_hp_loss":0,"event_name":"Masked Bandits","floor":19,"gold_loss":0},{"damage_healed":0,"gold_gain":0,"player_choice":"Opened","damage_taken":0,"relics_obtained":["Potion Belt"],"max_hp_gain":0,"max_hp_loss":0,"event_name":"The Mausoleum","floor":21,"gold_loss":0,"cards_obtained":["Writhe"]}],"is_beta":false,"boss_relics":[{"not_picked":["Astrolabe","Empty Cage"],"picked":"Cursed Key"}],"items_purged_floors":[22],"is_endless":false,"potions_floor_spawned":[1,4,12,14,18,19],"killed_by":"Gremlin Leader","ascension_level":20}}