{"host":"80fkxydt6bh6ptji","time":1607873305,"event":{"mods":["Act Like it!","BaseMod","Downfall","Lobotomy","LobotomyExtend","Minty Spire (QoL Compilation)","Quick Restart","StSLib","Waifu the Spire","WarShipGirlsR/’ΩΩ¢…Ÿ≈ÆR mod"],"gold_per_floor":[99,113,113,563,575,601,601,601,376,376,451,467,133,160,180,282,282,282,282,282,282,307,326,326,365,384,384,403,150,150,150,175,270,270,270,286,386,386,399,399,399,417,431,431,136,186,186,63,78,78,106,106,133,133,158,158,258,35,53,53,71,173,173],"floor_reached":18,"playtime":3854,"items_purged":["Regret","Slimebound:Icky","Slimebound:Icky"],"score":615,"play_id":"9b3907d2-4b4f-4316-968d-c069f8bc22b5","local_time":"20201213232825","is_ascension_mode":false,"campfire_choices":[{"floor":1.0,"key":"RECALL"},{"floor":9.0,"key":"REST"},{"data":"hexamod:GiftsFromTheDead","floor":18.0,"key":"SMITH"},{"data":"hexamod:Float","floor":20.0,"key":"SMITH"},{"floor":27.0,"key":"REST"},{"floor":35.0,"key":"REST"},{"floor":38.0,"key":"REST"},{"floor":40.0,"key":"REST"},{"floor":44.0,"key":"REST"},{"floor":1,"key":"REST"},{"floor":4,"key":"REST"},{"floor":10,"key":"REST"}],"circlet_count":0,"master_deck":["hexamod:Strike+1","hexamod:Strike+1","hexamod:Strike+1","hexamod:Defend+1","hexamod:Defend+1","hexamod:Defend+1","hexamod:Defend+1","hexamod:Sear+1","hexamod:Float+1","hexamod:Hexaguard+1","hexamod:BacktrackSmack+1","hexamod:RetreatToShadows+1","hexamod:NightmareStrike+1","hexamod:Firestarter+1","hexamod:EmpoweredFlame","hexamod:Hexaguard+1","hexamod:GiftsFromTheDead+1","hexamod:WildfireWeapon+1","CurseOfTheBell","hexamod:NightmareGuise+1","hexamod:GhostflameInferno","hexamod:PhantomFireball+1","hexamod:FlamesFromBeyond","hexamod:Haunt+1","hexamod:ThermalTransfer+1","hexamod:BurningTouch+1","hexamod:SixthSeal","hexamod:SoulSteal+1","hexamod:EmpoweringStance","hexamod:TimeOfNeed+1","hexamod:EtherealExpedition+1","hexamod:Hexaguard+1","hexamod:GiftsFromTheDead","hexamod:Hexaguard+1","hexamod:Firestarter","hexamod:EtherealExpedition+1","hexamod:TimeOfNeed","hexamod:FourthSeal","hexamod:NightmareStrike+1","hexamod:Haunt+1","hexamod:CatchUp","hexamod:SpectersWail","hexamod:SecondSeal","hexamod:VolcanoVisage"],"relics":["hexamod:SpiritBrand","Anchor","War Paint","Lantern","downfall:HeartBlessingRed","downfall:HeartBlessingGreen","downfall:HeartBlessingBlue","MagicBullet_r","Juzu Bracelet","Odd Mushroom","Calling Bell","Oddly Smooth Stone","Singing Bowl","Torii","Pen Nib","Question Card","Blood Vial","Happy Flower","Vajra","Ice Cream","hexamod:TheBrokenSeal","Fusion Hammer","downfall:GremlinWheel","Darkstone Periapt","Orrery","Orichalcum","Bottled Flame","Dream Catcher","LetterFromLob","Guardian:GemstoneGun","PreservedInsect","Boot","TheAbacus","downfall:ShatteredFragment"],"acts_visited":["Exordium","TheCity","TheBeyond"],"potions_floor_usage":[],"damage_taken":[{"damage":0.0,"enemies":"Jaw Worm","floor":2.0,"turns":3.0},{"damage":5.0,"enemies":"Small Slimes","floor":5.0,"turns":5.0},{"damage":42.0,"enemies":"Lagavulin","floor":6.0,"turns":10.0},{"damage":3.0,"enemies":"2 Louse","floor":12.0,"turns":3.0},{"damage":6.0,"enemies":"downfall:FleeingMerchant","floor":13.0,"turns":4.0},{"damage":14.0,"enemies":"The Mushroom Lair","floor":14.0,"turns":5.0},{"damage":5.0,"enemies":"2 Fungi Beasts","floor":15.0,"turns":3.0},{"damage":33.0,"enemies":"downfall:Watcher","floor":16.0,"turns":14.0},{"damage":22.0,"enemies":"Book of Stabbing","floor":22.0,"turns":7.0},{"damage":20.0,"enemies":"Chosen","floor":23.0,"turns":5.0},{"damage":24.0,"enemies":"Gremlin Leader","floor":25.0,"turns":8.0},{"damage":1.0,"enemies":"Snake Plant","floor":26.0,"turns":4.0},{"damage":13.0,"enemies":"Chosen and Byrds","floor":28.0,"turns":9.0},{"damage":0.0,"enemies":"downfall:FleeingMerchant","floor":29.0,"turns":4.0},{"damage":1.0,"enemies":"Centurion and Healer","floor":32.0,"turns":6.0},{"damage":9.0,"enemies":"downfall:Ironclad","floor":33.0,"turns":7.0},{"damage":37.0,"enemies":"3 Darklings","floor":36.0,"turns":4.0},{"damage":0.0,"enemies":"3 Darklings","floor":37.0,"turns":3.0},{"damage":0.0,"enemies":"Orb Walker","floor":39.0,"turns":2.0},{"damage":1.0,"enemies":"Maw","floor":42.0,"turns":7.0},{"damage":0.0,"enemies":"Writhing Mass","floor":43.0,"turns":6.0},{"damage":3.0,"enemies":"downfall:FleeingMerchant","floor":45.0,"turns":4.0},{"damage":0,"enemies":"downfall:FleeingMerchant","floor":2,"turns":4},{"damage":20,"enemies":"Small Slimes","floor":3,"turns":3},{"damage":1,"enemies":"3 Sentries","floor":5,"turns":4},{"damage":0,"enemies":"Gremlin Nob","floor":9,"turns":1},{"damage":0,"enemies":"downfall:Heads","floor":11,"turns":2},{"damage":0,"enemies":"2 Louse","floor":13,"turns":1},{"damage":0,"enemies":"Jaw Worm","floor":15,"turns":1},{"damage":0,"enemies":"Slime Boss","floor":16,"turns":2}],"seed_played":"2512885654292092564","potions_obtained":[{"floor":2.0,"key":"Guardian:BlockOnCardUsePotion"},{"floor":11.0,"key":"downfall:CursedFountainPotion"},{"floor":12.0,"key":"Block Potion"},{"floor":16.0,"key":"ColorlessPotion"},{"floor":22.0,"key":"DuplicationPotion"},{"floor":23.0,"key":"Weak Potion"},{"floor":23.0,"key":"Regen Potion"},{"floor":25.0,"key":"FearPotion"},{"floor":26.0,"key":"Fire Potion"},{"floor":32.0,"key":"FairyPotion"},{"floor":3,"key":"Weak Potion"},{"floor":5,"key":"EntropicBrew"}],"is_trial":false,"path_per_floor":["R","M","?","?","M","E","T","?","R","E","?","M","$","?","M","B",null,"R","?","R","?","E","M","T","E","M","R","M","$","?","T","M","B",null,"R","M","?","R","M","R","T","M","M","R","$","T","?","R","$","M","R","E","$","T","?","E","R","?","$","M","?","M","B",null,null],"character_chosen":"THE_SPIRIT","items_purchased":["Juzu Bracelet","hexamod:ThirdSeal","hexamod:Firestarter","Happy Flower","Orrery","Bottled Flame","Dream Catcher","hexamod:FourthSeal","hexamod:SecondSeal","TheAbacus"],"campfire_rested":9,"item_purchase_floors":[13,13,13,29,45,2,2,2,12,12],"current_hp_per_floor":[70,70,70,70,65,23,23,23,57,65,80,77,71,57,52,19,80,80,80,80,80,65,52,52,42,50,74,70,72,72,72,92,83,92,92,59,61,89,91,94,94,93,96,96,97,97,100,100,82,102,103,103,103,103,106,106,106,106,108,87,91,93,93],"gold":173,"neow_bonus":"RANDOM_COMMON_RELIC","is_daily":false,"chose_seed":false,"campfire_upgraded":2,"win_rate":0.0,"timestamp":1607873305,"path_taken":["R","M","?","?","M","E","T","?","R","E","?","?","$","?","M","BOSS","R","?","R","?","E","M","T","E","M","R","M","$","?","?","M","BOSS","R","M","?","R","M","R","T","M","M","R","?","?","?","R","$","M","R","E","$","T","?","E","R","?","?","M","?","M","BOSS"],"items_purchased_type":["Relic","Card","Card","Relic","Relic","Relic","Relic","Card","Card","Relic"],"build_version":"2020-11-30","purchased_purges":3,"victory":true,"max_hp_per_floor":[70,70,70,70,70,70,70,70,80,80,80,80,80,80,80,80,80,80,80,80,80,80,80,80,80,80,80,80,80,80,80,92,92,92,92,94,94,94,94,94,94,94,96,96,100,100,100,100,100,102,104,104,104,104,106,106,106,106,108,108,110,110,110],"card_choices":[{"not_picked":["hexamod:RadiantFlame","hexamod:FastForward"],"picked":"hexamod:Hexaguard","floor":2.0},{"not_picked":["hexamod:GhostflameBarrier","hexamod:InspiringFlames"],"picked":"hexamod:BacktrackSmack","floor":5.0},{"not_picked":["hexamod:Incineration","hexamod:HauntingEcho"],"picked":"hexamod:RetreatToShadows","floor":6.0},{"not_picked":["hexamod:InspiringFlames","hexamod:ShieldOfDarkness"],"picked":"hexamod:NightmareStrike","floor":12.0},{"not_picked":["hexamod:AdvancingGuard","hexamod:GhostLash"],"picked":"hexamod:FifthSeal","floor":13.0},{"not_picked":["hexamod:GhostShield","hexamod:FastForward"],"picked":"hexamod:EmpoweredFlame","floor":14.0},{"not_picked":["hexamod:FifthSeal","hexamod:ThirdSeal"],"picked":"hexamod:SixthSeal","floor":14.0},{"not_picked":["hexamod:Firestarter","hexamod:GhostflameBarrier"],"picked":"hexamod:Hexaguard","floor":14.0},{"not_picked":["hexamod:EmpoweredFlame","hexamod:ExtraCrispy"],"picked":"hexamod:NightmareGuise","floor":15.0},{"not_picked":["hexamod:ThirdSeal","hexamod:FirstSeal"],"picked":"hexamod:FourthSeal","floor":16.0},{"not_picked":["hexamod:ParanormalForm","hexamod:SearingWound"],"picked":"hexamod:GiftsFromTheDead","floor":16.0},{"not_picked":["hexamod:SixthSeal","hexamod:ParanormalForm"],"picked":"hexamod:WildfireWeapon","floor":16.0},{"not_picked":["hexamod:ThirdSeal","hexamod:FourthSeal"],"picked":"hexamod:SecondSeal","floor":22.0},{"not_picked":["hexamod:AdvancingGuard","hexamod:GhostOfSpirePresent"],"picked":"hexamod:NightmareGuise+1","floor":22.0},{"not_picked":["hexamod:Firestarter+1","hexamod:GhostShield+1"],"picked":"hexamod:GhostflameInferno","floor":22.0},{"not_picked":["hexamod:EmpoweredFlame","hexamod:BacktrackSmack"],"picked":"hexamod:PhantomFireball","floor":23.0},{"not_picked":["hexamod:PowerFromBeyond","hexamod:GhostLash"],"picked":"hexamod:FlamesFromBeyond","floor":23.0},{"not_picked":["hexamod:BacktrackSmack","hexamod:PhantomCloak","hexamod:EmpoweredFlame"],"picked":"hexamod:Haunt","floor":25.0},{"not_picked":["hexamod:RainOfEmbers","hexamod:InspiringFlames","hexamod:PhantomFireball"],"picked":"hexamod:ThermalTransfer","floor":26.0},{"not_picked":["hexamod:WildfireWeapon","hexamod:NightmareGuise","hexamod:FastForward"],"picked":"hexamod:BurningTouch+1","floor":28.0},{"not_picked":["hexamod:FirstSeal","hexamod:SecondSeal","hexamod:FourthSeal"],"picked":"hexamod:SixthSeal","floor":28.0},{"not_picked":["hexamod:InspiringFlames","hexamod:Again","hexamod:SwordOfDarkness"],"picked":"hexamod:SoulSteal+1","floor":28.0},{"not_picked":["hexamod:BurningTouch","hexamod:BacktrackSmack","hexamod:NecessarySacrifice"],"picked":"hexamod:EmpoweringStance","floor":29.0},{"not_picked":["hexamod:GhostShield","hexamod:BacktrackSmack","hexamod:SwordOfDarkness","hexamod:HeatCrush"],"picked":"Singing Bowl","floor":32.0},{"not_picked":["hexamod:SearingWound","hexamod:FifthSeal","hexamod:ParanormalForm"],"picked":"hexamod:TimeOfNeed","floor":33.0},{"not_picked":["hexamod:HeatShield+1","hexamod:AdvancingGuard","hexamod:HeatCrush+1","hexamod:ShieldOfDarkness+1"],"picked":"Singing Bowl","floor":36.0},{"not_picked":["hexamod:NightmareGuise","hexamod:TurnItUp","hexamod:RainOfEmbers+1"],"picked":"hexamod:EtherealExpedition+1","floor":39.0},{"not_picked":["hexamod:SwordOfDarkness+1","hexamod:GhostLash+1","hexamod:NightmareGuise+1"],"picked":"hexamod:Hexaguard+1","floor":42.0},{"not_picked":["hexamod:RainOfEmbers+1","hexamod:ThermalTransfer+1","hexamod:StepThrough","hexamod:RadiantFlame"],"picked":"Singing Bowl","floor":43.0},{"not_picked":["hexamod:FastForward+1","hexamod:HeatCrush","hexamod:GhostShield"],"picked":"hexamod:GiftsFromTheDead","floor":45.0},{"not_picked":["hexamod:FirstSeal","hexamod:StepThrough+1","hexamod:BacktrackSmack+1","hexamod:FifthSeal"],"picked":"Singing Bowl","floor":45.0},{"not_picked":["hexamod:ChargedBarrage","hexamod:GhostOfSpireFuture+1","hexamod:SoulSteal+1"],"picked":"hexamod:Hexaguard+1","floor":45.0},{"not_picked":["hexamod:AdvancingGuard","hexamod:ThermalTransfer+1","hexamod:PhantomCloak+1","hexamod:ChargedBarrage"],"picked":"Singing Bowl","floor":45.0},{"not_picked":["hexamod:ShieldOfDarkness+1","hexamod:SwordOfDarkness+1","hexamod:FirstSeal"],"picked":"hexamod:Firestarter","floor":45.0},{"not_picked":["hexamod:SwordOfDarkness","hexamod:StepThrough+1","hexamod:GhostShield"],"picked":"hexamod:EtherealExpedition+1","floor":45.0},{"not_picked":["hexamod:GhostLash","hexamod:HauntingEcho","hexamod:Firestarter"],"picked":"hexamod:TimeOfNeed","floor":2},{"not_picked":["hexamod:InspiringFlames","hexamod:EmpoweredFlame","hexamod:ShieldOfDarkness"],"picked":"hexamod:NightmareStrike","floor":3},{"not_picked":["hexamod:Rewind","hexamod:ChargedBarrage","hexamod:HeatShield","hexamod:Again"],"picked":"Singing Bowl","floor":4},{"not_picked":["hexamod:Firestarter","hexamod:DynamicBlow","hexamod:HeatShield","hexamod:FastForward"],"picked":"Singing Bowl","floor":5},{"not_picked":["hexamod:GhostShield","hexamod:Firestarter","hexamod:InspiringFlames","hexamod:BurningTouch"],"picked":"Singing Bowl","floor":9},{"not_picked":["hexamod:ThermalTransfer","hexamod:AdvancingGuard","hexamod:GhostShield"],"picked":"hexamod:Haunt","floor":10},{"not_picked":["hexamod:ThermalTransfer","hexamod:BurningTouch","hexamod:Firestarter"],"picked":"hexamod:SpectersWail","floor":11},{"not_picked":["hexamod:Firestarter","hexamod:Rewind","hexamod:TimeWarp","hexamod:InspiringFlames"],"picked":"Singing Bowl","floor":13},{"not_picked":["hexamod:NightmareGuise","hexamod:GhostShield","hexamod:AdvancingGuard","hexamod:BurningTouch"],"picked":"Singing Bowl","floor":15},{"not_picked":["hexamod:CrushingStance","hexamod:WildfireWeapon","hexamod:ParanormalForm"],"picked":"hexamod:VolcanoVisage","floor":16}],"player_experience":196528,"relics_obtained":[{"floor":2.0,"key":"LetterFromLob"},{"floor":6.0,"key":"Lantern"},{"floor":14.0,"key":"Odd Mushroom"},{"floor":17.0,"key":"Oddly Smooth Stone"},{"floor":17.0,"key":"Singing Bowl"},{"floor":17.0,"key":"Torii"},{"floor":22.0,"key":"Pen Nib"},{"floor":24.0,"key":"Question Card"},{"floor":25.0,"key":"Blood Vial"},{"floor":31.0,"key":"Ice Cream"},{"floor":37.0,"key":"downfall:GremlinWheel"},{"floor":41.0,"key":"Darkstone Periapt"},{"floor":46.0,"key":"Orichalcum"},{"floor":3,"key":"LetterFromLob"},{"floor":5,"key":"Guardian:GemstoneGun"},{"floor":7,"key":"PreservedInsect"},{"floor":9,"key":"Boot"}],"event_choices":[{"damage_healed":0.0,"max_hp_gain":0.0,"max_hp_loss":0.0,"gold_gain":0.0,"event_name":"Big Fish","player_choice":"Box","floor":3.0,"gold_loss":0.0,"damage_taken":0.0,"relics_obtained":["War Paint"],"cards_obtained":["Regret"]},{"damage_healed":0.0,"max_hp_gain":0.0,"max_hp_loss":0.0,"gold_gain":0.0,"event_name":"Mushrooms","player_choice":"Fought Mushrooms","floor":14.0,"gold_loss":0.0,"damage_taken":0.0},{"damage_healed":0.0,"max_hp_gain":0.0,"max_hp_loss":0.0,"gold_gain":0.0,"event_name":"Vampires","player_choice":"Ignored","floor":19.0,"gold_loss":0.0,"damage_taken":0.0},{"damage_healed":0.0,"max_hp_gain":0.0,"max_hp_loss":0.0,"gold_gain":0.0,"event_name":"The Library","player_choice":"Read","floor":21.0,"gold_loss":0.0,"damage_taken":0.0,"cards_obtained":["hexamod:FirstSeal"]},{"damage_healed":0.0,"max_hp_gain":0.0,"max_hp_loss":0.0,"gold_gain":0.0,"event_name":"Addict","player_choice":"Stole Relic","floor":30.0,"gold_loss":0.0,"damage_taken":0.0,"relics_obtained":["Vajra"],"cards_obtained":["Shame"]},{"cards_removed":["Shame"],"damage_healed":0.0,"max_hp_gain":0.0,"max_hp_loss":0.0,"gold_gain":0.0,"event_name":"Wheel of Change","player_choice":"Card Removal","floor":38.0,"gold_loss":0.0,"damage_taken":0.0}],"is_beta":false,"boss_relics":[{"not_picked":["Astrolabe","Busted Crown"],"picked":"Calling Bell"},{"not_picked":["Snecko Eye","Velvet Choker"],"picked":"Fusion Hammer"}],"items_purged_floors":[13,29,45],"is_endless":false,"potions_floor_spawned":[2,12,15,16,23,26,32,42,3,9,13,16],"ascension_level":0}}