{"host":"4cz9gr89nglr7k8k","time":1607877117,"event":{"mods":["BaseMod","Minty Spire (QoL Compilation)","Relic Stats","Slay-I"],"gold_per_floor":[115,115,36,36,36,66,76,41,41,41,57,57,87,100,100,179,179,153,48,48,48,8,8,8,42,42,59,71,71,71,17,17,17,17],"floor_reached":33,"playtime":899,"items_purged":[],"score":524,"play_id":"2721f378-b514-4f92-9203-948831d9d1ad","local_time":"20201213173157","is_ascension_mode":true,"campfire_choices":[{"floor":12,"key":"REST"},{"floor":15,"key":"REST"},{"floor":23,"key":"REST"},{"floor":29,"key":"REST"},{"floor":32,"key":"REST"}],"circlet_count":0,"master_deck":["AscendersBane","Strike_G+1","Strike_G+1","Strike_G+1","Strike_G+1","Defend_G+1","Defend_G+1","Defend_G+1","Defend_G+1","Defend_G+1","Survivor","Neutralize","Masterful Stab","Infinite Blades","Choke+1","Deflect","Flying Knee","Unload","Backstab","Poisoned Stab","Backflip","Deadly Poison","Adrenaline","Poisoned Stab","Dramatic Entrance","Finisher","Masterful Stab","Terror","Calculated Gamble","Masterful Stab","Expertise+1","Dagger Spray","Blade Dance"],"relics":["Ring of the Snake","Dream Catcher","Bag of Preparation","Bottled Lightning","Toy Ornithopter","WristBlade","Spirit Poop","Tough Bandages","Gremlin Horn"],"acts_visited":["Exordium","TheCity"],"potions_floor_usage":[6,13,25,25],"damage_taken":[{"damage":4,"enemies":"Small Slimes","floor":1,"turns":3},{"damage":27,"enemies":"Lagavulin","floor":6,"turns":6},{"damage":6,"enemies":"Cultist","floor":7,"turns":3},{"damage":0,"enemies":"Jaw Worm","floor":11,"turns":2},{"damage":2,"enemies":"3 Sentries","floor":13,"turns":6},{"damage":0,"enemies":"Looter","floor":14,"turns":2},{"damage":46,"enemies":"Hexaghost","floor":16,"turns":9},{"damage":8,"enemies":"2 Thieves","floor":18,"turns":4},{"damage":36,"enemies":"Book of Stabbing","floor":25,"turns":5},{"damage":0,"enemies":"Chosen","floor":27,"turns":3},{"damage":0,"enemies":"Snecko","floor":28,"turns":2},{"damage":9,"enemies":"Colosseum Slavers","floor":30,"turns":4},{"damage":91,"enemies":"Collector","floor":33,"turns":6}],"seed_played":"3518854739614545579","potions_obtained":[{"floor":1,"key":"FearPotion"},{"floor":11,"key":"PowerPotion"},{"floor":14,"key":"GhostInAJar"},{"floor":18,"key":"Swift Potion"}],"is_trial":false,"path_per_floor":["M","?","$","?","?","E","M","?","T","?","M","R","E","M","R","B",null,"M","$","?","?","$","R","?","E","T","M","M","R","?","$","R","B"],"character_chosen":"THE_SILENT","items_purchased":["Infinite Blades","Dramatic Entrance","Finisher","Dagger Spray"],"campfire_rested":5,"item_purchase_floors":[3,19,22,31],"current_hp_per_floor":[55,35,35,35,35,8,2,18,18,18,18,37,35,35,54,8,52,44,44,44,44,44,63,63,30,30,30,30,49,40,40,59,0,0],"gold":17,"neow_bonus":"RANDOM_COMMON_RELIC","is_daily":false,"chose_seed":false,"campfire_upgraded":0,"win_rate":0.0,"timestamp":1607877117,"path_taken":["M","?","$","?","?","E","?","?","T","?","M","R","E","M","R","BOSS","M","$","?","?","?","R","?","E","T","?","M","R","?","$","R","BOSS"],"items_purchased_type":["Card","Card","Card","Card"],"build_version":"2020-11-30","purchased_purges":0,"victory":false,"max_hp_per_floor":[66,66,66,66,66,66,66,66,66,66,66,66,66,66,66,66,66,66,66,66,66,66,66,66,66,66,66,66,66,66,66,66,66,66],"relic_stats":{"Dream Catcher":5,"Tough Bandages":[54],"Gremlin Horn":[3,3],"counters":[13,55],"Bag of Preparation":[22],"obtain_stats":[{"Dream Catcher":0,"Tough Bandages":25,"WristBlade":17,"Gremlin Horn":26,"Spirit Poop":24,"Bag of Preparation":6,"Bottled Lightning":9,"Toy Ornithopter":13,"Ring of the Snake":0},{"Dream Catcher":0,"Tough Bandages":9,"WristBlade":7,"Gremlin Horn":9,"Spirit Poop":8,"Bag of Preparation":2,"Bottled Lightning":3,"Toy Ornithopter":5,"Ring of the Snake":0},{"Dream Catcher":0,"Tough Bandages":40,"WristBlade":31,"Gremlin Horn":40,"Spirit Poop":35,"Bag of Preparation":9,"Bottled Lightning":12,"Toy Ornithopter":20,"Ring of the Snake":0}],"Toy Ornithopter":3,"Ring of the Snake":[26]},"card_choices":[{"not_picked":["Underhanded Strike","PiercingWail"],"picked":"Masterful Stab","floor":1},{"not_picked":["Caltrops","Cloak And Dagger"],"picked":"Deflect","floor":6},{"not_picked":["PiercingWail","Predator"],"picked":"Flying Knee","floor":7},{"not_picked":["Dash","Tactician"],"picked":"Unload","floor":11},{"not_picked":["Underhanded Strike","Flying Knee"],"picked":"Backstab","floor":12},{"not_picked":["Flying Knee","Acrobatics"],"picked":"Poisoned Stab","floor":13},{"not_picked":["Quick Slash","Accuracy"],"picked":"Backflip","floor":14},{"not_picked":["Expertise","Riddle With Holes"],"picked":"Deadly Poison","floor":15},{"not_picked":["Night Terror","Tools of the Trade"],"picked":"Adrenaline","floor":16},{"not_picked":["Underhanded Strike","Flechettes"],"picked":"Poisoned Stab","floor":18},{"not_picked":["Distraction","PiercingWail"],"picked":"Masterful Stab","floor":23},{"not_picked":["Backflip","Dodge and Roll"],"picked":"Terror","floor":25},{"not_picked":["Bane","Dagger Throw"],"picked":"Calculated Gamble","floor":27},{"not_picked":["Catalyst","Underhanded Strike+1"],"picked":"Masterful Stab","floor":28},{"not_picked":["Bane","Deadly Poison"],"picked":"Expertise+1","floor":29},{"not_picked":["Dagger Spray","Finisher+1"],"picked":"Blade Dance","floor":32}],"player_experience":1436226,"relics_obtained":[{"floor":6,"key":"Bag of Preparation"},{"floor":9,"key":"Bottled Lightning"},{"floor":13,"key":"Toy Ornithopter"},{"floor":25,"key":"Tough Bandages"},{"floor":26,"key":"Gremlin Horn"}],"event_choices":[{"damage_healed":0,"gold_gain":0,"player_choice":"Entered Light","damage_taken":20,"max_hp_gain":0,"max_hp_loss":0,"event_name":"Shining Light","floor":2,"gold_loss":0,"cards_upgraded":["Defend_G","Strike_G"]},{"damage_healed":0,"gold_gain":0,"cards_transformed":["Strike_G"],"player_choice":"Change","damage_taken":0,"max_hp_gain":0,"max_hp_loss":0,"event_name":"Living Wall","floor":4,"gold_loss":0,"cards_obtained":["Choke"]},{"damage_healed":0,"gold_gain":0,"player_choice":"Upgraded","damage_taken":0,"max_hp_gain":0,"max_hp_loss":0,"event_name":"Upgrade Shrine","floor":5,"gold_loss":0,"cards_upgraded":["Choke"]},{"damage_healed":16,"gold_gain":0,"player_choice":"Healed","damage_taken":0,"max_hp_gain":0,"max_hp_loss":0,"event_name":"The Cleric","floor":8,"gold_loss":35},{"damage_healed":0,"gold_gain":0,"player_choice":"Searched \u00270\u0027 times","damage_taken":0,"max_hp_gain":0,"max_hp_loss":0,"event_name":"Dead Adventurer","floor":10,"gold_loss":0},{"damage_healed":0,"gold_gain":0,"player_choice":"Smashed Altar","damage_taken":0,"max_hp_gain":0,"max_hp_loss":0,"event_name":"Forgotten Altar","floor":20,"gold_loss":0,"cards_obtained":["Decay"]},{"damage_healed":0,"gold_gain":0,"player_choice":"Simplicity","damage_taken":0,"max_hp_gain":0,"max_hp_loss":0,"event_name":"Back to Basics","floor":21,"gold_loss":0,"cards_upgraded":["Strike_G","Strike_G","Strike_G","Defend_G","Defend_G","Defend_G","Defend_G"]},{"cards_removed":["Decay"],"damage_healed":0,"gold_gain":0,"player_choice":"Offered Curse","damage_taken":0,"relics_obtained":["Spirit Poop"],"max_hp_gain":0,"max_hp_loss":0,"event_name":"Bonfire Elementals","floor":24,"gold_loss":0},{"damage_healed":0,"gold_gain":0,"player_choice":"Fight","damage_taken":0,"max_hp_gain":0,"max_hp_loss":0,"event_name":"Colosseum","floor":30,"gold_loss":0},{"damage_healed":0,"gold_gain":0,"player_choice":"Fled From Nobs","damage_taken":0,"max_hp_gain":0,"max_hp_loss":0,"event_name":"Colosseum","floor":30,"gold_loss":0}],"is_beta":false,"boss_relics":[{"not_picked":["Busted Crown","Astrolabe"],"picked":"WristBlade"}],"items_purged_floors":[],"is_endless":false,"potions_floor_spawned":[1,11,14,18],"killed_by":"Collector","ascension_level":19}}