{"host":"apvnte8t1esriuig","time":1607886177,"event":{"mods":["2.2 Compatiblity","AchievementEnabler","BaseMod","Infinite Spire","Minty Spire (QoL Compilation)","Rare Cards Sparkle","StSLib"],"gold_per_floor":[147,183,183,183,183,183,183,277,277,15,74,126,227,279,279,510,510,546,546,184,184,184,184,184,109,109,207,259,259,347,409,409,659,659,701,203,239,239,239,239,308,409,436,501,608,55,162,187,187,187,187,187],"floor_reached":51,"playtime":1597,"items_purged":["Injury","Coolheaded","Redo+1"],"score":1654,"play_id":"996ce888-1959-4888-9733-d9ca937cc81e","local_time":"20201213200257","daily_mods":["Draft","Vintage","Colorless Cards","Heirloom","Time Dilation","Flight","DeadlyEvents","Elite Swarm","Midas"],"is_ascension_mode":true,"campfire_choices":[{"floor":6,"key":"REST"},{"floor":7,"key":"REST"},{"floor":15,"key":"REST"},{"floor":23,"key":"REST"},{"floor":24,"key":"REST"},{"floor":29,"key":"REST"},{"floor":32,"key":"REST"},{"floor":40,"key":"REST"},{"floor":49,"key":"REST"}],"circlet_count":0,"master_deck":["Demon Form","Echo Form","DevaForm","AscendersBane","Compile Driver+1","Dark Shackles","Cold Snap","Self Repair","Sweeping Beam","Go for the Eyes+1","Auto Shields","White Noise","Auto Shields","Conserve Battery","BootSequence+1","infinitespire:UltimateForm","Creative AI","Electrodynamics","Capacitor+1","Lockon+1","Aggregate+1","infinitespire:Punishment","Storm","Panache+1","Mayhem+1","Capacitor+1","Echo Form+1"],"relics":["Cracked Core","Turnip","Orichalcum","Centennial Puzzle","Golden Idol","Whetstone","Akabeko","Bottled Tornado","White Beast Statue","CaptainsWheel","Oddly Smooth Stone","infinitespire:FocusingShard","Astrolabe","Symbiotic Virus","Singing Bowl","Bronze Scales","Toxic Egg 2","Happy Flower","Frozen Egg 2","Blue Candle","FossilizedHelix","Vajra","Philosopher\u0027s Stone","Sundial","Blood Vial","ClockworkSouvenir","Bottled Lightning","Mercury Hourglass","PreservedInsect","Nunchaku","Ancient Tea Set","Runic Capacitor","Meat on the Bone","Anchor","Potion Belt"],"acts_visited":["Exordium","TheCity","TheBeyond"],"potions_floor_usage":[14,30,30,44,44,45,50,50],"damage_taken":[{"damage":13,"enemies":"Cultist","floor":1,"turns":5},{"damage":8,"enemies":"Jaw Worm","floor":2,"turns":5},{"damage":0,"enemies":"Lagavulin","floor":8,"turns":8},{"damage":5,"enemies":"Small Slimes","floor":11,"turns":4},{"damage":0,"enemies":"2 Fungi Beasts","floor":12,"turns":3},{"damage":21,"enemies":"Gremlin Nob","floor":13,"turns":6},{"damage":6,"enemies":"Gremlin Gang","floor":14,"turns":4},{"damage":19,"enemies":"The Guardian","floor":16,"turns":8},{"damage":19,"enemies":"2 Thieves","floor":18,"turns":5},{"damage":18,"enemies":"Book of Stabbing","floor":27,"turns":4},{"damage":9,"enemies":"Spheric Guardian","floor":28,"turns":4},{"damage":29,"enemies":"Slavers","floor":30,"turns":4},{"damage":8,"enemies":"Snake Plant","floor":31,"turns":2},{"damage":9,"enemies":"Champ","floor":33,"turns":6},{"damage":0,"enemies":"3 Shapes","floor":35,"turns":2},{"damage":32,"enemies":"3 Darklings","floor":37,"turns":3},{"damage":56,"enemies":"Reptomancer","floor":42,"turns":5},{"damage":1,"enemies":"Writhing Mass","floor":44,"turns":3},{"damage":0,"enemies":"Giant Head","floor":45,"turns":5},{"damage":56,"enemies":"Nemesis","floor":47,"turns":5},{"damage":40,"enemies":"Time Eater","floor":50,"turns":6},{"damage":58,"enemies":"Awakened One","floor":51,"turns":3}],"seed_played":"-2313726177267521664","potions_obtained":[{"floor":2,"key":"AttackPotion"},{"floor":8,"key":"EssenceOfSteel"},{"floor":12,"key":"Regen Potion"},{"floor":14,"key":"PowerPotion"},{"floor":30,"key":"FocusPotion"},{"floor":31,"key":"FocusPotion"},{"floor":35,"key":"Energy Potion"},{"floor":42,"key":"PowerPotion"},{"floor":44,"key":"Regen Potion"},{"floor":45,"key":"Swift Potion"},{"floor":47,"key":"PotionOfCapacity"}],"is_trial":true,"path_per_floor":["M","M","?","?","?","R","R","E","T","$","M","M","E","M","R","B",null,"M","?","$","AVR","?","R","R","$","T","E","M","R","E","M","R","B",null,"M","$","M","?","?","R","T","E","T","M","E","$","E","T","R","B","B"],"character_chosen":"DEFECT","items_purchased":["Bottled Tornado","Singing Bowl","Storm","Blood Vial","ClockworkSouvenir","Capacitor+1","Runic Capacitor","Meat on the Bone"],"campfire_rested":9,"item_purchase_floors":[10,20,25,36,36,36,46,46],"current_hp_per_floor":[58,64,64,43,25,46,67,71,71,71,66,66,52,65,71,59,68,56,36,36,36,36,58,76,76,76,60,51,74,52,44,67,65,75,75,75,52,52,48,73,73,28,28,36,59,59,33,33,59,43,0,0],"gold":187,"neow_bonus":"","is_daily":false,"chose_seed":false,"campfire_upgraded":0,"win_rate":0.0,"timestamp":1607886177,"path_taken":["M","M","?","?","?","R","R","E","T","$","?","M","?","?","R","BOSS","M","?","$","AVR","?","R","R","$","T","?","?","R","E","M","R","BOSS","M","$","?","?","?","R","?","?","T","?","?","?","?","?","R","BOSS","BOSS"],"items_purchased_type":["Relic","Relic","Card","Relic","Relic","Card","Relic","Relic"],"build_version":"2020-11-30","purchased_purges":3,"victory":false,"max_hp_per_floor":[71,71,71,71,71,71,71,71,71,71,71,71,71,71,71,71,71,71,76,76,76,76,76,76,76,76,78,78,78,78,78,78,78,78,78,78,78,78,84,84,84,86,86,86,86,86,88,88,88,88,88,88],"card_choices":[{"not_picked":["Deep Breath","Purity"],"picked":"Compile Driver","floor":0},{"not_picked":["Consume","PanicButton"],"picked":"Dark Shackles","floor":0},{"not_picked":["Steam","Streamline"],"picked":"Cold Snap","floor":0},{"not_picked":["Gash","Blind"],"picked":"Compile Driver","floor":0},{"not_picked":["Barrage","Flash of Steel"],"picked":"Self Repair","floor":0},{"not_picked":["Steam","Turbo"],"picked":"Leap","floor":0},{"not_picked":["Reinforced Body","Panacea"],"picked":"Redo","floor":0},{"not_picked":["Mind Blast","Barrage"],"picked":"Sweeping Beam","floor":0},{"not_picked":["Streamline","Steam"],"picked":"Go for the Eyes","floor":0},{"not_picked":["Heatsinks","Leap"],"picked":"Auto Shields","floor":0},{"not_picked":["Rebound","Enlightenment"],"picked":"White Noise","floor":0},{"not_picked":["Beam Cell","Go for the Eyes"],"picked":"Auto Shields","floor":0},{"not_picked":["Leap","Flash of Steel"],"picked":"Coolheaded","floor":0},{"not_picked":["Sweeping Beam","Melter"],"picked":"Conserve Battery","floor":0},{"not_picked":["Hologram","Blind"],"picked":"BootSequence","floor":0},{"not_picked":["infinitespire:FinalStrike","infinitespire:FutureSight"],"picked":"infinitespire:UltimateForm","floor":5},{"not_picked":["Amplify","All For One"],"picked":"Creative AI","floor":8},{"not_picked":["Magnetism","Apotheosis"],"picked":"Electrodynamics","floor":13},{"not_picked":["Transmutation+1","Fission+1","Master of Strategy+1"],"picked":"Singing Bowl","floor":27},{"not_picked":["Metamorphosis+1","The Bomb+1"],"picked":"Panache+1","floor":30},{"not_picked":["Meteor Strike","Seek+1"],"picked":"Mayhem+1","floor":33},{"not_picked":["Impatience+1","Mind Blast","Master of Strategy+1"],"picked":"Singing Bowl","floor":39},{"not_picked":["Thinking Ahead+1","Sadistic Nature+1","Swift Strike"],"picked":"Singing Bowl","floor":39},{"not_picked":["Violence+1","Madness+1","Jack Of All Trades+1"],"picked":"Singing Bowl","floor":39},{"not_picked":["Chrysalis+1","Thinking Ahead+1","Magnetism+1"],"picked":"Singing Bowl","floor":42},{"not_picked":["Thunder Strike","Amplify+1"],"picked":"Echo Form+1","floor":45},{"not_picked":["Violence+1","Apotheosis+1","Panache+1"],"picked":"Singing Bowl","floor":47}],"player_experience":312398,"relics_obtained":[{"floor":1,"key":"Orichalcum"},{"floor":2,"key":"Centennial Puzzle"},{"floor":8,"key":"Whetstone"},{"floor":9,"key":"Akabeko"},{"floor":11,"key":"White Beast Statue"},{"floor":12,"key":"CaptainsWheel"},{"floor":13,"key":"Oddly Smooth Stone"},{"floor":14,"key":"infinitespire:FocusingShard"},{"floor":18,"key":"Symbiotic Virus"},{"floor":22,"key":"Toxic Egg 2"},{"floor":26,"key":"Happy Flower"},{"floor":27,"key":"Frozen Egg 2"},{"floor":28,"key":"Blue Candle"},{"floor":30,"key":"FossilizedHelix"},{"floor":31,"key":"Vajra"},{"floor":35,"key":"Sundial"},{"floor":37,"key":"Bottled Lightning"},{"floor":41,"key":"Mercury Hourglass"},{"floor":42,"key":"PreservedInsect"},{"floor":43,"key":"Nunchaku"},{"floor":44,"key":"Ancient Tea Set"},{"floor":47,"key":"Anchor"},{"floor":48,"key":"Potion Belt"}],"event_choices":[{"damage_healed":0,"gold_gain":0,"player_choice":"Take Wound","damage_taken":0,"relics_obtained":["Golden Idol"],"max_hp_gain":0,"max_hp_loss":0,"event_name":"Golden Idol","floor":3,"gold_loss":0,"cards_obtained":["Injury"]},{"damage_healed":0,"gold_gain":0,"player_choice":"Entered Light","damage_taken":21,"max_hp_gain":0,"max_hp_loss":0,"event_name":"Shining Light","floor":4,"gold_loss":0,"cards_upgraded":["Redo","BootSequence"]},{"damage_healed":0,"gold_gain":0,"player_choice":"Shed Blood","damage_taken":25,"max_hp_gain":5,"max_hp_loss":0,"event_name":"Forgotten Altar","floor":19,"gold_loss":0},{"damage_healed":0,"gold_gain":0,"player_choice":"Relic","damage_taken":0,"max_hp_gain":0,"max_hp_loss":0,"event_name":"Wheel of Change","floor":22,"gold_loss":0},{"damage_healed":0,"gold_gain":0,"player_choice":"Ignored","damage_taken":0,"max_hp_gain":0,"max_hp_loss":0,"event_name":"Tomb of Lord Red Mask","floor":38,"gold_loss":0},{"damage_healed":0,"gold_gain":0,"player_choice":"Memory 3","damage_taken":10,"max_hp_gain":0,"max_hp_loss":0,"event_name":"SensoryStone","floor":39,"gold_loss":0}],"is_beta":false,"boss_relics":[{"not_picked":["Fusion Hammer","Calling Bell"],"picked":"Astrolabe"},{"not_picked":["Busted Crown","infinitespire:Cupcake"],"picked":"Philosopher\u0027s Stone"}],"items_purged_floors":[20,36,46],"is_endless":false,"potions_floor_spawned":[2,8,12,13,14,16,18,27,28,30,31,33,35,37,42,44,45,47],"killed_by":"Awakened One","ascension_level":20}}