{"host":"i3w38rq1z4slkels","time":1607877843,"event":{"mods":["2.2 Compatiblity","Act Like it!","BaseMod","Better Match","Better Vampires","BetterRewards","Conspire","Downfall","Minty Spire (QoL Compilation)","Rare Cards Sparkle","Replay The Spire","StSLib"],"gold_per_floor":[99,134,134,153,198,227,295,295,309,234,234,74,93,118,145,254,254,254,277,202,202,222,250,273,294,219,242,260,1,26,26,36,137,137,137,157,157,157,167,180,206,241,241,241,241,257,318,335,354,354,354,379,196,196,196],"floor_reached":56,"playtime":6058,"items_purged":["hexamod:Strike","hexamod:Strike","hexamod:Defend"],"score":1079,"play_id":"fe2c4880-abf7-4617-b2f4-c60909e6edb7","local_time":"20201213234403","is_ascension_mode":true,"campfire_choices":[{"floor":1.0,"key":"DIG"},{"data":"hexamod:Firestarter","floor":10.0,"key":"SMITH"},{"floor":18.0,"key":"RECALL"},{"data":"hexamod:TimeOfNeed","floor":20.0,"key":"SMITH"},{"data":"hexamod:SearingWound","floor":26.0,"key":"SMITH"},{"data":"hexamod:TimeOfNeed","floor":35.0,"key":"SMITH"},{"data":"expansioncontent:DefensiveStance","floor":38.0,"key":"SMITH"},{"floor":44.0,"key":"REST"},{"floor":54,"key":"REST"}],"circlet_count":0,"master_deck":["hexamod:Strike+1","hexamod:Defend+1","hexamod:Defend+1","hexamod:Sear+1","hexamod:Float","hexamod:Incineration+1","hexamod:Firestarter+1","expansioncontent:DefensiveStance+1","hexamod:Sear+1","hexamod:FlamesFromBeyond+1","hexamod:HeatMetal+1","hexamod:BurningTouch+1","hexamod:SoulSteal+1","hexamod:Toasty+1","hexamod:TimeOfNeed+1","hexamod:SearingWound+1","hexamod:TimeOfNeed+1","hexamod:FirstSeal"],"relics":["hexamod:SpiritBrand","downfall:HeartsMalice","Blue Candle","Anchor","Replay:Mystery Machine","Mummified Hand","downfall:HeartBlessingGreen","expansioncontent:StudyCardRelic","downfall:HeartBlessingRed","downfall:HeartBlessingBlue","Replay:Baseball","hexamod:TheBrokenSeal","Empty Cage","Nunchaku","ReplayTheSpireMod:Lightbulb","Divine Protection","Guide Book","TheAbacus","Bag of Preparation","Lantern"],"acts_visited":["TheEnding"],"potions_floor_usage":[49,55,55],"damage_taken":[{"damage":0.0,"enemies":"3 Sentries","floor":2.0,"turns":1.0},{"damage":0.0,"enemies":"Small Slimes","floor":3.0,"turns":1.0},{"damage":0.0,"enemies":"Cultist","floor":4.0,"turns":3.0},{"damage":8.0,"enemies":"Gremlin Nob","floor":6.0,"turns":4.0},{"damage":0.0,"enemies":"Jaw Worm","floor":9.0,"turns":3.0},{"damage":0.0,"enemies":"downfall:FleeingMerchant","floor":12.0,"turns":4.0},{"damage":0.0,"enemies":"Gremlin Gang","floor":13.0,"turns":4.0},{"damage":0.0,"enemies":"Large Slime","floor":14.0,"turns":4.0},{"damage":1.0,"enemies":"Lots of Slimes","floor":15.0,"turns":4.0},{"damage":21.0,"enemies":"downfall:CharBossWatcher","floor":16.0,"turns":8.0},{"damage":0.0,"enemies":"Chosen","floor":19.0,"turns":4.0},{"damage":0.0,"enemies":"Shell Parasite","floor":22.0,"turns":4.0},{"damage":2.0,"enemies":"Snecko","floor":23.0,"turns":3.0},{"damage":0.0,"enemies":"Shelled Parasite and Fungi","floor":25.0,"turns":3.0},{"damage":5.0,"enemies":"Chosen and Byrds","floor":27.0,"turns":5.0},{"damage":9.0,"enemies":"Snecko","floor":28.0,"turns":3.0},{"damage":0.0,"enemies":"downfall:FleeingMerchant","floor":29.0,"turns":4.0},{"damage":22.0,"enemies":"Shelled Parasite and Fungi","floor":30.0,"turns":4.0},{"damage":4.0,"enemies":"Snake Plant","floor":32.0,"turns":5.0},{"damage":2.0,"enemies":"downfall:CharBossDefect","floor":33.0,"turns":6.0},{"damage":10.0,"enemies":"3 Darklings","floor":36.0,"turns":3.0},{"damage":0.0,"enemies":"Orb Walker","floor":39.0,"turns":2.0},{"damage":10.0,"enemies":"Spire Growth","floor":40.0,"turns":3.0},{"damage":7.0,"enemies":"Giant Head","floor":42.0,"turns":6.0},{"damage":0.0,"enemies":"Jaw Worm Horde","floor":46.0,"turns":4.0},{"damage":0,"enemies":"downfall:FleeingMerchant","floor":47,"turns":3},{"damage":15,"enemies":"Sphere and 2 Shapes","floor":48,"turns":3},{"damage":24,"enemies":"3 Darklings","floor":49,"turns":4},{"damage":0,"enemies":"downfall:CharBossSilent","floor":50,"turns":1},{"damage":19,"enemies":"downfall:CharBossMerchant","floor":52,"turns":6},{"damage":77,"enemies":"downfall:NeowBoss","floor":55,"turns":24}],"seed_played":"-5785985833782473744","potions_obtained":[{"floor":2.0,"key":"Guardian:BlockOnCardUsePotion"},{"floor":4.0,"key":"BlessingOfTheForge"},{"floor":5.0,"key":"EssenceOfSteel"},{"floor":5.0,"key":"conspire:TimeTravelPotion"},{"floor":9.0,"key":"Dexterity Potion"},{"floor":11.0,"key":"Fire Potion"},{"floor":15.0,"key":"ColorlessPotion"},{"floor":22.0,"key":"BlessingOfTheForge"},{"floor":23.0,"key":"SkillPotion"},{"floor":30.0,"key":"Milkshake"},{"floor":31.0,"key":"CultistPotion"}],"is_trial":false,"path_per_floor":["R","E","M","M","?","E","T","?","M","R","?","$","M","M","M","B",null,"R","M","R","?","M","M","T","M","R","M","M","$","M","?","M","B",null,"R","M","?","R","M","M","T","E","?","R","?","M","$","M","M","B",null,"E","$","R","B",null],"character_chosen":"THE_SPIRIT","items_purchased":["hexamod:ThirdSeal","Replay:Baseball","Guide Book","Lantern","Elixir"],"campfire_rested":2,"item_purchase_floors":[12,29,47,53,53],"current_hp_per_floor":[70,70,70,70,70,62,62,62,62,62,62,62,62,62,61,47,70,70,70,70,70,70,68,68,68,78,80,71,78,63,63,69,67,90,90,80,80,80,80,70,70,63,63,90,90,90,90,82,89,89,90,78,78,90,20],"gold":196,"neow_bonus":"THREE_ENEMY_KILL","is_daily":false,"chose_seed":false,"campfire_upgraded":5,"win_rate":0.0,"timestamp":1607877843,"path_taken":["R","E","M","M","?","E","T","?","?","R","?","$","M","?","M","BOSS","R","M","R","?","?","M","T","?","R","M","M","$","M","?","M","BOSS","R","M","?","R","?","?","T","E","?","R","?","M","$","?","M","BOSS","E","$","R","BOSS"],"items_purchased_type":["Card","Relic","Relic","Relic","Potion"],"build_version":"2020-11-30","purchased_purges":3,"victory":true,"max_hp_per_floor":[70,70,70,70,70,70,70,70,70,70,70,70,70,70,70,70,70,70,70,70,70,70,70,70,70,80,80,80,80,80,80,90,90,90,90,90,90,90,90,90,90,90,90,90,90,90,90,90,90,90,90,90,90,90,90],"card_choices":[{"not_picked":["hexamod:RecurringNightmare","hexamod:InspiringFlames","hexamod:CatchUp"],"picked":"SKIP","floor":2.0},{"not_picked":["hexamod:SwordOfDarkness","hexamod:SpectralSpark"],"picked":"hexamod:Incineration","floor":3.0},{"not_picked":["hexamod:FastForward","hexamod:GhostLash"],"picked":"hexamod:Firestarter","floor":4.0},{"not_picked":["hexamod:ThermalTransfer","hexamod:GhostLash"],"picked":"hexamod:FifthSeal","floor":6.0},{"not_picked":["hexamod:FifthSeal","hexamod:FourthSeal"],"picked":"hexamod:SecondSeal","floor":9.0},{"not_picked":["hexamod:NightmareStrike","hexamod:AdvancingGuard"],"picked":"hexamod:FlamesFromBeyond","floor":9.0},{"not_picked":["hexamod:InspiringFlames","hexamod:GhostShield"],"picked":"hexamod:HeatMetal","floor":13.0},{"not_picked":["hexamod:Hexaguard","hexamod:NightmareStrike"],"picked":"hexamod:BurningTouch","floor":13.0},{"not_picked":["hexamod:GhostShield","hexamod:SpectersWail","hexamod:InspiringFlames"],"picked":"SKIP","floor":14.0},{"not_picked":["hexamod:ThirdSeal","hexamod:SecondSeal"],"picked":"hexamod:FirstSeal","floor":15.0},{"not_picked":["hexamod:GhostLash","hexamod:GhostShield"],"picked":"hexamod:SoulSteal","floor":15.0},{"not_picked":["hexamod:StepThrough","hexamod:CatchUp","hexamod:ThermalTransfer"],"picked":"SKIP","floor":15.0},{"not_picked":["hexamod:FifthSeal","hexamod:FirstSeal"],"picked":"hexamod:SixthSeal","floor":16.0},{"not_picked":["hexamod:GiftsFromTheDead","hexamod:CrushingStance"],"picked":"hexamod:Toasty","floor":16.0},{"not_picked":["hexamod:GiftsFromTheDead","hexamod:SixthSeal"],"picked":"hexamod:TimeOfNeed","floor":16.0},{"not_picked":["hexamod:InspiringFlames","hexamod:Rewind","hexamod:SpectralSpark"],"picked":"SKIP","floor":19.0},{"not_picked":["hexamod:FirstSeal","hexamod:ThirdSeal","hexamod:FifthSeal"],"picked":"SKIP","floor":19.0},{"not_picked":["hexamod:SpectersWail","hexamod:ShieldOfDarkness","hexamod:InspiringFlames"],"picked":"SKIP","floor":19.0},{"not_picked":["hexamod:FastForward","hexamod:PhantomFireball","hexamod:SpectralAdrenaline"],"picked":"SKIP","floor":22.0},{"not_picked":["hexamod:SwordOfDarkness","hexamod:InspiringFlames","hexamod:ThirdSeal"],"picked":"SKIP","floor":22.0},{"not_picked":["hexamod:GhostShield","hexamod:BurningTouch"],"picked":"hexamod:SearingWound","floor":23.0},{"not_picked":["hexamod:HauntingEcho","hexamod:GhostShield","hexamod:NightmareGuise"],"picked":"SKIP","floor":23.0},{"not_picked":["hexamod:ThirdSeal","hexamod:SixthSeal","hexamod:SecondSeal"],"picked":"SKIP","floor":25.0},{"not_picked":["hexamod:RecurringNightmare","hexamod:SecondSeal","hexamod:BurningTouch"],"picked":"SKIP","floor":25.0},{"not_picked":["hexamod:HauntingEcho","hexamod:EmpoweredFlame+1","hexamod:RecurringNightmare"],"picked":"SKIP","floor":27.0},{"not_picked":["hexamod:SixthSeal","hexamod:SecondSeal","hexamod:FifthSeal"],"picked":"SKIP","floor":27.0},{"not_picked":["hexamod:Rewind","hexamod:GhostShield+1","hexamod:NightmareStrike"],"picked":"SKIP","floor":27.0},{"not_picked":["hexamod:ThirdSeal","hexamod:FirstSeal","hexamod:FifthSeal"],"picked":"SKIP","floor":28.0},{"not_picked":["hexamod:InspiringFlames","hexamod:Firestarter","hexamod:HauntingEcho"],"picked":"SKIP","floor":28.0},{"not_picked":["hexamod:ThirdSeal","hexamod:FirstSeal"],"picked":"hexamod:FourthSeal","floor":30.0},{"not_picked":["hexamod:ThermalTransfer","hexamod:SearingWound","hexamod:BurningTouch+1"],"picked":"SKIP","floor":30.0},{"not_picked":["hexamod:ThermalTransfer+1","hexamod:ShieldOfDarkness+1","hexamod:HeatMetal+1"],"picked":"SKIP","floor":32.0},{"not_picked":["hexamod:WildfireWeapon","hexamod:SearingWound"],"picked":"hexamod:TimeOfNeed","floor":33.0},{"not_picked":["hexamod:PowerFromBeyond","hexamod:SwordOfDarkness","hexamod:RainOfEmbers"],"picked":"SKIP","floor":36.0},{"not_picked":["hexamod:FastForward+1","hexamod:AdvancingGuard+1","hexamod:PowerFromBeyond"],"picked":"SKIP","floor":39.0},{"not_picked":["hexamod:Firestarter+1","hexamod:HeatShield"],"picked":"hexamod:FirstSeal","floor":40.0},{"not_picked":["hexamod:NecessarySacrifice","hexamod:HauntingEcho","hexamod:FastForward+1"],"picked":"SKIP","floor":42.0},{"not_picked":["hexamod:Firestarter","hexamod:HauntingEcho+1","hexamod:PhantomCloak"],"picked":"SKIP","floor":46.0},{"not_picked":["hexamod:BacktrackSmack+1","hexamod:Hexaguard","hexamod:HauntingEcho+1"],"picked":"SKIP","floor":47},{"not_picked":["hexamod:AdvancingGuard","hexamod:SpectralSpark+1","hexamod:TimeWarp"],"picked":"SKIP","floor":48},{"not_picked":["hexamod:BacktrackSmack","hexamod:SpectersWail+1","hexamod:ChargedBarrage+1"],"picked":"SKIP","floor":49},{"not_picked":["hexamod:GhostOfSpirePresent","hexamod:Again","hexamod:FastForward+1"],"picked":"SKIP","floor":52}],"player_experience":397199,"relics_obtained":[{"floor":1.0,"key":"Blue Candle"},{"floor":2.0,"key":"Anchor"},{"floor":6.0,"key":"Replay:Mystery Machine"},{"floor":7.0,"key":"Mummified Hand"},{"floor":41.0,"key":"Nunchaku"},{"floor":42.0,"key":"ReplayTheSpireMod:Lightbulb"},{"floor":43.0,"key":"Divine Protection"},{"floor":52,"key":"TheAbacus"},{"floor":52,"key":"Bag of Preparation"}],"event_choices":[{"damage_healed":0.0,"max_hp_gain":0.0,"max_hp_loss":0.0,"gold_gain":0.0,"event_name":"Lab","player_choice":"Got Potions","floor":11.0,"gold_loss":0.0,"damage_taken":0.0},{"damage_healed":0.0,"max_hp_gain":0.0,"max_hp_loss":0.0,"gold_gain":0.0,"event_name":"Upgrade Shrine","player_choice":"Upgraded","floor":21.0,"gold_loss":0.0,"damage_taken":0.0,"cards_upgraded":["hexamod:BurningTouch"]},{"damage_healed":0.0,"max_hp_gain":0.0,"max_hp_loss":0.0,"gold_gain":0.0,"event_name":"Accursed Blacksmith","player_choice":"Forge","floor":37.0,"gold_loss":0.0,"damage_taken":0.0,"cards_upgraded":["hexamod:FlamesFromBeyond"]}],"is_beta":false,"boss_relics":[{"not_picked":["Coffee Dripper","Cursed Key"],"picked":"expansioncontent:StudyCardRelic"},{"not_picked":["ReplayTheSpireMod:DimensionalGlitch","Black Star"],"picked":"Empty Cage"}],"items_purged_floors":[12,29,47],"is_endless":false,"potions_floor_spawned":[2,4,9,15,22,23,25,30,40,48],"ascension_level":1}}