{"host":"gkh5j5k5w4qf7k7n","time":1607829501,"event":{"mods":["2.2 Compatiblity","AchievementEnabler","BaseMod","Colored Map","Colored Powertips","GifTheSpireLib","Keyboard Shortcuts","Minty Spire (QoL Compilation)","Quick Restart","StSLib","SuperFastMode","The Construct","The Dragon Tamer","TheBandit","¡¼?Úª?ø«¡½REMEMod"],"gold_per_floor":[117,192,192,192,49,49,63,63,63,89,89,100,118,147,147,242,242,262,262,40,59,72,72,103,103,103],"floor_reached":25,"playtime":1701,"items_purged":["construct:AttackMode"],"score":344,"play_id":"11714628-f573-4ec4-8a03-7ab555b5cc2f","local_time":"20201213121821","is_ascension_mode":true,"campfire_choices":[{"data":"Deep Breath","floor":6,"key":"SMITH"},{"data":"construct:DefenseMode","floor":8,"key":"SMITH"},{"floor":11,"key":"REST"},{"data":"construct:Enhance","floor":15,"key":"SMITH"},{"data":"construct:Enhance+1","floor":23,"key":"SMITH"}],"circlet_count":0,"master_deck":["AscendersBane","construct:Strike_Gold+1","construct:Strike_Gold","construct:Defend_Gold","construct:Defend_Gold","construct:Defend_Gold","construct:Defend_Gold","construct:Defend_Gold","construct:DefenseMode+1","Deep Breath+1","SignatureMove+1","construct:Enhance+2","construct:DarkFlames","construct:Afterburners","construct:Versatility+1","construct:ShiftGuard+1"],"relics":["construct:ClockworkPhoenix","construct:Challenge1","REME_ComplimentaryCards","Centennial Puzzle","Medical Kit","Regal Pillow","Ancient Tea Set","Eternal Feather","Astrolabe","TheAbacus","Toxic Egg 2"],"acts_visited":["Exordium","TheCity"],"potions_floor_usage":[14,24,24,25],"damage_taken":[{"damage":9,"enemies":"Jaw Worm","floor":1,"turns":4},{"damage":0,"enemies":"2 Louse","floor":7,"turns":2},{"damage":11,"enemies":"Gremlin Nob","floor":10,"turns":3},{"damage":3,"enemies":"Cultist","floor":12,"turns":4},{"damage":7,"enemies":"Red Slaver","floor":13,"turns":4},{"damage":27,"enemies":"3 Sentries","floor":14,"turns":25},{"damage":25,"enemies":"Hexaghost","floor":16,"turns":23},{"damage":6,"enemies":"Spheric Guardian","floor":18,"turns":31},{"damage":27,"enemies":"3 Byrds","floor":21,"turns":15},{"damage":7,"enemies":"Shelled Parasite and Fungi","floor":22,"turns":12},{"damage":10,"enemies":"Slavers","floor":24,"turns":17},{"damage":24,"enemies":"Centurion and Healer","floor":25,"turns":5}],"seed_played":"9163917252782994457","potions_obtained":[{"floor":1,"key":"Dexterity Potion"},{"floor":10,"key":"construct:ShiftPotion"},{"floor":12,"key":"Swift Potion"},{"floor":13,"key":"Dexterity Potion"},{"floor":22,"key":"ColorlessPotion"},{"floor":24,"key":"PowerPotion"}],"is_trial":false,"path_per_floor":["M","?","?","?","$","R","M","R","T","E","R","M","M","E","R","B",null,"M","?","$","M","M","R","E","M"],"character_chosen":"THE_CONSTRUCT_MOD","items_purchased":["Medical Kit","TheAbacus"],"campfire_rested":1,"item_purchase_floors":[5,20],"current_hp_per_floor":[68,57,40,28,28,28,28,28,28,17,57,54,47,20,29,4,65,59,59,59,32,25,34,24,0,0],"gold":103,"neow_bonus":"RANDOM_COLORLESS","is_daily":false,"chose_seed":false,"campfire_upgraded":4,"win_rate":0.0,"timestamp":1607829501,"path_taken":["M","?","?","?","$","R","M","R","T","E","R","M","M","E","R","BOSS","M","?","$","M","M","R","E","M"],"items_purchased_type":["Relic","Relic"],"build_version":"2020-11-30","purchased_purges":1,"victory":false,"max_hp_per_floor":[85,85,85,85,85,85,85,85,85,85,85,85,85,85,85,85,85,85,85,85,85,85,85,85,85,85],"card_choices":[{"not_picked":["Blind","Purity"],"picked":"Deep Breath","floor":0},{"not_picked":["construct:Overcharge","construct:Reinforce","construct:Impenetrable"],"picked":"SKIP","floor":1},{"not_picked":["construct:CripplingShot","construct:Reinforce","construct:ShiftStrike"],"picked":"SKIP","floor":7},{"not_picked":["construct:Anticipate","construct:Electrocute"],"picked":"construct:Enhance","floor":10},{"not_picked":["construct:Anticipate","construct:FlakBarrage"],"picked":"construct:DarkFlames","floor":12},{"not_picked":["construct:ShiftGuard","construct:Backfire","construct:Tumble"],"picked":"SKIP","floor":13},{"not_picked":["construct:ShiftStrike","construct:Forcefield","construct:Dampening"],"picked":"SKIP","floor":14},{"not_picked":["construct:DarkFlames","construct:HammerDown"],"picked":"construct:Afterburners","floor":16},{"not_picked":["construct:SuppressiveFire","construct:Reinforce+1","construct:CreateCores"],"picked":"SKIP","floor":18},{"not_picked":["construct:ModeShift+1","construct:Anticipate","construct:SweepLaser"],"picked":"SKIP","floor":21},{"not_picked":["construct:SaveState","construct:ScrapCannon","construct:MoltenSmash"],"picked":"SKIP","floor":22},{"not_picked":["construct:FocusedBeam","construct:PhosphorStorm+1","construct:QuickAttack"],"picked":"SKIP","floor":24}],"player_experience":925003,"relics_obtained":[{"floor":9,"key":"Regal Pillow"},{"floor":10,"key":"Ancient Tea Set"},{"floor":14,"key":"Eternal Feather"},{"floor":24,"key":"Toxic Egg 2"}],"event_choices":[{"damage_healed":0,"gold_gain":75,"player_choice":"Gather Gold","damage_taken":11,"max_hp_gain":0,"max_hp_loss":0,"event_name":"World of Goop","floor":2,"gold_loss":0},{"damage_healed":0,"gold_gain":0,"player_choice":"Entered Light","damage_taken":17,"max_hp_gain":0,"max_hp_loss":0,"event_name":"Shining Light","floor":3,"gold_loss":0,"cards_upgraded":["SignatureMove","construct:Strike_Gold"]},{"damage_healed":0,"gold_gain":0,"player_choice":"Success","damage_taken":12,"relics_obtained":["Centennial Puzzle"],"max_hp_gain":0,"max_hp_loss":0,"event_name":"Scrap Ooze","floor":4,"gold_loss":0},{"cards_removed":["construct:SyphonStrike"],"damage_healed":0,"gold_gain":0,"player_choice":"Elegance","damage_taken":0,"max_hp_gain":0,"max_hp_loss":0,"event_name":"Back to Basics","floor":19,"gold_loss":0}],"is_beta":false,"boss_relics":[{"not_picked":["Runic Pyramid","Fusion Hammer"],"picked":"Astrolabe"}],"items_purged_floors":[20],"is_endless":false,"potions_floor_spawned":[1,10,12,13,22,24],"killed_by":"Centurion and Healer","ascension_level":10}}