{"host":"x0ovlu53kkkog8rv","time":1607867719,"event":{"mods":["BaseMod","Colored Map","Minty Spire (QoL Compilation)","Quick Restart","SuperFastMode"],"gold_per_floor":[215,215,390,390,315,315,333,333,382,399,410,425,441,189,189,189,189],"floor_reached":16,"playtime":523,"items_purged":["Doubt","Defend_P"],"score":101,"play_id":"3a74419e-890d-4d66-b4ef-6dfec3e7de2f","local_time":"20201213225519","is_ascension_mode":true,"campfire_choices":[{"data":"Eruption","floor":6,"key":"SMITH"},{"floor":8,"key":"REST"},{"floor":15,"key":"REST"}],"circlet_count":0,"master_deck":["Strike_P","Strike_P","Strike_P","Defend_P","Defend_P","Defend_P","Eruption+1","Vigilance","MentalFortress"],"relics":["PureWater","Orichalcum","PreservedInsect"],"acts_visited":["Exordium"],"potions_floor_usage":[11,13,16],"damage_taken":[{"damage":7,"enemies":"Small Slimes","floor":1,"turns":2},{"damage":7,"enemies":"2 Louse","floor":7,"turns":3},{"damage":2,"enemies":"Jaw Worm","floor":10,"turns":3},{"damage":3,"enemies":"Blue Slaver","floor":11,"turns":3},{"damage":8,"enemies":"Red Slaver","floor":12,"turns":7},{"damage":26,"enemies":"Exordium Wildlife","floor":13,"turns":4},{"damage":0,"enemies":"Slime Boss","floor":16,"turns":3}],"seed_played":"-2096919940583689387","potions_obtained":[{"floor":10,"key":"Explosive Potion"},{"floor":11,"key":"Swift Potion"},{"floor":13,"key":"DuplicationPotion"}],"is_trial":false,"path_per_floor":["M","?","?","?","$","R","M","R","T","M","M","M","M","$","R","B"],"character_chosen":"WATCHER","items_purchased":["PreservedInsect"],"campfire_rested":2,"item_purchase_floors":[14],"current_hp_per_floor":[65,58,58,63,63,63,56,77,77,75,72,64,38,38,61,61,61],"gold":189,"neow_bonus":"HUNDRED_GOLD","is_daily":false,"chose_seed":false,"campfire_upgraded":1,"win_rate":0.0,"timestamp":1607867719,"path_taken":["M","?","?","?","$","R","M","R","T","M","?","M","M","$","R","BOSS"],"items_purchased_type":["Relic"],"build_version":"2020-11-30","purchased_purges":2,"victory":false,"max_hp_per_floor":[72,72,72,77,77,77,77,77,77,77,77,77,77,77,77,77,77],"card_choices":[{"not_picked":["EmptyBody","JustLucky","Prostrate"],"picked":"SKIP","floor":1},{"not_picked":["BowlingBash","Sanctity","CutThroughFate"],"picked":"SKIP","floor":7},{"not_picked":["EmptyFist","Halt","CutThroughFate"],"picked":"SKIP","floor":10},{"not_picked":["FearNoEvil","Consecrate"],"picked":"MentalFortress","floor":11},{"not_picked":["EmptyBody","Fasting2","FlurryOfBlows"],"picked":"SKIP","floor":12},{"not_picked":["SignatureMove","CarveReality","CutThroughFate"],"picked":"SKIP","floor":13}],"player_experience":209672,"relics_obtained":[{"floor":9,"key":"Orichalcum"}],"event_choices":[{"cards_removed":["Strike_P"],"damage_healed":0,"gold_gain":0,"player_choice":"Card Removal","damage_taken":7,"max_hp_gain":0,"max_hp_loss":0,"event_name":"Golden Wing","floor":2,"gold_loss":0},{"damage_healed":0,"gold_gain":175,"player_choice":"AGREE","damage_taken":0,"max_hp_gain":0,"max_hp_loss":0,"event_name":"Liars Game","floor":3,"gold_loss":0,"cards_obtained":["Doubt"]},{"damage_healed":0,"gold_gain":0,"player_choice":"Donut","damage_taken":0,"max_hp_gain":5,"max_hp_loss":0,"event_name":"Big Fish","floor":4,"gold_loss":0}],"is_beta":false,"boss_relics":[],"items_purged_floors":[5,14],"is_endless":false,"potions_floor_spawned":[10,11,13],"killed_by":"Slime Boss","ascension_level":2}}