{"host":"ow9msrs9p2ctkx99","time":1607863070,"event":{"mods":["AchievementEnabler","BaseMod","Colored Map","Colored Powertips","Minty Spire (QoL Compilation)","Permanent Neow","Quick Restart","SuperFastMode"],"gold_per_floor":[131,162,249,276,288,300,347,359,423,448,493,516,528,540,552,664,676,705,717,729,741,668,714,726,738,750,762,802,657,669,224,224,321,321,332,332,348,223,223,248,248,268,294,294,308,120,120,120,120,120,120],"floor_reached":50,"playtime":1039,"items_purged":["Amplify","Zap+1"],"score":935,"play_id":"84a55b7a-75f8-4399-9053-06eb518a7c72","local_time":"20201213133750","is_ascension_mode":true,"campfire_choices":[{"data":"Dualcast","floor":6.0,"key":"SMITH"},{"data":"Buffer","floor":13,"key":"SMITH"},{"data":"Zap","floor":15,"key":"SMITH"},{"floor":24,"key":"REST"},{"floor":27,"key":"REST"},{"data":"Fission","floor":32,"key":"SMITH"},{"data":"Skim","floor":41,"key":"SMITH"},{"floor":44,"key":"RECALL"},{"floor":47,"key":"REST"},{"data":"Capacitor","floor":49,"key":"SMITH"}],"circlet_count":0,"master_deck":["AscendersBane","Defend_B+1","Defend_B+1","Defend_B+1","Dualcast+1","Sunder+1","Glacier","Undo","Coolheaded+1","Biased Cognition+1","Buffer+1","Ball Lightning+1","White Noise+1","FTL+1","Rebound+1","Sweeping Beam+1","Necronomicurse","Fission+1","Doom and Gloom+1","Stack","Core Surge+1","Skim+1","Fusion","Compile Driver+1","Secret Technique","Multi-Cast","Steam","Capacitor+1","Beam Cell+1","BootSequence+1","Beam Cell+1","Coolheaded","Flash of Steel+1"],"relics":["FrozenCore","MawBank","MealTicket","Toy Ornithopter","Molten Egg 2","Astrolabe","Necronomicon","Omamori","Oddly Smooth Stone","Pen Nib","Membership Card","Tiny Chest","Happy Flower","Strange Spoon","Akabeko","Regal Pillow","FossilizedHelix","Question Card"],"acts_visited":["Exordium","TheCity","TheBeyond"],"potions_floor_usage":[11,11,16,42,45],"damage_taken":[{"damage":2.0,"enemies":"Jaw Worm","floor":1.0,"turns":3.0},{"damage":10.0,"enemies":"Small Slimes","floor":2.0,"turns":3.0},{"damage":0.0,"enemies":"2 Louse","floor":4.0,"turns":1.0},{"damage":0.0,"enemies":"3 Sentries","floor":7.0,"turns":6.0},{"damage":7,"enemies":"Exordium Wildlife","floor":10,"turns":5},{"damage":22,"enemies":"Lagavulin","floor":11,"turns":6},{"damage":5,"enemies":"Blue Slaver","floor":12,"turns":3},{"damage":0,"enemies":"Slime Boss","floor":16,"turns":7},{"damage":6,"enemies":"2 Thieves","floor":18,"turns":3},{"damage":38,"enemies":"Slavers","floor":23,"turns":5},{"damage":24,"enemies":"Book of Stabbing","floor":28,"turns":4},{"damage":0,"enemies":"Spheric Guardian","floor":30,"turns":3},{"damage":28,"enemies":"Collector","floor":33,"turns":9},{"damage":7,"enemies":"Orb Walker","floor":35,"turns":3},{"damage":19,"enemies":"3 Darklings","floor":37,"turns":5},{"damage":23,"enemies":"Reptomancer","floor":40,"turns":7},{"damage":2,"enemies":"Jaw Worm Horde","floor":42,"turns":3},{"damage":18,"enemies":"4 Shapes","floor":45,"turns":5},{"damage":84,"enemies":"Donu and Deca","floor":50,"turns":10}],"seed_played":"-2331810082433202095","potions_obtained":[{"floor":1.0,"key":"EssenceOfSteel"},{"floor":4.0,"key":"AttackPotion"},{"floor":7.0,"key":"ColorlessPotion"},{"floor":12,"key":"BlessingOfTheForge"},{"floor":23,"key":"DistilledChaos"},{"floor":28,"key":"FearPotion"},{"floor":30,"key":"LiquidMemories"}],"is_trial":false,"path_per_floor":["M","M","?","M","?","R","E","$","T","M","E","M","R","?","R","B",null,"M","?","?","?","?","E","R","$","T","R","E","$","M","$","R","B",null,"M","?","M","$","?","E","R","M","T","R","M","$","R","T","R","B"],"character_chosen":"DEFECT","items_purchased":["Core Surge+1","Skim","Membership Card","Tiny Chest","Compile Driver+1","Happy Flower","Secret Technique","Strange Spoon","FossilizedHelix","Flash of Steel+1"],"campfire_rested":3,"item_purchase_floors":[29,29,31,31,31,31,31,38,46,46],"current_hp_per_floor":[66,56,45,45,45,45,45,60,60,53,41,36,36,21,21,26,63,57,41,41,41,41,3,25,40,40,62,38,53,53,68,68,40,66,59,59,40,55,55,32,32,35,35,35,22,37,71,71,71,0,0],"gold":120,"neow_bonus":"RANDOM_COMMON_RELIC","is_daily":false,"chose_seed":false,"campfire_upgraded":6,"win_rate":0.0,"timestamp":1607863070,"path_taken":["M","M","?","M","?","R","E","?","T","M","E","M","R","?","R","BOSS","M","?","?","?","?","E","R","?","T","R","E","$","?","$","R","BOSS","M","?","M","$","?","E","R","?","T","R","M","$","R","?","R","BOSS"],"items_purchased_type":["Card","Card","Relic","Relic","Card","Relic","Card","Relic","Relic","Card"],"build_version":"2020-11-30","purchased_purges":2,"victory":false,"max_hp_per_floor":[75,75,75,75,75,75,75,75,75,75,75,75,75,75,75,75,75,75,75,75,75,75,75,75,75,75,75,75,75,75,75,75,75,75,75,71,71,71,71,71,71,71,71,71,71,71,71,71,71,71,71],"card_choices":[{"not_picked":["Barrage","Steam"],"picked":"Sunder","floor":1.0},{"not_picked":["Auto Shields","Go for the Eyes"],"picked":"Glacier","floor":2.0},{"not_picked":["Redo","Compile Driver"],"picked":"Undo","floor":4.0},{"not_picked":["Reinforced Body","Ball Lightning"],"picked":"Coolheaded","floor":7.0},{"not_picked":["White Noise","Coolheaded"],"picked":"Biased Cognition","floor":10},{"not_picked":["Hello World","Conserve Battery"],"picked":"Buffer","floor":11},{"not_picked":["Turbo","Leap"],"picked":"Ball Lightning+1","floor":12},{"not_picked":["Biased Cognition","Meteor Strike+1"],"picked":"Amplify","floor":16},{"not_picked":["Ball Lightning+1","Hello World+1"],"picked":"Sweeping Beam+1","floor":18},{"not_picked":["Ball Lightning+1","Leap"],"picked":"Stack","floor":23},{"not_picked":["Sunder+1","Stack"],"picked":"Steam Power+1","floor":28},{"not_picked":["Compile Driver+1","Reinforced Body"],"picked":"Fusion","floor":30},{"not_picked":["Machine Learning","Hyperbeam+1"],"picked":"Multi-Cast","floor":33},{"not_picked":["Doom and Gloom+1","Cold Snap+1"],"picked":"Steam","floor":35},{"not_picked":["Conserve Battery","Cold Snap+1"],"picked":"Capacitor","floor":37},{"not_picked":["Fusion+1","All For One+1"],"picked":"BootSequence+1","floor":40},{"not_picked":["Ball Lightning+1","Sweeping Beam+1"],"picked":"Beam Cell+1","floor":42},{"not_picked":["Steam Power","Ball Lightning+1"],"picked":"Coolheaded","floor":45}],"player_experience":1013391,"relics_obtained":[{"floor":7.0,"key":"MealTicket"},{"floor":9,"key":"Toy Ornithopter"},{"floor":11,"key":"Molten Egg 2"},{"floor":19,"key":"Necronomicon"},{"floor":23,"key":"Oddly Smooth Stone"},{"floor":28,"key":"Pen Nib"},{"floor":40,"key":"Akabeko"},{"floor":43,"key":"Regal Pillow"},{"floor":48,"key":"Question Card"}],"event_choices":[{"damage_healed":0.0,"max_hp_gain":0.0,"max_hp_loss":0.0,"gold_gain":75.0,"event_name":"World of Goop","player_choice":"Gather Gold","floor":3.0,"gold_loss":0.0,"damage_taken":11.0},{"damage_healed":0.0,"max_hp_gain":0.0,"max_hp_loss":0.0,"gold_gain":0.0,"event_name":"Living Wall","player_choice":"Grow","floor":5.0,"gold_loss":0.0,"damage_taken":0.0,"cards_upgraded":["Sunder"]},{"damage_healed":0,"gold_gain":0,"player_choice":"Entered Light","damage_taken":15,"max_hp_gain":0,"max_hp_loss":0,"event_name":"Shining Light","floor":14,"gold_loss":0,"cards_upgraded":["Biased Cognition","Coolheaded"]},{"damage_healed":0,"gold_gain":0,"player_choice":"Obtained Book","damage_taken":16,"max_hp_gain":0,"max_hp_loss":0,"event_name":"Cursed Tome","floor":19,"gold_loss":0},{"damage_healed":0,"gold_gain":0,"cards_transformed":["Defend_B","Strike_B"],"player_choice":"Became Test Subject","damage_taken":0,"max_hp_gain":0,"max_hp_loss":0,"event_name":"Drug Dealer","floor":20,"gold_loss":0,"cards_obtained":["Fission","Doom and Gloom"]},{"damage_healed":0,"gold_gain":0,"player_choice":"Simplicity","damage_taken":0,"max_hp_gain":0,"max_hp_loss":0,"event_name":"Back to Basics","floor":21,"gold_loss":0,"cards_upgraded":["Defend_B","Defend_B","Defend_B"]},{"damage_healed":0,"gold_gain":0,"player_choice":"Obtained Relic","damage_taken":0,"relics_obtained":["Omamori"],"max_hp_gain":0,"max_hp_loss":0,"event_name":"Addict","floor":22,"gold_loss":85},{"damage_healed":0,"gold_gain":0,"player_choice":"Max HP","damage_taken":0,"max_hp_gain":0,"max_hp_loss":4,"event_name":"Winding Halls","floor":36,"gold_loss":0},{"damage_healed":0,"gold_gain":0,"cards_transformed":["Steam Power"],"player_choice":"Transformed","damage_taken":0,"max_hp_gain":0,"max_hp_loss":0,"event_name":"Transmorgrifier","floor":39,"gold_loss":0,"cards_obtained":["Beam Cell"]}],"is_beta":false,"boss_relics":[{"not_picked":["Velvet Choker","Pandora\u0027s Box"],"picked":"Astrolabe"},{"not_picked":["SlaversCollar","Coffee Dripper"],"picked":"FrozenCore"}],"items_purged_floors":[31,38],"is_endless":false,"potions_floor_spawned":[1,4,7,12,23,28,30,37],"killed_by":"Donu and Deca","ascension_level":11}}