{"host":"reretk0dz0kj8f1n","time":1607869966,"event":{"mods":["BaseMod","Lobotomy","Minty Spire (QoL Compilation)","StSLib"],"gold_per_floor":[114,131,131,150,150,176,176,189,265,299,299,68,87,115,115,215,215,231,330,330,255,107,107,141,153,176,207,227,240,267,279,279,381,381,394,58,94,94,110,143,143,177,203,249,268,268,268,54,54,54,54],"floor_reached":50,"playtime":3319,"items_purged":["Strike_G","Defend_G","Strike_G"],"score":787,"play_id":"d3bd808b-71c8-4656-98d6-737aef20bac7","local_time":"20201213233246","is_ascension_mode":true,"campfire_choices":[{"data":"Prepared","floor":7,"key":"SMITH"},{"data":"Phantasmal Killer","floor":11,"key":"SMITH"},{"data":"Prepared","floor":15,"key":"SMITH"},{"data":"After Image","floor":23,"key":"SMITH"},{"data":"A Thousand Cuts","floor":32,"key":"SMITH"},{"data":"Acrobatics","floor":41,"key":"SMITH"},{"data":"Adrenaline","floor":46,"key":"SMITH"},{"floor":49,"key":"REST"}],"circlet_count":0,"master_deck":["Strike_G","Defend_G","Defend_G","Survivor","Neutralize","Backstab","MHz","Phantasmal Killer+1","Prepared+1","Backflip","Acrobatics","Flash of Steel","Prepared+1","Prepared","Envenom","Prepared","A Thousand Cuts+1","After Image+1","Acrobatics+1","Grand Finale","Deadly Poison","Reflex","Acrobatics","Concentrate+1","A Thousand Cuts","BlackSwan","Flash of Steel","Well Laid Plans","Tactician+1","Adrenaline+1","Madness","Madness"],"relics":["Ring of the Snake","CogitoBucket","RabbitCall","Lizard Tail","Boot","Gremlin Horn","PreservedInsect","AspirationHeart","Vajra","Sozu","Lantern","Orrery","Du-Vu Doll","TreeSap","Juzu Bracelet","Nunchaku","Ancient Tea Set","ChangeAnything","AtMidnight","Empty Cage","Snake Skull","The Courier","Regal Pillow","Happy Flower","TheAbacus"],"acts_visited":["Exordium","TheCity","TheBeyond"],"potions_floor_usage":[6,10,16,16,16],"damage_taken":[{"damage":2,"enemies":"Small Slimes","floor":1,"turns":5},{"damage":0,"enemies":"Cultist","floor":2,"turns":3},{"damage":1,"enemies":"2 Louse","floor":4,"turns":2},{"damage":15,"enemies":"Lagavulin","floor":6,"turns":7},{"damage":3,"enemies":"Exordium Wildlife","floor":8,"turns":4},{"damage":18,"enemies":"Gremlin Nob","floor":10,"turns":3},{"damage":7,"enemies":"Looter","floor":13,"turns":5},{"damage":8,"enemies":"Lagavulin","floor":14,"turns":3},{"damage":14,"enemies":"Hexaghost","floor":16,"turns":7},{"damage":12,"enemies":"Shell Parasite","floor":18,"turns":4},{"damage":0,"enemies":"Gremlin Leader","floor":24,"turns":2},{"damage":58,"enemies":"2 Thieves","floor":25,"turns":4},{"damage":14,"enemies":"Book of Stabbing","floor":27,"turns":5},{"damage":4,"enemies":"Shelled Parasite and Fungi","floor":28,"turns":4},{"damage":6,"enemies":"Snake Plant","floor":29,"turns":4},{"damage":21,"enemies":"Slavers","floor":30,"turns":2},{"damage":1,"enemies":"3 Cultists","floor":31,"turns":7},{"damage":2,"enemies":"Automaton","floor":33,"turns":5},{"damage":3,"enemies":"Orb Walker","floor":35,"turns":3},{"damage":34,"enemies":"3 Darklings","floor":37,"turns":3},{"damage":8,"enemies":"Transient","floor":39,"turns":5},{"damage":38,"enemies":"Nemesis","floor":40,"turns":5},{"damage":0,"enemies":"Reptomancer","floor":42,"turns":2},{"damage":10,"enemies":"2 Orb Walkers","floor":44,"turns":3},{"damage":0,"enemies":"Sphere and 2 Shapes","floor":45,"turns":1},{"damage":117,"enemies":"Awakened One","floor":50,"turns":2}],"seed_played":"1006248827936252798","potions_obtained":[{"floor":2,"key":"Block Potion"},{"floor":6,"key":"Block Potion"},{"floor":8,"key":"SkillPotion"},{"floor":13,"key":"Swift Potion"},{"floor":14,"key":"Poison Potion"}],"is_trial":false,"path_per_floor":["M","M","?","M","?","E","R","M","T","E","R","$","M","E","R","B",null,"M","?","?","?","$","R","E","M","T","E","M","M","E","M","R","B",null,"M","$","M","?","M","E","R","E","T","?","M","R","?","$","R","B"],"character_chosen":"THE_SILENT","items_purchased":["Calculated Gamble","Flash of Steel","Orrery","Flash of Steel","Snake Skull","TheAbacus"],"campfire_rested":1,"item_purchase_floors":[12,12,22,36,36,48],"current_hp_per_floor":[68,68,68,67,67,52,52,49,49,31,31,31,64,56,56,42,80,68,68,68,68,68,68,68,10,10,38,34,28,19,42,42,58,65,65,65,34,34,26,54,54,54,54,44,44,44,36,36,65,0,0],"gold":54,"neow_bonus":"","is_daily":false,"chose_seed":false,"campfire_upgraded":7,"win_rate":0.0,"timestamp":1607869966,"path_taken":["M","M","?","M","?","E","R","?","T","E","R","?","M","E","R","BOSS","M","?","?","?","$","R","E","M","T","E","M","M","E","M","R","BOSS","M","$","M","?","M","E","R","E","T","?","M","R","?","$","R","BOSS"],"items_purchased_type":["Card","Card","Relic","Card","Relic","Relic"],"build_version":"2020-11-30","purchased_purges":3,"victory":false,"max_hp_per_floor":[70,70,70,70,70,70,70,70,70,70,70,70,80,80,80,80,80,80,80,80,80,80,80,80,80,80,80,80,80,65,65,65,65,65,65,65,65,65,65,65,65,65,65,65,65,65,65,65,65,65,65],"card_choices":[{"not_picked":["UniverseFragment","Wellcheers","FairyFestival"],"picked":"Singing Bowl","floor":1},{"not_picked":["Bane","Slice"],"picked":"Backstab","floor":1},{"not_picked":["ShyLook","SpiderBud"],"picked":"MHz","floor":2},{"not_picked":["Quick Slash","Leg Sweep","Infinite Blades"],"picked":"SKIP","floor":2},{"not_picked":["FairyFestival","LongBird","BigBadWolf"],"picked":"Singing Bowl","floor":4},{"not_picked":["Quick Slash","Dodge and Roll"],"picked":"Phantasmal Killer","floor":4},{"not_picked":["FairyFestival","Wellcheers","NakedNest"],"picked":"Singing Bowl","floor":6},{"not_picked":["Underhanded Strike","Dodge and Roll"],"picked":"Prepared","floor":6},{"not_picked":["BeautyBeast","FairyFestival","Bloodbath"],"picked":"Singing Bowl","floor":8},{"not_picked":["Slice","Sucker Punch"],"picked":"Backflip","floor":8},{"not_picked":["PunishingBird","FairyFestival","Freischutz"],"picked":"Singing Bowl","floor":10},{"not_picked":["UniverseFragment","VoidDream"],"picked":"CherryBlossoms","floor":10},{"not_picked":["Dagger Throw","Backstab"],"picked":"Acrobatics","floor":10},{"not_picked":["VoidDream","ShyLook","SingingMachine"],"picked":"Singing Bowl","floor":13},{"not_picked":["Bane","PiercingWail"],"picked":"Prepared","floor":13},{"not_picked":["OSAHOGD","CrumblingArmor","Scorched"],"picked":"Singing Bowl","floor":14},{"not_picked":["Heel Hook","PiercingWail"],"picked":"Prepared","floor":14},{"not_picked":["Murderer","Yin","UniverseFragment"],"picked":"Singing Bowl","floor":16},{"not_picked":["Doppelganger","Night Terror"],"picked":"Envenom","floor":16},{"not_picked":["BigBadWolf","WallGazer","CherryBlossoms"],"picked":"Singing Bowl","floor":18},{"not_picked":["Dagger Spray","Dagger Throw"],"picked":"Prepared","floor":18},{"not_picked":["Heel Hook","PiercingWail"],"picked":"A Thousand Cuts","floor":22},{"not_picked":["Deflect+1","Cloak And Dagger"],"picked":"After Image","floor":22},{"not_picked":["Deflect","Dagger Throw+1"],"picked":"Acrobatics","floor":22},{"not_picked":["Accuracy","Catalyst"],"picked":"Grand Finale","floor":22},{"not_picked":["Laetitia","Scorched","SpiderBud"],"picked":"Singing Bowl","floor":24},{"not_picked":["Dash","Blade Dance"],"picked":"Deadly Poison","floor":24},{"not_picked":["Scorched","Wellcheers","GalaxyChild"],"picked":"Singing Bowl","floor":25},{"not_picked":["PiercingWail","Quick Slash"],"picked":"Reflex","floor":25},{"not_picked":["Funeral","OSAHOGD","QueenBee"],"picked":"Singing Bowl","floor":27},{"not_picked":["Cloak And Dagger","Dash","Blade Dance+1"],"picked":"SKIP","floor":27},{"not_picked":["Mercenary","BeautyBeast","Freischutz"],"picked":"Singing Bowl","floor":28},{"not_picked":["Noxious Fumes","Deflect"],"picked":"Acrobatics","floor":28},{"not_picked":["OSAHOGD","WallGazer"],"picked":"QueenOfHatred","floor":29},{"not_picked":["Crippling Poison","Poisoned Stab","Dagger Spray"],"picked":"SKIP","floor":29},{"not_picked":["CrumblingArmor","HappyTeddy","Scarecrow"],"picked":"Singing Bowl","floor":30},{"not_picked":["Caltrops","Storm of Steel"],"picked":"Concentrate+1","floor":30},{"not_picked":["BlackSwan","BigBird","Murderer"],"picked":"Singing Bowl","floor":31},{"not_picked":["Cloak And Dagger","Quick Slash+1","Flying Knee+1"],"picked":"SKIP","floor":31},{"not_picked":["GreedKing","Scarecrow","Mercenary"],"picked":"Singing Bowl","floor":33},{"not_picked":["Unload","Glass Knife"],"picked":"A Thousand Cuts","floor":33},{"not_picked":["QueenBee","OldLady","LaLuna"],"picked":"Singing Bowl","floor":35},{"not_picked":["MeatLantern","WhiteNight"],"picked":"BlackSwan","floor":35},{"not_picked":["Blade Dance+1","Blur","Backflip"],"picked":"SKIP","floor":35},{"not_picked":["ShyLook","SnowQueen","WhitesApple"],"picked":"Singing Bowl","floor":37},{"not_picked":["Deflect","Outmaneuver"],"picked":"Well Laid Plans","floor":37},{"not_picked":["BlueStar","BeautyBeast","WhitesApple"],"picked":"Singing Bowl","floor":39},{"not_picked":["Crippling Poison+1","Deflect+1","PiercingWail+1"],"picked":"SKIP","floor":39},{"not_picked":["MeltingLove","CENSORED","GreedKing"],"picked":"Singing Bowl","floor":40},{"not_picked":["Backflip+1","Slice"],"picked":"Tactician+1","floor":40},{"not_picked":["SingingMachine","Freischutz","DreamingCurrent"],"picked":"Singing Bowl","floor":42},{"not_picked":["Cloak And Dagger","Malaise"],"picked":"Adrenaline","floor":42},{"not_picked":["Yin","SnowQueen","Funeral"],"picked":"Singing Bowl","floor":44},{"not_picked":["HappyTeddy","SnowQueen","BodiesMountain"],"picked":"Singing Bowl","floor":45},{"not_picked":["Outmaneuver+1","Underhanded Strike+1","Skewer+1"],"picked":"SKIP","floor":45},{"not_picked":["Outmaneuver+1","Underhanded Strike+1","Skewer+1"],"picked":"SKIP","floor":45}],"player_experience":209446,"relics_obtained":[{"floor":6,"key":"Boot"},{"floor":9,"key":"Gremlin Horn"},{"floor":10,"key":"PreservedInsect"},{"floor":14,"key":"Vajra"},{"floor":24,"key":"Du-Vu Doll"},{"floor":26,"key":"Juzu Bracelet"},{"floor":27,"key":"Nunchaku"},{"floor":30,"key":"Ancient Tea Set"},{"floor":31,"key":"AtMidnight"},{"floor":40,"key":"The Courier"},{"floor":42,"key":"Regal Pillow"},{"floor":43,"key":"Happy Flower"}],"event_choices":[{"damage_healed":0,"gold_gain":0,"player_choice":"Box","damage_taken":0,"relics_obtained":["Lizard Tail"],"max_hp_gain":0,"max_hp_loss":0,"event_name":"Big Fish","floor":3,"gold_loss":0,"cards_obtained":["Regret"]},{"cards_removed":["Regret"],"damage_healed":0,"gold_gain":0,"player_choice":"Purged","damage_taken":0,"max_hp_gain":0,"max_hp_loss":0,"event_name":"Purifier","floor":5,"gold_loss":0},{"damage_healed":0,"gold_gain":99,"player_choice":"Stole From Cult","damage_taken":0,"max_hp_gain":0,"max_hp_loss":0,"event_name":"Nest","floor":19,"gold_loss":0},{"damage_healed":0,"gold_gain":0,"player_choice":"Opened","damage_taken":0,"relics_obtained":["Lantern"],"max_hp_gain":0,"max_hp_loss":0,"event_name":"The Mausoleum","floor":20,"gold_loss":0},{"cards_removed":["Defend_G"],"damage_healed":0,"gold_gain":0,"player_choice":"Gave Gold","damage_taken":0,"max_hp_gain":0,"max_hp_loss":0,"event_name":"Beggar","floor":21,"gold_loss":75},{"cards_removed":["QueenOfHatred"],"damage_healed":0,"gold_gain":0,"player_choice":"Removed Skill","damage_taken":0,"max_hp_gain":0,"max_hp_loss":0,"event_name":"Falling","floor":38,"gold_loss":0},{"damage_healed":0,"gold_gain":0,"player_choice":"Fight","damage_taken":0,"max_hp_gain":0,"max_hp_loss":0,"event_name":"Mysterious Sphere","floor":44,"gold_loss":0},{"damage_healed":0,"gold_gain":0,"player_choice":"Embrace Madness","damage_taken":8,"max_hp_gain":0,"max_hp_loss":0,"event_name":"Winding Halls","floor":47,"gold_loss":0,"cards_obtained":["Madness","Madness"]}],"is_beta":false,"boss_relics":[{"not_picked":["Black Star","Ectoplasm"],"picked":"Sozu"},{"not_picked":["Busted Crown","WristBlade"],"picked":"Empty Cage"}],"items_purged_floors":[12,36,48],"is_endless":false,"potions_floor_spawned":[2,6,8,13,14,24,29,30,33,35,42],"killed_by":"Awakened One","ascension_level":1}}