{"host":"lzoxnxg22umz6vcf","time":1607857502,"event":{"mods":["AchievementEnabler","Bard","BaseMod","Better Altar","Better Match","Better Sensory Stone","Better Skull","Better Third Choice","Downfall","Hermit","Lobotomy","LobotomyExtend","Marked Mod","Minty Spire (QoL Compilation)","Railgun Mod","Replay The Spire","Spicy Shops","StSLib","The Animator","The Poker Player","TheArtist"],"gold_per_floor":[99,114,129,129,34,49,74,104,104,134,149,149,14,29,44,144,144,69,84,99,9,24,24,74,89,89,104,119,219,234,249,264,364,364,364,394,409,459,559,574,574,589,657,672,687,702,752,802,817,817],"floor_reached":51,"playtime":5147,"items_purged":["Decay"],"score":749,"play_id":"723a62ba-b887-47de-a750-3b12158ad9c3","local_time":"20201213130502","daily_mods":["downfall:ChampStances","Green Cards","downfall:ExchangeController"],"is_ascension_mode":false,"campfire_choices":[{"floor":1,"key":"RECALL"},{"floor":9,"key":"REST"},{"data":"1","floor":18,"key":"LIFT"},{"data":"2","floor":23,"key":"LIFT"},{"floor":26,"key":"REST"},{"data":"3","floor":35,"key":"LIFT"}],"circlet_count":0,"master_deck":["Strike_R","Strike_R","Strike_R","Strike_R","Strike_R","Defend_R","Defend_R","Defend_R","Defend_R","Bash","Sucker Punch","Outmaneuver","Shrug It Off","Headbutt","Cloak And Dagger","Warcry","Infinite Blades","Outmaneuver","Berserk","Outmaneuver+1","Searing Blow+1","Life Link","Adrenaline","PiercingWail","Disarm","Replay:Bag of Tricks","Noxious Fumes+1","PiercingWail+1","Predator","Rage","Storm of Steel","ReplayTheSpireMod:Muscle Training+1","Replay:Undeath\u0027s Touch+1","Demon Form","Bloodletting+1","Prepared+1","Leg Sweep+1","Hemokinesis+1","Bane","PiercingWail+1","Doubt","Rupture+1"],"relics":["Burning Blood","champ:ChampStancesModRelic","downfall:NeowBlessing_Player","LetterFromLob","Ginger","Blood Vial","Matryoshka","Question Card","Girya","Painkiller Herb","downfall:HeartBlessingRed","Replay:Baseball","Lantern","downfall:CloakOfManyFaces","CultistMask","FaceOfCleric","NlothsMask","GremlinMask","SsserpentHead","Ring of Chaos","FossilizedHelix","Replay:Bottled Snecko","StoneCalendar","Frozen Egg 2"],"acts_visited":["Exordium","TheCity","TheBeyond"],"potions_floor_usage":[],"damage_taken":[{"damage":8,"enemies":"Small Slimes","floor":2,"turns":3},{"damage":31,"enemies":"Cultist","floor":3,"turns":5},{"damage":23,"enemies":"downfall:FleeingMerchant","floor":5,"turns":4},{"damage":3,"enemies":"2 Louse","floor":6,"turns":2},{"damage":90,"enemies":"Gremlin Nob","floor":8,"turns":8},{"damage":51,"enemies":"Lagavulin","floor":10,"turns":7},{"damage":67,"enemies":"Exordium Thugs","floor":11,"turns":8},{"damage":0,"enemies":"downfall:FleeingMerchant","floor":13,"turns":4},{"damage":32,"enemies":"Lots of Slimes","floor":14,"turns":6},{"damage":24,"enemies":"Looter","floor":15,"turns":4},{"damage":57,"enemies":"Fading Forest","floor":16,"turns":11},{"damage":50,"enemies":"Shell Parasite","floor":19,"turns":6},{"damage":91,"enemies":"3 Byrds","floor":20,"turns":7},{"damage":3,"enemies":"downfall:FleeingMerchant","floor":21,"turns":4},{"damage":25,"enemies":"Snecko","floor":22,"turns":5},{"damage":38,"enemies":"Centurion and Healer","floor":25,"turns":7},{"damage":9,"enemies":"Snake Plant","floor":27,"turns":3},{"damage":19,"enemies":"Shelled Parasite and Fungi","floor":28,"turns":5},{"damage":24,"enemies":"downfall:FaceTrader","floor":29,"turns":8},{"damage":32,"enemies":"Snecko","floor":30,"turns":4},{"damage":29,"enemies":"Chosen and Byrds","floor":31,"turns":5},{"damage":37,"enemies":"Centurion and Healer","floor":32,"turns":5},{"damage":69,"enemies":"downfall:Ironclad","floor":33,"turns":7},{"damage":104,"enemies":"R_Hoarder","floor":36,"turns":8},{"damage":7,"enemies":"Orb Walker","floor":37,"turns":3},{"damage":69,"enemies":"3 Darklings","floor":40,"turns":6},{"damage":58,"enemies":"Writhing Mass","floor":42,"turns":5},{"damage":143,"enemies":"2 Orb Walkers","floor":43,"turns":7},{"damage":14,"enemies":"Sphere and 2 Shapes","floor":44,"turns":7},{"damage":0,"enemies":"4 Shapes","floor":45,"turns":7},{"damage":23,"enemies":"3 Darklings","floor":46,"turns":7},{"damage":63,"enemies":"Jaw Worm Horde","floor":49,"turns":5},{"damage":120,"enemies":"downfall:Silent","floor":50,"turns":9}],"seed_played":"4834798368356638827","potions_obtained":[{"floor":2,"key":"FearPotion"},{"floor":10,"key":"Elixir"},{"floor":16,"key":"Fruit Juice"},{"floor":19,"key":"PowerPotion"},{"floor":20,"key":"Venom Potion"},{"floor":25,"key":"Reflective Coating"},{"floor":27,"key":"ElixirPotion"},{"floor":31,"key":"FearPotion"},{"floor":32,"key":"Regen Potion"},{"floor":37,"key":"LiquidMemories"},{"floor":44,"key":"Swift Potion"}],"is_trial":false,"path_per_floor":["R","M","M","?","$","M","T","E","R","E","M","?","$","M","M","B",null,"T","?","?","T","?","T","T","?","T","?","?","?","?","?","?","B",null,"T","E","?","?","T","?","T","?","?","?","?","?","?","?","?","B",null],"character_chosen":"IRONCLAD","items_purchased":["Ginger","Girya"],"campfire_rested":2,"item_purchase_floors":[5,13],"current_hp_per_floor":[180,178,171,171,172,175,175,93,147,137,114,114,122,98,82,43,280,280,236,180,185,168,168,168,138,222,221,210,194,171,151,123,63,384,384,312,314,237,237,192,192,143,24,19,28,14,392,392,336,246],"gold":817,"neow_bonus":"","is_daily":true,"chose_seed":false,"campfire_upgraded":0,"win_rate":0.0,"timestamp":1607857502,"path_taken":["R","M","M","?","$","?","T","E","R","E","M","?","?","M","M","BOSS","T","?","?","T","?","T","T","?","T","?","?","?","?","?","?","BOSS","T","E","?","?","?","?","T","?","?","?","?","?","?","?","?","BOSS"],"items_purchased_type":["Relic","Relic"],"build_version":"2020-11-30","purchased_purges":1,"victory":true,"max_hp_per_floor":[180,180,180,180,180,180,180,180,180,180,180,180,180,180,180,180,280,280,280,280,280,280,280,280,280,280,280,280,280,281,282,283,284,384,384,385,386,386,386,387,387,388,389,390,391,392,392,392,393,394],"card_choices":[{"not_picked":["Dagger Throw","Anger"],"picked":"Sucker Punch","floor":2},{"not_picked":["Iron Wave","Reflex"],"picked":"Anger","floor":3},{"not_picked":["Headbutt","ReplayTheSpireMod:Shiv Toss"],"picked":"Shrug It Off","floor":5},{"not_picked":["Whirlwind","Body Slam","Fluid Movement"],"picked":"SKIP","floor":6},{"not_picked":["Wild Strike","Bullet Time"],"picked":"Headbutt","floor":8},{"not_picked":["Wild Strike","Shrug It Off"],"picked":"Sword Boomerang","floor":10},{"not_picked":["Clothesline","Sever Soul","Warcry"],"picked":"Cloak And Dagger","floor":11},{"not_picked":["Havoc","Power Through","Armaments"],"picked":"Warcry","floor":13},{"not_picked":["Quick Slash","Flying Knee","Second Wind"],"picked":"Infinite Blades","floor":14},{"not_picked":["Setup","All Out Attack","Pummel"],"picked":"Outmaneuver","floor":15},{"not_picked":["Night Terror","Venomology","Juggernaut"],"picked":"Berserk","floor":16},{"not_picked":["Acrobatics","Armaments","ReplayTheSpireMod:Limb From Limb+1"],"picked":"Outmaneuver+1","floor":19},{"not_picked":["Finisher","Concentrate","Underhanded Strike"],"picked":"Searing Blow+1","floor":20},{"not_picked":["Cloak And Dagger+1","Body Slam+1","ReplayReversal"],"picked":"Life Link","floor":21},{"not_picked":["Thunderclap","Quick Slash+1","Clash"],"picked":"Adrenaline","floor":22},{"not_picked":["Blur","Dagger Spray","Caltrops"],"picked":"PiercingWail","floor":25},{"not_picked":["Backflip+1","Metallicize+1","Acrobatics"],"picked":"Disarm","floor":27},{"not_picked":["Disarm","Thunderclap","Shrug It Off+1"],"picked":"Replay:Bag of Tricks","floor":28},{"not_picked":["Wild Strike","Outmaneuver","Anger+1"],"picked":"Noxious Fumes+1","floor":29},{"not_picked":["Dagger Spray","Havoc","Searing Blow+1"],"picked":"PiercingWail+1","floor":30},{"not_picked":["Pommel Strike","Prepared","Dagger Throw"],"picked":"Predator","floor":31},{"not_picked":["Burning Pact","Clothesline+1","Run Through"],"picked":"Rage","floor":32},{"not_picked":["Impervious","Reaper","Tools of the Trade"],"picked":"Storm of Steel","floor":33},{"not_picked":["Headbutt","Entrench+1","Quick Slash"],"picked":"ReplayTheSpireMod:Muscle Training+1","floor":36},{"not_picked":["Backflip+1","Shrug It Off+1","True Grit+1"],"picked":"Replay:Undeath\u0027s Touch+1","floor":37},{"not_picked":["Dagger Spray+1","Caltrops","Warcry+1"],"picked":"Bloodletting+1","floor":40},{"not_picked":["ReplayTheSpireMod:Corrosion Curse","Dagger Spray+1","Armaments+1"],"picked":"Prepared+1","floor":42},{"not_picked":["Headbutt+1","ReplayTheSpireMod:Speed Training+1","Dash"],"picked":"Leg Sweep+1","floor":43},{"not_picked":["Headbutt","ReplayTheSpireMod:Muscle Training+1","ReplayTheSpireMod:Necrosis"],"picked":"Hemokinesis+1","floor":44},{"not_picked":["Clothesline+1","Shrug It Off+1","Predator+1"],"picked":"Bane","floor":45},{"not_picked":["Twin Strike+1","ReplayTheSpireMod:Exploit Weakness","Headbutt+1"],"picked":"PiercingWail+1","floor":46},{"not_picked":["Eviscerate","Twin Strike+1","Iron Wave+1"],"picked":"Rupture+1","floor":49}],"player_experience":48346,"relics_obtained":[{"floor":2,"key":"LetterFromLob"},{"floor":7,"key":"Blood Vial"},{"floor":8,"key":"Matryoshka"},{"floor":10,"key":"Question Card"},{"floor":24,"key":"Replay:Baseball"},{"floor":24,"key":"Lantern"},{"floor":29,"key":"downfall:CloakOfManyFaces"},{"floor":36,"key":"FossilizedHelix"},{"floor":41,"key":"Replay:Bottled Snecko"},{"floor":43,"key":"StoneCalendar"},{"floor":48,"key":"Frozen Egg 2"}],"event_choices":[{"damage_healed":0,"gold_gain":0,"cards_transformed":["Anger"],"player_choice":"Transformed","damage_taken":0,"max_hp_gain":0,"max_hp_loss":0,"event_name":"Transmorgrifier","floor":4,"gold_loss":0,"cards_obtained":["Outmaneuver"]},{"cards_removed":["Sword Boomerang"],"damage_healed":0,"gold_gain":0,"player_choice":"Purged","damage_taken":0,"max_hp_gain":0,"max_hp_loss":0,"event_name":"Purifier","floor":12,"gold_loss":0},{"damage_healed":0,"gold_gain":3,"player_choice":"2","damage_taken":0,"max_hp_gain":0,"max_hp_loss":77,"event_name":"betterStone:BetterStone","floor":38,"gold_loss":0},{"damage_healed":0,"gold_gain":0,"player_choice":"Fight","damage_taken":0,"max_hp_gain":0,"max_hp_loss":0,"event_name":"Mysterious Sphere","floor":43,"gold_loss":0}],"is_beta":false,"boss_relics":[{"not_picked":["Tiny House","Busted Crown"],"picked":"Painkiller Herb"},{"not_picked":["Abe\u0027s Treasure","Coffee Dripper"],"picked":"Ring of Chaos"}],"items_purged_floors":[21],"is_endless":false,"potions_floor_spawned":[2,10,16,19,20,25,27,31,32,36,37,43,44],"ascension_level":0}}