{"host":"ds3v42j7tpaaz1mg","time":1607895689,"event":{"mods":["AchievementEnabler","Aspiration","BaseMod","Bestiary","Better Altar","Better Note","Better Sensory Stone","BetterRewards","Block Reminder","Colored Powertips","Conspire","Downfall","Energized Spire","Halation","Hermit","Highlight Path","Hubris","Infinite Spire","Jorbs\u0027s Wanderer Trilogy","Minty Spire (QoL Compilation)","Relic Stats","Replay The Spire","StSLib","The Elementalist","The Servant 0.9.4","vexMod"],"gold_per_floor":[99,144,144,144,144,144,144,144,144,170,170,186,32,46,62,62,62],"floor_reached":16,"playtime":57936,"items_purged":[],"score":121,"play_id":"f51bed46-030c-44ea-80bd-a2e75ce54c54","local_time":"20201213164129","is_ascension_mode":false,"campfire_choices":[{"data":"champ:Taunt","floor":1,"key":"SMITH"},{"data":"champ:CrookedStrike","floor":9,"key":"SMITH"}],"circlet_count":0,"master_deck":["champ:Strike","champ:Strike","champ:Strike","champ:Strike","champ:Defend","champ:Defend","champ:Defend","champ:Defend","champ:Execute","champ:Taunt+1","ReplayTheSpireMod:Splinters","champ:GladiatorsShout","champ:CrookedStrike+1","ReplayTheSpireMod:Haul","champ:RecklessLeap+1","champ:Devastate+1","champ:RapidStrikes+1","champ:StanceDance","hubris:Envy","champ:Lariat+1","champ:Circumvent+1"],"relics":["champ:ChampionCrown","downfall:HeartsMalice","halation:TwoAmDonut","Molten Egg 2","Onion Ring","Meat on the Bone","conspire:Dentures","ReplayTheSpireMod:CursedCoin","Toxic Egg 2"],"acts_visited":["Exordium"],"potions_floor_usage":[16,16],"damage_taken":[{"damage":0,"enemies":"Small Slimes","floor":6,"turns":1},{"damage":0,"enemies":"3 Sentries","floor":10,"turns":1},{"damage":0,"enemies":"2 Louse","floor":11,"turns":1},{"damage":31,"enemies":"Jaw Worm","floor":12,"turns":2},{"damage":25,"enemies":"downfall:FleeingMerchant","floor":13,"turns":4},{"damage":24,"enemies":"2 Fungi Beasts","floor":14,"turns":3},{"damage":33,"enemies":"Large Slime","floor":15,"turns":5},{"damage":105,"enemies":"downfall:Defect","floor":16,"turns":6}],"seed_played":"2886995222949630755","potions_obtained":[{"floor":14,"key":"DistilledChaos"},{"floor":15,"key":"Energy Potion"}],"is_trial":false,"path_per_floor":["R","?","?","?","?","M","T","T","R","E","M","M","$","M","M","B"],"character_chosen":"THE_CHAMP","items_purchased":["champ:StanceDance","ReplayTheSpireMod:CursedCoin","Toxic Egg 2"],"campfire_rested":0,"item_purchase_floors":[13,13,13],"current_hp_per_floor":[90,90,67,67,49,49,49,49,49,49,49,50,62,70,74,0,0],"gold":62,"neow_bonus":"THREE_ENEMY_KILL","is_daily":false,"chose_seed":false,"campfire_upgraded":2,"win_rate":0.0,"timestamp":1607895689,"path_taken":["R","?","?","?","?","M","T","?","R","E","M","M","$","M","M","BOSS"],"items_purchased_type":["Card","Relic","Relic"],"build_version":"2020-11-30","purchased_purges":0,"victory":false,"max_hp_per_floor":[90,90,90,90,90,90,90,90,90,90,90,90,90,90,90,90,90],"relic_stats":{"counters":[8,23],"obtain_stats":[{"conspire:Dentures":10,"ReplayTheSpireMod:CursedCoin":13,"champ:ChampionCrown":0,"downfall:HeartsMalice":0,"Molten Egg 2":5,"Onion Ring":7,"halation:TwoAmDonut":2,"Toxic Egg 2":13,"Meat on the Bone":8},{"conspire:Dentures":2,"ReplayTheSpireMod:CursedCoin":5,"champ:ChampionCrown":0,"downfall:HeartsMalice":0,"Molten Egg 2":0,"Onion Ring":1,"halation:TwoAmDonut":0,"Toxic Egg 2":5,"Meat on the Bone":1},{"conspire:Dentures":2,"ReplayTheSpireMod:CursedCoin":9,"champ:ChampionCrown":0,"downfall:HeartsMalice":0,"Molten Egg 2":0,"Onion Ring":1,"halation:TwoAmDonut":0,"Toxic Egg 2":9,"Meat on the Bone":1}],"Meat on the Bone":48},"card_choices":[{"not_picked":["champ:ShieldWall","champ:Haymaker"],"picked":"champ:GladiatorsShout","floor":2},{"not_picked":["champ:GutPunch","champ:BerserkersShout"],"picked":"champ:CrookedStrike","floor":2},{"not_picked":["ReplayTheSpireMod:Book of Names","infinitespire:Punishment"],"picked":"ReplayTheSpireMod:Haul","floor":3},{"not_picked":["champ:BerserkerStyle","champ:DefensiveStyle"],"picked":"champ:RecklessLeap+1","floor":6},{"not_picked":["champ:BerserkersShout","champ:AdrenalArmor","champ:FocusedDefense"],"picked":"SKIP","floor":10},{"not_picked":["champ:IronFortress","champ:TornadoPunch+1"],"picked":"champ:Devastate+1","floor":11},{"not_picked":["champ:PreciseThrust+1","champ:TornadoPunch+1"],"picked":"champ:RapidStrikes+1","floor":12},{"not_picked":["champ:DefensiveShout","champ:Encircle+1","champ:FocusedGladiator"],"picked":"SKIP","floor":13},{"not_picked":["champ:ArenaPreparation+1","champ:Shatter+1"],"picked":"champ:Lariat+1","floor":14},{"not_picked":["champ:FlashCut+1","champ:RapidStrikes+1"],"picked":"champ:Circumvent+1","floor":15}],"player_experience":477750,"relics_obtained":[{"floor":2,"key":"halation:TwoAmDonut"},{"floor":7,"key":"Onion Ring"},{"floor":8,"key":"Meat on the Bone"},{"floor":10,"key":"conspire:Dentures"}],"event_choices":[{"damage_healed":0,"gold_gain":0,"player_choice":"Success","damage_taken":18,"relics_obtained":["Molten Egg 2"],"max_hp_gain":0,"max_hp_loss":0,"event_name":"Scrap Ooze","floor":5,"gold_loss":0}],"is_beta":false,"boss_relics":[],"items_purged_floors":[],"is_endless":false,"potions_floor_spawned":[14,15],"killed_by":"downfall:Defect","ascension_level":0}}