{"host":"ow9msrs9p2ctkx99","time":1607853707,"event":{"mods":["AchievementEnabler","BaseMod","Colored Map","Colored Powertips","Minty Spire (QoL Compilation)","Permanent Neow","Quick Restart","SuperFastMode"],"gold_per_floor":[20,20,20,20,36,69,69,85,85,85,105,105,55,86,86,191,191,205,205,205,205,222,222,249,269,295,215,215,265,284,131,131,231,231,244,244,244,263,273,273,12,12,87,87,87,87,119,139,139,139,139,139,28,56,56],"floor_reached":56,"playtime":1638,"items_purged":[],"score":1749,"play_id":"d5decaa4-8d9d-43d7-9629-ddd0362e7277","local_time":"20201213110147","is_ascension_mode":true,"campfire_choices":[{"floor":7.0,"key":"REST"},{"data":"Defragment","floor":12.0,"key":"SMITH"},{"data":"Zap","floor":15.0,"key":"SMITH"},{"data":"Echo Form","floor":23.0,"key":"SMITH"},{"data":"Genetic Algorithm","floor":28.0,"key":"SMITH"},{"floor":32.0,"key":"RECALL"},{"data":"Meteor Strike","floor":40.0,"key":"SMITH"},{"data":"Steam Power","floor":42.0,"key":"SMITH"},{"data":"Jack Of All Trades","floor":45.0,"key":"SMITH"},{"data":"Aggregate","floor":49,"key":"SMITH"},{"data":"Mind Blast","floor":52,"key":"SMITH"}],"circlet_count":0,"master_deck":["AscendersBane","Defend_B+1","Defend_B","Dualcast+1","Self Repair+1","Auto Shields","Glacier","Defragment+1","Ball Lightning","BootSequence","Echo Form+1","Double Energy+1","Steam Power+1","Genetic Algorithm+1","Defragment+1","Fusion","Heatsinks+1","Sunder+1","Force Field","Skim+1","All For One","Meteor Strike+1","Hologram","Leap+1","Creative AI","Streamline","Recycle+1","Mind Blast+1","Jack Of All Trades+1","Aggregate+1","Darkness","Loop","Reinforced Body+1"],"relics":["Cracked Core","Blue Candle","Cables","Akabeko","Boot","Snecko Eye","Regal Pillow","MealTicket","Orrery","Inserter","Bottled Tornado","Symbiotic Virus","DataDisk"],"acts_visited":["Exordium","TheCity","TheBeyond","TheEnding"],"potions_floor_usage":[55,55],"damage_taken":[{"damage":7.0,"enemies":"Small Slimes","floor":1.0,"turns":3.0},{"damage":7.0,"enemies":"2 Louse","floor":5.0,"turns":2.0},{"damage":33.0,"enemies":"3 Sentries","floor":6.0,"turns":10.0},{"damage":0.0,"enemies":"Cultist","floor":8.0,"turns":3.0},{"damage":1.0,"enemies":"Looter","floor":11.0,"turns":3.0},{"damage":7.0,"enemies":"Lagavulin","floor":14.0,"turns":5.0},{"damage":19.0,"enemies":"Slime Boss","floor":16.0,"turns":12.0},{"damage":4.0,"enemies":"Shell Parasite","floor":18.0,"turns":3.0},{"damage":0.0,"enemies":"2 Thieves","floor":22.0,"turns":5.0},{"damage":47.0,"enemies":"Slavers","floor":24.0,"turns":7.0},{"damage":8.0,"enemies":"Centurion and Healer","floor":25.0,"turns":10.0},{"damage":12.0,"enemies":"Chosen and Byrds","floor":30.0,"turns":4.0},{"damage":0.0,"enemies":"Automaton","floor":33.0,"turns":8.0},{"damage":18.0,"enemies":"3 Darklings","floor":35.0,"turns":4.0},{"damage":4.0,"enemies":"3 Shapes","floor":38.0,"turns":4.0},{"damage":1.0,"enemies":"Sphere and 2 Shapes","floor":39.0,"turns":3.0},{"damage":20,"enemies":"Reptomancer","floor":47,"turns":6},{"damage":0,"enemies":"Spire Growth","floor":48,"turns":4},{"damage":29,"enemies":"Awakened One","floor":50,"turns":9},{"damage":23,"enemies":"Shield and Spear","floor":54,"turns":5},{"damage":89,"enemies":"The Heart","floor":55,"turns":11}],"seed_played":"-657701787920592679","potions_obtained":[{"floor":1.0,"key":"FairyPotion"},{"floor":11.0,"key":"ColorlessPotion"},{"floor":16.0,"key":"Explosive Potion"},{"floor":25.0,"key":"AttackPotion"},{"floor":33.0,"key":"ColorlessPotion"}],"is_trial":false,"path_per_floor":["M","?","?","?","M","E","R","M","T","?","M","R","?","E","R","B",null,"M","?","?","?","M","R","E","M","T","$","R","?","M","$","R","B",null,"M","?","$","M","M","R","$","R","T","?","R","?","E","M","R","B",null,"R","$","E","B",null],"character_chosen":"DEFECT","items_purchased":["Force Field","Orrery","Bottled Tornado","Darkness","Loop"],"campfire_rested":1,"item_purchase_floors":[27,31,41,53,53],"current_hp_per_floor":[61,61,54,39,42,19,41,51,51,39,48,48,48,51,51,42,67,73,73,59,59,69,69,42,44,44,59,59,59,67,80,80,80,80,72,72,80,80,79,79,80,80,80,70,70,70,70,80,80,61,75,75,80,77,23],"gold":56,"neow_bonus":"REMOVE_TWO","is_daily":false,"chose_seed":false,"campfire_upgraded":9,"win_rate":0.0,"timestamp":1607853707,"path_taken":["M","?","?","?","M","E","R","M","T","?","M","R","?","E","R","BOSS","M","?","?","?","M","R","E","?","T","$","R","?","?","$","R","BOSS","M","?","$","M","?","R","$","R","T","?","R","?","E","M","R","BOSS","R","$","E","BOSS"],"items_purchased_type":["Card","Relic","Relic","Card","Card"],"build_version":"2020-11-30","purchased_purges":0,"victory":true,"max_hp_per_floor":[75,75,75,75,75,75,75,75,75,75,75,75,75,75,75,75,75,75,75,80,80,80,80,80,80,80,80,80,80,80,80,80,80,80,80,80,80,80,80,80,80,80,80,80,80,80,80,80,80,80,80,80,80,80,80],"card_choices":[{"not_picked":["Fusion","Leap"],"picked":"Self Repair","floor":1.0},{"not_picked":["Conserve Battery","Recycle"],"picked":"Auto Shields","floor":5.0},{"not_picked":["Turbo","Steam"],"picked":"Glacier","floor":6.0},{"not_picked":["Amplify","Static Discharge"],"picked":"Defragment","floor":8.0},{"not_picked":["Stack","Rebound"],"picked":"Ball Lightning","floor":11.0},{"not_picked":["Consume","Recycle"],"picked":"BootSequence","floor":14.0},{"not_picked":["Buffer","All For One"],"picked":"Echo Form","floor":16.0},{"not_picked":["Auto Shields","White Noise"],"picked":"Double Energy+1","floor":18.0},{"not_picked":["Steam","Coolheaded"],"picked":"Fusion","floor":22.0},{"not_picked":["Consume","Amplify"],"picked":"Heatsinks+1","floor":24.0},{"not_picked":["Sweeping Beam","Redo"],"picked":"Sunder+1","floor":25.0},{"not_picked":["Gash","Streamline","Heatsinks"],"picked":"SKIP","floor":30.0},{"not_picked":["Steam","Aggregate+1"],"picked":"Skim+1","floor":31.0},{"not_picked":["Sweeping Beam","Steam"],"picked":"All For One","floor":31.0},{"not_picked":["Loop","Sweeping Beam"],"picked":"Meteor Strike","floor":31.0},{"not_picked":["Coolheaded","Compile Driver"],"picked":"Hologram","floor":31.0},{"not_picked":["All For One","Coolheaded"],"picked":"Leap+1","floor":31.0},{"not_picked":["Hyperbeam","Thunder Strike"],"picked":"Creative AI","floor":33.0},{"not_picked":["Go for the Eyes","Steam Power"],"picked":"Streamline","floor":35.0},{"not_picked":["Redo","Steam"],"picked":"Recycle+1","floor":38.0},{"not_picked":["Scrape+1","Streamline+1","Conserve Battery"],"picked":"SKIP","floor":39.0},{"not_picked":["Purity","Deep Breath"],"picked":"Mind Blast","floor":44.0},{"not_picked":["Swift Strike","PanicButton"],"picked":"Jack Of All Trades","floor":44.0},{"not_picked":["Streamline","Creative AI","Hello World+1"],"picked":"SKIP","floor":47},{"not_picked":["Gash","Genetic Algorithm+1"],"picked":"Aggregate","floor":48},{"not_picked":["Leap","Ball Lightning"],"picked":"Reinforced Body+1","floor":54}],"player_experience":1004870,"relics_obtained":[{"floor":6.0,"key":"Blue Candle"},{"floor":9.0,"key":"Cables"},{"floor":14.0,"key":"Boot"},{"floor":24.0,"key":"Regal Pillow"},{"floor":26.0,"key":"MealTicket"},{"floor":47,"key":"Symbiotic Virus"},{"floor":54,"key":"DataDisk"}],"event_choices":[{"damage_healed":0.0,"max_hp_gain":0.0,"max_hp_loss":0.0,"gold_gain":0.0,"event_name":"Living Wall","player_choice":"Grow","floor":2.0,"gold_loss":0.0,"damage_taken":0.0,"cards_upgraded":["Dualcast"]},{"cards_removed":["Defend_B"],"damage_healed":0.0,"max_hp_gain":0.0,"max_hp_loss":0.0,"gold_gain":0.0,"event_name":"Golden Wing","player_choice":"Card Removal","floor":3.0,"gold_loss":0.0,"damage_taken":7.0},{"damage_healed":0.0,"max_hp_gain":0.0,"max_hp_loss":0.0,"gold_gain":0.0,"event_name":"Shining Light","player_choice":"Entered Light","floor":4.0,"gold_loss":0.0,"damage_taken":15.0,"cards_upgraded":["Self Repair","Defend_B"]},{"damage_healed":0.0,"max_hp_gain":0.0,"max_hp_loss":0.0,"gold_gain":0.0,"event_name":"Scrap Ooze","player_choice":"Success","floor":10.0,"gold_loss":0.0,"damage_taken":12.0,"relics_obtained":["Akabeko"]},{"cards_removed":["Strike_B"],"damage_healed":0.0,"max_hp_gain":0.0,"max_hp_loss":0.0,"gold_gain":0.0,"event_name":"The Cleric","player_choice":"Card Removal","floor":13.0,"gold_loss":50.0,"damage_taken":0.0},{"damage_healed":0.0,"max_hp_gain":0.0,"max_hp_loss":0.0,"gold_gain":0.0,"cards_transformed":["Strike_B","Defend_B"],"event_name":"Drug Dealer","player_choice":"Became Test Subject","floor":19.0,"gold_loss":0.0,"damage_taken":0.0,"cards_obtained":["Steam Power","Genetic Algorithm"]},{"damage_healed":0.0,"max_hp_gain":5.0,"max_hp_loss":0.0,"gold_gain":0.0,"event_name":"Forgotten Altar","player_choice":"Shed Blood","floor":20.0,"gold_loss":0.0,"damage_taken":19.0},{"damage_healed":0.0,"max_hp_gain":0.0,"max_hp_loss":0.0,"gold_gain":0.0,"event_name":"Duplicator","player_choice":"Copied","floor":21.0,"gold_loss":0.0,"damage_taken":0.0,"cards_obtained":["Defragment"]},{"damage_healed":0.0,"max_hp_gain":0.0,"max_hp_loss":0.0,"gold_gain":100.0,"event_name":"The Joust","player_choice":"Bet on Murderer","floor":29.0,"gold_loss":50.0,"damage_taken":0.0},{"cards_removed":["Zap"],"damage_healed":0.0,"max_hp_gain":0.0,"max_hp_loss":0.0,"gold_gain":0.0,"event_name":"Purifier","player_choice":"Purged","floor":36.0,"gold_loss":0.0,"damage_taken":0.0},{"damage_healed":0.0,"max_hp_gain":0.0,"max_hp_loss":0.0,"gold_gain":0.0,"event_name":"SensoryStone","player_choice":"Memory 3","floor":44.0,"gold_loss":0.0,"damage_taken":10.0},{"damage_healed":0,"gold_gain":0,"player_choice":"Ignored","damage_taken":0,"max_hp_gain":0,"max_hp_loss":0,"event_name":"Mysterious Sphere","floor":46,"gold_loss":0}],"is_beta":false,"boss_relics":[{"not_picked":["Busted Crown","Fusion Hammer"],"picked":"Snecko Eye"},{"not_picked":["SacredBark","Runic Pyramid"],"picked":"Inserter"}],"items_purged_floors":[],"is_endless":false,"potions_floor_spawned":[1,11,16,18,25,33,38],"ascension_level":10}}