{"host":"bg0cyinkrjnqf173","time":1607826811,"event":{"mods":["Aspiration","BaseMod","Beaked The Cultist","Better Third Choice","BetterRewards","Colored Map","Conspire","Custom Start","Defuse TimeMaze Blight","Displayed Cursed Tome","Googly Eyes","Halation","Hubris","Infinite Spire","Jedi Mod","Minty Spire (QoL Compilation)","Permanent Neow","Quick Restart","Rare Cards Sparkle","Relic Sorter","Replay The Spire","Shop Mod","Spicy Shops","Spikes Relics","StSLib","The Bladedancer","The Construct","The Disciple","The Runesmith","The Valiant"],"gold_per_floor":[111,127,56,56,56,56,86,86,86,86,115,132,167,184,184,184,184],"floor_reached":16,"playtime":456,"items_purged":[],"score":124,"play_id":"e711353e-0818-4731-98b0-5a0db6c939ab","local_time":"20201212213331","is_ascension_mode":true,"campfire_choices":[{"data":"Whirlwind","floor":6,"key":"SMITH"},{"data":"Immolate","floor":8,"key":"SMITH"},{"floor":15,"key":"REST"}],"circlet_count":0,"master_deck":["Strike_R","Strike_R","Strike_R","Strike_R","Strike_R","Defend_R","Defend_R","Defend_R","Defend_R","Bash","Immolate+1","Perfected Strike","Whirlwind+1","Thunderclap","True Grit","Wild Strike","Sentinel"],"relics":["Burning Blood","Replay:Mystery Machine","aspiration:HummingbirdHeart","hubris:CrystalStatue","HornCleat","jedi:cryingmask"],"acts_visited":["Exordium"],"potions_floor_usage":[11,16,16,16],"damage_taken":[{"damage":6,"enemies":"Cultist","floor":1,"turns":3},{"damage":3,"enemies":"conspire:RoseBush","floor":2,"turns":3},{"damage":66,"enemies":"Lagavulin","floor":7,"turns":7},{"damage":4,"enemies":"Gremlin Nob","floor":11,"turns":3},{"damage":0,"enemies":"Jaw Worm","floor":12,"turns":2},{"damage":13,"enemies":"Lagavulin","floor":13,"turns":4},{"damage":0,"enemies":"3 Louse","floor":14,"turns":1},{"damage":42,"enemies":"Hexaghost","floor":16,"turns":11}],"seed_played":"-7880448717434866349","potions_obtained":[{"floor":0,"key":"Toxic Potion"},{"floor":0,"key":"AttackPotion"},{"floor":0,"key":"Toxic Potion"},{"floor":13,"key":"Fire Potion"}],"is_trial":false,"path_per_floor":["M","M","$","?","$","R","E","R","T","$","E","M","E","M","R","B"],"character_chosen":"IRONCLAD","items_purchased":["Whirlwind"],"campfire_rested":1,"item_purchase_floors":[3],"current_hp_per_floor":[80,80,80,68,68,68,8,8,8,8,10,16,9,15,39,0,0],"gold":184,"neow_bonus":"THREE_SMALL_POTIONS","is_daily":false,"chose_seed":false,"campfire_upgraded":2,"win_rate":0.0,"timestamp":1607826811,"path_taken":["M","?","?","?","$","R","E","R","T","$","E","M","E","M","R","BOSS"],"items_purchased_type":["Card"],"build_version":"2020-11-30","purchased_purges":0,"victory":false,"max_hp_per_floor":[80,80,80,80,80,80,80,80,80,80,80,80,80,80,80,80,80],"card_choices":[{"not_picked":["Blood for Blood","Replay:Undeath\u0027s Touch"],"picked":"Immolate","floor":1},{"not_picked":["jedi:hate","Warcry"],"picked":"Perfected Strike","floor":2},{"not_picked":["ReplayTheSpireMod:Strike From Hell","Wild Strike"],"picked":"Thunderclap","floor":7},{"not_picked":["jedi:hate","Absolvement"],"picked":"True Grit","floor":11},{"not_picked":["Berserk","Rage"],"picked":"Wild Strike","floor":12},{"not_picked":["jedi:unlimitedpower","Bludgeon"],"picked":"Sentinel","floor":13},{"not_picked":["Shockwave","Havoc","Dual Wield"],"picked":"SKIP","floor":14}],"player_experience":749133,"relics_obtained":[{"floor":7,"key":"aspiration:HummingbirdHeart"},{"floor":9,"key":"hubris:CrystalStatue"},{"floor":11,"key":"HornCleat"},{"floor":13,"key":"jedi:cryingmask"}],"event_choices":[{"damage_healed":0,"gold_gain":0,"player_choice":"Relic ","damage_taken":12,"max_hp_gain":0,"max_hp_loss":0,"event_name":"betterThird:BetterScrap","floor":4,"gold_loss":0,"cards_obtained":["TalkToTheHand"]}],"is_beta":false,"boss_relics":[],"items_purged_floors":[],"is_endless":false,"potions_floor_spawned":[2,13,14],"killed_by":"Hexaghost","ascension_level":1}}