{"host":"gasnufldyoo3453u","time":1607868366,"event":{"mods":["Act Like it!","BaseMod","Colored Map","Colored Powertips","Downfall","Minty Spire (QoL Compilation)","Rare Cards Sparkle","StSLib"],"gold_per_floor":[99,119,151,1,0,0,68,68,103,28,41,57,120,120,136,241,241,241,151,177,188,188,188,188,219,264,201,227,339,201,233,255,370,382,394,425,472,484,527,554,566,10,10,35,35,35,53,68,87,87],"floor_reached":51,"playtime":2861,"items_purged":["Guardian:Strike_Guardian","Guardian:Strike_Guardian"],"score":1190,"play_id":"2cabfebd-b7e3-47ce-b34f-dd5acec78003","local_time":"20201213220606","is_ascension_mode":true,"campfire_choices":[{"data":"Guardian:TwinSlam","floor":1.0,"key":"SMITH"},{"data":"Guardian:RollAttack","floor":8.0,"key":"SMITH"},{"data":"Guardian:PiercingHide","floor":10.0,"key":"SMITH"},{"data":"Guardian:PrismaticBeam","floor":23,"key":"SMITH"},{"data":"Ghostly","floor":38,"key":"SMITH"},{"floor":43,"key":"RECALL"}],"circlet_count":0,"master_deck":["Guardian:Strike_Guardian","Guardian:Strike_Guardian","Guardian:Defend_Guardian","Guardian:Defend_Guardian","Guardian:CurlUp","Guardian:TwinSlam+1","Guardian:RollAttack+1","Guardian:PiercingHide+1","Guardian:ChargeCore","Guardian:FloatingOrbs","Guardian:GemFire+1","Guardian:SentryBeam+1","Guardian:CompilePackage+1","Guardian:PrismaticBeam+1","Guardian:DonusPower","Guardian:WalkerClaw","Guardian:ShieldCharger","Guardian:VentSteam","Ghostly+1","Guardian:PrimingBeam+1","Guardian:BronzeArmor","Guardian:TimeBomb+1","Guardian:CrystalBeam+1","Guardian:CompilePackage+1","Guardian:FierceBash+1","Guardian:Orbwalk","Guardian:Gem_Red","Guardian:TimeCapacitor","Guardian:SentryBeam+1","Guardian:SpikerProtocol","Guardian:CrystalBeam+1"],"relics":["Guardian:ModeShifter","Nunchaku","Gambling Chip","downfall:HeartBlessingBlue","Mummified Hand","Guardian:PickAxe","Astrolabe","Singing Bowl","MawBank","Du-Vu Doll","downfall:HeartBlessingGreen","Shovel","Mercury Hourglass","Cursed Key","Centennial Puzzle","Lantern","Shuriken","DollysMirror","Molten Egg 2","Darkstone Periapt"],"acts_visited":["Exordium","TheCity","TheBeyond"],"potions_floor_usage":[26],"damage_taken":[{"damage":0.0,"enemies":"Small Slimes","floor":2.0,"turns":4.0},{"damage":41.0,"enemies":"Lagavulin","floor":3.0,"turns":12.0},{"damage":0.0,"enemies":"downfall:FleeingMerchant","floor":5.0,"turns":4.0},{"damage":16.0,"enemies":"Gremlin Nob","floor":9.0,"turns":4.0},{"damage":0,"enemies":"Cultist","floor":11,"turns":2},{"damage":0,"enemies":"Jaw Worm","floor":12,"turns":2},{"damage":30,"enemies":"Lagavulin Event","floor":13,"turns":6},{"damage":0,"enemies":"Exordium Thugs","floor":15,"turns":3},{"damage":29,"enemies":"downfall:Ironclad","floor":16,"turns":9},{"damage":2,"enemies":"downfall:FleeingMerchant","floor":19,"turns":4},{"damage":0,"enemies":"Gremlin Leader","floor":20,"turns":4},{"damage":0,"enemies":"Chosen","floor":21,"turns":2},{"damage":0,"enemies":"Spheric Guardian","floor":25,"turns":3},{"damage":0,"enemies":"Book of Stabbing","floor":26,"turns":3},{"damage":0,"enemies":"Snecko","floor":28,"turns":3},{"damage":10,"enemies":"downfall:Silent","floor":29,"turns":4},{"damage":0,"enemies":"Sentry and Sphere","floor":31,"turns":2},{"damage":3,"enemies":"Snake Plant","floor":32,"turns":3},{"damage":6,"enemies":"downfall:Watcher","floor":33,"turns":5},{"damage":0,"enemies":"Orb Walker","floor":36,"turns":3},{"damage":0,"enemies":"Nemesis","floor":37,"turns":1},{"damage":0,"enemies":"Giant Head","floor":39,"turns":5},{"damage":3,"enemies":"3 Darklings","floor":40,"turns":2},{"damage":0,"enemies":"downfall:FleeingMerchant","floor":42,"turns":1},{"damage":0,"enemies":"Reptomancer","floor":44,"turns":2},{"damage":0,"enemies":"Transient","floor":47,"turns":5},{"damage":0,"enemies":"Writhing Mass","floor":48,"turns":3},{"damage":0,"enemies":"3 Darklings","floor":49,"turns":3},{"damage":0,"enemies":"downfall:Defect","floor":50,"turns":5}],"seed_played":"-8765955868058297702","potions_obtained":[{"floor":2.0,"key":"Ancient Potion"},{"floor":11,"key":"Guardian:AcceleratePotion"},{"floor":12,"key":"FairyPotion"},{"floor":20,"key":"AttackPotion"},{"floor":22,"key":"CultistPotion"},{"floor":31,"key":"sneckomod:MuddlingPotion"},{"floor":32,"key":"champ:CounterPotion"}],"is_trial":false,"path_per_floor":["R","M","E","?","$","?","T","R","E","R","M","M","?","?","M","B",null,"R","$","E","M","?","R","T","M","E","R","M","?","?","M","M","B",null,"R","M","E","R","E","M","T","$","R","E","?","?","M","M","M","B",null],"character_chosen":"GUARDIAN","items_purchased":["Shuriken","DollysMirror","Molten Egg 2","Guardian:FierceBash+1","Guardian:Orbwalk"],"campfire_rested":0,"item_purchase_floors":[42,42,42,42,42],"current_hp_per_floor":[88,88,47,98,98,98,98,98,82,92,92,92,62,62,62,33,108,108,106,106,106,106,106,106,108,108,108,110,100,100,100,99,95,116,116,118,118,118,118,115,115,115,115,117,117,117,117,117,117,117],"gold":87,"neow_bonus":"TEN_PERCENT_HP_BONUS","is_daily":false,"chose_seed":false,"campfire_upgraded":5,"win_rate":0.0,"timestamp":1607868366,"path_taken":["R","M","E","?","?","?","T","R","E","R","?","?","?","?","M","BOSS","R","$","E","M","?","R","T","M","E","R","M","?","?","M","M","BOSS","R","M","E","R","E","M","T","$","R","E","?","?","?","M","M","BOSS"],"items_purchased_type":["Relic","Relic","Relic","Card","Card"],"build_version":"2020-11-30","purchased_purges":2,"victory":true,"max_hp_per_floor":[88,88,88,98,98,98,98,98,98,108,108,108,108,108,108,108,108,108,108,108,108,108,108,108,110,110,110,112,112,112,112,114,116,116,116,118,118,118,118,118,118,118,118,120,120,120,120,120,120,120],"card_choices":[{"not_picked":["Guardian:Gem_Green","Guardian:Recover"],"picked":"Guardian:Gem_Cyan","floor":2.0},{"not_picked":["Guardian:ShieldSpikes","Guardian:ShieldCharger"],"picked":"Guardian:RollAttack","floor":3.0},{"not_picked":["Guardian:Emergency","Guardian:TemporalStrike"],"picked":"Guardian:Gem_Red","floor":5.0},{"not_picked":["Guardian:TimeBomb","Guardian:PrimingBeam"],"picked":"Guardian:PiercingHide","floor":9.0},{"not_picked":["Guardian:BronzeOrb","Guardian:Clone"],"picked":"Guardian:Gem_Red","floor":11},{"not_picked":["Guardian:BronzeOrb","Guardian:MultiBeam"],"picked":"Guardian:ChargeCore","floor":12},{"not_picked":["Guardian:GemFire","Guardian:ShieldCharger"],"picked":"Guardian:FloatingOrbs","floor":13},{"not_picked":["Guardian:Gem_Green","Guardian:PrimingBeam"],"picked":"Guardian:Gem_Crimson","floor":15},{"not_picked":["Guardian:ConstructionForm","Guardian:TimeSifter"],"picked":"Guardian:HyperBeam_Guardian","floor":16},{"not_picked":["Guardian:FierceBash","Guardian:GemFire"],"picked":"Guardian:PrismaticBeam","floor":19},{"not_picked":["Guardian:ShieldCharger","Guardian:TemporalStrike"],"picked":"Guardian:DonusPower","floor":20},{"not_picked":["Guardian:Suspension+1","Guardian:Reroute"],"picked":"Guardian:WalkerClaw","floor":21},{"not_picked":["Guardian:Suspension","Guardian:GuardianWhirl","Guardian:Reroute"],"picked":"Singing Bowl","floor":25},{"not_picked":["Guardian:Recover","Guardian:Incinerate"],"picked":"Guardian:ShieldCharger","floor":26},{"not_picked":["Guardian:RollAttack","Guardian:TimeCapacitor","Guardian:Emergency"],"picked":"Singing Bowl","floor":28},{"not_picked":["Guardian:Preprogram","Guardian:Gem_Blue"],"picked":"Guardian:VentSteam","floor":29},{"not_picked":["Guardian:CompilePackage","Guardian:Emergency+1"],"picked":"Guardian:Gem_White","floor":31},{"not_picked":["Guardian:FuturePlans+1","Guardian:TemporalShield","Guardian:ShieldCharger"],"picked":"Singing Bowl","floor":32},{"not_picked":["Guardian:FastForward","Guardian:GemFire","Guardian:HyperBeam_Guardian"],"picked":"Singing Bowl","floor":33},{"not_picked":["Guardian:Suspension+1","Guardian:Gem_Crimson","Guardian:Gem_Cyan"],"picked":"Singing Bowl","floor":36},{"not_picked":["Guardian:Gem_Purple","Guardian:Gem_Green"],"picked":"Guardian:PrimingBeam+1","floor":37},{"not_picked":["Guardian:Gem_Green","Guardian:Gem_Yellow"],"picked":"Guardian:BronzeArmor","floor":39},{"not_picked":["Guardian:DonusPower","Guardian:PrismaticBeam"],"picked":"Guardian:TimeBomb+1","floor":40},{"not_picked":["Guardian:RollAttack","Guardian:Gem_Green"],"picked":"Guardian:CrystalBeam+1","floor":42},{"not_picked":["Guardian:VentSteam","Guardian:Repulse","Guardian:Incinerate+1"],"picked":"Singing Bowl","floor":44},{"not_picked":["Guardian:Gem_Red","Guardian:Clone"],"picked":"Guardian:SentryBeam+1","floor":47},{"not_picked":["Guardian:PiercingHide","Guardian:Gem_Green"],"picked":"Guardian:SpikerProtocol","floor":48},{"not_picked":["Guardian:Gem_Lightblue","Guardian:Gem_White"],"picked":"Guardian:CrystalBeam+1","floor":49}],"player_experience":1246729,"relics_obtained":[{"floor":3.0,"key":"Nunchaku"},{"floor":9.0,"key":"Gambling Chip"},{"floor":13,"key":"Mummified Hand"},{"floor":20,"key":"Singing Bowl"},{"floor":24,"key":"MawBank"},{"floor":26,"key":"Du-Vu Doll"},{"floor":29,"key":"Shovel"},{"floor":29,"key":"Mercury Hourglass"},{"floor":37,"key":"Centennial Puzzle"},{"floor":39,"key":"Lantern"},{"floor":44,"key":"Darkstone Periapt"}],"event_choices":[],"is_beta":false,"boss_relics":[{"not_picked":["Velvet Choker","Tiny House"],"picked":"Astrolabe"},{"not_picked":["SlaversCollar","Fusion Hammer"],"picked":"Cursed Key"}],"items_purged_floors":[19,42],"is_endless":false,"potions_floor_spawned":[2,11,12,20,25,31,32,33,36,37,44,48],"ascension_level":4}}