{"host":"f5n4tidiz2n5sooh","time":1607861369,"event":{"mods":["BaseMod","Colored Map","Minty Spire (QoL Compilation)","Relic Stats","StSLib"],"gold_per_floor":[113,126,138,148,148,148,179,179,232,261,280,299,299,299,299,299,299],"floor_reached":16,"playtime":500,"items_purged":[],"score":224,"play_id":"e17b5c61-b12a-4bb3-8908-b56db2e3d628","local_time":"20201213060929","is_ascension_mode":true,"campfire_choices":[{"data":"Bash","floor":6,"key":"SMITH"},{"floor":8,"key":"REST"},{"data":"Spot Weakness","floor":13,"key":"SMITH"},{"floor":15,"key":"REST"}],"circlet_count":0,"master_deck":["AscendersBane","Strike_R","Strike_R","Strike_R","Strike_R","Strike_R","Defend_R","Defend_R+1","Defend_R","Defend_R","Bash+1","Sword Boomerang","Second Wind","Pommel Strike","Pain","Shockwave+1","Spot Weakness+1"],"relics":["Sozu","WarpedTongs","Meat on the Bone","Bag of Marbles","War Paint"],"acts_visited":["Exordium"],"potions_floor_usage":[],"damage_taken":[{"damage":2,"enemies":"2 Louse","floor":1,"turns":2},{"damage":6,"enemies":"Cultist","floor":2,"turns":3},{"damage":7,"enemies":"Jaw Worm","floor":3,"turns":2},{"damage":6,"enemies":"Blue Slaver","floor":4,"turns":3},{"damage":40,"enemies":"Lagavulin","floor":7,"turns":6},{"damage":25,"enemies":"3 Sentries","floor":10,"turns":7},{"damage":8,"enemies":"Red Slaver","floor":11,"turns":3},{"damage":3,"enemies":"Exordium Thugs","floor":12,"turns":3},{"damage":55,"enemies":"Slime Boss","floor":16,"turns":7}],"seed_played":"2588124225645110879","potions_obtained":[],"is_trial":false,"path_per_floor":["M","M","M","M","?","R","E","R","T","E","M","M","R","?","R","B"],"character_chosen":"IRONCLAD","items_purchased":[],"campfire_rested":2,"item_purchase_floors":[],"current_hp_per_floor":[66,60,53,47,47,47,7,29,29,16,20,29,29,29,51,0,0],"gold":299,"neow_bonus":"BOSS_RELIC","is_daily":false,"chose_seed":false,"campfire_upgraded":2,"win_rate":0.0,"timestamp":1607861369,"path_taken":["M","M","M","M","?","R","E","R","T","E","M","?","R","?","R","BOSS"],"items_purchased_type":[],"build_version":"2020-11-30","purchased_purges":0,"victory":false,"max_hp_per_floor":[75,75,75,75,75,75,75,75,75,75,75,75,75,75,75,75,75],"relic_stats":{"Sozu":3,"counters":[9,36],"War Paint":["Defend_R","Shockwave"],"obtain_stats":[{"Sozu":0,"Bag of Marbles":9,"War Paint":10,"Burning Blood":0,"WarpedTongs":5,"Meat on the Bone":7},{"Sozu":0,"Bag of Marbles":5,"War Paint":6,"Burning Blood":0,"WarpedTongs":4,"Meat on the Bone":5},{"Sozu":0,"Bag of Marbles":16,"War Paint":23,"Burning Blood":0,"WarpedTongs":10,"Meat on the Bone":16}],"WarpedTongs":[24],"Meat on the Bone":36},"card_choices":[{"not_picked":["Shrug It Off","Ghostly Armor"],"picked":"Sword Boomerang","floor":1},{"not_picked":["Dropkick","Twin Strike"],"picked":"Second Wind","floor":2},{"not_picked":["Clash","Heavy Blade","Sword Boomerang"],"picked":"SKIP","floor":3},{"not_picked":["Clothesline","Headbutt"],"picked":"Pommel Strike","floor":4},{"not_picked":["Searing Blow","Sword Boomerang","Dropkick"],"picked":"SKIP","floor":7},{"not_picked":["Sentinel","Pommel Strike"],"picked":"Shockwave","floor":10},{"not_picked":["Wild Strike","Clothesline"],"picked":"Spot Weakness","floor":11},{"not_picked":["Iron Wave","Clothesline","Rage"],"picked":"SKIP","floor":12}],"player_experience":1877925,"relics_obtained":[{"floor":7,"key":"Meat on the Bone"},{"floor":9,"key":"Bag of Marbles"},{"floor":10,"key":"War Paint"}],"event_choices":[{"damage_healed":0,"gold_gain":0,"player_choice":"Rummage","damage_taken":0,"relics_obtained":["WarpedTongs"],"max_hp_gain":0,"max_hp_loss":0,"event_name":"Accursed Blacksmith","floor":5,"gold_loss":0,"cards_obtained":["Pain"]},{"damage_healed":0,"gold_gain":0,"player_choice":"Ignored","damage_taken":0,"max_hp_gain":0,"max_hp_loss":0,"event_name":"Liars Game","floor":14,"gold_loss":0}],"is_beta":false,"boss_relics":[],"items_purged_floors":[],"is_endless":false,"potions_floor_spawned":[2,3,10],"killed_by":"Slime Boss","ascension_level":20}}