{"host":"5gc11emcm5chfr5t","time":1607855708,"event":{"mods":["2.2 Compatiblity","AchievementEnabler","BaseMod","Bestiary","Better Note","Colored Map","Colored Powertips","Googly Eyes","Minty Spire (QoL Compilation)","Rare Cards Sparkle","StSLib"],"gold_per_floor":[18,35,53,228,178,203,203,213,213,213,213,233,243,276,276,375,375,393,19,32,50,50,76,76,96,96,113,130,130,143,157,157,253,553,571,571,585,57,77,77,77,89,142,155,185,198,214,214,214,214,214],"floor_reached":50,"playtime":2974,"items_purged":["Strike_B"],"score":562,"play_id":"e772d25a-dff0-4432-bb80-345fffd8c2db","local_time":"20201213053508","is_ascension_mode":false,"campfire_choices":[{"floor":7.0,"key":"REST"},{"floor":11.0,"key":"REST"},{"floor":15.0,"key":"REST"},{"floor":24.0,"key":"REST"},{"floor":29.0,"key":"REST"},{"floor":32.0,"key":"REST"},{"floor":41.0,"key":"REST"},{"floor":49.0,"key":"RECALL"}],"circlet_count":0,"master_deck":["Strike_B","Strike_B","Defend_B","Defend_B","Zap","Dualcast","Echo Form","Beam Cell","Lockon+1","Stack","FTL","Double Energy","Turbo","Go for the Eyes","Core Surge+1","Buffer+1","Loop+1","BootSequence","Sunder","Force Field","Force Field","Aggregate+1","Glacier","Hello World+1","Genetic Algorithm","Melter+1","Rainbow","CurseOfTheBell","Seek","Madness+1"],"relics":["Cracked Core","Lizard Tail","Frozen Egg 2","Mummified Hand","Black Star","Turnip","Gremlin Horn","StoneCalendar","Mercury Hourglass","Calling Bell","Bag of Marbles","Molten Egg 2","Old Coin","TungstenRod","Strawberry","PrismaticShard","Whetstone","Bag of Preparation","Happy Flower"],"acts_visited":["Exordium","TheCity","TheBeyond"],"potions_floor_usage":[50],"damage_taken":[{"damage":3.0,"enemies":"Small Slimes","floor":1.0,"turns":3.0},{"damage":6.0,"enemies":"Cultist","floor":2.0,"turns":3.0},{"damage":3.0,"enemies":"Jaw Worm","floor":3.0,"turns":3.0},{"damage":28.0,"enemies":"Gremlin Nob","floor":6.0,"turns":5.0},{"damage":16.0,"enemies":"Red Slaver","floor":8.0,"turns":3.0},{"damage":10.0,"enemies":"Looter","floor":12.0,"turns":3.0},{"damage":23.0,"enemies":"Exordium Thugs","floor":13.0,"turns":5.0},{"damage":22.0,"enemies":"Lagavulin","floor":14.0,"turns":6.0},{"damage":41.0,"enemies":"Hexaghost","floor":16.0,"turns":10.0},{"damage":0.0,"enemies":"Spheric Guardian","floor":18.0,"turns":4.0},{"damage":0.0,"enemies":"Chosen","floor":20.0,"turns":5.0},{"damage":18.0,"enemies":"Snake Plant","floor":21.0,"turns":5.0},{"damage":71.0,"enemies":"Slavers","floor":23.0,"turns":7.0},{"damage":0.0,"enemies":"Cultist and Chosen","floor":25.0,"turns":6.0},{"damage":17.0,"enemies":"Shelled Parasite and Fungi","floor":27.0,"turns":4.0},{"damage":10.0,"enemies":"Snake Plant","floor":28.0,"turns":4.0},{"damage":25.0,"enemies":"Centurion and Healer","floor":30.0,"turns":7.0},{"damage":4.0,"enemies":"Snecko","floor":31.0,"turns":4.0},{"damage":39.0,"enemies":"Champ","floor":33.0,"turns":12.0},{"damage":0.0,"enemies":"3 Shapes","floor":35.0,"turns":5.0},{"damage":18.0,"enemies":"Orb Walker","floor":37.0,"turns":4.0},{"damage":29.0,"enemies":"Jaw Worm Horde","floor":39.0,"turns":6.0},{"damage":46.0,"enemies":"3 Darklings","floor":42.0,"turns":7.0},{"damage":2.0,"enemies":"Spire Growth","floor":44.0,"turns":4.0},{"damage":0.0,"enemies":"Nemesis","floor":45.0,"turns":7.0},{"damage":4.0,"enemies":"Jaw Worm Horde","floor":46.0,"turns":4.0},{"damage":0.0,"enemies":"Sphere and 2 Shapes","floor":47.0,"turns":4.0},{"damage":15,"enemies":"Donu and Deca","floor":50,"turns":4}],"seed_played":"-8689310341476390905","potions_obtained":[{"floor":3.0,"key":"FocusPotion"},{"floor":12.0,"key":"Fruit Juice"},{"floor":14.0,"key":"Regen Potion"},{"floor":16.0,"key":"Regen Potion"},{"floor":18.0,"key":"DistilledChaos"},{"floor":21.0,"key":"AttackPotion"},{"floor":23.0,"key":"FearPotion"},{"floor":28.0,"key":"SpeedPotion"},{"floor":35.0,"key":"Energy Potion"},{"floor":37.0,"key":"Dexterity Potion"},{"floor":42.0,"key":"ColorlessPotion"},{"floor":44.0,"key":"Explosive Potion"},{"floor":46.0,"key":"Dexterity Potion"}],"is_trial":false,"path_per_floor":["M","M","M","?","?","E","R","M","T","?","R","M","M","E","R","B",null,"M","$","M","M","?","E","R","M","T","M","M","R","M","M","R","B",null,"M","?","M","$","M","$","R","M","T","M","E","M","M","?","R","B"],"character_chosen":"DEFECT","items_purchased":["Turnip","Loop+1","Strawberry","PrismaticShard","Whetstone"],"campfire_rested":7,"item_purchase_floors":[19,19,38,38,38],"current_hp_per_floor":[72,66,63,63,63,35,57,41,41,41,63,53,30,13,37,11,80,80,80,80,62,62,6,30,30,30,13,3,27,2,40,64,25,80,80,80,62,69,40,40,66,20,20,18,18,14,14,14,14,0,0],"gold":214,"neow_bonus":"THREE_RARE_CARDS","is_daily":false,"chose_seed":false,"campfire_upgraded":0,"win_rate":0.0,"timestamp":1607855708,"path_taken":["M","M","M","?","?","E","R","M","T","?","R","?","M","E","R","BOSS","M","$","M","M","?","E","R","?","T","M","M","R","M","M","R","BOSS","M","?","M","$","M","?","R","M","T","M","E","M","?","?","R","BOSS"],"items_purchased_type":["Relic","Card","Relic","Relic","Relic"],"build_version":"2020-11-30","purchased_purges":1,"victory":false,"max_hp_per_floor":[75,75,75,75,75,75,75,75,75,75,75,75,75,80,80,80,80,80,80,80,80,80,80,80,80,80,80,80,80,80,80,80,80,80,80,80,80,87,87,87,87,87,87,87,87,87,87,87,87,87,87],"card_choices":[{"not_picked":["Biased Cognition","Reboot"],"picked":"Echo Form","floor":0.0},{"not_picked":["Blizzard","Hello World"],"picked":"Beam Cell","floor":1.0},{"not_picked":["Barrage","Darkness"],"picked":"Lockon","floor":2.0},{"not_picked":["Rip and Tear","Heatsinks"],"picked":"Stack","floor":3.0},{"not_picked":["Stack","Compile Driver"],"picked":"FTL","floor":6.0},{"not_picked":["Sweeping Beam","Fusion"],"picked":"Double Energy","floor":8.0},{"not_picked":["Sweeping Beam","Reprogram","Biased Cognition+1"],"picked":"SKIP","floor":12.0},{"not_picked":["Heatsinks+1","Stack"],"picked":"Go for the Eyes","floor":13.0},{"not_picked":["Blizzard","Coolheaded"],"picked":"Core Surge","floor":14.0},{"not_picked":["Amplify","Biased Cognition+1"],"picked":"Buffer+1","floor":16.0},{"not_picked":["Beam Cell","Hologram","Go for the Eyes"],"picked":"SKIP","floor":18.0},{"not_picked":["Auto Shields+1","Barrage"],"picked":"BootSequence","floor":20.0},{"not_picked":["Leap","Barrage"],"picked":"Sunder","floor":21.0},{"not_picked":["Cold Snap","Beam Cell+1"],"picked":"Force Field","floor":23.0},{"not_picked":["Reinforced Body","Chill"],"picked":"Aggregate+1","floor":25.0},{"not_picked":["FTL+1","Sunder"],"picked":"Glacier","floor":27.0},{"not_picked":["Go for the Eyes","Gash"],"picked":"Hello World+1","floor":28.0},{"not_picked":["Chill","Steam Power"],"picked":"Genetic Algorithm","floor":30.0},{"not_picked":["Lockon+1","Streamline+1"],"picked":"Melter+1","floor":31.0},{"not_picked":["Echo Form+1","Seek"],"picked":"Rainbow","floor":33.0},{"not_picked":["Hologram+1","Compile Driver+1","Reprogram"],"picked":"SKIP","floor":35.0},{"not_picked":["Streamline+1","Rebound+1","Stack+1"],"picked":"SKIP","floor":37.0},{"not_picked":["Clash+1","Cloak And Dagger+1","Melter+1"],"picked":"SKIP","floor":39.0},{"not_picked":["Force Field","Ball Lightning+1"],"picked":"Seek","floor":42.0},{"not_picked":["FlurryOfBlows+1","Nirvana+1","Poisoned Stab+1"],"picked":"SKIP","floor":44.0},{"not_picked":["Streamline+1","CutThroughFate+1","TalkToTheHand+1"],"picked":"SKIP","floor":45.0},{"not_picked":["Beam Cell+1","Combust+1","Underhanded Strike+1"],"picked":"SKIP","floor":46.0},{"not_picked":["Anger+1","EmptyBody"],"picked":"Madness+1","floor":47.0}],"player_experience":336381,"relics_obtained":[{"floor":6.0,"key":"Lizard Tail"},{"floor":9.0,"key":"Frozen Egg 2"},{"floor":14.0,"key":"Mummified Hand"},{"floor":23.0,"key":"Gremlin Horn"},{"floor":23.0,"key":"StoneCalendar"},{"floor":26.0,"key":"Mercury Hourglass"},{"floor":34.0,"key":"Bag of Marbles"},{"floor":34.0,"key":"Molten Egg 2"},{"floor":34.0,"key":"Old Coin"},{"floor":45.0,"key":"Bag of Preparation"},{"floor":45.0,"key":"Happy Flower"}],"event_choices":[{"damage_healed":0.0,"max_hp_gain":0.0,"max_hp_loss":0.0,"gold_gain":175.0,"event_name":"Liars Game","player_choice":"AGREE","floor":4.0,"gold_loss":0.0,"damage_taken":0.0,"cards_obtained":["Doubt"]},{"cards_removed":["Doubt"],"damage_healed":0.0,"max_hp_gain":0.0,"max_hp_loss":0.0,"gold_gain":0.0,"event_name":"The Cleric","player_choice":"Card Removal","floor":5.0,"gold_loss":50.0,"damage_taken":0.0},{"damage_healed":0.0,"max_hp_gain":0.0,"max_hp_loss":0.0,"gold_gain":0.0,"cards_transformed":["Strike_B"],"event_name":"Transmorgrifier","player_choice":"Transformed","floor":10.0,"gold_loss":0.0,"damage_taken":0.0,"cards_obtained":["Turbo"]},{"damage_healed":0.0,"max_hp_gain":0.0,"max_hp_loss":0.0,"gold_gain":0.0,"cards_transformed":["Defend_B"],"event_name":"Transmorgrifier","player_choice":"Transformed","floor":22.0,"gold_loss":0.0,"damage_taken":0.0,"cards_obtained":["Force Field"]},{"damage_healed":0.0,"max_hp_gain":0.0,"max_hp_loss":0.0,"gold_gain":0.0,"event_name":"WeMeetAgain","player_choice":"Gave Potion","floor":36.0,"gold_loss":0.0,"damage_taken":0.0,"relics_obtained":["TungstenRod"]},{"cards_removed":["Defend_B"],"damage_healed":0.0,"max_hp_gain":0.0,"max_hp_loss":0.0,"gold_gain":0.0,"event_name":"Falling","player_choice":"Removed Skill","floor":48.0,"gold_loss":0.0,"damage_taken":0.0}],"is_beta":false,"boss_relics":[{"not_picked":["Pandora\u0027s Box","Busted Crown"],"picked":"Black Star"},{"not_picked":["Coffee Dripper","Snecko Eye"],"picked":"Calling Bell"}],"items_purged_floors":[38],"is_endless":false,"potions_floor_spawned":[3,12,14,16,18,21,23,28,35,37,42,44,46],"killed_by":"Donu and Deca","ascension_level":0}}