{"host":"4oozkyb2rmpv0j2l","time":1607851933,"event":{"mods":["Act Like it!","Aspiration","BaseMod","Colored Map","Conspire","Gensokyo","Hallownest","Hubris","Lobotomy","LobotomyExtend","Marisa（F雨　魔理沙）","Minty Spire (QoL Compilation)","Quick Restart","Rare Cards Sparkle","Reimu（博丽灵梦）","Replay The Spire","Robot Space Explorer","Shop Mod","Spicy Shops","StSLib","TestMod","The Animator","The Bladedancer","The Bug Knight","The Cursed","The Hierophant","The Necromancer","The Servant 0.9.4","WarShipGirlsR/战舰少女R mod","Youmu（魂魄妖梦）","Yuri Mod","Yuyuko","【东方二次创作】八云紫mod","【遗物卡牌】REMEMod"],"gold_per_floor":[116,116,516,528,548,548,548],"floor_reached":6,"playtime":191,"items_purged":[],"score":41,"play_id":"3f87a829-aee6-4418-b657-babb7fa32aaf","local_time":"20201213173213","is_ascension_mode":true,"campfire_choices":[],"circlet_count":0,"master_deck":["Strike_MRS","Strike_MRS","Strike_MRS","Strike_MRS","Defend_MRS","Defend_MRS","Defend_MRS","Defend_MRS","MasterSpark","UpSweep","ConjureBlade","Gensokyo:CrescentMoonSlash","RefractionSpark"],"relics":["REME_ComplimentaryCards","testmod-TurbochargingSystem","ExperimentalFamiliar","LetterFromLob"],"acts_visited":["Gensokyo:Gensokyo"],"potions_floor_usage":[],"damage_taken":[{"damage":0,"enemies":"Gensokyo:Python","floor":1,"turns":2},{"damage":7,"enemies":"Gensokyo:3_Fairies","floor":4,"turns":4},{"damage":10,"enemies":"Gensokyo:Gryphon","floor":5,"turns":3},{"damage":0,"enemies":"Gensokyo:Aya","floor":6,"turns":1}],"seed_played":"4199391893664270679","potions_obtained":[{"floor":4,"key":"Adrenaline Potion"},{"floor":5,"key":"Swift Potion"}],"is_trial":false,"path_per_floor":["M","?","?","M","M","E"],"character_chosen":"MARISA","items_purchased":[],"campfire_rested":0,"item_purchase_floors":[],"current_hp_per_floor":[75,68,68,61,51,51,51],"gold":548,"neow_bonus":"BOSS_RELIC","is_daily":false,"chose_seed":false,"campfire_upgraded":0,"win_rate":0.0,"timestamp":1607851933,"path_taken":["M","?","?","M","?","E"],"items_purchased_type":[],"build_version":"2020-11-30","purchased_purges":0,"victory":false,"max_hp_per_floor":[75,75,75,75,75,75,75],"card_choices":[{"not_picked":["IllusionStar","MachineGunSpark","SprinkleStarSeal"],"picked":"SKIP","floor":1},{"not_picked":["GalacticHalo","Occultation","OortCloud"],"picked":"SKIP","floor":4},{"not_picked":["DC","MysteriousBeam"],"picked":"RefractionSpark","floor":5}],"player_experience":442384,"relics_obtained":[{"floor":1,"key":"LetterFromLob"}],"event_choices":[{"damage_healed":0,"gold_gain":400,"player_choice":"Sell","damage_taken":0,"max_hp_gain":0,"max_hp_loss":0,"event_name":"恩洛斯的盘子","floor":3,"relics_lost":["testmod-TestBox"],"gold_loss":0}],"is_beta":false,"boss_relics":[],"items_purged_floors":[],"is_endless":false,"potions_floor_spawned":[4,5],"killed_by":"Gensokyo:Aya","ascension_level":3}}