{"host":"08umfpj02pt2ygc3","time":1607878545,"event":{"mods":["2.2 Compatiblity","BaseMod","DeckTracker","Highlight Path","Keyboard Shortcuts","Minty Spire (QoL Compilation)","Quick Restart","Random Character Button","StSLib","SuperFastMode","everything is the same but u backflip on backflip"],"gold_per_floor":[118,118,118,118,139,139,155,199,226,101,101,121,142,165,165,165,165],"floor_reached":16,"playtime":608,"items_purged":["Injury"],"score":148,"play_id":"1a05ba9d-7ea3-4cc3-a4db-0d8514948a5a","local_time":"20201214015545","is_ascension_mode":true,"campfire_choices":[{"data":"Body Slam","floor":6.0,"key":"SMITH"},{"data":"Body Slam","floor":15.0,"key":"SMITH"}],"circlet_count":0,"master_deck":["Strike_R","Strike_R","Strike_R","Strike_R","Strike_R","Defend_R","Defend_R","Defend_R","Defend_R","Bash","Flex","Body Slam+1","Clash","Juggernaut+1","Body Slam+1","Power Through"],"relics":["Burning Blood","NeowsBlessing","Golden Idol","Art of War","PreservedInsect"],"acts_visited":["Exordium"],"potions_floor_usage":[],"damage_taken":[{"damage":0.0,"enemies":"Small Slimes","floor":1.0,"turns":1.0},{"damage":0.0,"enemies":"2 Louse","floor":5.0,"turns":1.0},{"damage":0.0,"enemies":"Jaw Worm","floor":7.0,"turns":1.0},{"damage":39.0,"enemies":"Gremlin Nob","floor":8.0,"turns":5.0},{"damage":3.0,"enemies":"Blue Slaver","floor":12.0,"turns":3.0},{"damage":5.0,"enemies":"2 Fungi Beasts","floor":13.0,"turns":3.0},{"damage":4.0,"enemies":"3 Louse","floor":14.0,"turns":3.0},{"damage":0,"enemies":"Slime Boss","floor":16,"turns":1}],"seed_played":"3965704052068513652","potions_obtained":[{"floor":7.0,"key":"BlessingOfTheForge"},{"floor":8.0,"key":"BlessingOfTheForge"},{"floor":12.0,"key":"Weak Potion"}],"is_trial":false,"path_per_floor":["M","?","?","?","M","R","M","E","T","$","?","M","M","M","R","B"],"character_chosen":"IRONCLAD","items_purchased":["Fire Potion"],"campfire_rested":0,"item_purchase_floors":[10],"current_hp_per_floor":[78,78,83,83,85,85,85,52,52,52,52,55,56,58,58,58,58],"gold":165,"neow_bonus":"THREE_ENEMY_KILL","is_daily":false,"chose_seed":false,"campfire_upgraded":2,"win_rate":0.0,"timestamp":1607878545,"path_taken":["M","?","?","?","M","R","M","E","T","$","?","M","M","M","R","BOSS"],"items_purchased_type":["Potion"],"build_version":"2020-11-30","purchased_purges":1,"victory":false,"max_hp_per_floor":[80,80,85,85,85,85,85,85,85,85,85,85,85,85,85,85,85],"card_choices":[{"not_picked":["Rupture","Fire Breathing"],"picked":"Flex","floor":1.0},{"not_picked":["Wild Strike","Thunderclap"],"picked":"Body Slam","floor":5.0},{"not_picked":["Flex","Iron Wave"],"picked":"Clash","floor":7.0},{"not_picked":["Iron Wave","Headbutt"],"picked":"Juggernaut","floor":8.0},{"not_picked":["Flex","Headbutt"],"picked":"Body Slam","floor":12.0},{"not_picked":["Warcry","Flex"],"picked":"Power Through","floor":13.0},{"not_picked":["Heavy Blade","Dual Wield","Thunderclap"],"picked":"SKIP","floor":14.0}],"player_experience":345809,"relics_obtained":[{"floor":8.0,"key":"Art of War"},{"floor":9.0,"key":"PreservedInsect"}],"event_choices":[{"damage_healed":0.0,"max_hp_gain":0.0,"max_hp_loss":0.0,"gold_gain":0.0,"event_name":"Golden Idol","player_choice":"Take Wound","floor":2.0,"gold_loss":0.0,"damage_taken":0.0,"relics_obtained":["Golden Idol"],"cards_obtained":["Injury"]},{"damage_healed":0.0,"max_hp_gain":5.0,"max_hp_loss":0.0,"gold_gain":0.0,"event_name":"Big Fish","player_choice":"Donut","floor":3.0,"gold_loss":0.0,"damage_taken":0.0},{"damage_healed":0.0,"max_hp_gain":0.0,"max_hp_loss":0.0,"gold_gain":0.0,"event_name":"Liars Game","player_choice":"Ignored","floor":4.0,"gold_loss":0.0,"damage_taken":0.0},{"damage_healed":0.0,"max_hp_gain":0.0,"max_hp_loss":0.0,"gold_gain":0.0,"event_name":"Living Wall","player_choice":"Grow","floor":11.0,"gold_loss":0.0,"damage_taken":0.0,"cards_upgraded":["Juggernaut"]}],"is_beta":false,"boss_relics":[],"items_purged_floors":[10],"is_endless":false,"potions_floor_spawned":[7,8,12],"killed_by":"Slime Boss","ascension_level":9}}