{"host":"pqhwp6kmk3x070f7","time":1607822037,"event":{"mods":["Act Like it!","BaseMod","Better Altar","Better Match","Better Note","Better Sensory Stone","Better Skull","Better Third Choice","ChefMod","Downfall","Energized Spire","Hallownest","Hermit","Hubris","Infinite Spire","Jorbs\u0027s Wanderer Trilogy","Magitek Elite","Minty Spire (QoL Compilation)","Replay The Spire","Shade Mod","StSLib","The Alterego","The Animator","The Bug Knight","The Death Knight","The Dragon Tamer","The Elementalist","The Hayseed","The Hierophant","The Runesmith","The Senshi","WarShipGirlsR/????R mod"],"gold_per_floor":[99,99,134,144,144,144,144],"floor_reached":6,"playtime":590,"items_purged":[],"score":42,"play_id":"a6545c36-749c-4438-ab64-223be8426dda","local_time":"20201212171357","is_ascension_mode":false,"campfire_choices":[{"data":"hexamod:Float","floor":1,"key":"SMITH"},{"data":"hexamod:SkipABeat","floor":5,"key":"SMITH"}],"circlet_count":0,"master_deck":["hexamod:Strike","hexamod:Strike","hexamod:Strike","hexamod:Defend","hexamod:Defend","hexamod:Defend","hexamod:Defend","hexamod:Sear","hexamod:Float+1","hexamod:PowerFromBeyond","hexamod:SkipABeat+1"],"relics":["hexamod:SpiritBrand","Bag of Marbles"],"acts_visited":["Exordium"],"potions_floor_usage":[3,3,3],"damage_taken":[{"damage":10,"enemies":"Lagavulin","floor":3,"turns":5},{"damage":0,"enemies":"2 Louse","floor":4,"turns":3},{"damage":65,"enemies":"Gremlin Nob","floor":6,"turns":4}],"seed_played":"-7584520137599007458","potions_obtained":[{"floor":0,"key":"DeathKnight:BottledBloodEchoes"},{"floor":0,"key":"Toxic Potion"},{"floor":0,"key":"CultistPotion"}],"is_trial":false,"path_per_floor":["R","?","E","M","R","E"],"character_chosen":"THE_SPIRIT","items_purchased":[],"campfire_rested":0,"item_purchase_floors":[],"current_hp_per_floor":[70,70,60,60,60,0,0],"gold":144,"neow_bonus":"THREE_SMALL_POTIONS","is_daily":false,"chose_seed":false,"campfire_upgraded":2,"win_rate":0.0,"timestamp":1607822037,"path_taken":["R","?","E","?","R","E"],"items_purchased_type":[],"build_version":"2020-11-30","purchased_purges":0,"victory":false,"max_hp_per_floor":[70,70,70,70,70,70,70],"card_choices":[{"not_picked":["hexamod:NightmareGuise","hexamod:RainOfEmbers"],"picked":"hexamod:PowerFromBeyond","floor":3},{"not_picked":["hexamod:BacktrackSmack","hexamod:NightmareGuise"],"picked":"hexamod:SkipABeat","floor":4}],"player_experience":2676487,"relics_obtained":[{"floor":3,"key":"Bag of Marbles"}],"event_choices":[{"cards_removed":["hexamod:Strike"],"damage_healed":0,"gold_gain":0,"player_choice":"Purged","damage_taken":0,"max_hp_gain":0,"max_hp_loss":0,"event_name":"Purifier","floor":2,"gold_loss":0}],"is_beta":false,"boss_relics":[],"items_purged_floors":[],"is_endless":false,"potions_floor_spawned":[],"killed_by":"Gremlin Nob","ascension_level":0}}