{"host":"sst22apzgpn07t8v","time":1607827624,"event":{"mods":["Act Like it!","BaseMod","Downfall","Hallownest","HololiveMod","Lobotomy","LobotomyExtend","Minty Spire (QoL Compilation)","Replay The Spire","Shop Mod","StSLib"],"gold_per_floor":[99,132,132,45,45,64,64,64,75,75,90,90,102,102,102,119,129,129,129],"floor_reached":18,"playtime":939,"items_purged":[],"score":137,"play_id":"0db78008-6334-484e-90f1-4c9c2f716d59","local_time":"20201213104704","is_ascension_mode":false,"campfire_choices":[{"floor":1,"key":"RECALL"},{"data":"expansioncontent:AwakenDeath","floor":8,"key":"SMITH"},{"data":"Guardian:PrismaticBarrier","floor":10,"key":"SMITH"}],"circlet_count":0,"master_deck":["Guardian:Strike_Guardian","Guardian:Strike_Guardian","Guardian:Strike_Guardian","Guardian:Defend_Guardian","Guardian:Defend_Guardian","Guardian:Defend_Guardian","Guardian:Defend_Guardian","Guardian:CurlUp","Guardian:TwinSlam","Guardian:RollAttack","Guardian:PrismaticBarrier+1","expansioncontent:AwakenDeath+1","Guardian:ChargeCore","Guardian:Gem_Red","Guardian:Gem_Cyan"],"relics":["Guardian:ModeShifter","downfall:HeartsMalice","Kunai","Orichalcum"],"acts_visited":["Exordium"],"potions_floor_usage":[18,18,18],"damage_taken":[{"damage":0,"enemies":"Gremlin Nob","floor":2,"turns":1},{"damage":0,"enemies":"Cultist","floor":3,"turns":1},{"damage":0,"enemies":"downfall:FleeingMerchant","floor":4,"turns":1},{"damage":12,"enemies":"Jaw Worm","floor":6,"turns":4},{"damage":6,"enemies":"Small Slimes","floor":9,"turns":3},{"damage":0,"enemies":"3 Louse","floor":11,"turns":1},{"damage":10,"enemies":"Exordium Wildlife","floor":13,"turns":4},{"damage":14,"enemies":"Exordium Thugs","floor":16,"turns":6},{"damage":7,"enemies":"Lots of Slimes","floor":17,"turns":2},{"damage":58,"enemies":"downfall:Defect","floor":18,"turns":9}],"seed_played":"-7731104542905228673","potions_obtained":[{"floor":2,"key":"Fire Potion"},{"floor":6,"key":"Fire Potion"},{"floor":9,"key":"Fire Potion"}],"is_trial":false,"path_per_floor":["R","E","M","$","?","M","T","R","M","R","M","T","M","PTL","PTL","M","M","B"],"character_chosen":"GUARDIAN","items_purchased":["expansioncontent:AwakenDeath"],"campfire_rested":0,"item_purchase_floors":[4],"current_hp_per_floor":[80,80,80,80,80,68,68,68,62,62,62,62,52,52,52,38,31,0,0],"gold":129,"neow_bonus":"THREE_ENEMY_KILL","is_daily":false,"chose_seed":false,"campfire_upgraded":2,"win_rate":0.0,"timestamp":1607827624,"path_taken":["R","E","M","$","?","M","T","R","M","R","M","?","M","PTL","PTL","?","M","BOSS"],"items_purchased_type":["Card"],"build_version":"2020-11-30","purchased_purges":0,"victory":false,"max_hp_per_floor":[80,80,80,80,80,80,80,80,80,80,80,80,80,80,80,80,80,80,80],"card_choices":[{"not_picked":["Guardian:Clone","Guardian:Reroute"],"picked":"Guardian:RollAttack","floor":2},{"not_picked":["Guardian:Gem_Red","Guardian:RollAttack"],"picked":"Guardian:PrismaticBarrier","floor":3},{"not_picked":["Guardian:ArmoredProtocol","Guardian:PiercingHide"],"picked":"Guardian:Gem_Fragmented","floor":4},{"not_picked":["Guardian:Gem_Green","Guardian:Gem_Cyan"],"picked":"Guardian:Gem_Crimson","floor":6},{"not_picked":["Guardian:ShieldSpikes","Guardian:GuardianWhirl"],"picked":"Guardian:Gem_Blue","floor":9},{"not_picked":["Guardian:ArmoredProtocol","Guardian:Preprogram","Guardian:TemporalStrike"],"picked":"SKIP","floor":11},{"not_picked":["Guardian:ArmoredProtocol","Guardian:ChargeUp"],"picked":"Guardian:ChargeCore","floor":13},{"not_picked":["Guardian:Suspension","Guardian:FloatingOrbs"],"picked":"Guardian:Gem_Red","floor":16},{"not_picked":["Guardian:TemporalShield","Guardian:Emergency"],"picked":"Guardian:Gem_Cyan","floor":17}],"player_experience":131019,"relics_obtained":[{"floor":2,"key":"Kunai"},{"floor":12,"key":"Orichalcum"}],"event_choices":[],"is_beta":false,"boss_relics":[],"items_purged_floors":[],"is_endless":false,"potions_floor_spawned":[2,6,9,13,16],"killed_by":"downfall:Defect","ascension_level":0}}