{"host":"2s5c6uii15wgtvvf","time":1607903839,"event":{"mods":["Bard","BaseMod","Bestiary","CapriCore","Downfall","Friendly Minions","Hermit","HololiveMod","Jorbs\u0027s Wanderer Trilogy","Koishi","KomeijiMod","Lobotomy","LobotomyExtend","Marisa????????","Minty Spire (QoL Compilation)","Remilia??????","Robot Space Explorer","Shade Mod","StSLib","Td1madao Mod","The Animator","The Cursed","The Gatherer","The Hayseed","The Hierophant","The Immortal","The Mystic","The Necromancer","The Runesmith","The Servant 0.9.4","TheHeartMod","WarShipGirlsR/????R mod","Yohane!"],"gold_per_floor":[119,131,142,155,120,120,120],"floor_reached":6,"playtime":304,"items_purged":[],"score":38,"play_id":"ca2643cc-4498-42ac-8c2c-02374edaac58","local_time":"20201213235719","is_ascension_mode":false,"campfire_choices":[],"circlet_count":0,"master_deck":["SpecialBullet","SpecialBullet","SpecialBullet","SpecialBullet","SpecialBullet","SpecialBullet","SpecialBullet","SpecialBullet","SecurityCode","TrainingCode","InformationCode","MeatLantern","Penitence","WallGazer","GoldRush","VoidDream","Wingbeat","BeautyBeast"],"relics":["CogitoBucket","Dream Catcher","LetterFromLob"],"acts_visited":["Exordium"],"potions_floor_usage":[],"damage_taken":[{"damage":11,"enemies":"Jaw Worm","floor":1,"turns":2},{"damage":53,"enemies":"Small Slimes","floor":2,"turns":2},{"damage":4,"enemies":"2 Louse","floor":3,"turns":2},{"damage":5,"enemies":"Gremlin Gang","floor":4,"turns":4},{"damage":50,"enemies":"Gremlin Nob","floor":6,"turns":1}],"seed_played":"8490329897458286204","potions_obtained":[{"floor":1,"key":"SpeedPotion"},{"floor":4,"key":"RedTea"}],"is_trial":false,"path_per_floor":["M","M","M","M","?","E"],"character_chosen":"Angela","items_purchased":[],"campfire_rested":0,"item_purchase_floors":[],"current_hp_per_floor":[67,22,26,29,46,0,0],"gold":120,"neow_bonus":"RANDOM_COMMON_RELIC","is_daily":false,"chose_seed":false,"campfire_upgraded":0,"win_rate":0.0,"timestamp":1607903839,"path_taken":["M","M","M","M","?","E"],"items_purchased_type":[],"build_version":"2020-12-13","purchased_purges":0,"victory":false,"max_hp_per_floor":[70,70,70,70,70,70,70],"card_choices":[{"not_picked":["CherryBlossoms","VoidDream"],"picked":"MeatLantern","floor":1},{"not_picked":["Christmas"],"picked":"Penitence","floor":1},{"not_picked":["Rudolta","OldLady"],"picked":"WallGazer","floor":2},{"not_picked":["Galaxy"],"picked":"GoldRush","floor":2},{"not_picked":["ShyLook","Scorched"],"picked":"VoidDream","floor":3},{"not_picked":["Regret_ego"],"picked":"Wingbeat","floor":3},{"not_picked":["SpiderBud","BigBird"],"picked":"BeautyBeast","floor":4},{"not_picked":["Soda","CUTE"],"picked":"SKIP","floor":4}],"player_experience":108247,"relics_obtained":[{"floor":1,"key":"LetterFromLob"}],"event_choices":[{"damage_healed":17,"gold_gain":0,"player_choice":"Healed","damage_taken":0,"max_hp_gain":0,"max_hp_loss":0,"event_name":"The Cleric","floor":5,"gold_loss":35}],"is_beta":false,"boss_relics":[],"items_purged_floors":[],"is_endless":false,"potions_floor_spawned":[1,4],"killed_by":"Gremlin Nob","ascension_level":0}}