{"host":"qwttrqaysb380yri","time":1607894786,"event":{"mods":["BaseMod","Custom Start","Minty Spire (QoL Compilation)","Puzzle Mod","Relic Stats","StSLib","The Cursed","The Hierophant"],"gold_per_floor":[118,131,131,148,165,177,177,184,184,25,25,53,8,34,34,111,111,157,69,82,101,26,26,75,73,121,133,176,164,164],"floor_reached":29,"playtime":847,"items_purged":["hierophant:Strike_Hierophant"],"score":534,"play_id":"aa0c89b3-17e0-49a5-ba7c-afd4574b2300","local_time":"20201213222626","is_ascension_mode":true,"campfire_choices":[{"floor":7,"key":"REST"},{"floor":11,"key":"REST"},{"floor":15,"key":"REST"},{"floor":23,"key":"REST"},{"floor":27,"key":"REST"}],"circlet_count":0,"master_deck":["AscendersBane","hierophant:Strike_Hierophant","hierophant:Strike_Hierophant+1","hierophant:Strike_Hierophant","hierophant:Punish","hierophant:Defend_Hierophant","hierophant:Defend_Hierophant","hierophant:Defend_Hierophant","hierophant:Defend_Hierophant","hierophant:ChurchCoffers","hierophant:Zeal","hierophant:FieryStrike","hierophant:FlamingChariot","hierophant:LocustPlague","hierophant:RepressedViolence","hierophant:Zeal","hierophant:Shelter","hierophant:Levitation","hierophant:FieryStrike+1","hierophant:Smite","hierophant:Cornucopia","hierophant:HammerAndAnvil","hierophant:Encroach","hierophant:Community","hierophant:Doubloon","hierophant:Refuge","hierophant:Doubloon","hierophant:CoinFling"],"relics":["hierophant:PropheticMaskRelic","Akabeko","Sundial","Pear","Darkstone Periapt","White Beast Statue","Velvet Choker","Whetstone","MawBank","Oddly Smooth Stone"],"acts_visited":["Exordium","TheCity"],"potions_floor_usage":[6,12,16,16,21,21,24,28,28,29],"damage_taken":[{"damage":4,"enemies":"Jaw Worm","floor":1,"turns":5},{"damage":6,"enemies":"Cultist","floor":2,"turns":3},{"damage":5,"enemies":"Small Slimes","floor":4,"turns":3},{"damage":11,"enemies":"Blue Slaver","floor":5,"turns":3},{"damage":30,"enemies":"Lagavulin","floor":6,"turns":5},{"damage":35,"enemies":"Gremlin Nob","floor":8,"turns":4},{"damage":25,"enemies":"3 Sentries","floor":12,"turns":5},{"damage":18,"enemies":"Gremlin Nob","floor":14,"turns":3},{"damage":8,"enemies":"Slime Boss","floor":16,"turns":6},{"damage":25,"enemies":"Shell Parasite","floor":18,"turns":4},{"damage":0,"enemies":"Spheric Guardian","floor":20,"turns":1},{"damage":20,"enemies":"Shelled Parasite and Fungi","floor":21,"turns":3},{"damage":30,"enemies":"Gremlin Leader","floor":24,"turns":7},{"damage":2,"enemies":"Centurion and Healer","floor":25,"turns":5},{"damage":46,"enemies":"Slavers","floor":28,"turns":7},{"damage":8,"enemies":"Masked Bandits","floor":29,"turns":2}],"seed_played":"1975825520527653739","potions_obtained":[{"floor":2,"key":"Swift Potion"},{"floor":5,"key":"Explosive Potion"},{"floor":8,"key":"Strength Potion"},{"floor":12,"key":"Ancient Potion"},{"floor":16,"key":"ColorlessPotion"},{"floor":18,"key":"LiquidMemories"},{"floor":21,"key":"Strength Potion"},{"floor":24,"key":"LiquidMemories"},{"floor":25,"key":"Regen Potion"},{"floor":28,"key":"Weak Potion"}],"is_trial":false,"path_per_floor":["M","M","?","M","M","E","R","E","T","$","R","E","$","E","R","B",null,"M","$","M","M","$","R","E","M","T","R","E","?"],"character_chosen":"HIEROPHANT","items_purchased":["hierophant:Shelter","hierophant:Levitation","hierophant:Smite","hierophant:Encroach","hierophant:Community"],"campfire_rested":5,"item_purchase_floors":[10,10,13,19,19],"current_hp_per_floor":[71,65,65,60,49,19,43,8,18,18,45,20,20,2,29,21,74,49,49,49,29,29,56,26,24,24,51,20,12,12],"gold":164,"neow_bonus":"TEN_PERCENT_HP_BONUS","is_daily":false,"chose_seed":false,"campfire_upgraded":0,"win_rate":0.0,"timestamp":1607894786,"path_taken":["M","M","?","M","M","E","R","E","T","$","R","E","?","E","R","BOSS","M","$","?","M","?","R","E","M","T","R","E","?"],"items_purchased_type":["Card","Card","Card","Card","Card"],"build_version":"2020-11-30","purchased_purges":1,"victory":false,"max_hp_per_floor":[82,82,82,82,82,82,82,82,92,92,92,92,92,92,92,92,92,92,92,92,92,92,92,92,92,92,92,92,92,92],"relic_stats":{"Darkstone Periapt":0,"counters":[16,66],"Sundial":[2],"Whetstone":["hierophant:Strike_Hierophant","hierophant:FieryStrike"],"MawBank":36,"obtain_stats":[{"Darkstone Periapt":12,"Pear":9,"Sundial":8,"hierophant:PropheticMaskRelic":0,"Velvet Choker":17,"Oddly Smooth Stone":28,"Whetstone":24,"MawBank":26,"Akabeko":6,"White Beast Statue":14},{"Darkstone Periapt":7,"Pear":6,"Sundial":6,"hierophant:PropheticMaskRelic":0,"Velvet Choker":9,"Oddly Smooth Stone":15,"Whetstone":13,"MawBank":14,"Akabeko":5,"White Beast Statue":8},{"Darkstone Periapt":28,"Pear":23,"Sundial":23,"hierophant:PropheticMaskRelic":0,"Velvet Choker":37,"Oddly Smooth Stone":64,"Whetstone":52,"MawBank":57,"Akabeko":19,"White Beast Statue":31}]},"card_choices":[{"not_picked":["hierophant:ThreeLashes","hierophant:MorningPrayer"],"picked":"hierophant:Zeal","floor":1},{"not_picked":["hierophant:Empathy","hierophant:Endure"],"picked":"hierophant:FieryStrike","floor":2},{"not_picked":["hierophant:HammerAndAnvil","hierophant:AuricBeam"],"picked":"hierophant:FlamingChariot","floor":4},{"not_picked":["hierophant:CursedGold","hierophant:Refuge"],"picked":"hierophant:LocustPlague","floor":5},{"not_picked":["hierophant:Sermon","hierophant:DisplayOfPower"],"picked":"hierophant:RepressedViolence","floor":6},{"not_picked":["hierophant:Sermon","hierophant:FaithHealing"],"picked":"hierophant:Zeal","floor":8},{"not_picked":["hierophant:RepressedViolence","hierophant:MintersHammer"],"picked":"hierophant:FieryStrike","floor":12},{"not_picked":["hierophant:FieryStrike","hierophant:Doubloon","hierophant:HolyVerse"],"picked":"SKIP","floor":14},{"not_picked":["hierophant:AuricForm","hierophant:WrathOfGod"],"picked":"hierophant:Cornucopia","floor":16},{"not_picked":["hierophant:Smite","hierophant:PassingBell"],"picked":"hierophant:HammerAndAnvil","floor":18},{"not_picked":["hierophant:Repentance","hierophant:Shelter"],"picked":"hierophant:Refuge","floor":20},{"not_picked":["hierophant:Martyrdom","hierophant:CoinFling","hierophant:HammerAndAnvil"],"picked":"SKIP","floor":21},{"not_picked":["hierophant:Prophecy","hierophant:RecallFunds","hierophant:Martyrdom"],"picked":"SKIP","floor":24},{"not_picked":["hierophant:EyeForCoin","hierophant:PristineSoul"],"picked":"hierophant:CoinFling","floor":25},{"not_picked":["hierophant:Encroach","hierophant:Zeal","hierophant:Doubloon"],"picked":"SKIP","floor":28}],"player_experience":1836093,"relics_obtained":[{"floor":6,"key":"Akabeko"},{"floor":8,"key":"Sundial"},{"floor":9,"key":"Pear"},{"floor":12,"key":"Darkstone Periapt"},{"floor":14,"key":"White Beast Statue"},{"floor":24,"key":"Whetstone"},{"floor":26,"key":"MawBank"},{"floor":28,"key":"Oddly Smooth Stone"}],"event_choices":[{"damage_healed":0,"gold_gain":0,"player_choice":"Ignored","damage_taken":0,"max_hp_gain":0,"max_hp_loss":0,"event_name":"Liars Game","floor":3,"gold_loss":0},{"damage_healed":0,"gold_gain":0,"player_choice":"Fought Bandits","damage_taken":0,"max_hp_gain":0,"max_hp_loss":0,"event_name":"Masked Bandits","floor":29,"gold_loss":0}],"is_beta":false,"boss_relics":[{"not_picked":["Tiny House","Fusion Hammer"],"picked":"Velvet Choker"}],"items_purged_floors":[22],"is_endless":false,"potions_floor_spawned":[2,5,8,12,16,18,20,21,24,25,28],"killed_by":"Masked Bandits","ascension_level":15}}