{"host":"z60ck2mpr6goyib8","time":1607872463,"event":{"mods":["BaseMod","Best Route Mod","Bestiary","Better Third Choice","Block Reminder","Colored Map","Colored Powertips","Googly Eyes","Minty Spire (QoL Compilation)","Quick Restart","Relic Stats","Slay-I","StSLib","everything is the same but u backflip on backflip"],"gold_per_floor":[113,113,125,145,157,182,182,202,227,247,260,292,311,311,311,407,407,419,436,449,52,52,79,98,108,135,135,63,28,47,77,77,179,179,198,198,248,248,188,188,216,231,307,323,91,111,111,20,20,20,20],"floor_reached":50,"playtime":2361,"items_purged":["Strike_B"],"score":763,"play_id":"fc4df478-e87a-43fb-b674-ac13f73609f3","local_time":"20201213151423","is_ascension_mode":true,"campfire_choices":[{"data":"Lockon","floor":7.0,"key":"SMITH"},{"data":"Fission","floor":15.0,"key":"SMITH"},{"data":"Defragment","floor":32.0,"key":"SMITH"},{"data":"Storm","floor":40.0,"key":"SMITH"},{"data":"Rainbow","floor":47.0,"key":"SMITH"},{"floor":49.0,"key":"REST"}],"circlet_count":0,"master_deck":["Strike_B","Defend_B","Defend_B","Zap","Dualcast","Chill+1","Chill+1","Machine Learning+1","Leap","Compile Driver","Lockon+1","Cold Snap","Ball Lightning","BootSequence","Rip and Tear","Fission+1","Darkness","Electrodynamics","Conserve Battery+1","Stack+1","Master of Strategy","Heatsinks","Defragment+1","Tempest","Storm+1","Rainbow+1","Hyperbeam","White Noise+1","Dark Shackles"],"relics":["Astrolabe","White Beast Statue","Bag of Marbles","Lantern","Busted Crown","OrangePellets","Centennial Puzzle","DataDisk","PreservedInsect","Potion Belt","Inserter","FossilizedHelix","Ancient Tea Set","HornCleat","Anchor"],"acts_visited":[],"potions_floor_usage":[50,50],"damage_taken":[{"damage":0.0,"enemies":"2 Louse","floor":1.0,"turns":3.0},{"damage":5.0,"enemies":"Cultist","floor":3.0,"turns":4.0},{"damage":0.0,"enemies":"Jaw Worm","floor":4.0,"turns":5.0},{"damage":1.0,"enemies":"Gremlin Gang","floor":5.0,"turns":7.0},{"damage":20.0,"enemies":"Lagavulin","floor":6.0,"turns":5.0},{"damage":0.0,"enemies":"2 Fungi Beasts","floor":8.0,"turns":3.0},{"damage":0.0,"enemies":"Looter","floor":10.0,"turns":3.0},{"damage":0.0,"enemies":"Blue Slaver","floor":11.0,"turns":3.0},{"damage":3.0,"enemies":"3 Sentries","floor":12.0,"turns":6.0},{"damage":0.0,"enemies":"Exordium Wildlife","floor":13.0,"turns":3.0},{"damage":16.0,"enemies":"Slime Boss","floor":16.0,"turns":10.0},{"damage":0.0,"enemies":"Spheric Guardian","floor":18.0,"turns":3.0},{"damage":0.0,"enemies":"Chosen","floor":19.0,"turns":4.0},{"damage":5.0,"enemies":"Centurion and Healer","floor":20.0,"turns":5.0},{"damage":2.0,"enemies":"Slavers","floor":23.0,"turns":3.0},{"damage":0.0,"enemies":"Cultist and Chosen","floor":24.0,"turns":4.0},{"damage":0.0,"enemies":"Shelled Parasite and Fungi","floor":25.0,"turns":5.0},{"damage":0.0,"enemies":"Centurion and Healer","floor":30.0,"turns":5.0},{"damage":14.0,"enemies":"Book of Stabbing","floor":31.0,"turns":4.0},{"damage":20.0,"enemies":"Champ","floor":33.0,"turns":10.0},{"damage":29.0,"enemies":"3 Darklings","floor":35.0,"turns":4.0},{"damage":4.0,"enemies":"Mind Bloom Boss Battle","floor":37.0,"turns":6.0},{"damage":10.0,"enemies":"Nemesis","floor":41.0,"turns":5.0},{"damage":0.0,"enemies":"Orb Walker","floor":42.0,"turns":3.0},{"damage":0.0,"enemies":"Jaw Worm Horde","floor":44.0,"turns":4.0},{"damage":0.0,"enemies":"Sphere and 2 Shapes","floor":46.0,"turns":3.0},{"damage":52,"enemies":"Awakened One","floor":50,"turns":6}],"seed_played":"4924372290166690692","potions_obtained":[{"floor":1.0,"key":"SkillPotion"},{"floor":5.0,"key":"Fire Potion"},{"floor":8.0,"key":"FocusPotion"},{"floor":11.0,"key":"Strength Potion"},{"floor":12.0,"key":"DuplicationPotion"},{"floor":18.0,"key":"BlessingOfTheForge"},{"floor":24.0,"key":"EssenceOfSteel"},{"floor":25.0,"key":"ColorlessPotion"},{"floor":31.0,"key":"Block Potion"},{"floor":33.0,"key":"Block Potion"},{"floor":35.0,"key":"Dexterity Potion"},{"floor":37.0,"key":"EssenceOfDarkness"},{"floor":41.0,"key":"Strength Potion"},{"floor":42.0,"key":"Energy Potion"},{"floor":44.0,"key":"AttackPotion"},{"floor":46.0,"key":"ColorlessPotion"}],"is_trial":false,"path_per_floor":["M","?","M","M","M","E","R","M","T","M","M","E","M","?","R","B",null,"M","M","M","$","?","E","M","M","T","?","$","$","M","E","R","B",null,"M","?","?","?","?","R","E","M","T","M","$","M","R","$","R","B"],"character_chosen":"DEFECT","items_purchased":["Master of Strategy","OrangePellets","Heatsinks","Tempest","Storm","Anchor","Dark Shackles"],"campfire_rested":1,"item_purchase_floors":[21,21,21,28,29,45,48],"current_hp_per_floor":[68,68,63,63,62,42,42,42,42,42,42,39,39,39,39,23,62,62,62,57,57,57,55,55,55,55,55,55,55,55,41,41,21,62,33,33,29,29,29,29,19,19,19,19,19,19,19,19,41,0,0],"gold":20,"neow_bonus":"BOSS_RELIC","is_daily":false,"chose_seed":false,"campfire_upgraded":5,"win_rate":0.0,"timestamp":1607872463,"path_taken":["M","?","M","?","M","E","R","M","T","?","M","E","M","?","R","BOSS","M","?","M","$","?","E","M","M","T","?","?","$","M","E","R","BOSS","M","?","?","?","?","R","E","M","T","?","$","M","R","?","R","BOSS"],"items_purchased_type":["Card","Relic","Card","Card","Card","Relic","Card"],"build_version":"2020-11-30","purchased_purges":1,"victory":false,"max_hp_per_floor":[75,75,75,75,75,75,75,75,75,75,75,75,75,75,75,75,75,75,75,75,75,75,75,75,75,75,75,75,75,75,75,75,75,75,75,75,75,75,75,75,75,75,75,75,75,75,75,75,75,75,75],"relic_stats":{"OrangePellets":[9],"Centennial Puzzle":[15],"Busted Crown":14,"Inserter":[15],"counters":[8,41],"Astrolabe":[],"PreservedInsect":50,"obtain_stats":[{"Potion Belt":0,"Lantern":0,"Inserter":34,"Astrolabe":0,"PreservedInsect":0,"Ancient Tea Set":41,"White Beast Statue":0,"OrangePellets":0,"Centennial Puzzle":0,"DataDisk":0,"Anchor":45,"Busted Crown":0,"HornCleat":43,"Bag of Marbles":0,"FossilizedHelix":37},{"Potion Belt":0,"Lantern":0,"Inserter":1,"Astrolabe":0,"PreservedInsect":0,"Ancient Tea Set":4,"White Beast Statue":0,"OrangePellets":0,"Centennial Puzzle":0,"DataDisk":0,"Anchor":6,"Busted Crown":0,"HornCleat":5,"Bag of Marbles":0,"FossilizedHelix":3},{"Potion Belt":0,"Lantern":0,"Inserter":10,"Astrolabe":0,"PreservedInsect":0,"Ancient Tea Set":25,"White Beast Statue":0,"OrangePellets":0,"Centennial Puzzle":0,"DataDisk":0,"Anchor":32,"Busted Crown":0,"HornCleat":28,"Bag of Marbles":0,"FossilizedHelix":20}]},"card_choices":[{"not_picked":["Sunder","Skim"],"picked":"Leap","floor":1.0},{"not_picked":["Rebound","Go for the Eyes"],"picked":"Lockon","floor":3.0},{"not_picked":["Sunder","Turbo"],"picked":"Cold Snap","floor":4.0},{"not_picked":["Steam","Barrage"],"picked":"Ball Lightning","floor":5.0},{"not_picked":["Turbo","Gash","Recycle"],"picked":"SKIP","floor":6.0},{"not_picked":["Darkness","Sweeping Beam"],"picked":"BootSequence","floor":8.0},{"not_picked":["Steam","Sunder"],"picked":"Rip and Tear","floor":10.0},{"not_picked":["Steam","Doom and Gloom"],"picked":"Fission","floor":11.0},{"not_picked":["Darkness","Go for the Eyes","Fusion"],"picked":"SKIP","floor":12.0},{"not_picked":["Go for the Eyes","Fusion"],"picked":"Darkness","floor":12.0},{"not_picked":["Leap","Streamline","Gash"],"picked":"SKIP","floor":13.0},{"not_picked":["All For One","Fission"],"picked":"Electrodynamics","floor":16.0},{"not_picked":[],"picked":"Conserve Battery+1","floor":18.0},{"not_picked":["Leap"],"picked":"SKIP","floor":19.0},{"not_picked":[],"picked":"Stack+1","floor":20.0},{"not_picked":["Genetic Algorithm"],"picked":"SKIP","floor":23.0},{"not_picked":["Cold Snap+1"],"picked":"SKIP","floor":24.0},{"not_picked":["Scrape"],"picked":"SKIP","floor":25.0},{"not_picked":[],"picked":"Rainbow","floor":30.0},{"not_picked":["Sweeping Beam"],"picked":"SKIP","floor":31.0},{"not_picked":[],"picked":"Hyperbeam","floor":33.0},{"not_picked":["Skim"],"picked":"SKIP","floor":35.0},{"not_picked":[],"picked":"White Noise+1","floor":37.0},{"not_picked":["Streamline+1"],"picked":"SKIP","floor":41.0},{"not_picked":["Beam Cell+1"],"picked":"SKIP","floor":42.0},{"not_picked":["Gash+1"],"picked":"SKIP","floor":44.0},{"not_picked":["Rebound+1"],"picked":"SKIP","floor":46.0}],"player_experience":474376,"relics_obtained":[{"floor":6.0,"key":"White Beast Statue"},{"floor":9.0,"key":"Bag of Marbles"},{"floor":12.0,"key":"Lantern"},{"floor":23.0,"key":"DataDisk"},{"floor":26.0,"key":"PreservedInsect"},{"floor":31.0,"key":"Potion Belt"},{"floor":37.0,"key":"FossilizedHelix"},{"floor":41.0,"key":"Ancient Tea Set"},{"floor":43.0,"key":"HornCleat"}],"event_choices":[{"damage_healed":0.0,"max_hp_gain":0.0,"max_hp_loss":0.0,"gold_gain":0.0,"cards_transformed":["Defend_B"],"event_name":"Transmorgrifier","player_choice":"Transformed","floor":2.0,"gold_loss":0.0,"damage_taken":0.0,"cards_obtained":["Compile Driver"]},{"damage_healed":0.0,"max_hp_gain":0.0,"max_hp_loss":0.0,"gold_gain":0.0,"event_name":"Lab","player_choice":"Got Potions","floor":14.0,"gold_loss":0.0,"damage_taken":0.0},{"damage_healed":0.0,"max_hp_gain":0.0,"max_hp_loss":0.0,"gold_gain":0.0,"event_name":"Addict","player_choice":"Stole Relic","floor":22.0,"gold_loss":0.0,"damage_taken":0.0,"relics_obtained":["Centennial Puzzle"],"cards_obtained":["Shame"]},{"damage_healed":0.0,"max_hp_gain":0.0,"max_hp_loss":0.0,"gold_gain":0.0,"event_name":"The Library","player_choice":"Read","floor":27.0,"gold_loss":0.0,"damage_taken":0.0,"cards_obtained":["Defragment"]},{"damage_healed":0.0,"max_hp_gain":0.0,"max_hp_loss":0.0,"gold_gain":0.0,"event_name":"Mysterious Sphere","player_choice":"Ignored","floor":36.0,"gold_loss":0.0,"damage_taken":0.0},{"damage_healed":0.0,"max_hp_gain":0.0,"max_hp_loss":0.0,"gold_gain":0.0,"event_name":"MindBloom","player_choice":"Fight","floor":37.0,"gold_loss":0.0,"damage_taken":0.0},{"damage_healed":0.0,"max_hp_gain":0.0,"max_hp_loss":0.0,"gold_gain":0.0,"event_name":"Tomb of Lord Red Mask","player_choice":"Ignored","floor":38.0,"gold_loss":0.0,"damage_taken":0.0},{"cards_removed":["Shame"],"damage_healed":0.0,"max_hp_gain":0.0,"max_hp_loss":0.0,"gold_gain":0.0,"event_name":"Designer","player_choice":"Single Remove","floor":39.0,"gold_loss":60.0,"damage_taken":0.0}],"is_beta":false,"boss_relics":[{"not_picked":["Black Star","Tiny House"],"picked":"Busted Crown"},{"not_picked":["Philosopher\u0027s Stone","Pandora\u0027s Box"],"picked":"Inserter"}],"items_purged_floors":[45],"is_endless":false,"potions_floor_spawned":[1,5,8,10,11,12,13,16,18,19,20,23,24,25,30,31,33,35,37,41,42,44,46],"killed_by":"Awakened One","ascension_level":9}}