{"host":"5gc11emcm5chfr5t","time":1607891238,"event":{"mods":["2.2 Compatiblity","AchievementEnabler","BaseMod","Bestiary","Better Note","Colored Map","Colored Powertips","Downfall","Googly Eyes","Minty Spire (QoL Compilation)","Rare Cards Sparkle","Say the Spire","StSLib"],"gold_per_floor":[118,196,216,227,227,227,245,261,306,323,323,351,366,331,331,331,331],"floor_reached":16,"playtime":818,"items_purged":[],"score":104,"play_id":"02ca7b92-3bae-4812-afaf-5d766d007a86","local_time":"20201213152718","is_ascension_mode":false,"campfire_choices":[{"floor":6,"key":"RECALL"},{"floor":11,"key":"REST"},{"data":"sneckomod:SoulExchange","floor":15,"key":"SMITH"}],"circlet_count":0,"master_deck":["sneckomod:Strike","sneckomod:Strike","sneckomod:Defend","sneckomod:Defend","sneckomod:Defend","sneckomod:TailWhip","sneckomod:SnekBite","sneckomod:Unknown","sneckomod:Unknown","sneckomod:UnknownVulnerable+1","sneckomod:Unknown0Cost+1","sneckomod:UnknownCommonAttack+1","sneckomod:UnknownVulnerable+1","sneckomod:SoulExchange+1","sneckomod:Unknown0Cost+1","sneckomod:UnknownCommonAttack+1","sneckomod:UnknownRareSkill+1"],"relics":["sneckomod:SneckoSoul","sneckomod:UnknownEgg","sneckomod:LoadedDie","The Courier"],"acts_visited":["Exordium"],"potions_floor_usage":[12,12,12],"damage_taken":[{"damage":8,"enemies":"Jaw Worm","floor":1,"turns":3},{"damage":2,"enemies":"2 Louse","floor":3,"turns":2},{"damage":0,"enemies":"Cultist","floor":4,"turns":3},{"damage":2,"enemies":"Looter","floor":7,"turns":2},{"damage":7,"enemies":"Blue Slaver","floor":8,"turns":3},{"damage":7,"enemies":"Gremlin Gang","floor":10,"turns":7},{"damage":13,"enemies":"Lagavulin","floor":12,"turns":3},{"damage":9,"enemies":"Exordium Thugs","floor":13,"turns":4},{"damage":94,"enemies":"Hexaghost","floor":16,"turns":14}],"seed_played":"-7236375901396271992","potions_obtained":[{"floor":1,"key":"sneckomod:DiceRollPotion"},{"floor":3,"key":"sneckomod:MuddlingPotion"},{"floor":7,"key":"Weak Potion"}],"is_trial":false,"path_per_floor":["M","?","M","M","?","R","M","M","T","M","R","E","M","?","R","B"],"character_chosen":"THE_SNECKO","items_purchased":[],"campfire_rested":1,"item_purchase_floors":[],"current_hp_per_floor":[74,74,73,74,74,74,73,66,66,60,85,73,65,87,87,0,0],"gold":331,"neow_bonus":"ONE_RARE_RELIC","is_daily":false,"chose_seed":false,"campfire_upgraded":1,"win_rate":0.0,"timestamp":1607891238,"path_taken":["M","?","M","M","?","R","M","M","T","M","R","E","?","?","R","BOSS"],"items_purchased_type":[],"build_version":"2020-11-30","purchased_purges":0,"victory":false,"max_hp_per_floor":[82,82,83,84,84,84,85,85,85,86,86,87,88,88,88,88,88],"card_choices":[{"not_picked":["sneckomod:RainOfDice","sneckomod:SlitherStrike"],"picked":"sneckomod:UnknownVulnerable+1","floor":1},{"not_picked":["sneckomod:RainOfDice","sneckomod:SoulRoll"],"picked":"sneckomod:Unknown0Cost+1","floor":3},{"not_picked":["sneckomod:SoulDraw","sneckomod:SnekBeam"],"picked":"sneckomod:UnknownCommonAttack+1","floor":4},{"not_picked":["sneckomod:WideSting","sneckomod:SoulRoll"],"picked":"sneckomod:UnknownVulnerable+1","floor":7},{"not_picked":["sneckomod:UnknownWeak+1","sneckomod:Unknown0Cost+1"],"picked":"sneckomod:SoulExchange","floor":8},{"not_picked":["sneckomod:Nope","sneckomod:UnknownCommonAttack+1"],"picked":"sneckomod:Unknown0Cost+1","floor":10},{"not_picked":["sneckomod:DiceBlock","sneckomod:QuickMove"],"picked":"sneckomod:UnknownCommonAttack+1","floor":12},{"not_picked":["sneckomod:DiceBlock","sneckomod:UnknownVulnerable+1"],"picked":"sneckomod:UnknownRareSkill+1","floor":13}],"player_experience":346632,"relics_obtained":[{"floor":9,"key":"sneckomod:LoadedDie"},{"floor":12,"key":"The Courier"}],"event_choices":[{"damage_healed":0,"gold_gain":78,"player_choice":"Gained Gold","damage_taken":0,"max_hp_gain":0,"max_hp_loss":0,"event_name":"Golden Wing","floor":2,"gold_loss":0},{"cards_removed":["sneckomod:Strike"],"damage_healed":0,"gold_gain":0,"player_choice":"Purged","damage_taken":0,"max_hp_gain":0,"max_hp_loss":0,"event_name":"Purifier","floor":5,"gold_loss":0},{"damage_healed":22,"gold_gain":0,"player_choice":"Healed","damage_taken":0,"max_hp_gain":0,"max_hp_loss":0,"event_name":"The Cleric","floor":14,"gold_loss":35}],"is_beta":false,"boss_relics":[],"items_purged_floors":[],"is_endless":false,"potions_floor_spawned":[1,3,7],"killed_by":"Hexaghost","ascension_level":0}}