{"host":"0rxdudjy6rylha1k","time":1607894632,"event":{"mods":["Aspiration","BaseMod","Colored Map","Colored Powertips","Downfall","Highlight Path","Hubris","Minty Spire (QoL Compilation)","StSLib"],"gold_per_floor":[0,28,48,76,104,116,128,140,252,274,349,379,411,473,499,609,621,633,695,757,694,738,750,762,786,823,835,864,926,1007,1069,1098,1214,1226,1238,422,438,438,451,478,478,503,514,514,564,714,783,683,695,695],"floor_reached":51,"playtime":7721,"items_purged":[],"score":1088,"play_id":"3e8efea3-44b3-49b5-97a5-21d045c39900","local_time":"20201213142352","is_ascension_mode":true,"campfire_choices":[{"data":"sneckomod:SnekBite","floor":1.0,"key":"SMITH"},{"floor":6.0,"key":"REST"},{"floor":18.0,"key":"RECALL"},{"data":"sneckomod:Transmogrify","floor":21.0,"key":"SMITH"},{"floor":27.0,"key":"REST"},{"floor":35,"key":"DIG"},{"floor":38,"key":"DIG"},{"floor":44,"key":"DIG"}],"circlet_count":0,"master_deck":["sneckomod:Defend","sneckomod:Defend","sneckomod:Defend","sneckomod:TailWhip","sneckomod:SnekBite+1","sneckomod:Unknown","sneckomod:Unknown","sneckomod:QuickMove","sneckomod:SlitherStrike","sneckomod:SoulCleanse","sneckomod:UnknownStrength","sneckomod:UnknownRareAttack","sneckomod:SnakeSap","sneckomod:UnknownDexterity","sneckomod:Rotation","sneckomod:Nope","sneckomod:Transmogrify+1","Dagger Throw","Eviscerate","Dagger Spray","sneckomod:ImprovisedAttack","sneckomod:Nope","sneckomod:Nope+1","Bite","Bite","Bite","Bite","Bite","sneckomod:SnekBeam","sneckomod:SerpentMind","sneckomod:UnknownX","sneckomod:CheapStock","sneckomod:UnknownUncommonPower","sneckomod:SoulRoll+1"],"relics":["sneckomod:SneckoSoul","Matryoshka","downfall:CloakOfManyFaces","CultistMask","FaceOfCleric","NlothsMask","GremlinMask","SsserpentHead","hubris:Icosahedron","downfall:HeartBlessingRed","Calipers","Blue Candle","MawBank","sneckomod:SneckoTalon","Shovel","Lizard Tail","Orichalcum","hubris:PeanutButter","Toy Ornithopter","Happy Flower","hexamod:BolsterEngine","hubris:BottledRain","MealTicket","HornCleat","StoneCalendar","hubris:Towel","downfall:GremlinWheel","Lee\u0027s Waffle","Toolbox","Mummified Hand","hubris:MysteriousPyramids"],"acts_visited":["Exordium","TheCity","TheBeyond"],"potions_floor_usage":[33,36,37,37,37,39,43,47,49],"damage_taken":[{"damage":25.0,"enemies":"3 Sentries","floor":2.0,"turns":5.0},{"damage":6.0,"enemies":"Cultist","floor":3.0,"turns":3.0},{"damage":28.0,"enemies":"Gremlin Nob","floor":4.0,"turns":4.0},{"damage":4.0,"enemies":"Small Slimes","floor":5.0,"turns":4.0},{"damage":17.0,"enemies":"downfall:FaceTrader","floor":9.0,"turns":4.0},{"damage":0.0,"enemies":"Jaw Worm","floor":10.0,"turns":3.0},{"damage":2.0,"enemies":"Exordium Wildlife","floor":11.0,"turns":2.0},{"damage":7.0,"enemies":"2 Fungi Beasts","floor":12.0,"turns":4.0},{"damage":27.0,"enemies":"3 Louse","floor":13.0,"turns":4.0},{"damage":2.0,"enemies":"Exordium Wildlife","floor":15.0,"turns":4.0},{"damage":40.0,"enemies":"downfall:Defect","floor":16.0,"turns":5.0},{"damage":64.0,"enemies":"Book of Stabbing","floor":22.0,"turns":5.0},{"damage":4.0,"enemies":"Chosen","floor":25.0,"turns":2.0},{"damage":54.0,"enemies":"Gremlin Leader","floor":26.0,"turns":6.0},{"damage":0.0,"enemies":"3 Byrds","floor":28.0,"turns":4.0},{"damage":4.0,"enemies":"Snecko","floor":30.0,"turns":3.0},{"damage":16.0,"enemies":"Chosen and Byrds","floor":32.0,"turns":5.0},{"damage":57,"enemies":"downfall:Watcher","floor":33,"turns":8},{"damage":0,"enemies":"downfall:FleeingMerchant","floor":36,"turns":4},{"damage":2,"enemies":"3 Shapes","floor":37,"turns":5},{"damage":49,"enemies":"3 Darklings","floor":39,"turns":6},{"damage":0,"enemies":"Giant Head","floor":40,"turns":6},{"damage":99,"enemies":"Nemesis","floor":42,"turns":11},{"damage":8,"enemies":"4 Shapes","floor":43,"turns":9},{"damage":0,"enemies":"4 Shapes","floor":46,"turns":3},{"damage":0,"enemies":"Sphere and 2 Shapes","floor":47,"turns":7},{"damage":34,"enemies":"Transient","floor":49,"turns":5},{"damage":0,"enemies":"downfall:Ironclad","floor":50,"turns":5}],"seed_played":"1200755237052521386","potions_obtained":[{"floor":4.0,"key":"FearPotion"},{"floor":10.0,"key":"Fruit Juice"},{"floor":15.0,"key":"FearPotion"},{"floor":16.0,"key":"AttackPotion"},{"floor":25.0,"key":"Regen Potion"},{"floor":28.0,"key":"PowerPotion"},{"floor":30.0,"key":"SpeedPotion"},{"floor":33,"key":"AttackPotion"},{"floor":37,"key":"champ:CounterPotion"},{"floor":39,"key":"Explosive Potion"},{"floor":43,"key":"LiquidMemories"},{"floor":47,"key":"ColorlessPotion"},{"floor":49,"key":"Guardian:BlockOnCardUsePotion"}],"is_trial":false,"path_per_floor":["R","E","M","E","M","R","T","?","?","M","M","M","M","?","M","B",null,"R","?","?","R","E","?","T","M","E","R","M","?","M","T","M","B",null,"R","$","M","R","M","E","T","E","M","R","?","?","M","?","M","B",null],"character_chosen":"THE_SNECKO","items_purchased":["Lee\u0027s Waffle","Orichalcum","hubris:PeanutButter","Dexterity Potion","LiquidMemories","AttackPotion","sneckomod:CheapStock"],"campfire_rested":2,"item_purchase_floors":[36,36,36,36,36,36,36],"current_hp_per_floor":[90,65,59,31,27,54,54,55,43,44,44,38,12,49,48,9,104,104,104,104,104,41,77,77,74,30,62,63,63,68,68,61,35,78,78,87,86,86,59,80,80,4,100,100,100,101,109,119,88,109],"gold":695,"neow_bonus":"ONE_RARE_RELIC","is_daily":false,"chose_seed":false,"campfire_upgraded":2,"win_rate":0.0,"timestamp":1607894632,"path_taken":["R","E","M","E","M","R","T","?","?","M","?","M","M","?","M","BOSS","R","?","?","R","E","?","T","M","E","R","M","?","?","?","M","BOSS","R","$","M","R","M","E","T","E","M","R","?","?","?","?","M","BOSS"],"items_purchased_type":["Relic","Relic","Relic","Potion","Potion","Potion","Card"],"build_version":"2020-11-30","purchased_purges":0,"victory":true,"max_hp_per_floor":[90,90,90,90,90,90,90,91,92,93,95,96,97,102,103,104,104,104,104,104,104,105,105,105,106,107,107,108,75,76,76,77,78,78,78,87,88,88,90,91,91,92,100,100,100,101,109,119,120,121],"card_choices":[{"not_picked":["sneckomod:UnknownClassPURPLE","sneckomod:Unknown1Cost"],"picked":"sneckomod:QuickMove","floor":2.0},{"not_picked":["sneckomod:UnknownWeak","sneckomod:UnknownCommonAttack"],"picked":"sneckomod:SlitherStrike","floor":3.0},{"not_picked":["sneckomod:DiceBlock","sneckomod:UnknownStrike"],"picked":"sneckomod:SoulCleanse","floor":4.0},{"not_picked":["sneckomod:UnknownWeak","sneckomod:UnknownCommonSkill","sneckomod:UnknownClassHEXA_GHOST_PURPLE"],"picked":"SKIP","floor":5.0},{"not_picked":["sneckomod:SerpentIdol","sneckomod:UnknownClassGREEN"],"picked":"sneckomod:UnknownRareAttack","floor":9.0},{"not_picked":["sneckomod:SoulRoll","sneckomod:DiceCrush"],"picked":"sneckomod:SnakeSap","floor":10.0},{"not_picked":["sneckomod:DiceBlock","sneckomod:WideSting"],"picked":"sneckomod:UnknownDexterity","floor":11.0},{"not_picked":["sneckomod:Unknown1Cost","sneckomod:DiceCrush"],"picked":"sneckomod:Rotation","floor":12.0},{"not_picked":["sneckomod:UnknownWeak","sneckomod:Unknown2Cost"],"picked":"sneckomod:Nope","floor":13.0},{"not_picked":["sneckomod:MasterEye","sneckomod:DiceBlock","sneckomod:UnknownUncommonSkill"],"picked":"SKIP","floor":15.0},{"not_picked":["sneckomod:Unknown3Cost","sneckomod:UnknownColorless"],"picked":"sneckomod:Transmogrify","floor":16.0},{"not_picked":["sneckomod:Unknown1Cost+1","sneckomod:ImprovisedGuard"],"picked":"sneckomod:ImprovisedAttack","floor":22.0},{"not_picked":["sneckomod:UnknownClassRED","sneckomod:CheapStock"],"picked":"sneckomod:Nope","floor":25.0},{"not_picked":["sneckomod:UnknownBlock","sneckomod:WideSting"],"picked":"sneckomod:Nope+1","floor":26.0},{"not_picked":["sneckomod:DiceBlock","sneckomod:SoulDraw","sneckomod:DefensiveFlair"],"picked":"SKIP","floor":28.0},{"not_picked":["sneckomod:QuickBite","sneckomod:Nope","sneckomod:SoulCleanse"],"picked":"SKIP","floor":30.0},{"not_picked":["sneckomod:SoulDraw","sneckomod:UnknownDexterity"],"picked":"sneckomod:SnekBeam","floor":32.0},{"not_picked":["sneckomod:GlitteringGambit","sneckomod:Restock"],"picked":"sneckomod:SerpentMind","floor":33},{"not_picked":["sneckomod:RainOfDice+1","sneckomod:Nope+1"],"picked":"sneckomod:UnknownX","floor":36},{"not_picked":["sneckomod:DiceBlock+1","sneckomod:IronFang+1","sneckomod:Nope"],"picked":"SKIP","floor":37},{"not_picked":["sneckomod:WideSting+1","sneckomod:UnknownCommonAttack+1"],"picked":"sneckomod:UnknownUncommonPower","floor":39},{"not_picked":["sneckomod:UnknownUncommonSkill","sneckomod:DefensiveFlair+1","sneckomod:Transmogrify"],"picked":"SKIP","floor":40},{"not_picked":["sneckomod:Unknown2Cost","sneckomod:RainOfDice+1","sneckomod:DiceBlock"],"picked":"SKIP","floor":42},{"not_picked":["sneckomod:ImprovisedGuard","sneckomod:SoulRoll+1","sneckomod:SoulDraw"],"picked":"SKIP","floor":43},{"not_picked":["sneckomod:SoulCleanse","sneckomod:UnknownBlock"],"picked":"sneckomod:SoulRoll+1","floor":47},{"not_picked":["sneckomod:DefensiveFlair+1","sneckomod:UnknownBlock","sneckomod:TrashToTreasure+1"],"picked":"SKIP","floor":49}],"player_experience":2194134,"relics_obtained":[{"floor":2.0,"key":"Unceasing Top"},{"floor":4.0,"key":"MawBank"},{"floor":7.0,"key":"Matryoshka"},{"floor":9.0,"key":"downfall:CloakOfManyFaces"},{"floor":22.0,"key":"Calipers"},{"floor":22.0,"key":"Blue Candle"},{"floor":24.0,"key":"Shovel"},{"floor":25.0,"key":"Pocketwatch"},{"floor":26.0,"key":"sneckomod:SneckoTalon"},{"floor":26.0,"key":"StrikeDummy"},{"floor":28.0,"key":"MawBank"},{"floor":30.0,"key":"sneckomod:SneckoTalon"},{"floor":31.0,"key":"Mummified Hand"},{"floor":31.0,"key":"PreservedInsect"},{"floor":32.0,"key":"Shovel"},{"floor":33,"key":"Lizard Tail"},{"floor":35,"key":"Regal Pillow"},{"floor":37,"key":"Toy Ornithopter"},{"floor":38,"key":"Happy Flower"},{"floor":39,"key":"hexamod:BolsterEngine"},{"floor":40,"key":"Mummified Hand"},{"floor":40,"key":"hubris:BottledRain"},{"floor":41,"key":"Smiling Mask"},{"floor":42,"key":"MealTicket"},{"floor":42,"key":"HornCleat"},{"floor":43,"key":"Lee\u0027s Waffle"},{"floor":44,"key":"StoneCalendar"},{"floor":46,"key":"downfall:GremlinWheel"},{"floor":47,"key":"Lee\u0027s Waffle"},{"floor":47,"key":"Toolbox"},{"floor":49,"key":"Mummified Hand"},{"floor":49,"key":"hubris:MysteriousPyramids"}],"event_choices":[{"damage_healed":32.0,"max_hp_gain":0.0,"max_hp_loss":0.0,"gold_gain":0.0,"event_name":"Big Fish","player_choice":"Banana","floor":14.0,"gold_loss":0.0,"damage_taken":0.0},{"damage_healed":0.0,"max_hp_gain":0.0,"max_hp_loss":33.0,"gold_gain":0.0,"event_name":"Vampires","player_choice":"Became a vampire","floor":29.0,"gold_loss":0.0,"damage_taken":0.0,"cards_obtained":["Bite","Bite","Bite","Bite","Bite"]}],"is_beta":false,"boss_relics":[{"not_picked":["aspiration:DefectSkillbook","hubris:HollowSoul"],"picked":"sneckomod:SneckoTalon"},{"not_picked":["aspiration:RunicSpoon","Empty Cage","hubris:CrackedHourglass"]}],"items_purged_floors":[],"is_endless":false,"potions_floor_spawned":[4,10,15,16,25,28,30,33,37,43,47],"ascension_level":4}}