{"host":"l0i0y1oyvm6rmxxu","time":1607866065,"event":{"mods":["BaseMod","Minty Spire (QoL Compilation)","Quick Restart","Replay The Spire","RumiaBox-露米娅的神秘盒子","StSLib","TestMod","vexMod"],"gold_per_floor":[116,130,205,380,391,426,22,39,66,66,97,97,20,39,39,138,138,158,158,175,191,117,146,159,170,170,170,185,205,219,253,253,350,350,362,382,395,408,426,460,475,494,542,542,568,568,605,630,630,653],"floor_reached":51,"playtime":3428,"items_purged":["Doubt","Pain"],"score":1144,"play_id":"17568d64-a7bf-40fc-bf6d-81027769437b","local_time":"20201213212745","is_ascension_mode":false,"campfire_choices":[{"data":"Perfected Strike","floor":10.0,"key":"SMITH"},{"data":"Rage","floor":15.0,"key":"SMITH"},{"data":"testmod-DeathImprint","floor":32.0,"key":"SMITH"},{"data":"testmod-EternalityOfKhronos","floor":44.0,"key":"SMITH"},{"floor":49,"key":"DIG"}],"circlet_count":0,"master_deck":["Strike_R","Strike_R+1","Strike_R","Strike_R","Strike_R","Defend_R+1","Defend_R","Defend_R","Defend_R","Bash","Pommel Strike","Headbutt","ReplayTheSpireMod:Stacked","Shrug It Off","Shrug It Off","testmod-EternalityOfKhronos+1","Perfected Strike+1","Rage+1","Machine Learning","AbeCurse","Burning Pact+1","testmod-DeathImprint+1","ReplayTheSpireMod:Strike From Hell","Pommel Strike","Worship+1","Ragnarok","Injury","FollowUp","Armaments+1","Judgement","Dagger Throw+1","testmod-AssimilatedRune","ThirdEye+1"],"relics":["testmod-TestBox","testmod-IncinerationGenerator","Painkiller Herb","MawBank","Membership Card","Matryoshka","GodSword7","Orichalcum","Bottled Lightning","GodSword5","PrismaticShard","Abe\u0027s Treasure","WarpedTongs","Mercury Hourglass","testmod-ArcanaOfDestiny","Frozen Egg 2","Kunai","vexMod:MysteryBossChallenge","testmod-DreamHouse","Happy Flower","Lantern","testmod-Acrobat","Gremlin Food","Simple Rune","Replay:Ringing Soul"],"acts_visited":["TheBeyond"],"potions_floor_usage":[50,50],"damage_taken":[{"damage":0.0,"enemies":"2 Louse","floor":1.0,"turns":3.0},{"damage":0.0,"enemies":"Jaw Worm","floor":2.0,"turns":2.0},{"damage":0.0,"enemies":"Cultist","floor":5.0,"turns":2.0},{"damage":0.0,"enemies":"Replay:BlueRogue","floor":6.0,"turns":4.0},{"damage":0.0,"enemies":"3 Louse","floor":8.0,"turns":3.0},{"damage":11.0,"enemies":"Gremlin Nob","floor":11.0,"turns":4.0},{"damage":0.0,"enemies":"2 Fungi Beasts","floor":14.0,"turns":3.0},{"damage":17.0,"enemies":"Hexaghost","floor":16.0,"turns":8.0},{"damage":0.0,"enemies":"2 Thieves","floor":18.0,"turns":5.0},{"damage":0.0,"enemies":"Chosen","floor":20.0,"turns":3.0},{"damage":1.0,"enemies":"Centurion and Healer","floor":21.0,"turns":4.0},{"damage":6.0,"enemies":"Book of Stabbing","floor":23.0,"turns":5.0},{"damage":0.0,"enemies":"3 Cultists","floor":24.0,"turns":4.0},{"damage":0.0,"enemies":"Snake Plant","floor":25.0,"turns":1.0},{"damage":0.0,"enemies":"Centurion and Healer","floor":28.0,"turns":3.0},{"damage":5.0,"enemies":"Snecko","floor":29.0,"turns":3.0},{"damage":0.0,"enemies":"Snake Plant","floor":30.0,"turns":3.0},{"damage":9.0,"enemies":"Gremlin Leader","floor":31.0,"turns":5.0},{"damage":0.0,"enemies":"Champ","floor":33.0,"turns":6.0},{"damage":0.0,"enemies":"3 Shapes","floor":35.0,"turns":3.0},{"damage":0.0,"enemies":"Orb Walker","floor":36.0,"turns":2.0},{"damage":0.0,"enemies":"4 Shapes","floor":37.0,"turns":4.0},{"damage":0.0,"enemies":"3 Darklings","floor":38.0,"turns":4.0},{"damage":0.0,"enemies":"Spire Growth","floor":39.0,"turns":3.0},{"damage":0.0,"enemies":"Giant Head","floor":40.0,"turns":6.0},{"damage":29.0,"enemies":"Maw","floor":41.0,"turns":6.0},{"damage":0.0,"enemies":"Jaw Worm Horde","floor":42.0,"turns":3.0},{"damage":4.0,"enemies":"Spire Growth","floor":45.0,"turns":3.0},{"damage":18.0,"enemies":"Nemesis","floor":47.0,"turns":6.0},{"damage":0.0,"enemies":"Sphere and 2 Shapes","floor":48.0,"turns":2.0},{"damage":44,"enemies":"Donu and Deca","floor":50,"turns":11}],"seed_played":"-4313883649572242521","potions_obtained":[{"floor":5.0,"key":"Venom Potion"},{"floor":6.0,"key":"BloodPotion"},{"floor":14.0,"key":"ElixirPotion"},{"floor":16.0,"key":"AttackPotion"},{"floor":18.0,"key":"ColorlessPotion"},{"floor":28.0,"key":"SpeedPotion"},{"floor":30.0,"key":"Dexterity Potion"},{"floor":31.0,"key":"SpeedPotion"},{"floor":39.0,"key":"Languid Potion"},{"floor":41.0,"key":"Reflective Coating"},{"floor":45.0,"key":"Weak Potion"}],"is_trial":false,"path_per_floor":["?","?","?","?","?","E","T","?","T","T","E","T","T","?","T","B",null,"?","?","?","?","T","E","?","?","T","?","?","?","?","E","T","B",null,"?","?","?","?","?","E","?","?","T","T","?","?","E","?","T","B",null],"character_chosen":"IRONCLAD","items_purchased":["Membership Card","Matryoshka","Shrug It Off","testmod-EternalityOfKhronos","PrismaticShard","ReplayTheSpireMod:Strike From Hell"],"campfire_rested":0,"item_purchase_floors":[7,7,7,7,13,22],"current_hp_per_floor":[80,80,69,69,69,69,69,69,69,69,58,64,64,64,64,47,86,86,86,86,85,85,79,79,79,79,79,79,74,74,65,65,65,86,86,86,86,86,86,86,57,57,57,57,74,74,56,56,56,12],"gold":653,"neow_bonus":"BOSS_RELIC","is_daily":false,"chose_seed":false,"campfire_upgraded":4,"win_rate":0.0,"timestamp":1607866065,"path_taken":["?","?","?","?","?","E","?","?","T","T","E","?","T","?","T","BOSS","?","?","?","?","T","E","?","?","T","?","?","?","?","E","T","BOSS","?","?","?","?","?","E","?","?","T","T","?","?","E","?","T","BOSS"],"items_purchased_type":["Relic","Relic","Card","Card","Relic","Card"],"build_version":"2020-11-30","purchased_purges":2,"victory":true,"max_hp_per_floor":[80,80,80,80,80,80,80,80,80,80,80,86,86,86,86,86,86,86,86,86,86,86,86,86,86,86,86,86,86,86,86,86,86,86,86,86,86,86,86,86,86,86,86,86,86,86,86,86,86,86],"card_choices":[{"not_picked":["Metallicize","Heavy Blade"],"picked":"Pommel Strike","floor":1.0},{"not_picked":["Clothesline","Entrench"],"picked":"Headbutt","floor":2.0},{"not_picked":["Flex","Cleave"],"picked":"ReplayTheSpireMod:Stacked","floor":5.0},{"not_picked":["True Grit","Combust","Demonic Infusion"],"picked":"SKIP","floor":6.0},{"not_picked":["Twin Strike","Replay:Undeath\u0027s Touch"],"picked":"Perfected Strike","floor":8.0},{"not_picked":["Metallicize","Dropkick"],"picked":"Rage","floor":11.0},{"not_picked":["Barrage","Evaluate","Heavy Blade"],"picked":"SKIP","floor":14.0},{"not_picked":["Berserk","A Thousand Cuts"],"picked":"Machine Learning","floor":16.0},{"not_picked":["Conserve Battery","Evaluate+1"],"picked":"Burning Pact+1","floor":18.0},{"not_picked":["Consecrate+1","Defragment"],"picked":"testmod-DeathImprint","floor":20.0},{"not_picked":["Gash","Dramatic Entrance","Blade Dance"],"picked":"SKIP","floor":21.0},{"not_picked":["Entrench","Warcry+1"],"picked":"Pommel Strike","floor":23.0},{"not_picked":["Slice","Reprogram"],"picked":"Worship+1","floor":24.0},{"not_picked":["Outmaneuver","Combust"],"picked":"Ragnarok","floor":25.0},{"not_picked":["Flex","FlurryOfBlows"],"picked":"FollowUp","floor":28.0},{"not_picked":["Thunderclap","PiercingWail"],"picked":"Armaments","floor":29.0},{"not_picked":["Crescendo","Dagger Throw+1"],"picked":"Judgement","floor":30.0},{"not_picked":["Specialist+1","ReplayTheSpireMod:The Works"],"picked":"Dagger Throw+1","floor":31.0},{"not_picked":["Exhume","ReplayTheSpireMod:Necrosis"],"picked":"testmod-AssimilatedRune","floor":33.0},{"not_picked":["Go for the Eyes","Twin Strike"],"picked":"Meditate+1","floor":35.0},{"not_picked":["Whirlwind","Halt","Gash+1"],"picked":"SKIP","floor":36.0},{"not_picked":["ReplayTheSpireMod:Uncanny Aura","Steam+1","Sweeping Beam"],"picked":"SKIP","floor":37.0},{"not_picked":["Conserve Battery+1","ThirdEye+1"],"picked":"Sunder+1","floor":38.0},{"not_picked":["Havoc+1","Poisoned Stab+1","Eviscerate+1"],"picked":"SKIP","floor":39.0},{"not_picked":["EmptyBody","Iron Wave","Massacre+1"],"picked":"SKIP","floor":40.0},{"not_picked":["Prepared+1","True Grit+1"],"picked":"Expertise+1","floor":41.0},{"not_picked":["LikeWater+1","Draining Mist+1"],"picked":"testmod-EternalityOfKhronos","floor":42.0},{"not_picked":["EmptyFist","Blind","Specialist+1"],"picked":"SKIP","floor":45.0},{"not_picked":["Blade Dance+1","Slice"],"picked":"ThirdEye+1","floor":47.0},{"not_picked":["Burning Pact","Intimidate"],"picked":"Evolve+1","floor":48.0}],"player_experience":486977,"relics_obtained":[{"floor":6.0,"key":"MawBank"},{"floor":9.0,"key":"GodSword7"},{"floor":9.0,"key":"Orichalcum"},{"floor":11.0,"key":"Bottled Lightning"},{"floor":12.0,"key":"vexMod:BerryBomb"},{"floor":12.0,"key":"GodSword5"},{"floor":23.0,"key":"Mercury Hourglass"},{"floor":26.0,"key":"testmod-ArcanaOfDestiny"},{"floor":31.0,"key":"Kunai"},{"floor":40.0,"key":"testmod-Acrobat"},{"floor":43.0,"key":"Gremlin Food"},{"floor":47.0,"key":"Simple Rune"},{"floor":49,"key":"Replay:Ringing Soul"}],"event_choices":[{"damage_healed":0.0,"max_hp_gain":0.0,"max_hp_loss":0.0,"gold_gain":75.0,"event_name":"World of Goop","player_choice":"Gather Gold","floor":3.0,"gold_loss":0.0,"damage_taken":11.0},{"damage_healed":0.0,"max_hp_gain":0.0,"max_hp_loss":0.0,"gold_gain":175.0,"event_name":"Liars Game","player_choice":"AGREE","floor":4.0,"gold_loss":0.0,"damage_taken":0.0,"cards_obtained":["Doubt"]},{"damage_healed":0.0,"max_hp_gain":0.0,"max_hp_loss":0.0,"gold_gain":0.0,"event_name":"Accursed Blacksmith","player_choice":"Rummage","floor":19.0,"gold_loss":0.0,"damage_taken":0.0,"relics_obtained":["WarpedTongs"],"cards_obtained":["Pain"]},{"damage_healed":0.0,"max_hp_gain":0.0,"max_hp_loss":0.0,"gold_gain":0.0,"event_name":"Upgrade Shrine","player_choice":"Upgraded","floor":46.0,"gold_loss":0.0,"damage_taken":0.0,"cards_upgraded":["Armaments"]}],"is_beta":false,"boss_relics":[{"not_picked":["Runic Dome","ReplayTheSpireMod:DimensionalGlitch"],"picked":"Abe\u0027s Treasure"},{"not_picked":["SacredBark","testmod-DeterminationOfClimber"],"picked":"vexMod:MysteryBossChallenge"}],"items_purged_floors":[7,22],"is_endless":false,"potions_floor_spawned":[5,6,14,16,18,28,29,30,31,33,35,39,40,41,45],"ascension_level":0}}