{"host":"aplcfi4424y88z9j","time":1607892552,"event":{"mods":["BaseMod","Better Third Choice","Colored Map","Downfall","Highlight Path","Minty Spire (QoL Compilation)","Replay The Spire","StSLib"],"gold_per_floor":[99,99,130,130,146,164,164,89,122,47,32,49,199,219,232,333,333,333,361,361,361,22,22,22,56,56,81,81,181,181,205,215,311,311,236,264,264,296,316,336,415,415,547,575,575,575,379,394,394,405,422,422,422,454,454,454,454],"floor_reached":58,"playtime":4904,"items_purged":["Slimebound:Icky"],"score":1683,"play_id":"9f24a7ff-9977-4e46-8d76-f807cce5a65d","local_time":"20201213204912","is_ascension_mode":true,"campfire_choices":[{"floor":4.0,"key":"RECALL"},{"data":"Guardian:TwinSlam","floor":8.0,"key":"SMITH"},{"data":"Guardian:CurlUp","floor":10.0,"key":"SMITH"},{"data":"Guardian:FloatingOrbs","floor":20.0,"key":"SMITH"},{"data":"expansioncontent:DashGenerateEvil","floor":23.0,"key":"SMITH"},{"data":"Guardian:FuturePlans","floor":26.0,"key":"SMITH"},{"data":"Guardian:BaubleBeam","floor":35.0,"key":"SMITH"},{"data":"Guardian:FierceBash","floor":37,"key":"SMITH"},{"data":"Guardian:AncientConstruct","floor":42,"key":"SMITH"},{"data":"J.A.X.","floor":56,"key":"SMITH"}],"circlet_count":0,"master_deck":["Guardian:Strike_Guardian","Guardian:Strike_Guardian","Guardian:Defend_Guardian+1","Guardian:Defend_Guardian+1","Guardian:Defend_Guardian+1","Guardian:Defend_Guardian+1","Guardian:CurlUp+1","Guardian:TwinSlam+1","Guardian:FloatingOrbs+1","Guardian:AncientConstruct+1","Guardian:ShieldCharger+1","Guardian:FierceBash+1","Guardian:FuturePlans+1","Guardian:Incinerate","Guardian:BronzeArmor+1","Guardian:TwinSlam+1","expansioncontent:DashGenerateEvil+1","Guardian:TemporalShield","Guardian:BronzeOrb+1","Guardian:TimeCapacitor","J.A.X.+1","Guardian:Incinerate+1","Guardian:Incinerate","Guardian:BaubleBeam+1","Guardian:TimeSifter+1","Guardian:ChargeCore","Guardian:Orbwalk+1","Guardian:StasisEngine+1","Guardian:Repulse+1","Guardian:PolyBeam","Guardian:GuardianWhirl","expansioncontent:TimeRipple","Guardian:PrimingBeam+1","Guardian:FloatingOrbs+1","ReplayTheSpireMod:Brewmster+1","expansioncontent:Collect+1","Discovery"],"relics":["Guardian:ModeShifter","Durian","Replay:Bottled Eggs","downfall:HeartBlessingRed","Snack Pack","downfall:HeartBlessingGreen","Honey Jar","Eternal Feather","DollysMirror","Replay:Bottled Flurry","Replay:Kaleidoscope","MutagenicStrength","Smiling Mask","Philosopher\u0027s Stone","downfall:HeartBlessingBlue","Frozen Egg 2","Mummified Hand","HornCleat","War Paint","Sundial","Anchor","ReplayTheSpireMod:ShopPack","Replay:Accelerometer"],"acts_visited":["Exordium","TheCity","TheBeyond","TheEnding"],"potions_floor_usage":[],"damage_taken":[{"damage":39.0,"enemies":"Lagavulin","floor":3.0,"turns":10.0},{"damage":3.0,"enemies":"2 Louse","floor":5.0,"turns":3.0},{"damage":0.0,"enemies":"Small Slimes","floor":6.0,"turns":3.0},{"damage":11.0,"enemies":"Replay:BlueRogue","floor":9.0,"turns":6.0},{"damage":0.0,"enemies":"downfall:FleeingMerchant","floor":11.0,"turns":4.0},{"damage":4.0,"enemies":"Jaw Worm","floor":12.0,"turns":3.0},{"damage":6.0,"enemies":"Large Slime","floor":14.0,"turns":5.0},{"damage":0.0,"enemies":"Blue Slaver","floor":15.0,"turns":4.0},{"damage":27.0,"enemies":"downfall:Silent","floor":16.0,"turns":10.0},{"damage":4.0,"enemies":"Gremlin Leader","floor":19.0,"turns":9.0},{"damage":0.0,"enemies":"downfall:FleeingMerchant","floor":22.0,"turns":4.0},{"damage":0.0,"enemies":"Replay:Snechameleon","floor":25.0,"turns":5.0},{"damage":18.0,"enemies":"Gremlin Leader","floor":27.0,"turns":7.0},{"damage":0.0,"enemies":"downfall:Augmenter","floor":29.0,"turns":4.0},{"damage":3.0,"enemies":"Chosen","floor":32.0,"turns":3.0},{"damage":11.0,"enemies":"downfall:Watcher","floor":33.0,"turns":6.0},{"damage":11,"enemies":"Nemesis","floor":36,"turns":4},{"damage":3,"enemies":"Reptomancer","floor":38,"turns":6},{"damage":3,"enemies":"Orb Walker","floor":39,"turns":2},{"damage":10,"enemies":"3 Darklings","floor":40,"turns":4},{"damage":2,"enemies":"downfall:FleeingMerchant","floor":43,"turns":4},{"damage":1,"enemies":"Giant Head","floor":44,"turns":4},{"damage":0,"enemies":"Maw","floor":48,"turns":4},{"damage":24,"enemies":"Writhing Mass","floor":50,"turns":4},{"damage":0,"enemies":"3 Darklings","floor":51,"turns":3},{"damage":1,"enemies":"downfall:Ironclad","floor":52,"turns":4},{"damage":22,"enemies":"downfall:CharBossMerchant","floor":54,"turns":6},{"damage":1,"enemies":"downfall:NeowBoss","floor":57,"turns":11}],"seed_played":"-9062890363318119916","potions_obtained":[{"floor":1.0,"key":"FairyPotion"},{"floor":1.0,"key":"Guardian:StasisDiscoveryPotion"},{"floor":5.0,"key":"Languid Potion"},{"floor":12.0,"key":"Flashbang"},{"floor":14.0,"key":"champ:CounterPotion"},{"floor":16.0,"key":"PowerPotion"},{"floor":32.0,"key":"Weak Potion"},{"floor":33.0,"key":"Fire Potion"},{"floor":38,"key":"Block Potion"},{"floor":39,"key":"Venom Potion"}],"is_trial":false,"path_per_floor":["R_BF","?","E","R","M","M","T","R","E","R","$","M","?","M","M","B",null,"R_BF","E","R","?","$","R","T","E","R","E","?","?","?","T","M","B",null,"R","E","R","E","M","M","T","R","?","E","PTL","PTL","$","M","?","M","M","B",null,"E","$","R","B",null],"character_chosen":"GUARDIAN","items_purchased":["DollysMirror","expansioncontent:DashGenerateEvil","War Paint","Guardian:PolyBeam","Anchor"],"campfire_rested":0,"item_purchase_floors":[22,22,43,47,47],"current_hp_per_floor":[88,88,54,54,51,51,51,51,40,40,44,42,42,42,46,31,93,93,93,93,93,93,93,93,93,93,93,75,77,77,77,74,73,98,108,105,108,108,107,101,101,108,108,108,108,108,108,108,108,90,92,101,108,92,92,108,108],"gold":454,"neow_bonus":"TEN_PERCENT_HP_BONUS","is_daily":false,"chose_seed":false,"campfire_upgraded":9,"win_rate":0.0,"timestamp":1607892552,"path_taken":["R_BF","?","E","R","M","M","T","R","E","R","$","M","?","M","M","BOSS","R_BF","E","R","?","$","R","T","E","R","E","?","?","?","?","M","BOSS","R","E","R","E","M","M","T","R","?","E","PTL","PTL","$","M","?","M","M","BOSS","E","$","R","BOSS"],"items_purchased_type":["Relic","Card","Relic","Card","Relic"],"build_version":"2020-11-30","purchased_purges":1,"victory":true,"max_hp_per_floor":[88,88,93,93,93,93,93,93,93,93,93,93,93,93,93,93,93,93,93,93,93,93,93,93,93,93,93,98,98,98,98,98,98,98,108,108,108,108,108,108,108,108,108,108,108,108,108,108,108,108,108,108,108,108,108,108,108],"card_choices":[{"not_picked":["Guardian:Gem_Green","Guardian:ChargeCore"],"picked":"Guardian:Gem_Cyan","floor":3.0},{"not_picked":["Guardian:PrimingBeam","Guardian:Gem_Red"],"picked":"Guardian:Gem_Cyan","floor":5.0},{"not_picked":["Guardian:SentryBeam","Guardian:Gem_Red","Guardian:VentSteam"],"picked":"SKIP","floor":6.0},{"not_picked":["Guardian:ShieldSpikes","Guardian:Gem_Purple"],"picked":"Guardian:Gem_White","floor":9.0},{"not_picked":["Guardian:BronzeArmor","Guardian:TemporalShield"],"picked":"Guardian:FloatingOrbs","floor":11.0},{"not_picked":["Guardian:Gem_Yellow","Guardian:EvasiveProtocol"],"picked":"Guardian:AncientConstruct","floor":12.0},{"not_picked":["Guardian:TimeBomb","Guardian:Emergency"],"picked":"Guardian:Gem_Lightblue","floor":14.0},{"not_picked":["Guardian:Gem_Red","Guardian:ChargeCore"],"picked":"Guardian:ShieldCharger","floor":15.0},{"not_picked":["Guardian:SphericShield","Guardian:StasisField"],"picked":"Guardian:FierceBash","floor":16.0},{"not_picked":["Guardian:Emergency","Guardian:DonusPower","Guardian:Reroute+1"],"picked":"Guardian:FuturePlans","floor":19.0},{"not_picked":["Guardian:WalkerClaw","Guardian:ChargeCore","Guardian:FuturePlans+1"],"picked":"Guardian:BronzeArmor","floor":22.0},{"not_picked":["Guardian:MultiBeam","Guardian:StasisField","Guardian:FuturePlans+1"],"picked":"Guardian:TemporalShield","floor":25.0},{"not_picked":["Guardian:Gem_Lightblue","Guardian:Gem_Crimson","Guardian:Suspension"],"picked":"Guardian:BronzeOrb+1","floor":27.0},{"not_picked":[],"picked":"J.A.X.","floor":29.0},{"not_picked":["Guardian:Gem_Cyan","Guardian:Reroute","Guardian:FuturePlans+1"],"picked":"Guardian:Incinerate+1","floor":29.0},{"not_picked":["Guardian:Reroute","Guardian:WalkerClaw","Guardian:ShieldCharger"],"picked":"Guardian:Incinerate","floor":32.0},{"not_picked":["Guardian:Gem_Synthetic","Guardian:GemFire","Guardian:StasisField"],"picked":"Guardian:BaubleBeam","floor":33.0},{"not_picked":["Guardian:VentSteam","Guardian:Gem_Lightblue","Guardian:TemporalShield"],"picked":"Guardian:TimeSifter+1","floor":36},{"not_picked":["Guardian:HyperBeam_Guardian","Guardian:MultiBeam","Guardian:Gem_Red"],"picked":"Guardian:ChargeCore","floor":38},{"not_picked":["Guardian:MultiBeam","Guardian:BronzeOrb","Guardian:DonusPower+1"],"picked":"Guardian:Orbwalk+1","floor":39},{"not_picked":["Guardian:MultiBeam","Guardian:PrimingBeam+1","Guardian:RollAttack"],"picked":"Guardian:Gem_White","floor":40},{"not_picked":["Guardian:Gem_Lightblue","Guardian:Planning+1","Guardian:Recover"],"picked":"Guardian:StasisEngine+1","floor":43},{"not_picked":["Guardian:ExploitGems","Guardian:TemporalShield","Guardian:Gem_Fragmented"],"picked":"Guardian:Repulse+1","floor":44},{"not_picked":["Guardian:Incinerate+1","Guardian:ChargeCore+1","Guardian:Gem_Cyan"],"picked":"Guardian:GuardianWhirl","floor":48},{"not_picked":["expansioncontent:DonusPower","expansioncontent:Sear","expansioncontent:BronzeBeam"],"picked":"expansioncontent:TimeRipple","floor":49},{"not_picked":["Guardian:Reroute","Guardian:Gem_Lightblue","Guardian:Suspension"],"picked":"Guardian:PrimingBeam+1","floor":50},{"not_picked":["Guardian:Gem_Lightblue","Guardian:TemporalStrike+1","Guardian:FierceBash","Guardian:Reroute+1"],"picked":"SKIP","floor":51},{"not_picked":["Guardian:Gem_Green","Guardian:Gem_Lightblue","Guardian:Recover"],"picked":"Guardian:FloatingOrbs+1","floor":54},{"not_picked":["ReplayTheSpireMod:Necrogeddon","Crow Ritual","Magnetism"],"picked":"ReplayTheSpireMod:Brewmster","floor":55},{"not_picked":["expansioncontent:SuperHexaguard","expansioncontent:DefensiveMode","expansioncontent:DarkVoid"],"picked":"expansioncontent:Collect","floor":55},{"not_picked":["Impatience","Swift Strike","Replay:SS_hec_1"],"picked":"Discovery","floor":55}],"player_experience":340938,"relics_obtained":[{"floor":3.0,"key":"Durian"},{"floor":7.0,"key":"Replay:Bottled Eggs"},{"floor":9.0,"key":"Snack Pack"},{"floor":19.0,"key":"Eternal Feather"},{"floor":25.0,"key":"Replay:Bottled Flurry"},{"floor":27.0,"key":"Replay:Kaleidoscope"},{"floor":29.0,"key":"MutagenicStrength"},{"floor":31.0,"key":"Smiling Mask"},{"floor":36,"key":"Frozen Egg 2"},{"floor":38,"key":"Mummified Hand"},{"floor":41,"key":"HornCleat"},{"floor":44,"key":"Sundial"},{"floor":54,"key":"ReplayTheSpireMod:ShopPack"},{"floor":54,"key":"Replay:Accelerometer"}],"event_choices":[{"damage_healed":0.0,"max_hp_gain":0.0,"max_hp_loss":0.0,"gold_gain":0.0,"event_name":"The Library","player_choice":"Read","floor":21.0,"gold_loss":0.0,"damage_taken":0.0,"cards_obtained":["Guardian:Incinerate"]}],"is_beta":false,"boss_relics":[{"not_picked":["Runic Pyramid","ReplayTheSpireMod:DimensionalGlitch"],"picked":"Honey Jar"},{"not_picked":["Pandora\u0027s Box","Velvet Choker"],"picked":"Philosopher\u0027s Stone"}],"items_purged_floors":[43],"is_endless":false,"potions_floor_spawned":[5,12,14,15,16,32,33,38,39,40,44,48],"ascension_level":4}}