{"host":"djfsqftupta9xgss","time":1607824800,"event":{"mods":["Act Like it!","BaseMod","Gensokyo","Minty Spire (QoL Compilation)","MostiFishMod","Replay The Spire","Spicy Shops","StSLib","TestMod"],"gold_per_floor":[118,118,118,143,143,184,184,215,268,286,304,318,351,431,431,579,579,674,201,201,231,325,448,528,644,644,644,644,644,718,826,925,925,925,1189,1189,1273,1356,1356,496,621,621,735,142,194,330,330,330,84,152,152,217,232,232,232,232,340,390],"floor_reached":59,"playtime":1493,"items_purged":["Defend_B","Zap","Strike_B","Defend_B","MostiFishMod:Tomorrow","Strike_B"],"score":3744,"play_id":"bcdaf211-6c1a-44c5-928e-f752b1981525","local_time":"20201213100000","is_ascension_mode":true,"campfire_choices":[{"floor":7.0,"key":"RECALL"},{"data":"Consume","floor":15.0,"key":"SMITH"},{"data":"MostiFishMod:FourSeasons","floor":34.0,"key":"SMITH"},{"data":"Heatsinks","floor":42.0,"key":"SMITH"},{"data":"Coolheaded","floor":47,"key":"SMITH"},{"data":"Capacitor","floor":51,"key":"SMITH"},{"data":"Turbo","floor":55,"key":"SMITH"}],"circlet_count":0,"master_deck":["AscendersBane","Strike_B","Defend_B","Dualcast","Double Energy","Cold Snap","MostiFishMod:PushDownKick","Consume+1","Turbo+1","MostiFishMod:FourSeasons+1","Capacitor+1","Compile Driver+1","Defragment","Heatsinks+1","Coolheaded+1","MostiFishMod:ATRI+1"],"relics":["Cracked Core","testmod-TestBox","FeatherPendant","testmod-CrystalShield","NeowsBlessing","Question Card","Golden Idol","DaveBox","ExusiaiGun","Pet Ghost","Pen Nib","Bag of Preparation","Replay:Bandana","ImportantClient","Sozu","ReplayTheSpireMod:Lightbulb","ThornShield","Replay:Mystery Machine","White Beast Statue","StrikeDummy","Red Mask","testmod-SaigiyounoYou","MealTicket","BrkXgEgg","testmod-Hope","ImprovedEquipment","ReplayTheSpireMod:Ninjato","Replay:Wax Seal","testmod-CyclicPeriapt","Singing Bowl","ReplayFunnel","Iron Hammer","BargainBundle","testmod-IndustrialRevolution","Replay:Frozen Program","InkBottle"],"acts_visited":["Exordium","TheCity","TheBeyond","TheEnding"],"potions_floor_usage":[],"damage_taken":[{"damage":0.0,"enemies":"Jaw Worm","floor":1.0,"turns":1.0},{"damage":0.0,"enemies":"2 Louse","floor":4.0,"turns":1.0},{"damage":0.0,"enemies":"3 Sentries","floor":6.0,"turns":2.0},{"damage":0.0,"enemies":"Gremlin Nob","floor":8.0,"turns":2.0},{"damage":0.0,"enemies":"Small Slimes","floor":10.0,"turns":1.0},{"damage":0.0,"enemies":"2 Fungi Beasts","floor":11.0,"turns":1.0},{"damage":0.0,"enemies":"Looter","floor":12.0,"turns":1.0},{"damage":0.0,"enemies":"3 Sentries","floor":13.0,"turns":1.0},{"damage":0.0,"enemies":"3 Louse","floor":14.0,"turns":1.0},{"damage":0.0,"enemies":"Slime Boss","floor":16.0,"turns":2.0},{"damage":0.0,"enemies":"2 Thieves","floor":18.0,"turns":1.0},{"damage":0.0,"enemies":"Spheric Guardian","floor":21.0,"turns":1.0},{"damage":0.0,"enemies":"Shelled Parasite and Fungi","floor":22.0,"turns":2.0},{"damage":0.0,"enemies":"Slavers","floor":23.0,"turns":3.0},{"damage":0.0,"enemies":"Snake Plant","floor":24.0,"turns":2.0},{"damage":2.0,"enemies":"Book of Stabbing","floor":25.0,"turns":2.0},{"damage":0.0,"enemies":"Centurion and Healer","floor":30.0,"turns":1.0},{"damage":0.0,"enemies":"Slavers","floor":31.0,"turns":3.0},{"damage":0.0,"enemies":"Masked Bandits","floor":32.0,"turns":1.0},{"damage":0.0,"enemies":"Collector","floor":35.0,"turns":2.0},{"damage":0.0,"enemies":"3 Shapes","floor":37.0,"turns":2.0},{"damage":0.0,"enemies":"3 Darklings","floor":38.0,"turns":2.0},{"damage":0.0,"enemies":"4 Shapes","floor":41.0,"turns":2.0},{"damage":0.0,"enemies":"R_Hoarder","floor":43.0,"turns":2.0},{"damage":0,"enemies":"Transient","floor":46,"turns":1},{"damage":0,"enemies":"3 Darklings","floor":50,"turns":1},{"damage":0,"enemies":"Awakened One","floor":52,"turns":2},{"damage":0,"enemies":"Time Eater","floor":53,"turns":1},{"damage":0,"enemies":"Shield and Spear","floor":57,"turns":1},{"damage":16,"enemies":"The Heart","floor":58,"turns":1}],"seed_played":"-1287850813085233215","potions_obtained":[{"floor":1.0,"key":"Strength Potion"},{"floor":10.0,"key":"BlessingOfTheForge"}],"is_trial":false,"path_per_floor":["M","?","?","M","$","E","R","E","T","M","M","M","E","M","R","B",null,"M","$","?","M","M","E","M","E","PTL","PTL","T","?","M","E","?","?","R","B",null,"M","M","?","$","M","R","E","$","T","M","R","?","$","M","R","B","B",null,"R","$","E","B",null],"character_chosen":"DEFECT","items_purchased":["ReplayTheSpireMod:Lightbulb","ThornShield","Capacitor","MealTicket","BrkXgEgg","testmod-Hope","ImprovedEquipment","Heatsinks","Replay:Wax Seal","testmod-CyclicPeriapt","Singing Bowl","Iron Hammer","BargainBundle","testmod-IndustrialRevolution","Replay:Frozen Program"],"campfire_rested":0,"item_purchase_floors":[19,19,19,40,40,40,40,40,44,44,44,49,56,56,56],"current_hp_per_floor":[64,40,40,40,40,40,40,40,40,40,40,40,40,40,40,40,63,63,63,63,63,63,63,63,61,61,61,61,61,61,61,61,61,61,61,69,71,71,71,71,71,71,71,71,71,73,73,69,69,71,71,71,71,71,71,71,73,67],"gold":390,"neow_bonus":"THREE_ENEMY_KILL","is_daily":false,"chose_seed":false,"campfire_upgraded":6,"win_rate":0.0,"timestamp":1607824800,"path_taken":["M","?","?","M","$","E","R","E","T","M","M","M","E","M","R","BOSS","M","$","?","M","?","E","M","E","PTL","PTL","T","?","M","E","?","?","R","BOSS","M","M","?","$","?","R","E","$","T","M","R","?","$","M","R","BOSS","BOSS","R","$","E","BOSS"],"items_purchased_type":["Relic","Relic","Card","Relic","Relic","Relic","Relic","Card","Relic","Relic","Relic","Relic","Relic","Relic","Relic"],"build_version":"2020-11-30","purchased_purges":6,"victory":true,"max_hp_per_floor":[71,71,71,71,71,71,71,71,71,71,71,71,71,71,71,71,71,71,71,71,71,71,71,71,71,71,71,71,71,71,71,71,71,71,71,71,71,71,71,71,71,71,71,71,71,73,73,69,69,71,71,71,71,71,71,71,73,73],"card_choices":[{"not_picked":["Leap","Gash"],"picked":"Double Energy","floor":1.0},{"not_picked":["Steam","Streamline","Go for the Eyes","Hologram"],"picked":"SKIP","floor":4.0},{"not_picked":["Steam Power","Beam Cell","Rebound"],"picked":"Cold Snap","floor":6.0},{"not_picked":["Barrage","Stack","Reinforced Body"],"picked":"MostiFishMod:PushDownKick","floor":8.0},{"not_picked":["Steam","Cold Snap","Static Discharge"],"picked":"Consume","floor":10.0},{"not_picked":["Consume","Double Energy","Steam","MostiFishMod:UniBlue"],"picked":"SKIP","floor":11.0},{"not_picked":["Go for the Eyes","Gash","Sweeping Beam"],"picked":"Turbo","floor":12.0},{"not_picked":["Hologram","Force Field","Hello World","Rebound"],"picked":"SKIP","floor":13.0},{"not_picked":["Beam Cell","Glacier","Turbo","Force Field"],"picked":"SKIP","floor":14.0},{"not_picked":["MostiFishMod:UniBlue","MostiFishMod:Impulse","Seek"],"picked":"MostiFishMod:FourSeasons","floor":16.0},{"not_picked":["Loop","Stack","Steam","Genetic Algorithm"],"picked":"SKIP","floor":18.0},{"not_picked":["Streamline","Darkness","Steam Power","Rebound"],"picked":"SKIP","floor":21.0},{"not_picked":["Rip and Tear","Static Discharge","Consume","Steam Power"],"picked":"SKIP","floor":22.0},{"not_picked":["Rebound","Stack","Conserve Battery","MostiFishMod:ReprogramOld+1"],"picked":"SKIP","floor":23.0},{"not_picked":["Hologram","Turbo","Double Energy","Static Discharge+1"],"picked":"SKIP","floor":24.0},{"not_picked":["Sweeping Beam+1","Steam Power","Gash+1"],"picked":"Compile Driver+1","floor":25.0},{"not_picked":["Lockon","Barrage+1","Go for the Eyes+1"],"picked":"Defragment","floor":30.0},{"not_picked":["Hello World","Thunder Strike","Hologram","Barrage"],"picked":"SKIP","floor":31.0},{"not_picked":["Buffer","MostiFishMod:Distribution","Echo Form"],"picked":"MostiFishMod:Tomorrow","floor":35.0},{"not_picked":["Storm","Redo","Barrage","Static Discharge"],"picked":"SKIP","floor":37.0},{"not_picked":["Conserve Battery","Barrage","Streamline","Leap+1"],"picked":"SKIP","floor":38.0},{"not_picked":["Chill","Leap","Blizzard"],"picked":"Coolheaded","floor":41.0},{"not_picked":["Rebound+1","Doom and Gloom+1","Fusion"],"picked":"MostiFishMod:ATRI+1","floor":43.0},{"not_picked":["Chaos","Rebound","Go for the Eyes+1","Ball Lightning+1"],"picked":"Singing Bowl","floor":46},{"not_picked":["Defragment","Beam Cell","Leap+1","Ball Lightning+1"],"picked":"Singing Bowl","floor":50},{"not_picked":["MostiFishMod:GoodWordForIt+1","Steam Power","Rebound","Melter"],"picked":"Singing Bowl","floor":57}],"player_experience":316866,"relics_obtained":[{"floor":1.0,"key":"Question Card"},{"floor":6.0,"key":"Pet Ghost"},{"floor":8.0,"key":"Pen Nib"},{"floor":9.0,"key":"Bag of Preparation"},{"floor":13.0,"key":"Replay:Bandana"},{"floor":16.0,"key":"ImportantClient"},{"floor":23.0,"key":"Replay:Mystery Machine"},{"floor":25.0,"key":"White Beast Statue"},{"floor":31.0,"key":"StrikeDummy"},{"floor":32.0,"key":"Red Mask"},{"floor":43.0,"key":"ReplayTheSpireMod:Ninjato"},{"floor":45.0,"key":"ReplayFunnel"},{"floor":57,"key":"InkBottle"}],"event_choices":[{"damage_healed":0.0,"max_hp_gain":0.0,"max_hp_loss":0.0,"gold_gain":0.0,"event_name":"Golden Idol","player_choice":"Take Damage","floor":2.0,"gold_loss":0.0,"damage_taken":24.0,"relics_obtained":["Golden Idol"]},{"damage_healed":0.0,"max_hp_gain":0.0,"max_hp_loss":0.0,"gold_gain":0.0,"event_name":"给自己的盒子","player_choice":"Swap Relic","floor":3.0,"relics_lost":["DaveBox"],"gold_loss":0.0,"damage_taken":0.0,"relics_obtained":["DaveBox"]},{"cards_removed":["Strike_B"],"damage_healed":0.0,"max_hp_gain":0.0,"max_hp_loss":0.0,"gold_gain":0.0,"event_name":"Wheel of Change","player_choice":"Card Removal","floor":20.0,"gold_loss":0.0,"damage_taken":0.0},{"damage_healed":0.0,"max_hp_gain":0.0,"max_hp_loss":0.0,"gold_gain":0.0,"event_name":"Masked Bandits","player_choice":"Fought Bandits","floor":32.0,"gold_loss":0.0,"damage_taken":0.0},{"cards_removed":["Defend_B"],"damage_healed":0.0,"max_hp_gain":0.0,"max_hp_loss":0.0,"gold_gain":0.0,"event_name":"Back to Basics","player_choice":"Elegance","floor":33.0,"gold_loss":0.0,"damage_taken":0.0},{"damage_healed":0.0,"max_hp_gain":0.0,"max_hp_loss":0.0,"gold_gain":0.0,"event_name":"SecretPortal","player_choice":"Ignored","floor":39.0,"gold_loss":0.0,"damage_taken":0.0},{"damage_healed":0,"gold_gain":0,"player_choice":"Max HP","damage_taken":0,"max_hp_gain":0,"max_hp_loss":4,"event_name":"Winding Halls","floor":48,"gold_loss":0}],"is_beta":false,"boss_relics":[{"not_picked":["HaiYi:Twilight","Snecko Heart"],"picked":"Sozu"},{"not_picked":["SynthV:MejaisSoulstealer","NightmareShop"],"picked":"testmod-SaigiyounoYou"}],"items_purged_floors":[19,40,44,44,49,56],"is_endless":false,"potions_floor_spawned":[1,10,12,14,16,21,23,30,31,32,35,37,38,41,43,46,50,57],"ascension_level":20}}