{"host":"p084pgp93u1tv48k","time":1607886101,"event":{"mods":["AchievementEnabler","BaseMod","Bestiary","Colored Map","Hermit","Lobotomy","LobotomyExtend","Minty Spire (QoL Compilation)","Quick Restart","StSLib"],"gold_per_floor":[117,132,57,76,92,92,125,125,149,162,162,162],"floor_reached":11,"playtime":589,"items_purged":["Defend_R"],"score":83,"play_id":"19b0fca0-9542-44f9-ae0f-9b6655d554de","local_time":"20201213143141","is_ascension_mode":true,"campfire_choices":[{"data":"Power Through","floor":6,"key":"SMITH"}],"circlet_count":0,"master_deck":["Strike_R","Strike_R","Strike_R","Strike_R","Strike_R","Defend_R","Defend_R","Defend_R","Bash","Power Through+1","MeatLantern","Brutality","Murderer","Wild Strike","Second Wind+1","Feel No Pain"],"relics":["Burning Blood","CogitoBucket","LetterFromLob","Centennial Puzzle","Ancient Tea Set","AdjustmentMirror"],"acts_visited":["Exordium"],"potions_floor_usage":[7],"damage_taken":[{"damage":4,"enemies":"Small Slimes","floor":1,"turns":4},{"damage":0,"enemies":"Jaw Worm","floor":2,"turns":4},{"damage":4,"enemies":"Cultist","floor":4,"turns":5},{"damage":8,"enemies":"3 Louse","floor":5,"turns":5},{"damage":44,"enemies":"Lagavulin","floor":7,"turns":9},{"damage":35,"enemies":"Looter","floor":10,"turns":10},{"damage":41,"enemies":"Gremlin Nob","floor":11,"turns":6}],"seed_played":"-3692083756121442575","potions_obtained":[{"floor":2,"key":"Dexterity Potion"},{"floor":5,"key":"SteroidPotion"},{"floor":7,"key":"Strength Potion"}],"is_trial":false,"path_per_floor":["M","M","$","M","M","R","E","?","T","M","E"],"character_chosen":"IRONCLAD","items_purchased":[],"campfire_rested":0,"item_purchase_floors":[],"current_hp_per_floor":[80,80,80,80,78,78,40,40,40,41,0,0],"gold":162,"neow_bonus":"","is_daily":false,"chose_seed":false,"campfire_upgraded":1,"win_rate":0.0,"timestamp":1607886101,"path_taken":["M","M","$","M","M","R","E","?","T","M","E"],"items_purchased_type":[],"build_version":"2020-11-30","purchased_purges":1,"victory":false,"max_hp_per_floor":[80,80,80,80,80,80,80,80,80,80,80,80],"card_choices":[{"not_picked":["Dropkick","True Grit"],"picked":"Power Through","floor":1},{"not_picked":["PunishingBird","VoidDream"],"picked":"MeatLantern","floor":1},{"not_picked":["Blood for Blood","Rupture"],"picked":"Brutality","floor":2},{"not_picked":["Wellcheers","OSAHOGD"],"picked":"Murderer","floor":2},{"not_picked":["Havoc","Body Slam","Flame Barrier"],"picked":"SKIP","floor":4},{"not_picked":["Anger","Havoc"],"picked":"Wild Strike","floor":5},{"not_picked":["Hemokinesis","Metallicize"],"picked":"Second Wind","floor":7},{"not_picked":["ShyLook","DreamingCurrent"],"picked":"CherryBlossoms","floor":7},{"not_picked":["Heavy Blade","Sever Soul"],"picked":"Feel No Pain","floor":10}],"player_experience":118691,"relics_obtained":[{"floor":1,"key":"LetterFromLob"},{"floor":7,"key":"Centennial Puzzle"},{"floor":9,"key":"Ancient Tea Set"}],"event_choices":[{"damage_healed":0,"gold_gain":0,"player_choice":"Grow","damage_taken":0,"max_hp_gain":0,"max_hp_loss":0,"event_name":"Living Wall","floor":8,"gold_loss":0,"cards_upgraded":["Second Wind"]}],"is_beta":false,"boss_relics":[],"items_purged_floors":[3],"is_endless":false,"potions_floor_spawned":[2,5,7],"killed_by":"Gremlin Nob","ascension_level":2}}