{"host":"4c7oxphrh4ok8x7u","time":1607873111,"event":{"mods":["2.2 Compatiblity","Act Like it!","Aspiration","BaseMod","Better Skull","Better Vampires","BetterRewards","Challenge The Spire","Conjunction","Conspire","Custom Start","Dota2Spire","Friendly Minions","FruityMod","GifTheSpireLib","Halation","Hermit","HololiveMod","Hubris","Hyrulean Relics","Jedi Mod","Kratos Character Expansion","Minty Spire (QoL Compilation)","MostiFishMod","Permanent Neow","Prisma Mod","Quarter Circle Forward PUNCH!","RatMod","Replay The Spire","Robot Space Explorer","SCP261 Mod","Shade Mod","Slay the Relics Exporter","Small Relic Pack","Spicy Shops","Spikes Relics","Spires And Sneckos","StSLib","Stuff the Spire","The Animator","The Blue Laboratory","The Death Knight","The Edgeheg","The Exalted","The Fake Hero","TheWitcher","Wandering Minibosses"],"gold_per_floor":[110,50,50,64,78,104,104,104,130,142,171,171,121,136,136,237,237,369,369,369,369,381,410,410,480,553,553,568,568,584,600,600,702,702,716,144,144,155,172,203,215,227,286,311,323,385,410,440,452,464],"floor_reached":51,"playtime":2433,"items_purged":[],"score":1052,"play_id":"5759806a-1219-46d5-af24-0ccf49a92461","local_time":"20201213182511","is_ascension_mode":false,"campfire_choices":[{"data":"DeathKnight:MutagenicPlague","floor":7,"key":"SMITH"},{"data":"animator:Hakurou","floor":15,"key":"SMITH"},{"data":"Bromod:SteelFiber","floor":24,"key":"SMITH"},{"data":"MostiFishMod:Neptune","floor":32,"key":"PURGE"},{"data":"StuffTheSpire:DeathNote","floor":41,"key":"SMITH"},{"floor":49,"key":"RECALL"}],"circlet_count":0,"master_deck":["Strike_G","Strike_G","Strike_G","Strike_G","Defend_G","Defend_G","Defend_G","Defend_G","Defend_G","Survivor","Neutralize","Dagger Throw","conspire:PoisonWeapons+1","DeathKnight:MutagenicPlague+1","animator:Hakurou+1","Bromod:ContagiousSpread+1","SnafuTest:SwordDance+1","MostiFishMod:TheEndOfMoonlight","MostiFishMod:SparklingWater","MostiFishMod:FantasySummer","MostiFishMod:NightSea+1","Hololive_Breathe+1","Pain","animator:ElricAlphonse","Bromod:SteelFiber+1","PrismaMod:MiyuCheapStrBuff+1","MostiFishMod:PerfectParry","PrismaMod:MiyuMaid+1","StuffTheSpire:DeathNote+1","PrismaMod:MiyuCheapDexBuff+1","MostiFishMod:WinterMarkForm","MostiFishMod:SparklingWater","rat:Garrote+1","SnafuTest:BombDancingStar+1"],"relics":["DaveBox","aspiration:RitualDagger","FeatherPendant","Question Card","PrismaticShard","hubris:Icosahedron","Bromod:ArcaneMomentum","jedi:cryingmask","Replay:Rubber Ducky","hubris:ToyBattleship","ImportantClient","MoonlightInvasionPlan","wanderingMiniBosses:LockLocket","ReplayTheSpireMod:Ring of Challenge","ReplayTheSpireMod:Ring of Collecting","Happy Flower","aspiration:VileToxins","conspire:DeflatedDodgeball","Ring of Misfortune","MetatronsCube","relicPack:WeightedSword","aspiration:Nostalgia","Cracked Core","Replay:Baseball","jedi:archwizardhat","MawBank","ReplayTheSpireMod:Ring of Exchange","Pet Ghost","relicPack:OneForAll","Replay:Multitool"],"acts_visited":["Exordium","TheCity","TheBeyond"],"potions_floor_usage":[18,23],"damage_taken":[{"damage":9,"enemies":"Jaw Worm","floor":1,"turns":3},{"damage":9,"enemies":"Small Slimes","floor":4,"turns":3},{"damage":6,"enemies":"Cultist","floor":5,"turns":2},{"damage":21,"enemies":"3 Sentries","floor":6,"turns":4},{"damage":6,"enemies":"2 Fungi Beasts","floor":10,"turns":2},{"damage":30,"enemies":"Lagavulin","floor":11,"turns":4},{"damage":6,"enemies":"Large Slime","floor":14,"turns":2},{"damage":36,"enemies":"Fading Forest","floor":16,"turns":6},{"damage":15,"enemies":"Chosen","floor":18,"turns":5},{"damage":9,"enemies":"Spheric Guardian","floor":22,"turns":3},{"damage":6,"enemies":"Gremlin Leader","floor":23,"turns":2},{"damage":6,"enemies":"conspire:SneckoGhost","floor":25,"turns":2},{"damage":10,"enemies":"Snake Plant","floor":28,"turns":4},{"damage":25,"enemies":"conspire:HollyBat","floor":30,"turns":5},{"damage":4,"enemies":"Chosen and Byrds","floor":31,"turns":2},{"damage":24,"enemies":"hubris:MusketHawk","floor":33,"turns":5},{"damage":9,"enemies":"Orb Walker","floor":35,"turns":3},{"damage":6,"enemies":"3 Shapes","floor":38,"turns":2},{"damage":15,"enemies":"3 Darklings","floor":39,"turns":3},{"damage":3,"enemies":"Nemesis","floor":40,"turns":1},{"damage":14,"enemies":"Transient","floor":44,"turns":3},{"damage":3,"enemies":"Mind Bloom Boss Battle","floor":46,"turns":1},{"damage":6,"enemies":"Jaw Worm Horde","floor":47,"turns":2},{"damage":6,"enemies":"Writhing Mass","floor":48,"turns":2},{"damage":6,"enemies":"Donu and Deca","floor":50,"turns":2}],"seed_played":"-1065333378581202994","potions_obtained":[{"floor":5,"key":"Fire Potion"},{"floor":6,"key":"SkillPotion"},{"floor":10,"key":"blueLaboratory:ArtistsPotion"},{"floor":16,"key":"Conjunction:LightningMarble"},{"floor":18,"key":"Swift Potion"},{"floor":28,"key":"Weak Potion"}],"is_trial":false,"path_per_floor":["M","$","?","M","M","E","R","?","T","M","E","?","?","M","R","B",null,"M","?","?","?","M","E","R","E","T","?","M","?","M","M","R","B",null,"M","$","?","M","M","E","R","$","T","M","?","?","M","M","R","B",null],"character_chosen":"THE_SILENT","items_purchased":["conspire:PoisonWeapons+1","relicPack:WeightedSword","aspiration:Nostalgia","Replay:Baseball","jedi:archwizardhat"],"campfire_rested":0,"item_purchase_floors":[2,36,36,36,36],"current_hp_per_floor":[61,61,61,52,46,25,25,25,25,19,67,67,67,67,67,70,70,81,81,57,57,50,69,69,81,81,81,81,61,55,75,75,81,81,81,81,81,81,81,81,81,81,81,81,81,81,81,81,81,81],"gold":476,"neow_bonus":"BOSS_RELIC","is_daily":false,"chose_seed":false,"campfire_upgraded":4,"win_rate":0.0,"timestamp":1607873111,"path_taken":["M","$","?","M","M","E","R","?","T","?","E","?","?","M","R","BOSS","M","?","?","?","M","E","R","E","T","?","?","?","M","?","R","BOSS","M","$","?","M","?","E","R","$","T","M","?","?","M","M","R","BOSS"],"items_purchased_type":["Card","Relic","Relic","Relic","Relic"],"build_version":"2020-11-30","purchased_purges":0,"victory":true,"max_hp_per_floor":[70,70,70,70,70,70,70,70,70,70,70,70,70,70,70,70,70,81,81,81,81,81,81,81,81,81,81,81,81,81,81,81,81,81,81,81,81,81,81,81,81,81,81,81,81,81,81,81,81,81],"card_choices":[{"not_picked":["Bane","Underhanded Strike"],"picked":"Dagger Throw","floor":1},{"not_picked":["luka_mod:OiAlice","PrismaMod:ChloeCheapDefendTwo","DeathKnight:MindFreeze"],"picked":"DeathKnight:MutagenicPlague","floor":4},{"not_picked":["animator:DolaCouronne","animator:NononJakuzure","SnafuTest:Oriole","RobotSpaceExplorer:MetalStrike"],"picked":"SKIP","floor":5},{"not_picked":["Conjunction:LightningStorm","Underhanded Strike","animator:Rider"],"picked":"animator:Hakurou","floor":6},{"not_picked":["Bromod:OrganShatter","Grand Finale","MagicMissile"],"picked":"Bromod:ContagiousSpread","floor":10},{"not_picked":["DeathKnight:BludPresence","Hololive_CallShiranuiFlare","animator:DolaCouronne"],"picked":"SnafuTest:SwordDance","floor":11},{"not_picked":["PrismaMod:IllyaBoysLove","DeathKnight:HornOfWinter","hermit:LowProfile","animator:Rider"],"picked":"SKIP","floor":14},{"not_picked":["SnafuTest:Amputation","MostiFishMod:ShivMaster","Bromod:HellsChamber"],"picked":"MostiFishMod:NeverNightCountry","floor":16},{"not_picked":["Leap","Hololive_CallYogiri","Shade:AncientSpear+1"],"picked":"Hololive_Breathe","floor":18},{"not_picked":["Bromod:RelentlessCombination","rat:Shadowstep","hermit:CursedWeapon"],"picked":"animator:ElricAlphonse","floor":22},{"not_picked":["Shade:BoneShards+1","Shade:Premonition","Shade:Bonestorm+1"],"picked":"Bromod:SteelFiber","floor":23},{"not_picked":["StuffTheSpire:GlassShard","UnstableOrb+1","DeathKnight:FesteringStrike"],"picked":"PrismaMod:MiyuCheapStrBuff+1","floor":25},{"not_picked":["animator:Witch","Shade:AncientSpear+1","UnstableOrb+1"],"picked":"PrismaMod:MiyuMaid+1","floor":28},{"not_picked":["theEdgeheg:CrazyGirlfriend+1","luka_mod:GuardedStrike","Gash"],"picked":"PrismaMod:MiyuCheapDexBuff+1","floor":30},{"not_picked":["StuffTheSpire:LoadUp","Irradiate","theEdgeheg:BlowCover","theEdgeheg:ChaosWhip+1"],"picked":"SKIP","floor":31},{"not_picked":["jedi:readyaimfire","Brutality","Eclipse_S"],"picked":"MostiFishMod:WinterMarkForm","floor":33},{"not_picked":["hermit:SprayPray+1","hubris:ReadiedAction","PrismaMod:MiyuEvokeBuffDex+1","PrismaMod:MiyuUberAOEAttack"],"picked":"SKIP","floor":35},{"not_picked":["Sever Soul+1","jedi:fear+1","InnerPeace","hermit:Coalescence+1"],"picked":"SKIP","floor":38},{"not_picked":["SnafuTest:AncestralRitual","SnafuTest:PaySmithWorkshop+1","SnafuTest:Portal","hermit:ItchyTrigger+1"],"picked":"SKIP","floor":39},{"not_picked":["luka_mod:ThunderThrust+1","luka_mod:Salamander+1","Shade:LoseControl"],"picked":"rat:Garrote+1","floor":40},{"not_picked":["DeathKnight:RaiseAlly+1","DeathKnight:DeathCoil+1","Shade:Haruspicy+1"],"picked":"SnafuTest:BombDancingStar+1","floor":44},{"not_picked":["theEdgeheg:Glare+1","SnafuTest:WorldMap","SnafuTest:BlueWhale+1","Sever Soul+1"],"picked":"SKIP","floor":47},{"not_picked":["KratosMod:settle+1","Study","SnafuTest:Meditation","MagicMissile"],"picked":"SKIP","floor":48}],"player_experience":594057,"relics_obtained":[{"floor":1,"key":"Question Card"},{"floor":1,"key":"PrismaticShard"},{"floor":6,"key":"Bromod:ArcaneMomentum"},{"floor":9,"key":"Replay:Rubber Ducky"},{"floor":11,"key":"hubris:ToyBattleship"},{"floor":16,"key":"ImportantClient"},{"floor":18,"key":"wanderingMiniBosses:LockLocket"},{"floor":21,"key":"ReplayTheSpireMod:Ring of Challenge"},{"floor":21,"key":"ReplayTheSpireMod:Ring of Collecting"},{"floor":23,"key":"Happy Flower"},{"floor":25,"key":"aspiration:VileToxins"},{"floor":26,"key":"conspire:DeflatedDodgeball"},{"floor":26,"key":"Ring of Misfortune"},{"floor":40,"key":"MawBank"},{"floor":43,"key":"ReplayTheSpireMod:Ring of Exchange"},{"floor":43,"key":"Pet Ghost"},{"floor":46,"key":"Replay:Multitool"}],"event_choices":[{"damage_healed":0,"gold_gain":0,"player_choice":"Gave Potion","damage_taken":0,"relics_obtained":["jedi:cryingmask"],"max_hp_gain":0,"max_hp_loss":0,"event_name":"WeMeetAgain","floor":8,"gold_loss":0},{"damage_healed":0,"gold_gain":0,"player_choice":"Leave","damage_taken":0,"max_hp_gain":0,"max_hp_loss":0,"event_name":"conspire:Investor","floor":12,"gold_loss":0},{"cards_removed":["Strike_G"],"damage_healed":0,"gold_gain":0,"player_choice":"Card Removal","damage_taken":0,"max_hp_gain":0,"max_hp_loss":0,"event_name":"The Cleric","floor":13,"gold_loss":50},{"damage_healed":0,"gold_gain":0,"player_choice":"1 cards matched","damage_taken":0,"max_hp_gain":0,"max_hp_loss":0,"event_name":"Match and Keep!","floor":27,"gold_loss":0,"cards_obtained":["MostiFishMod:PerfectParry"]},{"damage_healed":0,"gold_gain":0,"player_choice":"Copied","damage_taken":0,"max_hp_gain":0,"max_hp_loss":0,"event_name":"Duplicator","floor":37,"gold_loss":0,"cards_obtained":["MostiFishMod:SparklingWater"]},{"damage_healed":0,"gold_gain":0,"player_choice":"Fight","damage_taken":0,"max_hp_gain":0,"max_hp_loss":0,"event_name":"MindBloom","floor":46,"gold_loss":0}],"is_beta":false,"boss_relics":[{"not_picked":["conspire:RunicOctahedron","Ring of Chaos"],"picked":"MoonlightInvasionPlan"},{"not_picked":["halation:Risk","halation:MonkeysPaw"],"picked":"MetatronsCube"}],"items_purged_floors":[],"is_endless":false,"potions_floor_spawned":[5,6,10,16,18,22,28,31,38,40,44],"ascension_level":0}}