{"host":"x6nowcojk5kpg2sb","time":1607823680,"event":{"mods":["BaseMod","Colored Powertips","Downfall","Friendly Minions","Minty Spire (QoL Compilation)","Rare Cards Sparkle","StSLib","Unceasing Turn Reminder","WarShipGirlsR/????R mod"],"gold_per_floor":[112,125,138,138,153,153,163,163,163,183,193,203,219,233,233,328,328,338,348,358,11,11,11,11,27,27,27,58,58,71,71,71],"floor_reached":31,"playtime":2293,"items_purged":["rmod:defend"],"score":255,"play_id":"d509b269-725a-46d6-8606-6215164b8802","local_time":"20201212204120","is_ascension_mode":false,"campfire_choices":[{"data":"rmod:openingtorpedo","floor":6,"key":"SMITH"},{"data":"rmod:robin","floor":8,"key":"SMITH"},{"data":"rmod:diamondstrike","floor":15,"key":"SMITH"},{"floor":23,"key":"REST"}],"circlet_count":0,"master_deck":["rmod:strick+1","rmod:strick+1","rmod:strick+1","rmod:strick+1","rmod:defend+1","rmod:defend+1","rmod:defend+1","rmod:basicallowance+1","rmod:maingunfire","rmod:diaomin","rmod:robin+1","rmod:firesupport","rmod:openingtorpedo+1","rmod:firesupport","rmod:luckystar","rmod:rockthrower","rmod:chargemoney","rmod:tearstotiara","rmod:diamondstrike+1","rmod:highspeedmaneuver","rmod:circuitoustactics","rmod:expedition","rmod:diamondstrike+1","rmod:intelligenceanalysis","RitualDagger","rmod:maintain+1","rmod:windflower","rmod:circuitoustactics","rmod:goodfighter","rmod:diamondstrike"],"relics":["War Paint","rmod:mogul","Regal Pillow","rmod:quickrepair","Art of War"],"acts_visited":["Exordium","TheCity"],"potions_floor_usage":[5,11,16,16,18,25,31],"damage_taken":[{"damage":0,"enemies":"Cultist","floor":1,"turns":3},{"damage":10,"enemies":"Jaw Worm","floor":2,"turns":4},{"damage":3,"enemies":"2 Louse","floor":3,"turns":2},{"damage":7,"enemies":"Gremlin Gang","floor":5,"turns":3},{"damage":0,"enemies":"Blue Slaver","floor":7,"turns":2},{"damage":0,"enemies":"2 Fungi Beasts","floor":10,"turns":2},{"damage":1,"enemies":"Large Slime","floor":11,"turns":4},{"damage":5,"enemies":"Gremlin Gang","floor":12,"turns":2},{"damage":0,"enemies":"3 Louse","floor":13,"turns":2},{"damage":3,"enemies":"Lots of Slimes","floor":14,"turns":3},{"damage":34,"enemies":"Hexaghost","floor":16,"turns":6},{"damage":13,"enemies":"3 Byrds","floor":18,"turns":5},{"damage":10,"enemies":"Chosen","floor":19,"turns":3},{"damage":22,"enemies":"3 Cultists","floor":20,"turns":5},{"damage":15,"enemies":"Centurion and Healer","floor":25,"turns":5},{"damage":19,"enemies":"Book of Stabbing","floor":28,"turns":3},{"damage":21,"enemies":"Snake Plant","floor":30,"turns":3},{"damage":21,"enemies":"Shelled Parasite and Fungi","floor":31,"turns":2}],"seed_played":"-2777075164498617013","potions_obtained":[{"floor":1,"key":"Explosive Potion"},{"floor":2,"key":"PowerPotion"},{"floor":3,"key":"Block Potion"},{"floor":10,"key":"Block Potion"},{"floor":13,"key":"FearPotion"},{"floor":14,"key":"Energy Potion"},{"floor":25,"key":"BlessingOfTheForge"},{"floor":30,"key":"BlessingOfTheForge"}],"is_trial":false,"path_per_floor":["M","M","M","?","M","R","M","R","T","M","M","M","M","M","R","B",null,"M","M","M","$","?","R","?","M","T","?","E","?","M","M"],"character_chosen":"PRAEFECT","items_purchased":["rmod:intelligenceanalysis","Fruit Juice","Regal Pillow"],"campfire_rested":1,"item_purchase_floors":[21,21,21],"current_hp_per_floor":[82,72,69,69,62,62,62,62,62,62,61,56,56,53,53,19,82,69,59,37,37,31,70,70,60,60,60,41,41,20,0,0],"gold":71,"neow_bonus":"TEN_PERCENT_HP_BONUS","is_daily":false,"chose_seed":false,"campfire_upgraded":3,"win_rate":0.0,"timestamp":1607823680,"path_taken":["M","?","M","?","?","R","M","R","T","M","M","?","M","M","R","BOSS","M","M","M","$","?","R","?","M","T","?","E","?","M","M"],"items_purchased_type":["Card","Potion","Relic"],"build_version":"2020-11-30","purchased_purges":1,"victory":false,"max_hp_per_floor":[82,82,82,82,82,82,82,82,82,82,82,82,82,82,82,82,82,82,82,82,82,82,82,82,87,87,87,87,87,87,87,87],"card_choices":[{"not_picked":["rmod:capitalist","rmod:fuelsupply"],"picked":"rmod:diaomin","floor":1},{"not_picked":["rmod:spoils","rmod:intelligenceanalysis"],"picked":"rmod:robin","floor":2},{"not_picked":["rmod:luckystar","rmod:unsinkable"],"picked":"rmod:firesupport","floor":3},{"not_picked":["rmod:expedition","rmod:supportescort"],"picked":"rmod:openingtorpedo","floor":5},{"not_picked":["rmod:ridicule","rmod:luckystar"],"picked":"rmod:firesupport","floor":7},{"not_picked":["rmod:sl","rmod:stealaluminum"],"picked":"rmod:luckystar","floor":10},{"not_picked":["rmod:advancebysurprise","rmod:maintain"],"picked":"rmod:rockthrower","floor":11},{"not_picked":["rmod:launchingtorpedo","rmod:luckystar"],"picked":"rmod:chargemoney","floor":12},{"not_picked":["rmod:steelsupply","rmod:aviationdawn"],"picked":"rmod:tearstotiara","floor":13},{"not_picked":["rmod:chargemoney","rmod:ammunitionsupply"],"picked":"rmod:diamondstrike","floor":14},{"not_picked":["rmod:desperatesituation","rmod:stealaluminum"],"picked":"rmod:highspeedmaneuver","floor":16},{"not_picked":["rmod:tearstotiara","rmod:smokecover+1"],"picked":"rmod:circuitoustactics","floor":18},{"not_picked":["rmod:selfconfidence","rmod:victimresponsibility"],"picked":"rmod:expedition","floor":19},{"not_picked":["rmod:goodfighter","rmod:bulid"],"picked":"rmod:diamondstrike+1","floor":20},{"not_picked":["rmod:heivgo","rmod:luckystar"],"picked":"rmod:maintain+1","floor":25},{"not_picked":["rmod:ammunitionsupply+1","rmod:circuitoustactics"],"picked":"rmod:windflower","floor":28},{"not_picked":["rmod:steelsupply","rmod:circuitoustactics"],"picked":"rmod:diamondstrike","floor":30}],"player_experience":457543,"relics_obtained":[{"floor":9,"key":"War Paint"},{"floor":26,"key":"rmod:quickrepair"},{"floor":28,"key":"Art of War"}],"event_choices":[{"damage_healed":0,"gold_gain":0,"player_choice":"Bought 0 Potions","damage_taken":0,"max_hp_gain":0,"max_hp_loss":0,"event_name":"The Woman in Blue","floor":4,"gold_loss":0},{"damage_healed":0,"gold_gain":0,"player_choice":"Joined the Cult","damage_taken":6,"max_hp_gain":0,"max_hp_loss":0,"event_name":"Nest","floor":22,"gold_loss":0,"cards_obtained":["RitualDagger"]},{"damage_healed":0,"gold_gain":0,"player_choice":"Simplicity","damage_taken":0,"max_hp_gain":0,"max_hp_loss":0,"event_name":"Back to Basics","floor":24,"gold_loss":0,"cards_upgraded":["rmod:strick","rmod:strick","rmod:strick","rmod:strick","rmod:defend","rmod:defend"]},{"damage_healed":0,"gold_gain":0,"player_choice":"Ignored","damage_taken":0,"max_hp_gain":0,"max_hp_loss":0,"event_name":"Ghosts","floor":27,"gold_loss":0},{"damage_healed":0,"gold_gain":0,"player_choice":"2 cards matched","damage_taken":0,"max_hp_gain":0,"max_hp_loss":0,"event_name":"Match and Keep!","floor":29,"gold_loss":0,"cards_obtained":["rmod:circuitoustactics","rmod:goodfighter"]}],"is_beta":false,"boss_relics":[{"not_picked":["Tiny House","Runic Dome"],"picked":"rmod:mogul"}],"items_purged_floors":[21],"is_endless":false,"potions_floor_spawned":[1,2,3,10,13,14,25,30],"killed_by":"Shelled Parasite and Fungi","ascension_level":0}}