{"host":"49c2zf0lajbcs427","time":1607843752,"event":{"mods":["AchievementEnabler","BaseMod","Colored Map","Colored Powertips","Highlight Path","Minty Spire (QoL Compilation)","Relic Stats","StSLib"],"gold_per_floor":[114,133,433,452,467,467,487,487,487,516,516,83,158,8,8,85,85,96,58,58,78,78,78,109,109,156,156,189,39,56,56,56,132,132,145,145,22,38,50,78,78,110,110,123,137,137,163,182,182,182],"floor_reached":51,"playtime":3188,"items_purged":["Strike_P","Defend_P"],"score":1690,"play_id":"496805b3-af49-446f-a2ab-6c4b6fb0c37a","local_time":"20201213201552","is_ascension_mode":true,"campfire_choices":[{"data":"Eruption","floor":6.0,"key":"SMITH"},{"data":"Wallop","floor":8.0,"key":"SMITH"},{"data":"EmptyFist","floor":11.0,"key":"SMITH"},{"data":"Indignation","floor":15.0,"key":"SMITH"},{"data":"Bite","floor":23.0,"key":"SMITH"},{"data":"SpiritShield","floor":25.0,"key":"SMITH"},{"data":"Bite","floor":27.0,"key":"SMITH"},{"data":"Tantrum","floor":32.0,"key":"SMITH"},{"data":"EmptyBody","floor":49.0,"key":"SMITH"}],"circlet_count":0,"master_deck":["AscendersBane","Defend_P+1","Defend_P+1","Defend_P+1","Eruption+1","Vigilance+1","Wallop+1","FearNoEvil+1","Tantrum+1","EmptyFist+1","SpiritShield+1","Wireheading+1","Indignation+1","LessonLearned+1","Bite+1","Bite+1","Bite+1","Bite+1","TalkToTheHand+1","EmptyBody+1","SpiritShield+1","SpiritShield+1","SpiritShield+1","Madness+1","Madness+1","ForeignInfluence+1"],"relics":["Runic Pyramid","Old Coin","Pantograph","Eternal Feather","TeardropLocket","Orrery","Membership Card","SlaversCollar","White Beast Statue","Smiling Mask","Letter Opener","Vajra","Oddly Smooth Stone","Black Star","Potion Belt","DollysMirror","Pen Nib","Question Card","Toy Ornithopter","Bag of Preparation","Bottled Lightning","Anchor","Ancient Tea Set"],"acts_visited":["Exordium","TheCity","TheBeyond"],"potions_floor_usage":[50,50,50],"damage_taken":[{"damage":0.0,"enemies":"Jaw Worm","floor":1.0,"turns":2.0},{"damage":2.0,"enemies":"2 Louse","floor":2.0,"turns":3.0},{"damage":0.0,"enemies":"Cultist","floor":4.0,"turns":3.0},{"damage":1.0,"enemies":"3 Louse","floor":5.0,"turns":2.0},{"damage":2.0,"enemies":"Large Slime","floor":7.0,"turns":3.0},{"damage":0.0,"enemies":"3 Sentries","floor":10.0,"turns":4.0},{"damage":0.0,"enemies":"Slime Boss","floor":16.0,"turns":6.0},{"damage":0.0,"enemies":"Spheric Guardian","floor":18.0,"turns":2.0},{"damage":4.0,"enemies":"Shell Parasite","floor":21.0,"turns":3.0},{"damage":15.0,"enemies":"Book of Stabbing","floor":24.0,"turns":5.0},{"damage":17.0,"enemies":"Gremlin Leader","floor":28.0,"turns":5.0},{"damage":14.0,"enemies":"Centurion and Healer","floor":30.0,"turns":4.0},{"damage":8.0,"enemies":"Champ","floor":33.0,"turns":9.0},{"damage":0.0,"enemies":"Orb Walker","floor":35.0,"turns":4.0},{"damage":1.0,"enemies":"3 Shapes","floor":38.0,"turns":6.0},{"damage":40.0,"enemies":"Writhing Mass","floor":39.0,"turns":7.0},{"damage":5.0,"enemies":"Giant Head","floor":40.0,"turns":9.0},{"damage":0.0,"enemies":"Reptomancer","floor":42.0,"turns":7.0},{"damage":0.0,"enemies":"Jaw Worm Horde","floor":44.0,"turns":3.0},{"damage":0.0,"enemies":"Spire Growth","floor":45.0,"turns":6.0},{"damage":0.0,"enemies":"Nemesis","floor":47.0,"turns":5.0},{"damage":0.0,"enemies":"3 Darklings","floor":48.0,"turns":7.0},{"damage":0,"enemies":"Donu and Deca","floor":50,"turns":3}],"seed_played":"4560938626541171116","potions_obtained":[{"floor":1.0,"key":"Energy Potion"},{"floor":7.0,"key":"LiquidBronze"},{"floor":10.0,"key":"Fire Potion"},{"floor":24.0,"key":"Strength Potion"},{"floor":28.0,"key":"Energy Potion"},{"floor":30.0,"key":"SmokeBomb"},{"floor":33.0,"key":"BlessingOfTheForge"},{"floor":35.0,"key":"Ambrosia"},{"floor":38.0,"key":"Strength Potion"},{"floor":39.0,"key":"Energy Potion"},{"floor":40.0,"key":"SneckoOil"},{"floor":42.0,"key":"SteroidPotion"},{"floor":44.0,"key":"DistilledChaos"},{"floor":48.0,"key":"Ambrosia"}],"is_trial":false,"path_per_floor":["M","M","?","M","M","R","M","R","T","E","R","$","?","$","R","B",null,"M","$","?","M","?","R","E","R","T","R","E","$","M","?","R","B",null,"M","?","$","M","M","E","?","E","T","M","M","?","E","M","R","B",null],"character_chosen":"WATCHER","items_purchased":["TeardropLocket","Orrery","Indignation","Membership Card","Vajra","Oddly Smooth Stone","DollysMirror"],"campfire_rested":0,"item_purchase_floors":[12,12,12,14,29,29,37],"current_hp_per_floor":[61,59,48,48,47,47,45,45,45,45,54,54,43,43,52,68,68,68,68,47,45,45,47,39,47,47,47,35,35,28,28,40,42,46,47,47,47,47,17,35,27,42,42,47,47,47,47,47,47,47],"gold":182,"neow_bonus":"BOSS_RELIC","is_daily":false,"chose_seed":false,"campfire_upgraded":9,"win_rate":0.0,"timestamp":1607843752,"path_taken":["M","M","?","M","M","R","M","R","T","E","R","$","?","$","R","BOSS","M","$","?","M","?","R","E","R","T","R","E","?","?","?","R","BOSS","M","?","?","M","?","E","?","E","T","M","M","?","E","M","R","BOSS"],"items_purchased_type":["Relic","Relic","Card","Relic","Relic","Relic","Relic"],"build_version":"2020-11-30","purchased_purges":2,"victory":true,"max_hp_per_floor":[68,68,68,68,68,68,68,68,68,68,68,68,68,68,68,68,68,68,68,47,47,47,47,47,47,47,47,47,47,47,47,47,47,47,47,47,47,47,47,47,47,47,47,47,47,47,47,47,47,47],"relic_stats":{"counters":[23,108],"Pantograph":23,"Eternal Feather":40,"Pen Nib":[6],"Black Star":3,"Bag of Preparation":[10],"Letter Opener":[45],"Smiling Mask":0,"Question Card":5,"obtain_stats":[{"Potion Belt":36,"Vajra":29,"Oddly Smooth Stone":29,"Eternal Feather":10,"Pen Nib":40,"Bag of Preparation":42,"TeardropLocket":12,"Letter Opener":28,"Smiling Mask":26,"Question Card":40,"Ancient Tea Set":47,"White Beast Statue":24,"Old Coin":3,"SlaversCollar":17,"Anchor":47,"DollysMirror":37,"Pantograph":9,"Orrery":12,"Black Star":34,"Membership Card":14,"Bottled Lightning":43,"PureWater":0,"Toy Ornithopter":42,"Runic Pyramid":0},{"Potion Belt":14,"Vajra":11,"Oddly Smooth Stone":11,"Eternal Feather":6,"Pen Nib":17,"Bag of Preparation":18,"TeardropLocket":6,"Letter Opener":11,"Smiling Mask":10,"Question Card":17,"Ancient Tea Set":21,"White Beast Statue":10,"Old Coin":2,"SlaversCollar":7,"Anchor":21,"DollysMirror":14,"Pantograph":5,"Orrery":6,"Black Star":13,"Membership Card":6,"Bottled Lightning":18,"PureWater":0,"Toy Ornithopter":18,"Runic Pyramid":0},{"Potion Belt":55,"Vajra":38,"Oddly Smooth Stone":38,"Eternal Feather":17,"Pen Nib":77,"Bag of Preparation":84,"TeardropLocket":17,"Letter Opener":38,"Smiling Mask":33,"Question Card":77,"Ancient Tea Set":98,"White Beast Statue":33,"Old Coin":5,"SlaversCollar":23,"Anchor":98,"DollysMirror":55,"Pantograph":13,"Orrery":17,"Black Star":51,"Membership Card":17,"Bottled Lightning":84,"PureWater":0,"Toy Ornithopter":84,"Runic Pyramid":0}],"Toy Ornithopter":5},"card_choices":[{"not_picked":["Perseverance","CutThroughFate"],"picked":"Wallop","floor":1.0},{"not_picked":["SignatureMove","ThirdEye"],"picked":"FearNoEvil","floor":2.0},{"not_picked":["Meditate","WaveOfTheHand"],"picked":"Tantrum","floor":4.0},{"not_picked":["Evaluate","InnerPeace"],"picked":"EmptyFist","floor":5.0},{"not_picked":["Worship","EmptyBody","ClearTheMind"],"picked":"SKIP","floor":7.0},{"not_picked":["SignatureMove","Adaptation"],"picked":"Halt","floor":10.0},{"not_picked":["FlyingSleeves","ThirdEye"],"picked":"SpiritShield","floor":12.0},{"not_picked":["Sanctity","FollowUp"],"picked":"Wireheading","floor":12.0},{"not_picked":["MasterReality","Wish"],"picked":"LessonLearned","floor":16.0},{"not_picked":["CutThroughFate","EmptyBody","Evaluate"],"picked":"SKIP","floor":18.0},{"not_picked":["BowlingBash","MasterReality","FlyingSleeves"],"picked":"SKIP","floor":21.0},{"not_picked":["Collect+1","Indignation"],"picked":"TalkToTheHand+1","floor":24.0},{"not_picked":["Adaptation","Perseverance","EmptyMind"],"picked":"SKIP","floor":28.0},{"not_picked":["ClearTheMind","Indignation+1","EmptyFist"],"picked":"SKIP","floor":30.0},{"not_picked":["LessonLearned","Omniscience"],"picked":"SpiritShield","floor":33.0},{"not_picked":["WheelKick","Pray","PathToVictory"],"picked":"SKIP","floor":35.0},{"not_picked":["Wallop+1","Crescendo","Halt"],"picked":"SKIP","floor":38.0},{"not_picked":["CutThroughFate","SashWhip+1","Evaluate+1"],"picked":"SKIP","floor":39.0},{"not_picked":["Vengeance","WreathOfFlame"],"picked":"SpiritShield","floor":40.0},{"not_picked":["Consecrate+1","CarveReality","SignatureMove"],"picked":"ForeignInfluence+1","floor":42.0},{"not_picked":["EmptyBody","ClearTheMind+1","CrushJoints","Worship"],"picked":"SKIP","floor":44.0},{"not_picked":["FollowUp","EmptyBody+1","PathToVictory","Pray"],"picked":"SKIP","floor":45.0},{"not_picked":["Brilliance","InnerPeace","Perseverance","FearNoEvil+1"],"picked":"SKIP","floor":47.0},{"not_picked":["Prostrate","SandsOfTime","CrushJoints","Vengeance+1"],"picked":"SKIP","floor":48.0}],"player_experience":2078562,"relics_obtained":[{"floor":9.0,"key":"Pantograph"},{"floor":10.0,"key":"Eternal Feather"},{"floor":24.0,"key":"White Beast Statue"},{"floor":26.0,"key":"Smiling Mask"},{"floor":28.0,"key":"Letter Opener"},{"floor":40.0,"key":"Pen Nib"},{"floor":40.0,"key":"Question Card"},{"floor":42.0,"key":"Toy Ornithopter"},{"floor":42.0,"key":"Bag of Preparation"},{"floor":43.0,"key":"Bottled Lightning"},{"floor":47.0,"key":"Anchor"},{"floor":47.0,"key":"Ancient Tea Set"}],"event_choices":[{"damage_healed":0.0,"max_hp_gain":0.0,"max_hp_loss":0.0,"gold_gain":0.0,"event_name":"Scrap Ooze","player_choice":"Success","floor":3.0,"gold_loss":0.0,"damage_taken":11.0,"relics_obtained":["Old Coin"]},{"damage_healed":0.0,"max_hp_gain":0.0,"max_hp_loss":0.0,"gold_gain":75.0,"event_name":"World of Goop","player_choice":"Gather Gold","floor":13.0,"gold_loss":0.0,"damage_taken":11.0},{"damage_healed":0.0,"max_hp_gain":0.0,"max_hp_loss":21.0,"gold_gain":0.0,"event_name":"Vampires","player_choice":"Became a vampire","floor":20.0,"gold_loss":0.0,"damage_taken":0.0,"cards_obtained":["Bite","Bite","Bite","Bite","Bite"]},{"damage_healed":0.0,"max_hp_gain":0.0,"max_hp_loss":0.0,"gold_gain":0.0,"event_name":"The Mausoleum","player_choice":"Ignored","floor":22.0,"gold_loss":0.0,"damage_taken":0.0},{"damage_healed":0.0,"max_hp_gain":0.0,"max_hp_loss":0.0,"gold_gain":0.0,"event_name":"The Library","player_choice":"Read","floor":31.0,"gold_loss":0.0,"damage_taken":0.0,"cards_obtained":["EmptyBody"]},{"cards_removed":["Halt"],"damage_healed":0.0,"max_hp_gain":0.0,"max_hp_loss":0.0,"gold_gain":0.0,"event_name":"WeMeetAgain","player_choice":"Gave Card","floor":36.0,"gold_loss":0.0,"damage_taken":0.0,"relics_obtained":["Potion Belt"]},{"damage_healed":0.0,"max_hp_gain":0.0,"max_hp_loss":0.0,"gold_gain":0.0,"event_name":"Winding Halls","player_choice":"Embrace Madness","floor":41.0,"gold_loss":0.0,"damage_taken":8.0,"cards_obtained":["Madness","Madness"]},{"cards_removed":["Bite"],"damage_healed":0.0,"max_hp_gain":0.0,"max_hp_loss":0.0,"gold_gain":0.0,"event_name":"Falling","player_choice":"Removed Attack","floor":46.0,"gold_loss":0.0,"damage_taken":0.0}],"is_beta":false,"boss_relics":[{"not_picked":["Empty Cage","Velvet Choker"],"picked":"SlaversCollar"},{"not_picked":["Runic Dome","Tiny House"],"picked":"Black Star"}],"items_purged_floors":[19,37],"is_endless":false,"potions_floor_spawned":[1,7,10,24,28,30,33,35,38,39,40,42,44,45,47,48],"ascension_level":15}}