{"host":"mfnmuqrd82gyb59l","time":1607863777,"event":{"mods":["BaseMod","Hermit","Minty Spire (QoL Compilation)","Robot Space Explorer","StSLib","The Dragon Tamer","The Hierophant"],"gold_per_floor":[119,139,139,155,155,185,25,25,25,25,25,59,75,75,75,175,175,187,206,221,234,234,234],"floor_reached":22,"playtime":3784,"items_purged":[],"score":196,"play_id":"00b04d3e-c8ce-4bf3-835b-d8a24528e08b","local_time":"20201213234937","is_ascension_mode":false,"campfire_choices":[{"floor":8,"key":"REST"},{"data":"1","floor":10,"key":"LIFT"},{"data":"2","floor":15,"key":"LIFT"}],"circlet_count":0,"master_deck":["hermit:Strike_Hermit","hermit:Strike_Hermit","hermit:Strike_Hermit","hermit:Strike_Hermit","hermit:Defend_Hermit","hermit:Defend_Hermit","hermit:Defend_Hermit","hermit:Defend_Hermit","hermit:Snapshot","hermit:Covet","hermit:Dive","hermit:Coalescence+1","hermit:Combo","hermit:Snipe","hermit:ShadowCloak","hermit:Quickdraw","hermit:LowProfile","hermit:Quickdraw","hermit:Combo","Regret","hermit:Reprieve","hermit:Manifest","hermit:Coalescence","hermit:Vantage","hermit:Roulette+1"],"relics":["hermit:Momento","NeowsBlessing","Girya","HornCleat","Ice Cream","Pantograph","Pear","Busted Crown"],"acts_visited":["Exordium","TheCity"],"potions_floor_usage":[6,16,19,19,20,22,22],"damage_taken":[{"damage":0,"enemies":"Small Slimes","floor":1,"turns":1},{"damage":0,"enemies":"2 Louse","floor":2,"turns":1},{"damage":0,"enemies":"Cultist","floor":4,"turns":1},{"damage":45,"enemies":"Gremlin Nob","floor":6,"turns":7},{"damage":2,"enemies":"Lagavulin","floor":12,"turns":7},{"damage":2,"enemies":"Exordium Wildlife","floor":13,"turns":4},{"damage":48,"enemies":"The Guardian","floor":16,"turns":12},{"damage":6,"enemies":"Chosen","floor":18,"turns":4},{"damage":22,"enemies":"Spheric Guardian","floor":19,"turns":6},{"damage":30,"enemies":"Snake Plant","floor":20,"turns":6},{"damage":12,"enemies":"3 Cultists","floor":21,"turns":7},{"damage":45,"enemies":"Masked Bandits","floor":22,"turns":5}],"seed_played":"7252872801108781724","potions_obtained":[{"floor":2,"key":"hermit:Tonic"},{"floor":12,"key":"Strength Potion"},{"floor":16,"key":"EntropicBrew"},{"floor":19,"key":"Block Potion"},{"floor":20,"key":"PowerPotion"}],"is_trial":false,"path_per_floor":["M","M","?","M","?","E","$","R","T","R","$","E","M","?","R","B",null,"M","M","M","M","?"],"character_chosen":"HERMIT","items_purchased":["hermit:ShadowCloak","hermit:Quickdraw","hermit:LowProfile"],"campfire_rested":1,"item_purchase_floors":[7,7,7],"current_hp_per_floor":[75,75,57,57,57,12,12,34,34,34,34,32,30,40,40,17,85,79,57,35,31,0,0],"gold":234,"neow_bonus":"THREE_ENEMY_KILL","is_daily":false,"chose_seed":false,"campfire_upgraded":0,"win_rate":0.0,"timestamp":1607863777,"path_taken":["M","M","?","M","?","E","$","R","T","R","$","E","M","?","R","BOSS","M","M","M","M","?"],"items_purchased_type":["Card","Card","Card"],"build_version":"2020-11-30","purchased_purges":0,"victory":false,"max_hp_per_floor":[75,75,75,75,75,75,75,75,75,75,75,75,75,85,85,85,85,85,85,85,85,85,85],"card_choices":[{"not_picked":["hermit:TrackingShot","hermit:Showdown"],"picked":"hermit:Dive","floor":1},{"not_picked":["hermit:BodyArmor","hermit:FullyLoaded"],"picked":"hermit:Coalescence","floor":2},{"not_picked":["hermit:Desperado","hermit:Misfire"],"picked":"hermit:Combo","floor":4},{"not_picked":["hermit:Grudge","hermit:DeadMansHand"],"picked":"hermit:Snipe","floor":6},{"not_picked":["hermit:DeadMansHand","hermit:Snipe"],"picked":"hermit:Quickdraw","floor":12},{"not_picked":["hermit:BodyArmor","hermit:WideOpen"],"picked":"hermit:Combo","floor":13},{"not_picked":["hermit:Gambit","hermit:Dissolve"],"picked":"hermit:Reprieve","floor":16},{"not_picked":[],"picked":"hermit:Manifest","floor":18},{"not_picked":[],"picked":"hermit:Coalescence","floor":19},{"not_picked":[],"picked":"hermit:Vantage","floor":20},{"not_picked":[],"picked":"hermit:Roulette+1","floor":21}],"player_experience":2270853,"relics_obtained":[{"floor":6,"key":"HornCleat"},{"floor":9,"key":"Ice Cream"},{"floor":12,"key":"Pantograph"}],"event_choices":[{"damage_healed":0,"gold_gain":0,"player_choice":"Success","damage_taken":18,"relics_obtained":["Girya"],"max_hp_gain":0,"max_hp_loss":0,"event_name":"Scrap Ooze","floor":3,"gold_loss":0},{"damage_healed":0,"gold_gain":0,"player_choice":"Grow","damage_taken":0,"max_hp_gain":0,"max_hp_loss":0,"event_name":"Living Wall","floor":5,"gold_loss":0,"cards_upgraded":["hermit:Coalescence"]},{"damage_healed":0,"gold_gain":0,"player_choice":"Box","damage_taken":0,"relics_obtained":["Pear"],"max_hp_gain":0,"max_hp_loss":0,"event_name":"Big Fish","floor":14,"gold_loss":0,"cards_obtained":["Regret"]},{"damage_healed":0,"gold_gain":0,"player_choice":"Fought Bandits","damage_taken":0,"max_hp_gain":0,"max_hp_loss":0,"event_name":"Masked Bandits","floor":22,"gold_loss":0}],"is_beta":false,"boss_relics":[{"not_picked":["hermit:BartenderGlass","hermit:ClaspedLocket"],"picked":"Busted Crown"}],"items_purged_floors":[],"is_endless":false,"potions_floor_spawned":[2,12,16,19,20],"killed_by":"Masked Bandits","ascension_level":0}}