{"host":"07ljfmttuzqopd7f","time":1607822597,"event":{"mods":["2.2 Compatiblity","BaseMod","Bestiary","Block Reminder","Colored Map","Colored Powertips","Curses Come First","Hermit","Minty Spire (QoL Compilation)","Quick Restart","Random Character Button","Rare Cards Sparkle","Relic Stats","StSLib","The Cursed","UnlockEverythingMod"],"gold_per_floor":[19,34,34,34,44,44,76,94,94,24,52,52,52,52,52,52,52],"floor_reached":16,"playtime":600,"items_purged":[],"score":135,"play_id":"e9393e62-26a5-4661-ab99-37898db28bc0","local_time":"20201212202317","is_ascension_mode":true,"campfire_choices":[{"data":"hermit:Manifest","floor":6.0,"key":"SMITH"},{"floor":15.0,"key":"REST"}],"circlet_count":0,"master_deck":["hermit:Strike_Hermit","hermit:Strike_Hermit","hermit:Strike_Hermit","hermit:Defend_Hermit","hermit:Defend_Hermit","hermit:Defend_Hermit","hermit:Defend_Hermit","hermit:Snapshot","hermit:Covet","hermit:RoundhouseKick+1","hermit:Ricochet","hermit:SprayPray","hermit:Manifest+1","hermit:Headshot","hermit:Reprieve","hermit:Showdown"],"relics":["hermit:Momento","Bronze Scales","Bag of Preparation","Bottled Flame"],"acts_visited":["Exordium"],"potions_floor_usage":[16,16,16],"damage_taken":[{"damage":0.0,"enemies":"Small Slimes","floor":1.0,"turns":2.0},{"damage":2.0,"enemies":"Jaw Worm","floor":2.0,"turns":3.0},{"damage":0.0,"enemies":"Cultist","floor":5.0,"turns":2.0},{"damage":39.0,"enemies":"Gremlin Nob","floor":7.0,"turns":6.0},{"damage":0.0,"enemies":"Exordium Thugs","floor":8.0,"turns":3.0},{"damage":21.0,"enemies":"Lagavulin","floor":11.0,"turns":8.0},{"damage":62,"enemies":"The Guardian","floor":16,"turns":9}],"seed_played":"8823499635489256935","potions_obtained":[{"floor":1.0,"key":"PowerPotion"},{"floor":7.0,"key":"Regen Potion"},{"floor":11.0,"key":"Fruit Juice"}],"is_trial":false,"path_per_floor":["M","M","?","?","M","R","E","M","T","$","E","$","?","$","R","B"],"character_chosen":"HERMIT","items_purchased":["hermit:Reprieve"],"campfire_rested":1,"item_purchase_floors":[10],"current_hp_per_floor":[75,73,73,73,73,73,34,34,34,34,17,17,17,17,39,0,0],"gold":52,"neow_bonus":"THREE_RARE_CARDS","is_daily":false,"chose_seed":false,"campfire_upgraded":1,"win_rate":0.0,"timestamp":1607822597,"path_taken":["M","M","?","?","M","R","E","?","T","$","E","?","?","$","R","BOSS"],"items_purchased_type":["Card"],"build_version":"2020-11-30","purchased_purges":0,"victory":false,"max_hp_per_floor":[75,75,75,75,75,75,75,75,75,75,75,75,75,75,75,80,80],"relic_stats":{"counters":[7,33],"Bronze Scales":[51],"Bag of Preparation":[4],"obtain_stats":[{"Bottled Flame":11,"Bronze Scales":7,"Bag of Preparation":9,"hermit:Momento":0},{"Bottled Flame":6,"Bronze Scales":4,"Bag of Preparation":5,"hermit:Momento":0},{"Bottled Flame":24,"Bronze Scales":13,"Bag of Preparation":16,"hermit:Momento":0}]},"card_choices":[{"not_picked":["hermit:FatalDesire","hermit:Gambit"],"picked":"hermit:RoundhouseKick","floor":0.0},{"not_picked":["hermit:Desperado","hermit:TrackingShot"],"picked":"hermit:Ricochet","floor":1.0},{"not_picked":["hermit:ItchyTrigger","hermit:Midnight"],"picked":"hermit:SprayPray","floor":2.0},{"not_picked":["hermit:Feint","hermit:Vantage"],"picked":"hermit:Manifest","floor":5.0},{"not_picked":["hermit:BigShot","hermit:WideOpen"],"picked":"hermit:Headshot","floor":7.0},{"not_picked":["hermit:ItchyTrigger","hermit:WideOpen","hermit:Desperado"],"picked":"SKIP","floor":8.0},{"not_picked":["hermit:Brawl","hermit:TrackingShot"],"picked":"hermit:Showdown","floor":11.0}],"player_experience":394127,"relics_obtained":[{"floor":7.0,"key":"Bronze Scales"},{"floor":9.0,"key":"Bag of Preparation"},{"floor":11.0,"key":"Bottled Flame"}],"event_choices":[{"damage_healed":0.0,"max_hp_gain":0.0,"max_hp_loss":0.0,"gold_gain":0.0,"event_name":"Living Wall","player_choice":"Grow","floor":3.0,"gold_loss":0.0,"damage_taken":0.0,"cards_upgraded":["hermit:RoundhouseKick"]},{"cards_removed":["hermit:Strike_Hermit"],"damage_healed":0.0,"max_hp_gain":0.0,"max_hp_loss":0.0,"gold_gain":0.0,"event_name":"Bonfire Elementals","player_choice":"Offered Basic","floor":4.0,"gold_loss":0.0,"damage_taken":0.0},{"damage_healed":0.0,"max_hp_gain":0.0,"max_hp_loss":0.0,"gold_gain":0.0,"event_name":"Golden Idol","player_choice":"Ignored","floor":13.0,"gold_loss":0.0,"damage_taken":0.0}],"is_beta":false,"boss_relics":[],"items_purged_floors":[],"is_endless":false,"potions_floor_spawned":[1,7,11],"killed_by":"The Guardian","ascension_level":5}}