{"host":"17j25xn3vk5d1e3v","time":1607822336,"event":{"mods":["AchievementEnabler","Act Like it!","BaseMod","Downfall","GifTheSpireLib","Hermit","HexUI Lib","Hubris","Minty Spire (QoL Compilation)","Replay The Spire","StSLib","The Bug Knight","The Necromancer"],"gold_per_floor":[99,116,141,161,176,176,176,205,205,235,254,271,290,302,322,322,322],"floor_reached":16,"playtime":882,"items_purged":[],"score":126,"play_id":"e55b175f-d8f2-4f6b-8036-c72f7da59f9e","local_time":"20201213021856","is_ascension_mode":false,"campfire_choices":[{"data":"Guardian:CurlUp","floor":1,"key":"SMITH"},{"data":"Guardian:WalkerClaw","floor":6,"key":"SMITH"},{"floor":9,"key":"REST"}],"circlet_count":0,"master_deck":["Guardian:Strike_Guardian","Guardian:Strike_Guardian","Guardian:Strike_Guardian","Guardian:Strike_Guardian","Guardian:Defend_Guardian","Guardian:Defend_Guardian","Guardian:Defend_Guardian","Guardian:Defend_Guardian+1","Guardian:CurlUp+1","Guardian:TwinSlam","Guardian:SpikerProtocol","Guardian:WalkerClaw+1","Guardian:StasisField","Guardian:RollAttack","Guardian:ShieldCharger","Guardian:SpikerProtocol","Guardian:DecasProtection","Guardian:Gem_Blue","Guardian:BronzeOrb"],"relics":["Guardian:ModeShifter","hubris:Metronome","Gremlin Food","Replay:Arrowhead"],"acts_visited":["Exordium"],"potions_floor_usage":[8,16,16,16],"damage_taken":[{"damage":3,"enemies":"Cultist","floor":2,"turns":5},{"damage":52,"enemies":"Gremlin Nob","floor":3,"turns":6},{"damage":0,"enemies":"Jaw Worm","floor":4,"turns":4},{"damage":0,"enemies":"Small Slimes","floor":5,"turns":3},{"damage":12,"enemies":"3 Sentries","floor":8,"turns":7},{"damage":11,"enemies":"Lagavulin","floor":10,"turns":5},{"damage":0,"enemies":"2 Fungi Beasts","floor":11,"turns":3},{"damage":11,"enemies":"Blue Slaver","floor":12,"turns":4},{"damage":10,"enemies":"3 Louse","floor":13,"turns":3},{"damage":7,"enemies":"Exordium Thugs","floor":14,"turns":5},{"damage":0,"enemies":"Exordium Wildlife","floor":15,"turns":2},{"damage":8,"enemies":"downfall:Silent","floor":16,"turns":2}],"seed_played":"8046743430026785901","potions_obtained":[{"floor":3,"key":"Swift Potion"},{"floor":4,"key":"Strength Potion"},{"floor":8,"key":"Strength Potion"},{"floor":13,"key":"Block Potion"}],"is_trial":false,"path_per_floor":["R","M","E","M","M","R","T","E","R","E","M","M","M","M","M","B"],"character_chosen":"GUARDIAN","items_purchased":[],"campfire_rested":1,"item_purchase_floors":[],"current_hp_per_floor":[88,85,33,33,33,33,33,21,47,36,36,25,15,8,8,0,0],"gold":322,"neow_bonus":"TEN_PERCENT_HP_BONUS","is_daily":false,"chose_seed":false,"campfire_upgraded":2,"win_rate":0.0,"timestamp":1607822336,"path_taken":["R","M","E","M","?","R","T","E","R","E","?","M","M","M","M","BOSS"],"items_purchased_type":[],"build_version":"2020-11-30","purchased_purges":0,"victory":false,"max_hp_per_floor":[88,88,88,88,88,88,88,88,88,88,88,88,88,88,88,88,88],"card_choices":[{"not_picked":["Guardian:WalkerClaw","Guardian:ShieldCharger"],"picked":"Guardian:Gem_Purple","floor":2},{"not_picked":["Guardian:SphericShield","Guardian:Gem_Crimson"],"picked":"Guardian:SpikerProtocol","floor":3},{"not_picked":["Guardian:TimeCapacitor","Guardian:WalkerClaw"],"picked":"Guardian:Gem_Cyan","floor":4},{"not_picked":["Guardian:Reroute","Guardian:ShieldCharger"],"picked":"Guardian:WalkerClaw","floor":5},{"not_picked":["Guardian:Gem_White","Guardian:Recover"],"picked":"Guardian:StasisField","floor":8},{"not_picked":["Guardian:SphericShield","Guardian:ShieldCharger"],"picked":"Guardian:RollAttack","floor":10},{"not_picked":["Guardian:TimeCapacitor","Guardian:Planning"],"picked":"Guardian:ShieldCharger","floor":11},{"not_picked":["Guardian:TimeCapacitor","Guardian:Incinerate"],"picked":"Guardian:SpikerProtocol","floor":12},{"not_picked":["Guardian:Reroute","Guardian:PolyBeam"],"picked":"Guardian:DecasProtection","floor":13},{"not_picked":["Guardian:Harden","Guardian:SentryBeam"],"picked":"Guardian:Gem_Blue","floor":14},{"not_picked":["Guardian:Emergency","Guardian:TemporalShield"],"picked":"Guardian:BronzeOrb","floor":15}],"player_experience":157118,"relics_obtained":[{"floor":3,"key":"hubris:Metronome"},{"floor":8,"key":"Gremlin Food"},{"floor":10,"key":"Replay:Arrowhead"}],"event_choices":[],"is_beta":false,"boss_relics":[],"items_purged_floors":[],"is_endless":false,"potions_floor_spawned":[3,4,8,13,14,15],"killed_by":"downfall:Silent","ascension_level":0}}