{"host":"y76clbnovzmw9ubx","time":1607876938,"event":{"mods":["AchievementEnabler","BaseMod","Minty Spire (QoL Compilation)","Permanent Neow","Relic Stats"],"gold_per_floor":[214,229,301,328,0,34,34,46,46,375,385,385,385,410,410,482,482,495,465,8,8,23,58,58,58,85,100,135,145,180,192,192,192,192],"floor_reached":33,"playtime":2624,"items_purged":["Strike_R","Strike_R"],"score":696,"play_id":"6fc19747-a1fc-4ae4-80cc-0fa13b7baae7","local_time":"20201213112858","is_ascension_mode":true,"campfire_choices":[{"data":"Whirlwind","floor":7.0,"key":"SMITH"},{"data":"Bash","floor":12.0,"key":"SMITH"},{"data":"Pommel Strike","floor":15.0,"key":"SMITH"},{"floor":24.0,"key":"REST"},{"data":"Fiend Fire","floor":32,"key":"SMITH"}],"circlet_count":0,"master_deck":["AscendersBane","Strike_R","Defend_R","Defend_R","Defend_R","Defend_R","Bash+1","Wild Strike","Pommel Strike+1","Whirlwind+1","Twin Strike","Fire Breathing","Offering","Offering","Corruption","CurseOfTheBell","Sword Boomerang+1","Inflame","Fiend Fire","Fiend Fire+1","Fire Breathing","Fire Breathing"],"relics":["Burning Blood","Red Skull","Sling","Ice Cream","Mercury Hourglass","Old Coin","Calipers","Calling Bell","Bird Faced Urn","HornCleat","Dream Catcher","Singing Bowl","Ornamental Fan","Happy Flower","Kunai"],"acts_visited":["Exordium","TheCity"],"potions_floor_usage":[29,30,33],"damage_taken":[{"damage":11.0,"enemies":"Jaw Worm","floor":1.0,"turns":6.0},{"damage":1.0,"enemies":"Cultist","floor":2.0,"turns":3.0},{"damage":30.0,"enemies":"Lagavulin","floor":6.0,"turns":5.0},{"damage":0.0,"enemies":"2 Louse","floor":8.0,"turns":1.0},{"damage":8.0,"enemies":"Gremlin Nob","floor":10.0,"turns":3.0},{"damage":13.0,"enemies":"Exordium Thugs","floor":11.0,"turns":3.0},{"damage":6.0,"enemies":"Lagavulin","floor":14.0,"turns":3.0},{"damage":38.0,"enemies":"The Guardian","floor":16.0,"turns":7.0},{"damage":22.0,"enemies":"Spheric Guardian","floor":18.0,"turns":4.0},{"damage":17.0,"enemies":"2 Thieves","floor":22.0,"turns":3.0},{"damage":40.0,"enemies":"Gremlin Leader","floor":23.0,"turns":4.0},{"damage":6.0,"enemies":"Sentry and Sphere","floor":27.0,"turns":3.0},{"damage":38.0,"enemies":"Slavers","floor":28.0,"turns":4.0},{"damage":15,"enemies":"Snake Plant","floor":29,"turns":2},{"damage":25,"enemies":"Gremlin Leader","floor":30,"turns":4},{"damage":6,"enemies":"Cultist and Chosen","floor":31,"turns":3},{"damage":45,"enemies":"Collector","floor":33,"turns":3}],"seed_played":"6575915801255844143","potions_obtained":[{"floor":6.0,"key":"PowerPotion"},{"floor":11.0,"key":"Fruit Juice"},{"floor":19.0,"key":"PowerPotion"},{"floor":19.0,"key":"Regen Potion"},{"floor":22.0,"key":"BloodPotion"},{"floor":30,"key":"LiquidBronze"},{"floor":31,"key":"AttackPotion"}],"is_trial":false,"path_per_floor":["M","M","?","T","$","E","R","M","T","E","M","R","?","E","R","B",null,"M","?","$","?","M","E","R","?","T","M","E","M","E","M","R","B"],"character_chosen":"IRONCLAD","items_purchased":["Sling","Whirlwind","Inflame","Singing Bowl"],"campfire_rested":1,"item_purchase_floors":[5,5,20,20],"current_hp_per_floor":[63,68,68,68,68,44,44,50,50,48,41,41,41,41,41,9,59,47,52,52,52,47,19,44,44,44,46,22,17,27,35,35,0,0],"gold":192,"neow_bonus":"HUNDRED_GOLD","is_daily":false,"chose_seed":false,"campfire_upgraded":4,"win_rate":0.0,"timestamp":1607876938,"path_taken":["M","M","?","?","$","E","R","M","T","E","?","R","?","E","R","BOSS","M","?","$","?","M","E","R","?","T","?","E","M","E","M","R","BOSS"],"items_purchased_type":["Relic","Card","Card","Relic"],"build_version":"2020-11-30","purchased_purges":2,"victory":false,"max_hp_per_floor":[75,75,75,75,75,75,75,75,75,75,75,75,75,75,75,75,75,75,80,80,80,82,84,84,84,84,84,86,86,88,90,90,90,90],"relic_stats":{"Dream Catcher":1,"Singing Bowl":10,"Happy Flower":[6],"counters":[17,61],"Ornamental Fan":[8],"Bird Faced Urn":[46],"Kunai":[1],"obtain_stats":[{"Ice Cream":6,"Calipers":14,"Singing Bowl":20,"Happy Flower":26,"Sling":5,"Burning Blood":0,"Mercury Hourglass":9,"Old Coin":10,"Calling Bell":17,"Dream Catcher":17,"HornCleat":17,"Ornamental Fan":23,"Bird Faced Urn":17,"Kunai":30,"Red Skull":4},{"Ice Cream":3,"Calipers":7,"Singing Bowl":9,"Happy Flower":11,"Sling":2,"Burning Blood":0,"Mercury Hourglass":4,"Old Coin":5,"Calling Bell":8,"Dream Catcher":8,"HornCleat":8,"Ornamental Fan":11,"Bird Faced Urn":8,"Kunai":15,"Red Skull":2},{"Ice Cream":14,"Calipers":24,"Singing Bowl":35,"Happy Flower":42,"Sling":9,"Burning Blood":0,"Mercury Hourglass":15,"Old Coin":18,"Calling Bell":31,"Dream Catcher":31,"HornCleat":31,"Ornamental Fan":42,"Bird Faced Urn":31,"Kunai":55,"Red Skull":9}],"Burning Blood":96,"Mercury Hourglass":[165]},"card_choices":[{"not_picked":["Havoc","Shockwave"],"picked":"Wild Strike","floor":1.0},{"not_picked":["Headbutt","Heavy Blade"],"picked":"Pommel Strike","floor":2.0},{"not_picked":["Dual Wield","Wild Strike"],"picked":"Twin Strike","floor":6.0},{"not_picked":["Warcry","Cleave","Wild Strike"],"picked":"SKIP","floor":8.0},{"not_picked":["Headbutt","Heavy Blade"],"picked":"Fire Breathing","floor":10.0},{"not_picked":["Havoc","Twin Strike"],"picked":"Offering","floor":11.0},{"not_picked":["Sever Soul","Twin Strike"],"picked":"Offering","floor":14.0},{"not_picked":["Fiend Fire","Juggernaut"],"picked":"Corruption","floor":16.0},{"not_picked":["Thunderclap","Carnage"],"picked":"Sword Boomerang+1","floor":18.0},{"not_picked":["Havoc","Second Wind","Shrug It Off"],"picked":"Singing Bowl","floor":22.0},{"not_picked":["Hemokinesis","Perfected Strike","Cleave"],"picked":"Singing Bowl","floor":23.0},{"not_picked":["Combust","Sword Boomerang"],"picked":"Fiend Fire","floor":24.0},{"not_picked":["Body Slam","Headbutt"],"picked":"Fire Breathing","floor":27.0},{"not_picked":["Battle Trance","Thunderclap","Flex"],"picked":"Singing Bowl","floor":28},{"not_picked":["Ghostly Armor","Infernal Blade"],"picked":"Fire Breathing","floor":29},{"not_picked":["Sword Boomerang","Clothesline","Carnage"],"picked":"Singing Bowl","floor":30},{"not_picked":["Flex","Entrench","Cleave"],"picked":"Singing Bowl","floor":31}],"player_experience":2841794,"relics_obtained":[{"floor":4.0,"key":"Red Skull"},{"floor":6.0,"key":"Ice Cream"},{"floor":9.0,"key":"Mercury Hourglass"},{"floor":10.0,"key":"Old Coin"},{"floor":14.0,"key":"Calipers"},{"floor":17.0,"key":"Bird Faced Urn"},{"floor":17.0,"key":"HornCleat"},{"floor":17.0,"key":"Dream Catcher"},{"floor":23.0,"key":"Ornamental Fan"},{"floor":26.0,"key":"Happy Flower"},{"floor":30,"key":"Kunai"}],"event_choices":[{"damage_healed":0.0,"max_hp_gain":0.0,"max_hp_loss":0.0,"gold_gain":72.0,"event_name":"Golden Wing","player_choice":"Gained Gold","floor":3.0,"gold_loss":0.0,"damage_taken":0.0},{"cards_removed":["Strike_R"],"damage_healed":0.0,"max_hp_gain":0.0,"max_hp_loss":0.0,"gold_gain":0.0,"event_name":"Living Wall","player_choice":"Forget","floor":13.0,"gold_loss":0.0,"damage_taken":0.0},{"damage_healed":0.0,"max_hp_gain":0.0,"max_hp_loss":0.0,"gold_gain":0.0,"event_name":"The Woman in Blue","player_choice":"Bought 2 Potions","floor":19.0,"gold_loss":0.0,"damage_taken":0.0},{"damage_healed":0.0,"max_hp_gain":0.0,"max_hp_loss":0.0,"gold_gain":0.0,"cards_transformed":["Strike_R"],"event_name":"Transmorgrifier","player_choice":"Transformed","floor":25.0,"gold_loss":0.0,"damage_taken":0.0,"cards_obtained":["Fiend Fire"]}],"is_beta":false,"boss_relics":[{"not_picked":["SacredBark","Busted Crown"],"picked":"Calling Bell"}],"items_purged_floors":[5,20],"is_endless":false,"potions_floor_spawned":[6,11,22,30,31],"killed_by":"Collector","ascension_level":20}}