{"host":"e29qre8pq09omr3z","time":1607865347,"event":{"mods":["Aspiration","BaseMod","Bestiary","Card Forge","Colored Map","Conspire","Custom Start","Defuse TimeMaze Blight","Energized Spire","FoggyMod","Highlight Path","Hubris","Infinite Spire","Minty Spire (QoL Compilation)","RNG Fix","Random Character Mod","Replay The Spire","Shop Mod","Spicy Shops","StSLib","SuperFastMode","The Blue Laboratory","Uncapped","vexMod"],"gold_per_floor":[431,431,581,41,41,41,41,41,41,41,9,9,112,112,212,212,212],"floor_reached":16,"playtime":2488,"items_purged":["Pain","Doubt"],"score":234,"play_id":"9b44dda3-0ad5-46a7-bdd4-135cd351ff04","local_time":"20201213221547","is_ascension_mode":true,"campfire_choices":[{"data":"conspire:Banana","floor":6,"key":"SMITH"},{"data":"Feed","floor":8,"key":"SMITH"},{"data":"infinitespire:OneForAll","floor":15,"key":"SMITH"}],"circlet_count":0,"master_deck":["conspire:Banana+1","HandOfGreed","RitualDagger","Fasting2","Vigilance","conspire:GhostlyDefend+1","LessonLearned","Eruption","conspire:GhostlyStrike","infinitespire:Neurotoxin+1","Footwork","Survivor","conspire:GhostlyDefend","conspire:GhostlyStrike","Neutralize","Inflame","conspire:GhostlyDefend","Feed+1","infinitespire:OneForAll+1","Bash","conspire:GhostlyStrike","Defragment","Genetic Algorithm+1","conspire:GhostlyDefend","conspire:GhostlyStrike","LessonLearned","ReplayUltimateDefense","LessonLearned","ReplayTheSpireMod:Private Reserves","WindmillStrike","Replay:Hum"],"relics":["Hammer of Thor","Seething Fire","Anvil of the Gods","vexMod:RedPlottingStone","conspire:InfiniteJournal","Juzu Bracelet","Membership Card","hubris:MobiusCoin","Peace Pipe","Replay:PocketPolymizer","Smiling Mask","Blue Doll","The Courier","aspiration:TomeofQuesting","Replay:Wax Seal","WarpedTongs","MerchantsRug","vexMod:GhostlyGear","InkBottle","Replay:M_StaffOfTheSnake","aspiration:Nostalgia","infinitespire:DarkRift","vexMod:BarristanHead"],"acts_visited":["Exordium"],"potions_floor_usage":[],"damage_taken":[{"damage":11,"enemies":"2 Louse","floor":1,"turns":4},{"damage":14,"enemies":"Replay:BlueRogue","floor":13,"turns":10},{"damage":25,"enemies":"The Guardian","floor":16,"turns":11}],"seed_played":"7863433830928309027","potions_obtained":[{"floor":1,"key":"CultistPotion"}],"is_trial":true,"path_per_floor":["M","?","?","$","?","R","?","R","T","?","$","?","E","?","R","B"],"character_chosen":"WATCHER","items_purchased":["MerchantsRug","Pear","conspire:GiftBox","ReplayUltimateDefense","vexMod:GhostlyGear","aspiration:Nostalgia","ReplayTheSpireMod:Private Reserves"],"campfire_rested":0,"item_purchase_floors":[4,4,4,4,4,11,11],"current_hp_per_floor":[50,50,50,60,56,56,56,56,56,56,56,56,44,20,20,0,0],"gold":212,"neow_bonus":"","is_daily":false,"chose_seed":false,"campfire_upgraded":3,"win_rate":0.0,"timestamp":1607865347,"path_taken":["M","?","?","$","?","R","?","R","T","?","$","?","E","?","R","BOSS"],"items_purchased_type":["Relic","Relic","Relic","Card","Relic","Relic","Card"],"build_version":"2020-11-30","purchased_purges":2,"victory":false,"max_hp_per_floor":[68,68,68,78,78,78,78,78,78,78,78,78,80,80,80,82,82],"card_choices":[{"not_picked":["FlurryOfBlows","Collect","Pray"],"picked":"SKIP","floor":1},{"not_picked":["MasterReality","Replay:LoomingThreat"],"picked":"LessonLearned","floor":4},{"not_picked":["Evaluate","Indignation"],"picked":"WindmillStrike","floor":13}],"player_experience":503306,"relics_obtained":[{"floor":9,"key":"InkBottle"},{"floor":13,"key":"vexMod:BarristanHead"}],"event_choices":[{"damage_healed":0,"gold_gain":0,"player_choice":"Rummage","damage_taken":0,"relics_obtained":["WarpedTongs"],"max_hp_gain":0,"max_hp_loss":0,"event_name":"Accursed Blacksmith","floor":2,"gold_loss":0,"cards_obtained":["Pain"]},{"damage_healed":0,"gold_gain":150,"player_choice":"AGREE","damage_taken":0,"max_hp_gain":0,"max_hp_loss":0,"event_name":"Liars Game","floor":3,"gold_loss":0,"cards_obtained":["Doubt"]},{"damage_healed":0,"gold_gain":0,"player_choice":"Leave","damage_taken":0,"max_hp_gain":0,"max_hp_loss":0,"event_name":"conspire:Investor","floor":5,"gold_loss":0},{"damage_healed":0,"gold_gain":0,"player_choice":"Agree","damage_taken":0,"max_hp_gain":0,"max_hp_loss":0,"event_name":"conspire:LoneGhost","floor":7,"gold_loss":0},{"damage_healed":0,"gold_gain":0,"player_choice":"Entered Light","damage_taken":24,"max_hp_gain":0,"max_hp_loss":0,"event_name":"Shining Light","floor":14,"gold_loss":0,"cards_upgraded":["infinitespire:Neurotoxin","conspire:GhostlyDefend"]}],"is_beta":false,"boss_relics":[],"items_purged_floors":[4,4],"is_endless":false,"potions_floor_spawned":[1],"killed_by":"The Guardian","ascension_level":20}}