{"host":"gk5m6v7zec9neb0j","time":1607854254,"event":{"mods":["AchievementEnabler","AlwaysNeverKeys","BaseMod","BetterRewards","Block Reminder","Minty Spire (QoL Compilation)","Rare Cards Sparkle","Relic Stats","StSLib"],"gold_per_floor":[118,131,2,19,33,33,47,61,84,103,115,132,149,69,69,167,167,179,179,104,104,114,114,124,124,174,174,174,191,209,229,229,327,327,347,347,21,35,35,35,46,46,46],"floor_reached":42,"playtime":1493,"items_purged":["Strike_R"],"score":548,"play_id":"f93126a1-23ec-4ae7-bfb2-7b6b4ad0680e","local_time":"20201213051054","is_ascension_mode":false,"campfire_choices":[{"data":"Corruption","floor":15.0,"key":"SMITH"},{"data":"Whirlwind","floor":23.0,"key":"SMITH"},{"data":"Rampage","floor":25.0,"key":"SMITH"},{"data":"Bash","floor":28.0,"key":"SMITH"},{"floor":32,"key":"REST"},{"data":"Dark Embrace","floor":40,"key":"SMITH"}],"circlet_count":0,"master_deck":["Strike_R","Strike_R","Defend_R","Defend_R","Defend_R","Defend_R","Bash+1","Limit Break","Whirlwind+1","Rampage+1","Shrug It Off","Whirlwind","Corruption+1","Sentinel","Barricade+1","Flex+1","Ghostly Armor","Dark Embrace+1","Shrug It Off+1","Shrug It Off"],"relics":["Burning Blood","Pocketwatch","Thread and Needle","Champion Belt","Akabeko","SacredBark","Dream Catcher","MutagenicStrength","Runic Cube","Gambling Chip"],"acts_visited":["Exordium","TheCity","TheBeyond"],"potions_floor_usage":[31,33,38,42],"damage_taken":[{"damage":0.0,"enemies":"Cultist","floor":1.0,"turns":3.0},{"damage":0.0,"enemies":"Small Slimes","floor":2.0,"turns":4.0},{"damage":0.0,"enemies":"2 Louse","floor":4.0,"turns":1.0},{"damage":0.0,"enemies":"Lots of Slimes","floor":5.0,"turns":5.0},{"damage":0.0,"enemies":"3 Louse","floor":7.0,"turns":5.0},{"damage":0.0,"enemies":"Large Slime","floor":8.0,"turns":4.0},{"damage":0.0,"enemies":"Red Slaver","floor":10.0,"turns":5.0},{"damage":0.0,"enemies":"Blue Slaver","floor":11.0,"turns":4.0},{"damage":3.0,"enemies":"Exordium Thugs","floor":12.0,"turns":3.0},{"damage":3.0,"enemies":"Gremlin Gang","floor":13.0,"turns":3.0},{"damage":29.0,"enemies":"Slime Boss","floor":16.0,"turns":11.0},{"damage":16.0,"enemies":"2 Thieves","floor":18.0,"turns":2.0},{"damage":0.0,"enemies":"3 Byrds","floor":22.0,"turns":3.0},{"damage":13.0,"enemies":"Shelled Parasite and Fungi","floor":24.0,"turns":6.0},{"damage":6.0,"enemies":"Chosen and Byrds","floor":29.0,"turns":5.0},{"damage":8.0,"enemies":"Centurion and Healer","floor":30.0,"turns":3.0},{"damage":8,"enemies":"3 Cultists","floor":31,"turns":3},{"damage":62,"enemies":"Champ","floor":33,"turns":11},{"damage":0,"enemies":"3 Shapes","floor":35,"turns":6},{"damage":11,"enemies":"Orb Walker","floor":38,"turns":6},{"damage":16,"enemies":"Writhing Mass","floor":41,"turns":6},{"damage":65,"enemies":"Nemesis","floor":42,"turns":6}],"seed_played":"5788066020458177445","potions_obtained":[{"floor":1.0,"key":"Fire Potion"},{"floor":2.0,"key":"Explosive Potion"},{"floor":5.0,"key":"BloodPotion"},{"floor":8.0,"key":"Explosive Potion"},{"floor":10.0,"key":"Strength Potion"},{"floor":13.0,"key":"Ancient Potion"},{"floor":35,"key":"AttackPotion"},{"floor":41,"key":"AttackPotion"}],"is_trial":false,"path_per_floor":["M","M","$","M","M","?","M","M","T","M","M","M","M","$","R","B",null,"M","?","$","?","M","R","M","R","T","?","R","M","M","M","R","B",null,"M","?","$","M","$","R","M","E"],"character_chosen":"IRONCLAD","items_purchased":["Limit Break","Whirlwind","Shrug It Off","Whirlwind","Sentinel","Gambling Chip","Shrug It Off"],"campfire_rested":1,"item_purchase_floors":[0,0,3,3,14,37,37],"current_hp_per_floor":[38,44,44,50,56,56,62,68,68,74,80,80,80,80,80,57,80,70,70,70,70,76,76,69,69,69,69,69,69,67,65,80,48,80,80,80,80,75,75,75,65,0,0],"gold":46,"neow_bonus":"","is_daily":false,"chose_seed":false,"campfire_upgraded":5,"win_rate":0.0,"timestamp":1607854254,"path_taken":["M","M","$","?","M","?","M","M","T","M","M","?","M","$","R","BOSS","M","?","$","?","?","R","M","R","T","?","R","M","M","M","R","BOSS","M","?","$","M","$","R","M","E"],"items_purchased_type":["Card","Card","Card","Card","Card","Relic","Card"],"build_version":"2020-11-30","purchased_purges":1,"victory":false,"max_hp_per_floor":[80,80,80,80,80,80,80,80,80,80,80,80,80,80,80,80,80,80,80,80,80,80,80,80,80,80,80,80,80,80,80,80,80,80,80,80,80,80,80,80,80,80,80],"relic_stats":{"Dream Catcher":1,"counters":[300,1495],"Gambling Chip":[12],"Champion Belt":[19],"obtain_stats":[{"Whetstone":45,"Ginger":48,"Bottled Tornado":12,"Boot":40,"Old Coin":9,"Blood Vial":54,"Sundial":43,"Fusion Hammer":34,"Kunai":3,"Runic Cube":34,"Pear":6,"Blue Candle":9,"Eternal Feather":6,"Pen Nib":9,"Akabeko":37,"SlaversCollar":17,"Runic Dome":17,"Bird Faced Urn":0,"MutagenicStrength":27,"Mark of Pain":34,"StrikeDummy":47,"Unceasing Top":0,"Regal Pillow":9,"Singing Bowl":42,"StoneCalendar":0,"Bag of Preparation":41,"Ancient Tea Set":6,"Burning Blood":0,"Matryoshka":27,"WingedGreaves":11,"Chemical X":0,"Paper Frog":9,"Potion Belt":43,"Lee\u0027s Waffle":0,"Golden Idol":4,"Self Forming Clay":25,"Thread and Needle":0,"The Courier":13,"Omamori":13,"Frozen Egg 2":8,"MawBank":9,"Orrery":0,"Turnip":13,"Art of War":26,"Champion Belt":23,"Toy Ornithopter":9,"Ice Cream":0,"Calipers":0,"Gremlin Horn":24,"CeramicFish":11,"Vajra":19,"Lizard Tail":25,"Centennial Puzzle":26,"HornCleat":54,"Strawberry":43,"Toxic Egg 2":25,"Girya":0,"Happy Flower":0,"Dead Branch":13,"Charon\u0027s Ashes":0,"Letter Opener":26,"War Paint":55,"Question Card":9,"Du-Vu Doll":43,"OrangePellets":0,"Bottled Flame":54,"Shuriken":0,"Bronze Scales":0,"Molten Egg 2":26,"Nloth\u0027s Gift":20,"Pocketwatch":47,"Meat on the Bone":28,"Darkstone Periapt":26,"SacredBark":34,"Black Blood":17,"Mango":26,"Juzu Bracelet":3,"Incense Burner":0,"Empty Cage":17,"ClockworkSouvenir":0,"Nunchaku":36,"Dream Catcher":25,"TheAbacus":37,"Mummified Hand":0,"Gambling Chip":13,"Tiny Chest":24,"Red Mask":41,"Red Skull":4,"Runic Pyramid":34,"Orichalcum":20,"Odd Mushroom":14,"White Beast Statue":2,"Mercury Hourglass":30,"Peace Pipe":0,"Anchor":12,"Bag of Marbles":0,"Membership Card":0,"FossilizedHelix":0,"TungstenRod":36},{"Whetstone":46,"Ginger":104,"Bottled Tornado":137,"Boot":102,"Old Coin":4,"Blood Vial":49,"Sundial":149,"Fusion Hammer":98,"Kunai":2,"Runic Cube":296,"Pear":111,"Blue Candle":112,"Eternal Feather":25,"Pen Nib":56,"Akabeko":221,"SlaversCollar":36,"Runic Dome":61,"Bird Faced Urn":129,"MutagenicStrength":292,"Mark of Pain":70,"StrikeDummy":47,"Unceasing Top":0,"Regal Pillow":157,"Singing Bowl":102,"StoneCalendar":80,"Bag of Preparation":196,"Ancient Tea Set":84,"Burning Blood":0,"Matryoshka":118,"WingedGreaves":26,"Chemical X":50,"Paper Frog":33,"Potion Belt":102,"Lee\u0027s Waffle":231,"Golden Idol":2,"Self Forming Clay":265,"Thread and Needle":154,"The Courier":15,"Omamori":27,"Frozen Egg 2":25,"MawBank":13,"Orrery":9,"Turnip":59,"Art of War":117,"Champion Belt":66,"Toy Ornithopter":181,"Ice Cream":80,"Calipers":80,"Gremlin Horn":39,"CeramicFish":33,"Vajra":140,"Lizard Tail":39,"Centennial Puzzle":39,"HornCleat":174,"Strawberry":124,"Toxic Egg 2":117,"Girya":50,"Happy Flower":80,"Dead Branch":88,"Charon\u0027s Ashes":50,"Letter Opener":67,"War Paint":79,"Question Card":135,"Du-Vu Doll":149,"OrangePellets":19,"Bottled Flame":106,"Shuriken":0,"Bronze Scales":29,"Molten Egg 2":165,"Nloth\u0027s Gift":115,"Pocketwatch":172,"Meat on the Bone":216,"Darkstone Periapt":93,"SacredBark":219,"Black Blood":16,"Mango":141,"Juzu Bracelet":10,"Incense Burner":107,"Empty Cage":160,"ClockworkSouvenir":0,"Nunchaku":42,"Dream Catcher":141,"TheAbacus":99,"Mummified Hand":50,"Gambling Chip":34,"Tiny Chest":92,"Red Mask":148,"Red Skull":32,"Runic Pyramid":41,"Orichalcum":17,"Odd Mushroom":28,"White Beast Statue":10,"Mercury Hourglass":69,"Peace Pipe":0,"Anchor":59,"Bag of Marbles":50,"Membership Card":0,"FossilizedHelix":129,"TungstenRod":193},{"Whetstone":235,"Ginger":445,"Bottled Tornado":578,"Boot":443,"Old Coin":20,"Blood Vial":254,"Sundial":607,"Fusion Hammer":434,"Kunai":11,"Runic Cube":1471,"Pear":468,"Blue Candle":470,"Eternal Feather":132,"Pen Nib":288,"Akabeko":1053,"SlaversCollar":194,"Runic Dome":314,"Bird Faced Urn":552,"MutagenicStrength":1449,"Mark of Pain":351,"StrikeDummy":240,"Unceasing Top":0,"Regal Pillow":630,"Singing Bowl":443,"StoneCalendar":388,"Bag of Preparation":876,"Ancient Tea Set":396,"Burning Blood":0,"Matryoshka":499,"WingedGreaves":139,"Chemical X":262,"Paper Frog":177,"Potion Belt":443,"Lee\u0027s Waffle":1104,"Golden Idol":11,"Self Forming Clay":1293,"Thread and Needle":621,"The Courier":70,"Omamori":150,"Frozen Egg 2":132,"MawBank":57,"Orrery":48,"Turnip":301,"Art of War":496,"Champion Belt":329,"Toy Ornithopter":757,"Ice Cream":388,"Calipers":388,"Gremlin Horn":203,"CeramicFish":177,"Vajra":586,"Lizard Tail":203,"Centennial Puzzle":203,"HornCleat":729,"Strawberry":538,"Toxic Egg 2":496,"Girya":262,"Happy Flower":388,"Dead Branch":406,"Charon\u0027s Ashes":262,"Letter Opener":332,"War Paint":381,"Question Card":574,"Du-Vu Doll":607,"OrangePellets":106,"Bottled Flame":448,"Shuriken":0,"Bronze Scales":164,"Molten Egg 2":671,"Nloth\u0027s Gift":488,"Pocketwatch":718,"Meat on the Bone":1028,"Darkstone Periapt":419,"SacredBark":1044,"Black Blood":80,"Mango":587,"Juzu Bracelet":50,"Incense Burner":454,"Empty Cage":646,"ClockworkSouvenir":0,"Nunchaku":221,"Dream Catcher":587,"TheAbacus":436,"Mummified Hand":262,"Gambling Chip":183,"Tiny Chest":417,"Red Mask":605,"Red Skull":173,"Runic Pyramid":217,"Orichalcum":95,"Odd Mushroom":152,"White Beast Statue":50,"Mercury Hourglass":341,"Peace Pipe":0,"Anchor":301,"Bag of Marbles":262,"Membership Card":0,"FossilizedHelix":552,"TungstenRod":854}],"Burning Blood":1690,"Pocketwatch":[177],"Runic Cube":[12]},"card_choices":[{"not_picked":["Havoc","Perfected Strike"],"picked":"Rampage","floor":1.0},{"not_picked":["Clothesline","Armaments","Disarm"],"picked":"SKIP","floor":2.0},{"not_picked":["Body Slam","True Grit","Wild Strike"],"picked":"SKIP","floor":4.0},{"not_picked":["Feel No Pain","True Grit","Pommel Strike"],"picked":"SKIP","floor":5.0},{"not_picked":["Searing Blow","Sword Boomerang","Power Through"],"picked":"SKIP","floor":7.0},{"not_picked":["Cleave","Clothesline","Sword Boomerang"],"picked":"SKIP","floor":8.0},{"not_picked":["Dropkick","Entrench","Intimidate"],"picked":"SKIP","floor":10.0},{"not_picked":["Intimidate","Clash"],"picked":"Corruption","floor":11.0},{"not_picked":["Metallicize","Body Slam","Thunderclap"],"picked":"SKIP","floor":12.0},{"not_picked":["Hemokinesis","Anger","Heavy Blade"],"picked":"SKIP","floor":13.0},{"not_picked":["Impervious","Reaper"],"picked":"Barricade","floor":16.0},{"not_picked":["Headbutt","Rampage","Thunderclap+1"],"picked":"SKIP","floor":18.0},{"not_picked":["Perfected Strike","Pummel","Whirlwind+1"],"picked":"SKIP","floor":22.0},{"not_picked":["Warcry","Shrug It Off"],"picked":"Flex+1","floor":24.0},{"not_picked":["Havoc+1","Anger","True Grit"],"picked":"SKIP","floor":29.0},{"not_picked":["Searing Blow","Clash+1"],"picked":"Ghostly Armor","floor":30.0},{"not_picked":["Reckless Charge","Cleave","Shockwave"],"picked":"SKIP","floor":31},{"not_picked":["Infernal Blade","Metallicize"],"picked":"Dark Embrace","floor":32},{"not_picked":["Sword Boomerang","Power Through"],"picked":"Shrug It Off+1","floor":35},{"not_picked":["Hemokinesis","Warcry","Pommel Strike+1"],"picked":"SKIP","floor":38},{"not_picked":["Clash","Metallicize+1","Burning Pact+1"],"picked":"SKIP","floor":41}],"player_experience":671481,"relics_obtained":[{"floor":9.0,"key":"Akabeko"},{"floor":26.0,"key":"Dream Catcher"}],"event_choices":[{"cards_removed":["Strike_R"],"damage_healed":0.0,"max_hp_gain":0.0,"max_hp_loss":0.0,"gold_gain":0.0,"event_name":"Bonfire Elementals","player_choice":"Offered Basic","floor":6.0,"gold_loss":0.0,"damage_taken":0.0},{"cards_removed":["Strike_R"],"damage_healed":0.0,"max_hp_gain":0.0,"max_hp_loss":0.0,"gold_gain":0.0,"event_name":"Back to Basics","player_choice":"Elegance","floor":19.0,"gold_loss":0.0,"damage_taken":0.0},{"damage_healed":0.0,"max_hp_gain":0.0,"max_hp_loss":0.0,"gold_gain":0.0,"event_name":"Upgrade Shrine","player_choice":"Upgraded","floor":21.0,"gold_loss":0.0,"damage_taken":0.0,"cards_upgraded":["Barricade"]},{"damage_healed":0.0,"max_hp_gain":0.0,"max_hp_loss":0.0,"gold_gain":0.0,"event_name":"Drug Dealer","player_choice":"Inject Mutagens","floor":27.0,"gold_loss":0.0,"damage_taken":0.0,"relics_obtained":["MutagenicStrength"]},{"damage_healed":0,"gold_gain":0,"player_choice":"Ignored","damage_taken":0,"max_hp_gain":0,"max_hp_loss":0,"event_name":"SecretPortal","floor":36,"gold_loss":0}],"is_beta":false,"boss_relics":[{"not_picked":["Runic Pyramid","Astrolabe"],"picked":"SacredBark"},{"not_picked":["Philosopher\u0027s Stone","Black Star"],"picked":"Runic Cube"}],"items_purged_floors":[20],"is_endless":false,"potions_floor_spawned":[1,2,5,8,10,13,29,35,41],"killed_by":"Nemesis","ascension_level":0}}