{"host":"e29qre8pq09omr3z","time":1607858201,"event":{"mods":["Aspiration","BaseMod","Bestiary","Card Forge","Colored Map","Conspire","Custom Start","Defuse TimeMaze Blight","Energized Spire","FoggyMod","Highlight Path","Hubris","Infinite Spire","Minty Spire (QoL Compilation)","RNG Fix","Random Character Mod","Replay The Spire","Shop Mod","Spicy Shops","StSLib","SuperFastMode","The Blue Laboratory","Uncapped","vexMod"],"gold_per_floor":[112,112,112,112,112,112,187,147,173,173,148,148,148,148,148,220,220,234,234,234,234,234,234,234,234,313,313,313,341,341,85,85,160,160,176,176,276,276,35,62,62,89,89,89,105,105,105,105,105,182,260,260,266,266,266],"floor_reached":54,"playtime":10659,"items_purged":["Injury","Strike_B"],"score":1741,"play_id":"57c6dcdd-36fb-4884-9187-914c52615c7b","local_time":"20201213201641","is_ascension_mode":true,"campfire_choices":[{"data":"Strike_B","floor":6,"key":"PURGE"},{"data":"Strike_B","floor":10,"key":"PURGE"},{"data":"Defend_B","floor":12,"key":"PURGE"},{"floor":15,"key":"DIG"},{"data":"Streamline","floor":23,"key":"PURGE"},{"data":"Injury","floor":30,"key":"PURGE"},{"data":"Strike_B","floor":32,"key":"PURGE"},{"data":"Defend_B","floor":41,"key":"PURGE"},{"data":"Defend_B","floor":49,"key":"PURGE"}],"circlet_count":0,"master_deck":["Creative AI+1","Dualcast","Zap","Defend_B","Strike_B","Strike_B","Electrodynamics","Pot Of Greed","Pot Of Greed","Buffer","Zap+1","Ghostly+1","Ghostly+1","Ghostly+1","Creative AI+1","Dualcast+1","Zap+1","Defend_B+1","Defend_B+1","Defend_B+1","Electrodynamics","Pot Of Greed+1","Pot Of Greed+1","Buffer","Ball Lightning","Zap+1","Ghostly+1","Ghostly+1","Ghostly+1","Pot Of Greed+1","PiercingWail+1","Pot Of Greed+1","Malaise+1","PiercingWail+1","infinitespire:SealOfDarkness+","infinitespire:TheBestDefense+1","Fission+1","FTL","infinitespire:TheBestDefense+1","Slice+1","Panic Button+1","infinitespire:SealOfDarkness+","Pot Of Greed+1","Doppelganger+1","ReplayTheSpireMod:Chaos Vortex+1","Adrenaline+1","Chaos+1","Outmaneuver+1"],"relics":["Cracked Core","Hammer of Thor","Seething Fire","Anvil of the Gods","Ring of Chaos","Chemical X","Honey Jar","conspire:InfiniteJournal","Juzu Bracelet","Peace Pipe","Smiling Mask","Strange Spoon","The Courier","aspiration:TomeofQuesting","Torii","TungstenRod","Unceasing Top","BranchBurnRelic","MerchantsRug","Grinning Jar","Blue Candle","Toxic Egg 2","hubris:TenFootPole","Ring of Chaos","aspiration:SilentSkillbook","conspire:DecoderRing","hubris:BottledHeart","hubris:Icosahedron","aspiration:FetidBarrel","conspire:GlowingRock","Blue Doll","Frozen Egg 2","Prayer Wheel","Counterbalance","hubris:Spice","hubris:DisguiseKit","Ring of Panic","ReplayTheSpireMod:Ring of Exchange","hubris:CuriousFeather","vexMod:BigBerry","Ring of Chaos"],"acts_visited":["Exordium","TheCity","TheBeyond","Exordium"],"potions_floor_usage":[],"damage_taken":[{"damage":0,"enemies":"Jaw Worm","floor":1,"turns":3},{"damage":37,"enemies":"Fading Forest","floor":16,"turns":13},{"damage":30,"enemies":"2 Thieves","floor":18,"turns":3},{"damage":0,"enemies":"Nightmare","floor":29,"turns":15},{"damage":0,"enemies":"conspire:MysteriousRune","floor":33,"turns":12},{"damage":0,"enemies":"Orb Walker","floor":35,"turns":3},{"damage":0,"enemies":"infinitespire:Three Voidlings","floor":37,"turns":2},{"damage":0,"enemies":"Nightmare_Alpha","floor":37,"turns":16},{"damage":0,"enemies":"Nemesis","floor":40,"turns":9},{"damage":0,"enemies":"Nightmare","floor":42,"turns":11},{"damage":0,"enemies":"Replay:Hell Engine","floor":50,"turns":16},{"damage":0,"enemies":"Time Eater","floor":51,"turns":1},{"damage":0,"enemies":"Cultist","floor":53,"turns":2}],"seed_played":"7220461626142400697","potions_obtained":[{"floor":1,"key":"Dexterity Potion"},{"floor":16,"key":"SkillPotion"},{"floor":18,"key":"blueLaboratory:ExaltedPotion"},{"floor":20,"key":"Ancient Potion"},{"floor":20,"key":"blueLaboratory:TrueEctoplasm"},{"floor":29,"key":"Fire Potion"},{"floor":37,"key":"DistilledChaos"},{"floor":50,"key":"blueLaboratory:HeartbeatPotion"}],"is_trial":true,"path_per_floor":["M","?","?","$","?","R","?","$","T","R","?","R","T","?","R_BF","B",null,"M","?","?","?","?","R","?","AVR","T","?","?","NM","R","$","R","B",null,"M","?","?","?","$","E","R","NM","T","?","?","?","AVR","?","R","B","B",null,"M","?"],"character_chosen":"DEFECT","items_purchased":["MerchantsRug","Mango","Blue Doll","Frozen Egg 2"],"campfire_rested":0,"item_purchase_floors":[8,31,39,39],"current_hp_per_floor":[64,64,64,64,69,69,59,59,59,59,59,59,59,59,59,37,66,36,36,36,36,36,36,36,36,36,1,1,1,1,1,1,1,1,1,1,1,1,1,1,1,1,1,1,1,1,1,1,1,1,1,1,1,0,0],"gold":266,"neow_bonus":"","is_daily":false,"chose_seed":false,"campfire_upgraded":0,"win_rate":0.0,"timestamp":1607858201,"path_taken":["M","?","?","$","?","R","?","?","T","R","?","R","?","?","R_BF","BOSS","M","?","?","?","?","R","?","AVR","T","?","?","NM","R","$","R","BOSS","M","?","?","?","?","E","R","NM","T","?","?","?","AVR","?","R","BOSS","BOSS","M","?"],"items_purchased_type":["Relic","Relic","Relic","Relic"],"build_version":"2020-11-30","purchased_purges":2,"victory":false,"max_hp_per_floor":[71,71,71,71,76,76,76,76,76,76,76,76,76,76,76,76,76,76,76,76,76,38,38,38,38,38,1,1,1,1,1,1,1,1,1,1,1,1,1,1,1,1,1,1,1,1,1,1,1,1,1,1,1,1,1],"card_choices":[{"not_picked":["Leap","Fusion","Barrage"],"picked":"Streamline","floor":1},{"not_picked":["Echo Form","Hyperbeam","hubris:DoWhile+1"],"picked":"Buffer","floor":16},{"not_picked":["Go for the Eyes","ReplayTheSpireMod:Repulse+1","Redo+1"],"picked":"Ball Lightning","floor":18},{"not_picked":["Deadly Poison+1","Hologram+1","Cloak And Dagger+1","Sweeping Beam"],"picked":"PiercingWail+1","floor":29},{"not_picked":["Tools of the Trade","Hyperbeam","Poison Darts+1","Die Die Die"],"picked":"Malaise+1","floor":33},{"not_picked":["Coolheaded+1","Hidden Blade+1","Leap+1","Self Repair+1"],"picked":"PiercingWail+1","floor":35},{"not_picked":["ReplayTheSpireMod:Haul","ReplayTheSpireMod:Black Plague"],"picked":"infinitespire:SealOfDarkness+","floor":37},{"not_picked":["Well Laid Plans","Catalyst+1","Flying Knee","Blade Dance+1"],"picked":"ReplayTheSpireMod:Fabricate Wheel+1","floor":37},{"not_picked":["ReplayTheSpireMod:Chaos Vortex","ReplayTheSpireMod:??????????????????????"],"picked":"infinitespire:TheBestDefense","floor":38},{"not_picked":["Fusion+1","All For One","Go for the Eyes","Bane"],"picked":"FTL","floor":40},{"not_picked":["hubris:Fate","infinitespire:FutureSight"],"picked":"infinitespire:TheBestDefense","floor":42},{"not_picked":["Deadly Poison+1","Conserve Battery+1","Rebound","Blade Dance+1"],"picked":"Slice+1","floor":42},{"not_picked":["conspire:Rain+1","Streamline","Coolheaded+1","Doom and Gloom","Hidden Blade"],"picked":"Panic Button+1","floor":45},{"not_picked":["Grand Finale","Rainbow+1","Creative AI+1","Reboot+1","Storm of Steel"],"picked":"Doppelganger+1","floor":50},{"not_picked":["Replay:Fractal Strike","infinitespire:Oblivion"],"picked":"ReplayTheSpireMod:Chaos Vortex","floor":51},{"not_picked":["Envenom+1","Amplify+1","Replay:Bag of Tricks+1","Grand Finale","Tools of the Trade"],"picked":"Adrenaline+1","floor":51},{"not_picked":["Steam+1","Capacitor+1","Backflip+1","Stack+1","Dodge and Roll"],"picked":"Chaos+1","floor":53},{"not_picked":["Acrobatics+1","Backstab","Sweeping Beam","Sunder","Flying Knee"],"picked":"Outmaneuver+1","floor":53}],"player_experience":492647,"relics_obtained":[{"floor":9,"key":"Grinning Jar"},{"floor":13,"key":"Blue Candle"},{"floor":15,"key":"hubris:TenFootPole"},{"floor":26,"key":"conspire:DecoderRing"},{"floor":29,"key":"aspiration:FetidBarrel"},{"floor":37,"key":"conspire:GlowingRock"},{"floor":40,"key":"Counterbalance"},{"floor":42,"key":"hubris:Spice"},{"floor":43,"key":"hubris:DisguiseKit"},{"floor":44,"key":"Ring of Panic"},{"floor":44,"key":"ReplayTheSpireMod:Ring of Exchange"},{"floor":45,"key":"hubris:CuriousFeather"}],"event_choices":[{"damage_healed":0,"gold_gain":0,"player_choice":"1 cards matched","damage_taken":0,"max_hp_gain":0,"max_hp_loss":0,"event_name":"Match and Keep!","floor":2,"gold_loss":0,"cards_obtained":["Electrodynamics"]},{"damage_healed":0,"gold_gain":0,"player_choice":"Upgraded","damage_taken":0,"max_hp_gain":0,"max_hp_loss":0,"event_name":"Upgrade Shrine","floor":3,"gold_loss":0,"cards_upgraded":["Creative AI"]},{"damage_healed":0,"gold_gain":0,"player_choice":"Donut","damage_taken":0,"max_hp_gain":5,"max_hp_loss":0,"event_name":"Big Fish","floor":5,"gold_loss":0},{"damage_healed":0,"gold_gain":75,"player_choice":"Gather Gold","damage_taken":11,"max_hp_gain":0,"max_hp_loss":0,"event_name":"World of Goop","floor":7,"gold_loss":0},{"damage_healed":0,"gold_gain":0,"player_choice":"Ignored","damage_taken":0,"max_hp_gain":0,"max_hp_loss":0,"event_name":"Vampires","floor":19,"gold_loss":0},{"damage_healed":0,"gold_gain":0,"player_choice":"Got Potions","damage_taken":0,"max_hp_gain":0,"max_hp_loss":0,"event_name":"Lab","floor":20,"gold_loss":0},{"damage_healed":0,"gold_gain":0,"player_choice":"1 cards matched","damage_taken":0,"max_hp_gain":0,"max_hp_loss":0,"event_name":"Match and Keep!","floor":21,"gold_loss":0,"cards_obtained":["Zap"]},{"damage_healed":0,"gold_gain":0,"player_choice":"Became a Ghost","damage_taken":0,"max_hp_gain":0,"max_hp_loss":38,"event_name":"Ghosts","floor":22,"gold_loss":0,"cards_obtained":["Ghostly","Ghostly","Ghostly"]},{"damage_healed":0,"gold_gain":0,"player_choice":"Ignored","damage_taken":0,"max_hp_gain":0,"max_hp_loss":0,"event_name":"Tomb of Lord Red Mask","floor":36,"gold_loss":0},{"cards_removed":["Ball Lightning"],"damage_healed":0,"gold_gain":0,"player_choice":"Removed Attack","damage_taken":0,"max_hp_gain":0,"max_hp_loss":0,"event_name":"Falling","floor":46,"gold_loss":0},{"damage_healed":0,"gold_gain":0,"player_choice":"0 cards matched","damage_taken":0,"max_hp_gain":0,"max_hp_loss":0,"event_name":"Match and Keep!","floor":48,"gold_loss":0,"cards_obtained":[]}],"is_beta":false,"boss_relics":[{"not_picked":["Fusion Hammer","aspiration:FutureDiary"],"picked":"Ring of Chaos"},{"not_picked":["Philosopher\u0027s Stone","energizedSpire:StickyHand"],"picked":"Snecko Heart"},{"not_picked":["hubris:Spice","hubris:Spice"],"picked":"vexMod:BigBerry"}],"items_purged_floors":[31,39],"is_endless":true,"potions_floor_spawned":[1,16,18,29,37,50],"ascension_level":20}}