{"host":"t75twhtg6c476ygg","time":1607869316,"event":{"mods":["BaseMod","Colored Powertips","Minty Spire (QoL Compilation)","Quick Restart","StSLib"],"gold_per_floor":[114,114,129,129,441,471,486,486,511,541,541,1298,1317,1336,1336,1461,1461,1480,876,895,914,464,483,483,502,552,571,571,609,609,628,628,753,753,772,835,1168,1168,345,375,375,15,65,2180,40,55,55,70,70,70],"floor_reached":51,"playtime":2636,"items_purged":["Pain","Study","ThirdEye"],"score":1057,"play_id":"c7b75731-3e81-456c-9da6-8dfcc7ebc6c8","local_time":"20201213142156","daily_mods":["Specialized","Colorless Cards","Binary"],"is_ascension_mode":false,"campfire_choices":[{"data":"FollowUp","floor":8.0,"key":"SMITH"},{"data":"BattleHymn","floor":15.0,"key":"SMITH"},{"data":"TalkToTheHand","floor":24.0,"key":"SMITH"},{"data":"Vault","floor":28.0,"key":"SMITH"},{"data":"Ragnarok","floor":32.0,"key":"SMITH"},{"data":"1","floor":47.0,"key":"LIFT"},{"data":"2","floor":49.0,"key":"LIFT"}],"circlet_count":0,"master_deck":["Eruption+1","Vigilance","ThirdEye+1","ThirdEye","EmptyFist","FollowUp+1","Indignation","WreathOfFlame","Establishment","FearNoEvil+1","BattleHymn+1","Adaptation","FollowUp","Ragnarok+1","Protect","TalkToTheHand+1","Evaluate+1","DevaForm","Study","MentalFortress","Vault+1","Mayhem","Study"],"relics":["PureWater","WarpedTongs","The Courier","Membership Card","GoldenEye","Torii","TeardropLocket","Strawberry","Akabeko","Pantograph","OrangePellets","Damaru","Orichalcum","HornCleat","Empty Cage","Anchor","Omamori","Mango","Bottled Flame","Thread and Needle","TungstenRod","Gremlin Horn","Unceasing Top","War Paint","Dream Catcher","InkBottle","Pandora\u0027s Box","Mummified Hand","Dead Branch","Girya","Bronze Scales","Happy Flower","Pear","Ornamental Fan","Vajra","Matryoshka","Nunchaku","Toxic Egg 2","Darkstone Periapt","Sling","Bag of Marbles","Oddly Smooth Stone","PreservedInsect","Ancient Tea Set","Pen Nib","StrikeDummy","Bag of Preparation","Old Coin","Juzu Bracelet","Whetstone","Lantern","Art of War","White Beast Statue","Blue Candle","Singing Bowl","Ginger","Frozen Egg 2","CaptainsWheel","Yang","Shuriken","Eternal Feather","Sundial","Molten Egg 2","Mercury Hourglass","Letter Opener","Kunai","Pocketwatch","Meat on the Bone","Calipers","Gambling Chip"],"acts_visited":["Exordium","TheCity","TheBeyond"],"potions_floor_usage":[50],"damage_taken":[{"damage":9.0,"enemies":"Small Slimes","floor":1.0,"turns":4.0},{"damage":2.0,"enemies":"Cultist","floor":3.0,"turns":5.0},{"damage":13.0,"enemies":"Lagavulin","floor":6.0,"turns":9.0},{"damage":0.0,"enemies":"2 Louse","floor":7.0,"turns":3.0},{"damage":3.0,"enemies":"3 Sentries","floor":10.0,"turns":7.0},{"damage":6.0,"enemies":"Exordium Thugs","floor":13.0,"turns":4.0},{"damage":2.0,"enemies":"Lots of Slimes","floor":14.0,"turns":4.0},{"damage":0.0,"enemies":"Slime Boss","floor":16.0,"turns":3.0},{"damage":1.0,"enemies":"Chosen","floor":18.0,"turns":2.0},{"damage":0.0,"enemies":"Shell Parasite","floor":20.0,"turns":3.0},{"damage":15.0,"enemies":"Shelled Parasite and Fungi","floor":21.0,"turns":8.0},{"damage":0.0,"enemies":"Chosen and Byrds","floor":23.0,"turns":3.0},{"damage":0.0,"enemies":"Centurion and Healer","floor":25.0,"turns":6.0},{"damage":0.0,"enemies":"3 Cultists","floor":27.0,"turns":1.0},{"damage":0.0,"enemies":"Gremlin Leader","floor":29.0,"turns":4.0},{"damage":0.0,"enemies":"Snecko","floor":31.0,"turns":8.0},{"damage":25.0,"enemies":"Automaton","floor":33.0,"turns":7.0},{"damage":0.0,"enemies":"Orb Walker","floor":35.0,"turns":1.0},{"damage":0.0,"enemies":"Mind Bloom Boss Battle","floor":36.0,"turns":5.0},{"damage":0.0,"enemies":"Reptomancer","floor":40.0,"turns":4.0},{"damage":0.0,"enemies":"3 Darklings","floor":44.0,"turns":1.0},{"damage":0.0,"enemies":"4 Shapes","floor":46.0,"turns":1.0},{"damage":0.0,"enemies":"Jaw Worm Horde","floor":48.0,"turns":1.0},{"damage":0,"enemies":"Time Eater","floor":50,"turns":1}],"seed_played":"4834798368356638827","potions_obtained":[{"floor":1.0,"key":"Weak Potion"},{"floor":10.0,"key":"Dexterity Potion"},{"floor":13.0,"key":"Block Potion"},{"floor":20.0,"key":"CultistPotion"},{"floor":29.0,"key":"EntropicBrew"},{"floor":35.0,"key":"BottledMiracle"}],"is_trial":false,"path_per_floor":["M","?","M","?","$","E","M","R","T","E","?","$","M","M","R","B",null,"M","$","M","M","$","M","R","M","T","M","R","E","?","M","R","B",null,"M","?","?","?","$","E","?","$","T","M","$","M","R","M","R","B",null],"character_chosen":"WATCHER","items_purchased":["Membership Card","GoldenEye","Torii","TeardropLocket","OrangePellets","Damaru","Orichalcum","HornCleat","FearNoEvil","BattleHymn","Adaptation","FollowUp","Ragnarok","Anchor","Omamori","Mango","Bottled Flame","DevaForm","Study","MentalFortress","Thread and Needle","Study","TungstenRod","Gremlin Horn","Unceasing Top","War Paint","Girya","Bronze Scales","Happy Flower","Pear","Ornamental Fan","Vajra","Matryoshka","Nunchaku","Toxic Egg 2","Sling","Bag of Marbles","Oddly Smooth Stone","PreservedInsect","Ancient Tea Set","Pen Nib","Juzu Bracelet","Whetstone","Lantern","Art of War","White Beast Statue","Blue Candle","Singing Bowl","Ginger","Frozen Egg 2","CaptainsWheel","Yang","Shuriken","Eternal Feather","Sundial","Molten Egg 2","Mercury Hourglass","Letter Opener","Kunai","Pocketwatch","Meat on the Bone","Calipers","Gambling Chip"],"campfire_rested":0,"item_purchase_floors":[5,5,5,5,12,12,12,12,12,12,12,12,12,19,19,19,19,19,19,19,19,19,22,22,22,22,39,39,39,39,39,39,39,39,39,42,42,42,42,42,42,45,45,45,45,45,45,45,45,45,45,45,45,45,45,45,45,45,45,45,45,45,45],"current_hp_per_floor":[63,68,66,66,66,60,60,60,60,57,57,57,51,49,49,74,79,78,92,92,77,77,77,77,77,77,77,77,77,77,77,77,68,93,93,93,93,88,98,98,98,98,98,98,98,100,100,102,102,102],"gold":70,"neow_bonus":"","is_daily":true,"chose_seed":false,"campfire_upgraded":5,"win_rate":0.0,"timestamp":1607869316,"path_taken":["M","?","?","?","?","E","?","R","T","E","?","?","M","M","R","BOSS","M","$","M","M","$","M","R","M","T","M","R","E","?","M","R","BOSS","M","?","?","?","?","E","?","$","T","M","$","M","R","M","R","BOSS"],"items_purchased_type":["Relic","Relic","Relic","Relic","Relic","Relic","Relic","Relic","Card","Card","Card","Card","Card","Relic","Relic","Relic","Relic","Card","Card","Card","Relic","Card","Relic","Relic","Relic","Relic","Relic","Relic","Relic","Relic","Relic","Relic","Relic","Relic","Relic","Relic","Relic","Relic","Relic","Relic","Relic","Relic","Relic","Relic","Relic","Relic","Relic","Relic","Relic","Relic","Relic","Relic","Relic","Relic","Relic","Relic","Relic","Relic","Relic","Relic","Relic","Relic","Relic"],"build_version":"2020-11-30","purchased_purges":3,"victory":true,"max_hp_per_floor":[72,72,72,72,72,79,79,79,79,79,79,79,79,79,79,79,79,79,93,93,93,93,93,93,93,93,93,93,93,93,93,93,93,93,93,93,93,88,98,98,98,98,98,98,98,100,100,102,102,102],"card_choices":[{"not_picked":["Halt"],"picked":"EmptyFist","floor":1.0},{"not_picked":["CrushJoints"],"picked":"FollowUp","floor":3.0},{"not_picked":["Finesse","Flash of Steel"],"picked":"SKIP","floor":6.0},{"not_picked":["SashWhip","PathToVictory"],"picked":"SKIP","floor":7.0},{"not_picked":["FlyingSleeves"],"picked":"Indignation","floor":10.0},{"not_picked":["CrushJoints"],"picked":"Protect","floor":13.0},{"not_picked":["SashWhip"],"picked":"TalkToTheHand","floor":14.0},{"not_picked":["Consecrate+1"],"picked":"Evaluate+1","floor":18.0},{"not_picked":["CrushJoints","ThirdEye"],"picked":"SKIP","floor":20.0},{"not_picked":["LikeWater+1","Halt"],"picked":"SKIP","floor":21.0},{"not_picked":["BattleHymn","Evaluate"],"picked":"SKIP","floor":23.0},{"not_picked":["EmptyBody","FollowUp+1"],"picked":"SKIP","floor":25.0},{"not_picked":["JustLucky"],"picked":"Vault","floor":27.0},{"not_picked":["SashWhip","ConjureBlade"],"picked":"SKIP","floor":29.0},{"not_picked":["BowlingBash","Evaluate"],"picked":"SKIP","floor":31.0},{"not_picked":["Master of Strategy"],"picked":"Mayhem","floor":33.0},{"not_picked":["JustLucky","SignatureMove+1"],"picked":"SKIP","floor":35.0},{"not_picked":["SignatureMove+1","ForeignInfluence+1"],"picked":"SKIP","floor":40.0},{"not_picked":["ClearTheMind+1","PathToVictory+1"],"picked":"SKIP","floor":44.0},{"not_picked":["Crescendo+1","Wireheading+1"],"picked":"Singing Bowl","floor":46.0},{"not_picked":["ThirdEye+1","EmptyFist+1"],"picked":"Singing Bowl","floor":48.0}],"player_experience":175412,"relics_obtained":[{"floor":6.0,"key":"Strawberry"},{"floor":9.0,"key":"Akabeko"},{"floor":10.0,"key":"Pantograph"},{"floor":26.0,"key":"Dream Catcher"},{"floor":29.0,"key":"InkBottle"},{"floor":36.0,"key":"Dead Branch"},{"floor":40.0,"key":"Darkstone Periapt"},{"floor":43.0,"key":"StrikeDummy"},{"floor":43.0,"key":"Bag of Preparation"}],"event_choices":[{"cards_removed":["ThirdEye"],"damage_healed":5.0,"max_hp_gain":0.0,"max_hp_loss":0.0,"gold_gain":0.0,"event_name":"Bonfire Elementals","player_choice":"Offered Common","floor":2.0,"gold_loss":0.0,"damage_taken":0.0},{"cards_removed":["ThirdEye"],"damage_healed":5.0,"max_hp_gain":0.0,"max_hp_loss":0.0,"gold_gain":0.0,"event_name":"Bonfire Elementals","player_choice":"Offered Special","floor":2.0,"gold_loss":0.0,"damage_taken":0.0},{"damage_healed":0.0,"max_hp_gain":0.0,"max_hp_loss":0.0,"gold_gain":0.0,"event_name":"Accursed Blacksmith","player_choice":"Rummage","floor":4.0,"gold_loss":0.0,"damage_taken":0.0,"relics_obtained":["WarpedTongs"],"cards_obtained":["Pain"]},{"damage_healed":0.0,"max_hp_gain":0.0,"max_hp_loss":0.0,"gold_gain":0.0,"event_name":"Match and Keep!","player_choice":"2 cards matched","floor":11.0,"gold_loss":0.0,"damage_taken":0.0,"cards_obtained":["WreathOfFlame","Establishment"]},{"damage_healed":0.0,"max_hp_gain":0.0,"max_hp_loss":0.0,"gold_gain":0.0,"event_name":"Vampires","player_choice":"Ignored","floor":30.0,"gold_loss":0.0,"damage_taken":0.0},{"damage_healed":0.0,"max_hp_gain":0.0,"max_hp_loss":0.0,"gold_gain":0.0,"event_name":"MindBloom","player_choice":"Fight","floor":36.0,"gold_loss":0.0,"damage_taken":0.0},{"damage_healed":0.0,"max_hp_gain":0.0,"max_hp_loss":0.0,"gold_gain":333.0,"event_name":"The Moai Head","player_choice":"Gave Idol","floor":37.0,"relics_lost":["Golden Idol"],"gold_loss":0.0,"damage_taken":0.0},{"damage_healed":0.0,"max_hp_gain":0.0,"max_hp_loss":5.0,"gold_gain":0.0,"event_name":"Winding Halls","player_choice":"Max HP","floor":38.0,"gold_loss":0.0,"damage_taken":0.0},{"damage_healed":0.0,"max_hp_gain":0.0,"max_hp_loss":0.0,"gold_gain":0.0,"cards_transformed":["ThirdEye"],"event_name":"Transmorgrifier","player_choice":"Transformed","floor":41.0,"gold_loss":0.0,"damage_taken":0.0,"cards_obtained":["Study"]}],"is_beta":false,"boss_relics":[{"not_picked":["HolyWater","Tiny House"],"picked":"Empty Cage"},{"not_picked":["Fusion Hammer","Philosopher\u0027s Stone"],"picked":"Pandora\u0027s Box"}],"items_purged_floors":[5,22,39],"is_endless":false,"potions_floor_spawned":[1,10,13,20,23,29,31,33,35,46,48],"ascension_level":0}}