{"host":"ow9msrs9p2ctkx99","time":1607861645,"event":{"mods":["AchievementEnabler","BaseMod","Colored Map","Colored Powertips","Minty Spire (QoL Compilation)","Permanent Neow","Quick Restart","SuperFastMode"],"gold_per_floor":[114,114,114,114,130,130,192,204,229,263,263,294,294,306,306,401,401,418,418,343,357,204,238,238,248,300,300,300],"floor_reached":27,"playtime":475,"items_purged":["Parasite"],"score":370,"play_id":"a7669b7e-c7ca-42cc-8fcc-967b1d15e3e8","local_time":"20201213131405","is_ascension_mode":true,"campfire_choices":[{"data":"Dualcast","floor":6.0,"key":"SMITH"},{"floor":15,"key":"REST"},{"floor":24,"key":"REST"}],"circlet_count":0,"master_deck":["AscendersBane","Strike_B","Strike_B","Strike_B","Defend_B","Defend_B+1","Defend_B","Defend_B","Zap","Dualcast+1","The Bomb","Double Energy+1","FTL","BootSequence","Defragment","Chill+1","Melter","Biased Cognition","Redo+1","Compile Driver+1","Aggregate","Reboot","Cold Snap+1","Writhe"],"relics":["Cracked Core","Vajra","Akabeko","Boot","Blood Vial","War Paint","Cursed Key","Art of War","Pen Nib","Lantern"],"acts_visited":["Exordium","TheCity"],"potions_floor_usage":[27],"damage_taken":[{"damage":2.0,"enemies":"2 Louse","floor":1.0,"turns":3.0},{"damage":2.0,"enemies":"Jaw Worm","floor":5.0,"turns":2.0},{"damage":15.0,"enemies":"3 Sentries","floor":7.0,"turns":4.0},{"damage":4.0,"enemies":"Small Slimes","floor":8.0,"turns":3.0},{"damage":10.0,"enemies":"3 Sentries","floor":10.0,"turns":4.0},{"damage":8,"enemies":"Gremlin Nob","floor":12,"turns":3},{"damage":3,"enemies":"Looter","floor":14,"turns":3},{"damage":26,"enemies":"The Guardian","floor":16,"turns":10},{"damage":1,"enemies":"Shell Parasite","floor":18,"turns":3},{"damage":0,"enemies":"Chosen","floor":21,"turns":4},{"damage":59,"enemies":"Book of Stabbing","floor":23,"turns":7},{"damage":13,"enemies":"3 Cultists","floor":25,"turns":6},{"damage":22,"enemies":"Masked Bandits","floor":27,"turns":3}],"seed_played":"4614041572459554373","potions_obtained":[{"floor":1.0,"key":"Energy Potion"},{"floor":8.0,"key":"LiquidBronze"},{"floor":10.0,"key":"BlessingOfTheForge"},{"floor":18,"key":"CultistPotion"}],"is_trial":false,"path_per_floor":["M","?","?","$","M","R","?","M","T","E","?","E","?","M","R","B",null,"M","?","?","M","$","E","R","M","T","?"],"character_chosen":"DEFECT","items_purchased":["Aggregate"],"campfire_rested":2,"item_purchase_floors":[22],"current_hp_per_floor":[48,41,41,41,39,39,24,20,20,10,28,20,17,16,38,14,60,61,61,61,63,63,6,27,16,16,0,0],"gold":300,"neow_bonus":"RANDOM_COLORLESS_2","is_daily":false,"chose_seed":false,"campfire_upgraded":1,"win_rate":0.0,"timestamp":1607861645,"path_taken":["M","?","?","$","M","R","?","M","T","E","?","E","?","M","R","BOSS","M","?","?","M","$","E","R","M","T","?"],"items_purchased_type":["Card"],"build_version":"2020-11-30","purchased_purges":1,"victory":false,"max_hp_per_floor":[75,75,75,75,75,75,75,75,75,75,75,75,75,75,75,75,75,75,75,75,75,72,72,72,72,72,72,72],"card_choices":[{"not_picked":["Thinking Ahead","Sadistic Nature"],"picked":"The Bomb","floor":0.0},{"not_picked":["Turbo","Gash"],"picked":"Double Energy","floor":1.0},{"not_picked":["Double Energy","Barrage","Stack"],"picked":"SKIP","floor":5.0},{"not_picked":["Lockon","Beam Cell"],"picked":"FTL","floor":7.0},{"not_picked":["Steam","Barrage"],"picked":"BootSequence","floor":8.0},{"not_picked":["Turbo","Reprogram"],"picked":"Defragment","floor":10.0},{"not_picked":["Sweeping Beam","Storm"],"picked":"Chill","floor":12},{"not_picked":["Ball Lightning","Go for the Eyes"],"picked":"Melter","floor":14},{"not_picked":["Rainbow","Creative AI"],"picked":"Biased Cognition","floor":16},{"not_picked":["Leap","Recycle"],"picked":"Redo+1","floor":18},{"not_picked":["BootSequence","Barrage+1"],"picked":"Compile Driver+1","floor":21},{"not_picked":["Beam Cell","Doom and Gloom"],"picked":"Reboot","floor":23},{"not_picked":["Rip and Tear+1","Leap"],"picked":"Cold Snap+1","floor":25}],"player_experience":1007037,"relics_obtained":[{"floor":7.0,"key":"Vajra"},{"floor":9.0,"key":"Akabeko"},{"floor":10.0,"key":"Boot"},{"floor":12,"key":"Blood Vial"},{"floor":23,"key":"Pen Nib"},{"floor":26,"key":"Lantern"}],"event_choices":[{"cards_removed":["Strike_B"],"damage_healed":0.0,"max_hp_gain":0.0,"max_hp_loss":0.0,"gold_gain":0.0,"event_name":"Golden Wing","player_choice":"Card Removal","floor":2.0,"gold_loss":0.0,"damage_taken":7.0},{"damage_healed":0.0,"max_hp_gain":0.0,"max_hp_loss":0.0,"gold_gain":0.0,"event_name":"Living Wall","player_choice":"Grow","floor":3.0,"gold_loss":0.0,"damage_taken":0.0,"cards_upgraded":["Double Energy"]},{"damage_healed":0.0,"max_hp_gain":0.0,"max_hp_loss":0.0,"gold_gain":30.0,"event_name":"Dead Adventurer","player_choice":"Searched \u00272\u0027 times","floor":7.0,"gold_loss":0.0,"damage_taken":0.0},{"damage_healed":18.0,"max_hp_gain":0.0,"max_hp_loss":0.0,"gold_gain":0.0,"event_name":"Mushrooms","player_choice":"Healed and dodged fight","floor":11.0,"gold_loss":0.0,"damage_taken":0.0,"cards_obtained":["Parasite"]},{"damage_healed":0,"gold_gain":0,"player_choice":"Success","damage_taken":3,"relics_obtained":["War Paint"],"max_hp_gain":0,"max_hp_loss":0,"event_name":"Scrap Ooze","floor":13,"gold_loss":0},{"damage_healed":0,"gold_gain":0,"player_choice":"Opened","damage_taken":0,"relics_obtained":["Art of War"],"max_hp_gain":0,"max_hp_loss":0,"event_name":"The Mausoleum","floor":19,"gold_loss":0,"cards_obtained":["Writhe"]},{"cards_removed":["Writhe"],"damage_healed":0,"gold_gain":0,"player_choice":"Gave Gold","damage_taken":0,"max_hp_gain":0,"max_hp_loss":0,"event_name":"Beggar","floor":20,"gold_loss":75},{"damage_healed":0,"gold_gain":0,"player_choice":"Fought Bandits","damage_taken":0,"max_hp_gain":0,"max_hp_loss":0,"event_name":"Masked Bandits","floor":27,"gold_loss":0}],"is_beta":false,"boss_relics":[{"not_picked":["Astrolabe","Black Star"],"picked":"Cursed Key"}],"items_purged_floors":[22],"is_endless":false,"potions_floor_spawned":[1,8,10,18,21],"killed_by":"Masked Bandits","ascension_level":11}}