{"host":"x1qj4d8ympd5jdqh","time":1607862327,"event":{"mods":["AchievementEnabler","AlwaysNeverKeys","BaseMod","Colored Map","Custom Start","DeckTracker","Highlight Path","Minty Spire (QoL Compilation)","StSLib","SuperFastMode"],"gold_per_floor":[109,109,123,139,64,64,75,103,181,181,197,197,17,17,17,110,110,126,139,154,154,187,187,187,187],"floor_reached":24,"playtime":598,"items_purged":["Strike_G","Strike_G"],"score":392,"play_id":"1a91fc3a-69fc-47e6-8a6d-2553d4df421e","local_time":"20201213212527","is_ascension_mode":true,"campfire_choices":[{"data":"Calculated Gamble","floor":6.0,"key":"SMITH"},{"floor":10.0,"key":"REST"},{"floor":15.0,"key":"REST"},{"floor":23,"key":"REST"}],"circlet_count":0,"master_deck":["AscendersBane","Strike_G","Strike_G","Defend_G+1","Defend_G","Defend_G","Defend_G","Defend_G","Survivor+1","Neutralize","Poisoned Stab+1","Calculated Gamble+1","Dagger Spray","Dagger Throw","Deadly Poison","Footwork+1","A Thousand Cuts+1","PiercingWail","Noxious Fumes+1","Backflip+1"],"relics":["Ring of the Snake","Bird Faced Urn","Frozen Egg 2","Golden Idol","Fusion Hammer","Red Mask"],"acts_visited":["Exordium","TheCity"],"potions_floor_usage":[19,22],"damage_taken":[{"damage":1.0,"enemies":"Jaw Worm","floor":1.0,"turns":4.0},{"damage":1.0,"enemies":"Cultist","floor":3.0,"turns":4.0},{"damage":4.0,"enemies":"Small Slimes","floor":4.0,"turns":3.0},{"damage":9.0,"enemies":"2 Fungi Beasts","floor":7.0,"turns":3.0},{"damage":15.0,"enemies":"Lagavulin","floor":8.0,"turns":5.0},{"damage":11.0,"enemies":"3 Louse","floor":11.0,"turns":3.0},{"damage":10.0,"enemies":"Hexaghost","floor":16.0,"turns":11.0},{"damage":19.0,"enemies":"3 Byrds","floor":18.0,"turns":5.0},{"damage":8,"enemies":"Chosen","floor":19,"turns":6},{"damage":10,"enemies":"Snake Plant","floor":20,"turns":4},{"damage":30,"enemies":"Masked Bandits","floor":22,"turns":3},{"damage":22,"enemies":"Cultist and Chosen","floor":24,"turns":4}],"seed_played":"-7253107927588273877","potions_obtained":[{"floor":4.0,"key":"PowerPotion"},{"floor":8.0,"key":"Dexterity Potion"},{"floor":16.0,"key":"Dexterity Potion"},{"floor":19,"key":"DuplicationPotion"}],"is_trial":false,"path_per_floor":["M","?","M","M","$","R","M","E","T","R","M","?","$","?","R","B",null,"M","M","M","?","?","R","M"],"character_chosen":"THE_SILENT","items_purchased":["Footwork+1"],"campfire_rested":3,"item_purchase_floors":[13],"current_hp_per_floor":[58,58,57,53,53,53,44,29,29,48,37,37,37,19,37,29,52,37,33,29,29,7,25,9,9],"gold":187,"neow_bonus":"TRANSFORM_CARD","is_daily":false,"chose_seed":false,"campfire_upgraded":1,"win_rate":0.0,"timestamp":1607862327,"path_taken":["M","?","M","M","?","R","M","E","T","R","M","?","$","?","R","BOSS","M","M","M","?","?","R","M"],"items_purchased_type":["Card"],"build_version":"2020-11-30","purchased_purges":2,"victory":false,"max_hp_per_floor":[66,66,66,66,66,66,66,66,66,66,66,60,60,60,60,60,60,60,60,60,60,60,60,60,60],"card_choices":[{"not_picked":["Blade Dance","Choke"],"picked":"Calculated Gamble","floor":1.0},{"not_picked":["Sucker Punch","Dodge and Roll"],"picked":"Dagger Spray","floor":3.0},{"not_picked":["Cloak And Dagger","Underhanded Strike"],"picked":"Dagger Throw","floor":4.0},{"not_picked":["Dagger Throw","Deflect"],"picked":"Deadly Poison","floor":7.0},{"not_picked":["Slice","Bane","Leg Sweep"],"picked":"SKIP","floor":8.0},{"not_picked":["Quick Slash","Sucker Punch","Unload"],"picked":"SKIP","floor":11.0},{"not_picked":["Unload","Storm of Steel"],"picked":"A Thousand Cuts+1","floor":16.0},{"not_picked":["Sucker Punch","Blade Dance"],"picked":"PiercingWail","floor":18.0},{"not_picked":["Escape Plan","Prepared"],"picked":"Noxious Fumes+1","floor":19},{"not_picked":["Dodge and Roll","Flying Knee","Cloak And Dagger"],"picked":"SKIP","floor":20},{"not_picked":["Dash","Setup"],"picked":"Backflip+1","floor":22}],"player_experience":1217047,"relics_obtained":[{"floor":8.0,"key":"Bird Faced Urn"},{"floor":9.0,"key":"Frozen Egg 2"},{"floor":22,"key":"Red Mask"}],"event_choices":[{"damage_healed":0.0,"max_hp_gain":0.0,"max_hp_loss":0.0,"gold_gain":0.0,"event_name":"Upgrade Shrine","player_choice":"Upgraded","floor":2.0,"gold_loss":0.0,"damage_taken":0.0,"cards_upgraded":["Poisoned Stab"]},{"damage_healed":0.0,"max_hp_gain":0.0,"max_hp_loss":6.0,"gold_gain":0.0,"event_name":"Golden Idol","player_choice":"Lose Max HP","floor":12.0,"gold_loss":0.0,"damage_taken":0.0,"relics_obtained":["Golden Idol"]},{"damage_healed":0.0,"max_hp_gain":0.0,"max_hp_loss":0.0,"gold_gain":0.0,"event_name":"Shining Light","player_choice":"Entered Light","floor":14.0,"gold_loss":0.0,"damage_taken":18.0,"cards_upgraded":["Defend_G","Survivor"]},{"damage_healed":0,"gold_gain":0,"player_choice":"Ignored","damage_taken":0,"max_hp_gain":0,"max_hp_loss":0,"event_name":"The Mausoleum","floor":21,"gold_loss":0},{"damage_healed":0,"gold_gain":0,"player_choice":"Fought Bandits","damage_taken":0,"max_hp_gain":0,"max_hp_loss":0,"event_name":"Masked Bandits","floor":22,"gold_loss":0}],"is_beta":false,"boss_relics":[{"not_picked":["Runic Dome","Velvet Choker"],"picked":"Fusion Hammer"}],"items_purged_floors":[5,13],"is_endless":false,"potions_floor_spawned":[4,8,16,19],"killed_by":"Cultist and Chosen","ascension_level":20}}