{"host":"i0nzj1s6ag4x3c6t","time":1607873128,"event":{"mods":["BaseMod","Colored Powertips","Downfall","Marisa£®ÏF”Í°°ƒß¿Ì…≥£©","Minty Spire (QoL Compilation)","Quick Restart","Replay The Spire","StSLib","The Servant 0.9.4","Yuri Mod"],"gold_per_floor":[110,125,125,143,160,160,190,209,236,250,250,284,10,28,28,123,123,143,143,155,166,186,186,186,186],"floor_reached":24,"playtime":1178,"items_purged":["Defend_MRS"],"score":212,"play_id":"04e79d99-4395-4eb9-bc7f-dda1066040b9","local_time":"20201213232528","is_ascension_mode":false,"campfire_choices":[{"data":"PulseMagic","floor":6,"key":"SMITH"},{"floor":11,"key":"REST"},{"floor":15,"key":"REST"},{"data":"PowerUp","floor":23,"key":"SMITH"}],"circlet_count":0,"master_deck":["Strike_MRS","Strike_MRS","Defend_MRS","Defend_MRS","Defend_MRS","MasterSpark+1","UpSweep","Acceleration","PulseMagic+1","PowerUp+1","Parasite","Parasite","IllusionStar","AbsoluteMagnitude+1","DarkMatter+1","OortCloud+1","MysteriousBeam","LuminesStrike"],"relics":["MiniHakkero","NeowsBlessing","Replay:Mystery Machine","ReplayTheSpireMod:Lightbulb","Vajra","ShroomBag","Astrolabe"],"acts_visited":["Exordium","TheCity"],"potions_floor_usage":[7,7,12,22,22],"damage_taken":[{"damage":0,"enemies":"2 Louse","floor":1,"turns":1},{"damage":0,"enemies":"Cultist","floor":2,"turns":1},{"damage":0,"enemies":"Jaw Worm","floor":4,"turns":1},{"damage":15,"enemies":"Looter","floor":5,"turns":3},{"damage":33,"enemies":"Gremlin Nob","floor":7,"turns":4},{"damage":7,"enemies":"2 Fungi Beasts","floor":8,"turns":3},{"damage":19,"enemies":"Lots of Slimes","floor":10,"turns":5},{"damage":20,"enemies":"3 Sentries","floor":12,"turns":6},{"damage":0,"enemies":"Large Slime","floor":14,"turns":4},{"damage":12,"enemies":"Fading Forest","floor":16,"turns":11},{"damage":11,"enemies":"Chosen","floor":18,"turns":5},{"damage":13,"enemies":"2 Thieves","floor":20,"turns":4},{"damage":24,"enemies":"Snake Plant","floor":21,"turns":3},{"damage":0,"enemies":"Snecko","floor":22,"turns":5},{"damage":42,"enemies":"Book of Stabbing","floor":24,"turns":4}],"seed_played":"-5303026523742963513","potions_obtained":[{"floor":4,"key":"SpeedPotion"},{"floor":5,"key":"SpeedPotion"},{"floor":10,"key":"Explosive Potion"},{"floor":20,"key":"LifebloodPotion"},{"floor":21,"key":"Swift Potion"}],"is_trial":false,"path_per_floor":["M","M","?","M","M","R","E","M","T","M","R","E","$","M","R","B",null,"M","?","M","M","M","R","E"],"character_chosen":"MARISA","items_purchased":["ShroomBag","IllusionStar"],"campfire_rested":2,"item_purchase_floors":[13,13],"current_hp_per_floor":[75,75,75,75,60,60,27,20,20,1,23,3,3,7,29,31,75,64,64,53,33,37,37,0,0],"gold":186,"neow_bonus":"THREE_ENEMY_KILL","is_daily":false,"chose_seed":false,"campfire_upgraded":2,"win_rate":0.0,"timestamp":1607873128,"path_taken":["M","M","?","M","?","R","E","?","T","M","R","E","?","?","R","BOSS","M","?","M","M","M","R","E"],"items_purchased_type":["Relic","Card"],"build_version":"2020-11-30","purchased_purges":1,"victory":false,"max_hp_per_floor":[75,75,75,75,75,75,75,75,75,75,75,75,75,75,75,75,75,75,75,75,75,75,75,75,75],"card_choices":[{"not_picked":["WitchOfGreed","LuminesStrike","ShootTheMoon"],"picked":"SKIP","floor":1},{"not_picked":["LuminesStrike","Robbery","DeepEcoloBomb"],"picked":"SKIP","floor":2},{"not_picked":["DoubleSpark","DarkSpark"],"picked":"Acceleration","floor":4},{"not_picked":["NonDirectionalLaser","GrandCross"],"picked":"PulseMagic","floor":5},{"not_picked":["GravityBeat","SporeBomb"],"picked":"PowerUp","floor":7},{"not_picked":["GrandCross","Acceleration","SporeBomb"],"picked":"SKIP","floor":8},{"not_picked":["BlazeAway","EnergyRecoil","SprinkleStarSeal"],"picked":"SKIP","floor":10},{"not_picked":["DarkMatter","GalacticHalo"],"picked":"FinalSpark","floor":12},{"not_picked":["MagicAbsorber","IllusionStar","GravityBeat"],"picked":"SKIP","floor":14},{"not_picked":["StarBarrage","Acceleration"],"picked":"MysteriousBeam","floor":18},{"not_picked":["MilkyWay","GravityBeat","DoubleSpark"],"picked":"SKIP","floor":20},{"not_picked":["EnergyRecoil+1","OpenUniverse"],"picked":"LuminesStrike","floor":21},{"not_picked":["Singularity","DoubleSpark+1","ShootTheMoon+1"],"picked":"SKIP","floor":22}],"player_experience":83719,"relics_obtained":[{"floor":7,"key":"Replay:Mystery Machine"},{"floor":9,"key":"ReplayTheSpireMod:Lightbulb"},{"floor":12,"key":"Vajra"}],"event_choices":[{"damage_healed":0,"gold_gain":0,"player_choice":"Upgraded","damage_taken":0,"max_hp_gain":0,"max_hp_loss":0,"event_name":"Upgrade Shrine","floor":3,"gold_loss":0,"cards_upgraded":["MasterSpark"]},{"damage_healed":0,"gold_gain":0,"player_choice":"Ignored","damage_taken":0,"max_hp_gain":0,"max_hp_loss":0,"event_name":"Vampires","floor":19,"gold_loss":0}],"is_beta":false,"boss_relics":[{"not_picked":["Replay:Bronze Core","SacredBark"],"picked":"Astrolabe"}],"items_purged_floors":[13],"is_endless":false,"potions_floor_spawned":[4,5,10,20,21],"killed_by":"Book of Stabbing","ascension_level":0}}