{"host":"7krnriczr1b2ou5r","time":1607821936,"event":{"mods":["BaseMod","Keyboard Shortcuts","Minty Spire (QoL Compilation)","Relic Stats","StSLib","The Poker Player"],"gold_per_floor":[109,109,122,48,65,97,113,131,210,210,239,4,29,43,43,116,116,133,133,133,1,13,40,40,74,121,136,163,42,55,74,74,151,151,164,164,2,22,47,47,59,93,185,197,209,45,76,96,96,96,96,696,696,97,132,132],"floor_reached":57,"playtime":2616,"items_purged":["Strike_G","Defend_G","Strike_G"],"score":3755,"play_id":"43cf3848-2144-41a4-8413-07d3c8d3c756","local_time":"20201213101216","is_ascension_mode":true,"campfire_choices":[{"data":"Well Laid Plans","floor":10,"key":"SMITH"},{"data":"Prepared","floor":15,"key":"SMITH"},{"data":"After Image","floor":24,"key":"SMITH"},{"floor":32,"key":"RECALL"},{"data":"Adrenaline","floor":40,"key":"SMITH"},{"data":"Tactician","floor":49,"key":"SMITH"},{"data":"Escape Plan","floor":53,"key":"SMITH"}],"circlet_count":0,"master_deck":["AscendersBane","Defend_G","Survivor","Neutralize","Grand Finale+1","Reflex+1","Acrobatics+1","Tactician+1","PiercingWail+1","Dash","Acrobatics+1","Well Laid Plans+1","Tactician+1","After Image+1","Prepared+1","Escape Plan+1","Adrenaline+1","After Image+1"],"relics":["Ring of the Snake","Nunchaku","Black Star","Membership Card","The Courier","Tough Bandages","Sundial","TheAbacus","Bronze Scales","Bird Faced Urn","Mercury Hourglass","War Paint","PreservedInsect","Medical Kit","Thread and Needle","Smiling Mask","Blood Vial","Coffee Dripper","Incense Burner","Darkstone Periapt","Bag of Marbles","Du-Vu Doll","Art of War","Pantograph","Sundial","Akabeko","Anchor","Black Star","Bottled Tornado","CaptainsWheel","CeramicFish","MawBank","Letter Opener","DollysMirror","Omamori","Eternal Feather","Boot","Vajra","HandDrill","Happy Flower","FossilizedHelix","Oddly Smooth Stone","HornCleat","Tough Bandages","Ornamental Fan","Bottled Lightning"],"acts_visited":["Exordium","TheCity","TheBeyond","TheEnding"],"potions_floor_usage":[],"damage_taken":[{"damage":0,"enemies":"2 Louse","floor":1,"turns":3},{"damage":0,"enemies":"Cultist","floor":3,"turns":3},{"damage":0,"enemies":"Small Slimes","floor":5,"turns":3},{"damage":0,"enemies":"Lagavulin","floor":6,"turns":9},{"damage":0,"enemies":"2 Fungi Beasts","floor":7,"turns":4},{"damage":13,"enemies":"Lots of Slimes","floor":8,"turns":6},{"damage":0,"enemies":"Gremlin Nob","floor":11,"turns":2},{"damage":0,"enemies":"3 Sentries","floor":13,"turns":5},{"damage":0,"enemies":"Exordium Thugs","floor":14,"turns":2},{"damage":0,"enemies":"Slime Boss","floor":16,"turns":4},{"damage":0,"enemies":"Shell Parasite","floor":18,"turns":2},{"damage":0,"enemies":"3 Byrds","floor":22,"turns":1},{"damage":0,"enemies":"Gremlin Leader","floor":23,"turns":3},{"damage":0,"enemies":"Slavers","floor":25,"turns":2},{"damage":0,"enemies":"Centurion and Healer","floor":27,"turns":1},{"damage":0,"enemies":"Gremlin Leader","floor":28,"turns":2},{"damage":0,"enemies":"Cultist and Chosen","floor":30,"turns":5},{"damage":0,"enemies":"Snecko","floor":31,"turns":3},{"damage":0,"enemies":"Automaton","floor":33,"turns":2},{"damage":0,"enemies":"3 Shapes","floor":35,"turns":1},{"damage":0,"enemies":"3 Darklings","floor":38,"turns":2},{"damage":0,"enemies":"Mind Bloom Boss Battle","floor":39,"turns":1},{"damage":0,"enemies":"Maw","floor":41,"turns":2},{"damage":0,"enemies":"Giant Head","floor":42,"turns":1},{"damage":0,"enemies":"Reptomancer","floor":47,"turns":2},{"damage":0,"enemies":"4 Shapes","floor":48,"turns":1},{"damage":0,"enemies":"Donu and Deca","floor":50,"turns":3},{"damage":0,"enemies":"Time Eater","floor":51,"turns":1},{"damage":0,"enemies":"Shield and Spear","floor":55,"turns":1},{"damage":0,"enemies":"The Heart","floor":56,"turns":5}],"seed_played":"-7270916874560775841","potions_obtained":[{"floor":7,"key":"SteroidPotion"},{"floor":8,"key":"SteroidPotion"},{"floor":11,"key":"GamblersBrew"},{"floor":55,"key":"SkillPotion"}],"is_trial":false,"path_per_floor":["M","?","M","$","M","E","M","M","T","R","E","$","E","M","R","B",null,"M","?","?","$","M","E","R","E","T","M","E","$","M","M","R","B",null,"M","?","$","M","?","R","M","E","T","?","T","$","E","M","R","B","B",null,"R","$","E","B",null],"character_chosen":"THE_SILENT","items_purchased":["Well Laid Plans","Medical Kit","Escape Plan","Thread and Needle","Incense Burner","Akabeko","Anchor","Bottled Tornado","DollysMirror","Omamori","Vajra","HandDrill","Happy Flower","FossilizedHelix","Oddly Smooth Stone","HornCleat","Tough Bandages"],"campfire_rested":0,"item_purchase_floors":[4,12,12,12,21,29,29,37,46,46,54,54,54,54,54,54,54],"current_hp_per_floor":[59,59,59,59,59,59,61,52,52,52,54,54,58,64,64,66,66,66,66,62,62,66,66,66,66,66,66,66,66,66,66,66,66,66,66,66,66,66,66,66,66,66,66,63,63,63,63,63,63,63,63,63,63,63,63,63],"gold":132,"neow_bonus":"RANDOM_COMMON_RELIC","is_daily":false,"chose_seed":false,"campfire_upgraded":6,"win_rate":0.0,"timestamp":1607821936,"path_taken":["M","?","?","$","M","E","M","?","T","R","E","$","E","M","R","BOSS","M","?","?","$","M","E","R","E","T","?","E","$","?","M","R","BOSS","M","?","$","M","?","R","M","E","T","?","?","$","E","M","R","BOSS","BOSS","R","$","E","BOSS"],"items_purchased_type":["Card","Relic","Card","Relic","Relic","Relic","Relic","Relic","Relic","Relic","Relic","Relic","Relic","Relic","Relic","Relic","Relic"],"build_version":"2020-11-30","purchased_purges":3,"victory":true,"max_hp_per_floor":[66,66,66,66,66,66,66,66,66,66,66,66,66,66,66,66,66,66,66,66,66,66,66,66,66,66,66,66,66,66,66,66,66,66,66,66,66,66,66,66,66,66,66,63,63,63,63,63,63,63,63,63,63,63,63,63],"relic_stats":{"Darkstone Periapt":0,"CeramicFish":9,"Smiling Mask":-10,"Boot":[12],"Blood Vial":6,"Nunchaku":[21],"Tough Bandages":[825],"TheAbacus":[456],"Sundial":[84],"Pantograph":0,"HandDrill":[0],"Ring of the Snake":[60],"Happy Flower":[2],"counters":[30,81],"Eternal Feather":0,"PreservedInsect":437,"Letter Opener":[140],"War Paint":["PiercingWail","Acrobatics"],"Medical Kit":[7],"MawBank":48,"Mercury Hourglass":[759],"Ornamental Fan":[32],"Bronze Scales":[169],"Bird Faced Urn":[18],"Black Star":12,"Art of War":[1],"obtain_stats":[{"Darkstone Periapt":23,"CeramicFish":42,"Vajra":54,"Incense Burner":21,"Bottled Tornado":37,"Smiling Mask":13,"Boot":47,"Blood Vial":13,"Nunchaku":0,"Tough Bandages":1,"TheAbacus":6,"HornCleat":54,"Sundial":6,"DollysMirror":46,"Pantograph":28,"HandDrill":54,"InkBottle":25,"Ring of the Snake":0,"Happy Flower":54,"Oddly Smooth Stone":54,"Thread and Needle":12,"Eternal Feather":47,"The Courier":0,"PreservedInsect":11,"Omamori":46,"Letter Opener":45,"War Paint":11,"Medical Kit":12,"MawBank":42,"Akabeko":29,"Mercury Hourglass":9,"Du-Vu Doll":25,"Anchor":29,"CaptainsWheel":39,"Ornamental Fan":55,"Bronze Scales":6,"Bird Faced Urn":6,"Black Star":0,"Coffee Dripper":17,"Bag of Marbles":23,"Art of War":26,"Membership Card":0,"Bottled Lightning":55,"FossilizedHelix":54},{"Darkstone Periapt":13,"CeramicFish":24,"Vajra":28,"Incense Burner":11,"Bottled Tornado":20,"Smiling Mask":8,"Boot":25,"Blood Vial":8,"Nunchaku":0,"Tough Bandages":1,"TheAbacus":4,"HornCleat":28,"Sundial":4,"DollysMirror":24,"Pantograph":16,"HandDrill":28,"InkBottle":14,"Ring of the Snake":0,"Happy Flower":28,"Oddly Smooth Stone":28,"Thread and Needle":7,"Eternal Feather":25,"The Courier":0,"PreservedInsect":7,"Omamori":24,"Letter Opener":24,"War Paint":7,"Medical Kit":7,"MawBank":24,"Akabeko":16,"Mercury Hourglass":6,"Du-Vu Doll":14,"Anchor":16,"CaptainsWheel":22,"Ornamental Fan":29,"Bronze Scales":4,"Bird Faced Urn":4,"Black Star":0,"Coffee Dripper":10,"Bag of Marbles":13,"Art of War":14,"Membership Card":0,"Bottled Lightning":29,"FossilizedHelix":28},{"Darkstone Periapt":46,"CeramicFish":68,"Vajra":75,"Incense Burner":42,"Bottled Tornado":62,"Smiling Mask":35,"Boot":70,"Blood Vial":35,"Nunchaku":0,"Tough Bandages":3,"TheAbacus":15,"HornCleat":75,"Sundial":15,"DollysMirror":68,"Pantograph":51,"HandDrill":75,"InkBottle":48,"Ring of the Snake":0,"Happy Flower":75,"Oddly Smooth Stone":75,"Thread and Needle":30,"Eternal Feather":70,"The Courier":0,"PreservedInsect":30,"Omamori":68,"Letter Opener":68,"War Paint":30,"Medical Kit":30,"MawBank":68,"Akabeko":51,"Mercury Hourglass":28,"Du-Vu Doll":48,"Anchor":51,"CaptainsWheel":65,"Ornamental Fan":76,"Bronze Scales":18,"Bird Faced Urn":18,"Black Star":0,"Coffee Dripper":40,"Bag of Marbles":46,"Art of War":48,"Membership Card":0,"Bottled Lightning":76,"FossilizedHelix":75}]},"card_choices":[{"not_picked":["Expertise","Blade Dance"],"picked":"PiercingWail","floor":1},{"not_picked":["Catalyst","Cloak And Dagger"],"picked":"Acrobatics","floor":3},{"not_picked":["PiercingWail","Deadly Poison"],"picked":"Tactician","floor":5},{"not_picked":["Setup","Sucker Punch","PiercingWail"],"picked":"SKIP","floor":6},{"not_picked":["Flying Knee","Sucker Punch"],"picked":"After Image","floor":7},{"not_picked":["Acrobatics","PiercingWail","Cloak And Dagger"],"picked":"SKIP","floor":8},{"not_picked":["Flying Knee","Skewer"],"picked":"Prepared","floor":11},{"not_picked":["Skewer","Flechettes","Deflect"],"picked":"SKIP","floor":13},{"not_picked":["Sucker Punch","Choke","Deflect"],"picked":"SKIP","floor":14},{"not_picked":["Dodge and Roll","Deflect","Acrobatics"],"picked":"SKIP","floor":18},{"not_picked":["Masterful Stab","Underhanded Strike","Flying Knee"],"picked":"SKIP","floor":22},{"not_picked":["Flying Knee","Bouncing Flask","Poisoned Stab"],"picked":"SKIP","floor":23},{"not_picked":["Backflip+1","Bane","Caltrops"],"picked":"SKIP","floor":25},{"not_picked":["Catalyst","Blade Dance","Envenom"],"picked":"SKIP","floor":27},{"not_picked":["Outmaneuver","Deflect","Catalyst"],"picked":"SKIP","floor":28},{"not_picked":["Poisoned Stab","Expertise","Blade Dance"],"picked":"SKIP","floor":30},{"not_picked":["Deflect","Outmaneuver","Underhanded Strike"],"picked":"SKIP","floor":31},{"not_picked":["Grand Finale","Wraith Form v2"],"picked":"Adrenaline","floor":33},{"not_picked":["Catalyst","Underhanded Strike","Choke"],"picked":"SKIP","floor":35},{"not_picked":["Cloak And Dagger","Blade Dance","Well Laid Plans"],"picked":"SKIP","floor":38},{"not_picked":["Outmaneuver+1","Flechettes+1","Well Laid Plans"],"picked":"SKIP","floor":41},{"not_picked":["Riddle With Holes","Backflip","Leg Sweep"],"picked":"SKIP","floor":42},{"not_picked":["Noxious Fumes","Eviscerate+1","Backstab"],"picked":"SKIP","floor":47},{"not_picked":["Outmaneuver","Dodge and Roll+1","Setup"],"picked":"SKIP","floor":48},{"not_picked":["Adrenaline","Dodge and Roll","Concentrate"],"picked":"SKIP","floor":55}],"player_experience":1088871,"relics_obtained":[{"floor":6,"key":"Bronze Scales"},{"floor":6,"key":"Bird Faced Urn"},{"floor":9,"key":"Mercury Hourglass"},{"floor":11,"key":"War Paint"},{"floor":11,"key":"PreservedInsect"},{"floor":13,"key":"Smiling Mask"},{"floor":13,"key":"Blood Vial"},{"floor":23,"key":"Darkstone Periapt"},{"floor":23,"key":"Bag of Marbles"},{"floor":25,"key":"InkBottle"},{"floor":25,"key":"Du-Vu Doll"},{"floor":26,"key":"Art of War"},{"floor":28,"key":"Pantograph"},{"floor":28,"key":"Sundial"},{"floor":39,"key":"CaptainsWheel"},{"floor":42,"key":"CeramicFish"},{"floor":42,"key":"MawBank"},{"floor":45,"key":"Letter Opener"},{"floor":47,"key":"Eternal Feather"},{"floor":47,"key":"Boot"},{"floor":55,"key":"Ornamental Fan"},{"floor":55,"key":"Bottled Lightning"}],"event_choices":[{"damage_healed":0,"gold_gain":0,"cards_transformed":["Strike_G"],"player_choice":"Transformed","damage_taken":0,"max_hp_gain":0,"max_hp_loss":0,"event_name":"Transmorgrifier","floor":2,"gold_loss":0,"cards_obtained":["Dash"]},{"damage_healed":0,"gold_gain":0,"player_choice":"Ignored","damage_taken":0,"max_hp_gain":0,"max_hp_loss":0,"event_name":"Vampires","floor":19,"gold_loss":0},{"damage_healed":0,"gold_gain":0,"player_choice":"Bought 0 Potions","damage_taken":0,"max_hp_gain":0,"max_hp_loss":0,"event_name":"The Woman in Blue","floor":20,"gold_loss":0},{"damage_healed":0,"gold_gain":0,"player_choice":"Ignored","damage_taken":0,"max_hp_gain":0,"max_hp_loss":0,"event_name":"Tomb of Lord Red Mask","floor":36,"gold_loss":0},{"damage_healed":0,"gold_gain":0,"player_choice":"Fight","damage_taken":0,"max_hp_gain":0,"max_hp_loss":0,"event_name":"MindBloom","floor":39,"gold_loss":0},{"damage_healed":0,"gold_gain":0,"player_choice":"Max HP","damage_taken":0,"max_hp_gain":0,"max_hp_loss":3,"event_name":"Winding Halls","floor":44,"gold_loss":0}],"is_beta":false,"boss_relics":[{"not_picked":["Fusion Hammer","Calling Bell"],"picked":"Coffee Dripper"},{"not_picked":["SlaversCollar","Tiny House"],"picked":"Black Star"}],"items_purged_floors":[4,37,46],"is_endless":false,"potions_floor_spawned":[7,8,11,13,27,28,31,38,42,47,55],"ascension_level":20}}