{"host":"63rwe7p34ct1i0qu","time":1607821911,"event":{"mods":["BaseMod","DeckTracker","Minty Spire (QoL Compilation)","Permanent Neow","Quick Restart","StSLib"],"gold_per_floor":[111,111,111,61,61,61,61,74,74,112,112,125,125,52,52,178,178,202,222,222,222,247,247,271,192,192,208,133,57,81,81,81,81,81],"floor_reached":33,"playtime":1148,"items_purged":[],"score":316,"play_id":"080011ff-2a74-4892-9c83-c4a5e9d526f2","local_time":"20201213101151","is_ascension_mode":true,"campfire_choices":[{"floor":6,"key":"REST"},{"data":"Ball Lightning","floor":11,"key":"SMITH"},{"data":"Hologram","floor":13,"key":"SMITH"},{"floor":15,"key":"REST"},{"floor":23,"key":"REST"},{"floor":32,"key":"REST"}],"circlet_count":0,"master_deck":["Defend_B","Defend_B","Defend_B+1","Defend_B","Zap+1","Dualcast","Hologram+1","Ball Lightning+1","Seek","Leap","Defragment","Biased Cognition","Double Energy","Consume","Static Discharge","Barrage+1","Doom and Gloom","Coolheaded"],"relics":["Cracked Core","CaptainsWheel","Golden Idol","Ginger","Pear","Empty Cage","StrikeDummy"],"acts_visited":["Exordium","TheCity"],"potions_floor_usage":[10,16,18,22,22,30,30,31,33],"damage_taken":[{"damage":7,"enemies":"Jaw Worm","floor":1,"turns":3},{"damage":0,"enemies":"Small Slimes","floor":8,"turns":3},{"damage":20,"enemies":"Lagavulin","floor":10,"turns":4},{"damage":0,"enemies":"2 Louse","floor":12,"turns":2},{"damage":47,"enemies":"Hexaghost","floor":16,"turns":10},{"damage":0,"enemies":"Spheric Guardian","floor":18,"turns":3},{"damage":18,"enemies":"2 Thieves","floor":19,"turns":5},{"damage":5,"enemies":"Snecko","floor":22,"turns":4},{"damage":44,"enemies":"Cultist and Chosen","floor":24,"turns":6},{"damage":13,"enemies":"3 Cultists","floor":27,"turns":4},{"damage":5,"enemies":"Snake Plant","floor":30,"turns":2},{"damage":0,"enemies":"Colosseum Slavers","floor":31,"turns":1},{"damage":36,"enemies":"Champ","floor":33,"turns":5}],"seed_played":"4149149288846108675","potions_obtained":[{"floor":8,"key":"FocusPotion"},{"floor":10,"key":"ColorlessPotion"},{"floor":12,"key":"EssenceOfSteel"},{"floor":16,"key":"Energy Potion"},{"floor":18,"key":"DuplicationPotion"},{"floor":19,"key":"SpeedPotion"},{"floor":27,"key":"LiquidMemories"},{"floor":30,"key":"SmokeBomb"}],"is_trial":false,"path_per_floor":["M","?","?","?","?","R","$","M","T","E","R","M","R","$","R","B",null,"M","M","?","?","M","R","M","$","T","M","?","$","M","?","R","B"],"character_chosen":"DEFECT","items_purchased":["Defragment","Doom and Gloom","DistilledChaos"],"campfire_rested":4,"item_purchase_floors":[14,25,29],"current_hp_per_floor":[43,28,53,53,35,57,57,57,57,47,47,47,47,47,72,25,70,70,52,52,52,47,72,28,28,28,15,15,15,10,10,35,0,0],"gold":81,"neow_bonus":"ONE_RARE_RELIC","is_daily":false,"chose_seed":false,"campfire_upgraded":2,"win_rate":0.0,"timestamp":1607821911,"path_taken":["M","?","?","?","?","R","?","M","T","E","R","M","R","$","R","BOSS","M","M","?","?","M","R","M","$","T","?","?","?","M","?","R","BOSS"],"items_purchased_type":["Card","Card","Potion"],"build_version":"2020-11-30","purchased_purges":0,"victory":false,"max_hp_per_floor":[75,75,75,75,75,75,75,75,75,85,85,85,85,85,85,85,85,85,85,85,85,85,85,85,85,85,85,85,85,85,85,85,85,85],"card_choices":[{"not_picked":["Conserve Battery","Barrage"],"picked":"Hologram","floor":1},{"not_picked":["Reprogram","Gash"],"picked":"Ball Lightning","floor":8},{"not_picked":["Hologram","Rip and Tear"],"picked":"Seek","floor":10},{"not_picked":["Turbo","Steam"],"picked":"Leap","floor":12},{"not_picked":["Amplify","Meteor Strike"],"picked":"Biased Cognition","floor":16},{"not_picked":["Conserve Battery","Gash"],"picked":"Double Energy","floor":18},{"not_picked":["Reprogram","Beam Cell+1"],"picked":"Consume","floor":19},{"not_picked":["Undo+1","Cold Snap+1"],"picked":"Static Discharge","floor":22},{"not_picked":["Turbo+1","Cold Snap+1"],"picked":"Barrage+1","floor":24},{"not_picked":["Turbo","Sweeping Beam+1"],"picked":"Coolheaded","floor":27},{"not_picked":["Hologram","Cold Snap","Hyperbeam"],"picked":"SKIP","floor":30}],"player_experience":1277442,"relics_obtained":[{"floor":9,"key":"Ginger"},{"floor":10,"key":"Pear"},{"floor":26,"key":"StrikeDummy"}],"event_choices":[{"damage_healed":0,"gold_gain":0,"player_choice":"Entered Light","damage_taken":15,"max_hp_gain":0,"max_hp_loss":0,"event_name":"Shining Light","floor":2,"gold_loss":0,"cards_upgraded":["Zap","Defend_B"]},{"damage_healed":25,"gold_gain":0,"player_choice":"Banana","damage_taken":0,"max_hp_gain":0,"max_hp_loss":0,"event_name":"Big Fish","floor":3,"gold_loss":0},{"cards_removed":["Strike_B"],"damage_healed":0,"gold_gain":0,"player_choice":"Card Removal","damage_taken":0,"max_hp_gain":0,"max_hp_loss":0,"event_name":"The Cleric","floor":4,"gold_loss":50},{"damage_healed":0,"gold_gain":0,"player_choice":"Take Damage","damage_taken":18,"relics_obtained":["Golden Idol"],"max_hp_gain":0,"max_hp_loss":0,"event_name":"Golden Idol","floor":5,"gold_loss":0},{"damage_healed":0,"gold_gain":0,"player_choice":"Ignored","damage_taken":0,"max_hp_gain":0,"max_hp_loss":0,"event_name":"Cursed Tome","floor":20,"gold_loss":0},{"damage_healed":0,"gold_gain":0,"player_choice":"Ignored","damage_taken":0,"max_hp_gain":0,"max_hp_loss":0,"event_name":"Vampires","floor":21,"gold_loss":0},{"cards_removed":["Strike_B"],"damage_healed":0,"gold_gain":0,"player_choice":"Gave Gold","damage_taken":0,"max_hp_gain":0,"max_hp_loss":0,"event_name":"Beggar","floor":28,"gold_loss":75},{"damage_healed":0,"gold_gain":0,"player_choice":"Fight","damage_taken":0,"max_hp_gain":0,"max_hp_loss":0,"event_name":"Colosseum","floor":31,"gold_loss":0},{"damage_healed":0,"gold_gain":0,"player_choice":"Fled From Nobs","damage_taken":0,"max_hp_gain":0,"max_hp_loss":0,"event_name":"Colosseum","floor":31,"gold_loss":0}],"is_beta":false,"boss_relics":[{"not_picked":["Snecko Eye","Sozu"],"picked":"Empty Cage"}],"items_purged_floors":[],"is_endless":false,"potions_floor_spawned":[8,10,12,16,18,19,27,30],"killed_by":"Champ","ascension_level":6}}