{"host":"efbmiwe3kdtynlc6","time":1607856547,"event":{"mods":["BaseMod","Colored Map","Minty Spire (QoL Compilation)","Permanent Neow","Quick Restart","Rare Cards Sparkle","StSLib","SuperFastMode","UnlockEverythingMod","everything is the same but u backflip on backflip"],"gold_per_floor":[115,135,150,161,236,236,236,256,283,302,316,335,357,357,357,433,433,446,465,465,475,475,475,495,247,272,63,63,89,109,136,148,160,160],"floor_reached":33,"playtime":984,"items_purged":["Strike_B","Strike_B"],"score":566,"play_id":"081b4715-b310-49db-98ea-5b6762fd1a0f","local_time":"20201213194907","is_ascension_mode":true,"campfire_choices":[{"data":"Zap","floor":6.0,"key":"SMITH"},{"data":"White Noise","floor":15.0,"key":"SMITH"},{"data":"Biased Cognition","floor":23.0,"key":"SMITH"},{"floor":32.0,"key":"REST"}],"circlet_count":0,"master_deck":["AscendersBane","Strike_B+1","Defend_B","Defend_B","Defend_B","Zap+1","Dualcast","Rebound","Compile Driver","Doom and Gloom+1","Cold Snap","White Noise+1","Biased Cognition+1","Chill","Go for the Eyes","Undo","Biased Cognition","Storm","Self Repair","Leap+1"],"relics":["Cracked Core","Happy Flower","Odd Mushroom","Empty Cage","TheAbacus","MealTicket","Bag of Preparation","MawBank"],"acts_visited":["Exordium","TheCity"],"potions_floor_usage":[33],"damage_taken":[{"damage":4.0,"enemies":"Jaw Worm","floor":1.0,"turns":4.0},{"damage":0.0,"enemies":"2 Louse","floor":2.0,"turns":1.0},{"damage":1.0,"enemies":"Small Slimes","floor":3.0,"turns":3.0},{"damage":11.0,"enemies":"Blue Slaver","floor":4.0,"turns":3.0},{"damage":0.0,"enemies":"Exordium Wildlife","floor":8.0,"turns":2.0},{"damage":0.0,"enemies":"3 Louse","floor":10.0,"turns":1.0},{"damage":0.0,"enemies":"2 Fungi Beasts","floor":11.0,"turns":3.0},{"damage":0.0,"enemies":"Large Slime","floor":12.0,"turns":3.0},{"damage":8.0,"enemies":"The Mushroom Lair","floor":13.0,"turns":3.0},{"damage":12.0,"enemies":"Hexaghost","floor":16.0,"turns":8.0},{"damage":0.0,"enemies":"Chosen","floor":18.0,"turns":3.0},{"damage":9.0,"enemies":"Spheric Guardian","floor":19.0,"turns":3.0},{"damage":2.0,"enemies":"Snecko","floor":21.0,"turns":6.0},{"damage":0.0,"enemies":"Shelled Parasite and Fungi","floor":22.0,"turns":1.0},{"damage":34.0,"enemies":"Centurion and Healer","floor":24.0,"turns":8.0},{"damage":10.0,"enemies":"Gremlin Leader","floor":29.0,"turns":5.0},{"damage":0.0,"enemies":"Chosen and Byrds","floor":30.0,"turns":3.0},{"damage":28.0,"enemies":"Slavers","floor":31.0,"turns":4.0},{"damage":66,"enemies":"Automaton","floor":33,"turns":8}],"seed_played":"-3231488479766827001","potions_obtained":[{"floor":1.0,"key":"SmokeBomb"},{"floor":2.0,"key":"Swift Potion"},{"floor":21.0,"key":"Weak Potion"},{"floor":24.0,"key":"PowerPotion"},{"floor":31.0,"key":"Regen Potion"}],"is_trial":false,"path_per_floor":["M","M","M","M","?","R","?","M","T","M","M","M","?","?","R","B",null,"M","M","?","M","M","R","M","$","T","$","?","E","M","E","R","B"],"character_chosen":"DEFECT","items_purchased":["TheAbacus","Fruit Juice"],"campfire_rested":1,"item_purchase_floors":[25,27],"current_hp_per_floor":[67,67,66,55,44,44,21,21,21,21,21,21,13,18,18,6,64,64,55,55,53,53,53,19,19,19,39,39,29,29,8,34,0,0],"gold":160,"neow_bonus":"TEN_PERCENT_HP_BONUS","is_daily":false,"chose_seed":false,"campfire_upgraded":3,"win_rate":0.0,"timestamp":1607856547,"path_taken":["M","M","M","M","?","R","?","M","T","M","M","?","?","?","R","BOSS","M","M","?","M","M","R","M","$","T","$","?","E","M","E","R","BOSS"],"items_purchased_type":["Relic","Potion"],"build_version":"2020-11-30","purchased_purges":2,"victory":false,"max_hp_per_floor":[78,78,78,78,78,78,78,78,78,78,78,78,78,83,83,83,83,83,83,83,83,83,83,83,83,83,88,88,88,88,88,88,88,88],"card_choices":[{"not_picked":["Force Field","Coolheaded"],"picked":"Rebound","floor":1.0},{"not_picked":["Conserve Battery","Stack"],"picked":"Compile Driver","floor":2.0},{"not_picked":["Coolheaded","Leap"],"picked":"Doom and Gloom","floor":3.0},{"not_picked":["Beam Cell","Doom and Gloom"],"picked":"Cold Snap","floor":4.0},{"not_picked":["Hyperbeam","Rebound"],"picked":"White Noise","floor":8.0},{"not_picked":["Sweeping Beam","Stack","Fusion"],"picked":"SKIP","floor":10.0},{"not_picked":["Recycle","Redo","Cold Snap"],"picked":"SKIP","floor":11.0},{"not_picked":["Consume","Compile Driver","Hologram"],"picked":"SKIP","floor":12.0},{"not_picked":["Amplify","Seek"],"picked":"Biased Cognition","floor":16.0},{"not_picked":["Reinforced Body","Redo"],"picked":"Chill","floor":18.0},{"not_picked":["BootSequence","Barrage","Conserve Battery"],"picked":"SKIP","floor":19.0},{"not_picked":["Barrage","Hologram"],"picked":"Go for the Eyes","floor":21.0},{"not_picked":["Sunder","Steam"],"picked":"Undo","floor":24.0},{"not_picked":["BootSequence","Thunder Strike"],"picked":"Storm","floor":29.0},{"not_picked":["Skim+1","Stack"],"picked":"Self Repair","floor":30.0},{"not_picked":["Rebound","Turbo"],"picked":"Leap+1","floor":31.0}],"player_experience":317868,"relics_obtained":[{"floor":9.0,"key":"Happy Flower"},{"floor":13.0,"key":"Odd Mushroom"},{"floor":26.0,"key":"MealTicket"},{"floor":29.0,"key":"Bag of Preparation"},{"floor":31.0,"key":"MawBank"}],"event_choices":[{"damage_healed":0.0,"max_hp_gain":0.0,"max_hp_loss":0.0,"gold_gain":75.0,"event_name":"World of Goop","player_choice":"Gather Gold","floor":5.0,"gold_loss":0.0,"damage_taken":11.0},{"damage_healed":0.0,"max_hp_gain":0.0,"max_hp_loss":0.0,"gold_gain":0.0,"event_name":"Shining Light","player_choice":"Entered Light","floor":7.0,"gold_loss":0.0,"damage_taken":23.0,"cards_upgraded":["Doom and Gloom","Strike_B"]},{"damage_healed":0.0,"max_hp_gain":0.0,"max_hp_loss":0.0,"gold_gain":0.0,"event_name":"Mushrooms","player_choice":"Fought Mushrooms","floor":13.0,"gold_loss":0.0,"damage_taken":0.0},{"damage_healed":0.0,"max_hp_gain":5.0,"max_hp_loss":0.0,"gold_gain":0.0,"event_name":"Big Fish","player_choice":"Donut","floor":14.0,"gold_loss":0.0,"damage_taken":0.0},{"damage_healed":0.0,"max_hp_gain":0.0,"max_hp_loss":0.0,"gold_gain":0.0,"event_name":"The Mausoleum","player_choice":"Ignored","floor":20.0,"gold_loss":0.0,"damage_taken":0.0},{"damage_healed":0.0,"max_hp_gain":0.0,"max_hp_loss":0.0,"gold_gain":0.0,"event_name":"The Library","player_choice":"Read","floor":28.0,"gold_loss":0.0,"damage_taken":0.0,"cards_obtained":["Biased Cognition"]}],"is_beta":false,"boss_relics":[{"not_picked":["Black Star","Coffee Dripper"],"picked":"Empty Cage"}],"items_purged_floors":[25,27],"is_endless":false,"potions_floor_spawned":[1,2,4,12,21,24,31],"killed_by":"Automaton","ascension_level":20}}