{"host":"aovv4e73998kgan0","time":1607852793,"event":{"mods":["BaseMod","Minty Spire (QoL Compilation)","StSLib"],"gold_per_floor":[109,109,109,129,140,140,173,173,197,197,230,230,244,255,255,350,350,366,377,387,11,26,26,41,69,69,82,107,7,7,22,22,127,127,140,140,15,25,38,67,99,99,99,112,139,139,169,189,189,189],"floor_reached":51,"playtime":4040,"items_purged":["Strike_G","Strike_G","Strike_G"],"score":1057,"play_id":"e156aa63-5ec6-4c96-b916-fd35b6a2a8c1","local_time":"20201213044633","is_ascension_mode":true,"campfire_choices":[{"data":"Dash","floor":6,"key":"SMITH"},{"data":"Terror","floor":12,"key":"SMITH"},{"data":"Skewer","floor":15,"key":"SMITH"},{"data":"All Out Attack","floor":23,"key":"SMITH"},{"data":"Well Laid Plans","floor":30,"key":"SMITH"},{"data":"Phantasmal Killer","floor":32,"key":"SMITH"},{"data":"Dodge and Roll","floor":42,"key":"SMITH"},{"floor":46,"key":"RECALL"},{"data":"Backflip","floor":49,"key":"SMITH"}],"circlet_count":0,"master_deck":["Strike_G","Defend_G","Defend_G","Defend_G","Defend_G","Defend_G","Survivor","Neutralize+1","Dodge and Roll+1","Well Laid Plans+1","Deadly Poison","Dash+1","Terror+1","Skewer+1","Phantasmal Killer+1","Slice+1","All Out Attack+1","Backflip+1","PiercingWail","Escape Plan+1","Backflip","Bullet Time","Dagger Spray","Adrenaline","Prepared+1","Dodge and Roll+1","PiercingWail","Blur+1","Footwork+1","Blur+1"],"relics":["Ring of the Snake","NeowsBlessing","MealTicket","PreservedInsect","Potion Belt","Ice Cream","White Beast Statue","Sozu","Thread and Needle","WingedGreaves","Calipers","CaptainsWheel","Black Star","Pocketwatch","Matryoshka","Question Card","Darkstone Periapt","Lizard Tail","Omamori","Prayer Wheel","TungstenRod","Paper Crane","Toxic Egg 2","Incense Burner"],"acts_visited":["Exordium","TheCity","TheBeyond"],"potions_floor_usage":[14,16,18,35],"damage_taken":[{"damage":0,"enemies":"2 Louse","floor":1,"turns":1},{"damage":0,"enemies":"Jaw Worm","floor":4,"turns":1},{"damage":0,"enemies":"Cultist","floor":5,"turns":1},{"damage":11,"enemies":"Gremlin Nob","floor":7,"turns":5},{"damage":10,"enemies":"3 Sentries","floor":11,"turns":11},{"damage":0,"enemies":"Exordium Wildlife","floor":13,"turns":5},{"damage":0,"enemies":"Gremlin Gang","floor":14,"turns":8},{"damage":26,"enemies":"Slime Boss","floor":16,"turns":5},{"damage":9,"enemies":"3 Byrds","floor":18,"turns":4},{"damage":8,"enemies":"2 Thieves","floor":19,"turns":4},{"damage":8,"enemies":"Snake Plant","floor":20,"turns":4},{"damage":2,"enemies":"3 Cultists","floor":22,"turns":4},{"damage":5,"enemies":"Centurion and Healer","floor":24,"turns":6},{"damage":0,"enemies":"Gremlin Leader","floor":25,"turns":3},{"damage":8,"enemies":"Snake Plant","floor":27,"turns":4},{"damage":8,"enemies":"Slavers","floor":28,"turns":7},{"damage":0,"enemies":"3 Cultists","floor":31,"turns":4},{"damage":11,"enemies":"Champ","floor":33,"turns":7},{"damage":12,"enemies":"3 Darklings","floor":35,"turns":6},{"damage":0,"enemies":"Orb Walker","floor":38,"turns":3},{"damage":6,"enemies":"Sphere and 2 Shapes","floor":39,"turns":5},{"damage":0,"enemies":"Nemesis","floor":40,"turns":5},{"damage":0,"enemies":"Giant Head","floor":41,"turns":4},{"damage":8,"enemies":"Spire Growth","floor":44,"turns":3},{"damage":18,"enemies":"Reptomancer","floor":45,"turns":4},{"damage":0,"enemies":"Nemesis","floor":47,"turns":7},{"damage":2,"enemies":"Jaw Worm Horde","floor":48,"turns":7},{"damage":0,"enemies":"Awakened One","floor":50,"turns":20}],"seed_played":"-4026887724244454724","potions_obtained":[{"floor":7,"key":"Weak Potion"},{"floor":11,"key":"EssenceOfSteel"},{"floor":13,"key":"GamblersBrew"},{"floor":14,"key":"SneckoOil"},{"floor":16,"key":"LiquidBronze"}],"is_trial":false,"path_per_floor":["M","?","?","M","M","R","E","?","T","T","E","R","M","M","R","B",null,"M","M","M","$","M","R","M","E","T","M","E","$","R","M","R","B",null,"M","?","$","M","M","E","E","R","T","M","E","R","E","M","R","B",null],"character_chosen":"THE_SILENT","items_purchased":["Thread and Needle"],"campfire_rested":0,"item_purchase_floors":[21],"current_hp_per_floor":[70,52,52,52,52,52,41,41,41,41,31,31,31,31,31,5,70,61,53,45,60,58,58,53,53,53,45,37,52,52,52,52,41,70,58,58,70,70,64,64,64,64,64,56,38,38,38,36,36,36],"gold":189,"neow_bonus":"THREE_ENEMY_KILL","is_daily":false,"chose_seed":false,"campfire_upgraded":8,"win_rate":0.0,"timestamp":1607852793,"path_taken":["M","?","?","M","?","R","E","?","T","?","E","R","M","M","R","BOSS","M","M","M","$","M","R","?","E","T","M","E","$","R","M","R","BOSS","M","?","$","M","?","E","E","R","T","M","E","R","E","M","R","BOSS"],"items_purchased_type":["Relic"],"build_version":"2020-11-30","purchased_purges":3,"victory":true,"max_hp_per_floor":[70,70,70,70,70,70,70,70,70,70,70,70,70,70,70,70,70,70,70,70,70,70,70,70,70,70,70,70,70,70,70,70,70,70,70,70,70,70,70,70,70,70,70,70,70,70,70,70,70,70],"card_choices":[{"not_picked":["Deflect","Slice"],"picked":"Dodge and Roll","floor":1},{"not_picked":["Blade Dance","Bane"],"picked":"Deadly Poison","floor":4},{"not_picked":["Backflip","Finisher"],"picked":"Dash","floor":5},{"not_picked":["Underhanded Strike","Outmaneuver","Choke"],"picked":"SKIP","floor":7},{"not_picked":["Masterful Stab","Endless Agony"],"picked":"Terror","floor":11},{"not_picked":["Outmaneuver","Terror"],"picked":"Skewer","floor":13},{"not_picked":["Deadly Poison","Eviscerate","Underhanded Strike"],"picked":"SKIP","floor":14},{"not_picked":["Night Terror","Malaise"],"picked":"Phantasmal Killer","floor":16},{"not_picked":["Dagger Throw","Outmaneuver"],"picked":"Slice+1","floor":18},{"not_picked":["Flying Knee","Blade Dance"],"picked":"All Out Attack","floor":19},{"not_picked":["Unload","PiercingWail"],"picked":"Backflip","floor":20},{"not_picked":["Dagger Throw","Flying Knee"],"picked":"PiercingWail","floor":22},{"not_picked":["Flying Knee+1","Infinite Blades"],"picked":"Escape Plan+1","floor":24},{"not_picked":["Caltrops","Dagger Throw"],"picked":"Backflip","floor":25},{"not_picked":["Cloak And Dagger","Terror"],"picked":"Bullet Time","floor":27},{"not_picked":["Sucker Punch","Riddle With Holes"],"picked":"Dagger Spray","floor":28},{"not_picked":["Slice","Choke","Flying Knee"],"picked":"SKIP","floor":31},{"not_picked":["Grand Finale","Bullet Time"],"picked":"Adrenaline","floor":33},{"not_picked":["Predator","Well Laid Plans"],"picked":"Prepared+1","floor":35},{"not_picked":["All Out Attack","Underhanded Strike+1"],"picked":"Dodge and Roll+1","floor":38},{"not_picked":["Cloak And Dagger+1","Skewer","Eviscerate"],"picked":"SKIP","floor":39},{"not_picked":["Predator","Deflect"],"picked":"PiercingWail","floor":40},{"not_picked":["Expertise+1","Endless Agony+1","Blade Dance+1","Reflex"],"picked":"SKIP","floor":41},{"not_picked":["Blade Dance","Slice","Dash"],"picked":"Blur+1","floor":44},{"not_picked":["Well Laid Plans","Accuracy","Riddle With Holes+1","Dagger Throw+1"],"picked":"SKIP","floor":44},{"not_picked":["Blade Dance+1","Backflip","Burst"],"picked":"Footwork+1","floor":45},{"not_picked":["Underhanded Strike+1","Flying Knee+1","Acrobatics+1"],"picked":"Blur+1","floor":47},{"not_picked":["Dagger Throw","PiercingWail+1","Quick Slash","Dagger Spray+1"],"picked":"SKIP","floor":48},{"not_picked":["Dagger Spray","Quick Slash+1","Deadly Poison+1","Flying Knee+1"],"picked":"SKIP","floor":48}],"player_experience":135092,"relics_obtained":[{"floor":7,"key":"PreservedInsect"},{"floor":9,"key":"Potion Belt"},{"floor":10,"key":"Ice Cream"},{"floor":11,"key":"White Beast Statue"},{"floor":25,"key":"WingedGreaves"},{"floor":26,"key":"Calipers"},{"floor":28,"key":"CaptainsWheel"},{"floor":40,"key":"Matryoshka"},{"floor":40,"key":"Question Card"},{"floor":41,"key":"Darkstone Periapt"},{"floor":41,"key":"Lizard Tail"},{"floor":43,"key":"Omamori"},{"floor":43,"key":"Prayer Wheel"},{"floor":45,"key":"TungstenRod"},{"floor":45,"key":"Paper Crane"},{"floor":47,"key":"Toxic Egg 2"},{"floor":47,"key":"Incense Burner"}],"event_choices":[{"damage_healed":0,"gold_gain":0,"player_choice":"Success","damage_taken":18,"relics_obtained":["MealTicket"],"max_hp_gain":0,"max_hp_loss":0,"event_name":"Scrap Ooze","floor":2,"gold_loss":0},{"damage_healed":0,"gold_gain":0,"cards_transformed":["Strike_G"],"player_choice":"Transformed","damage_taken":0,"max_hp_gain":0,"max_hp_loss":0,"event_name":"Transmorgrifier","floor":3,"gold_loss":0,"cards_obtained":["Well Laid Plans"]},{"damage_healed":0,"gold_gain":0,"player_choice":"Grow","damage_taken":0,"max_hp_gain":0,"max_hp_loss":0,"event_name":"Living Wall","floor":8,"gold_loss":0,"cards_upgraded":["Neutralize"]},{"damage_healed":0,"gold_gain":0,"player_choice":"Gave Potion","damage_taken":0,"relics_obtained":["Pocketwatch"],"max_hp_gain":0,"max_hp_loss":0,"event_name":"WeMeetAgain","floor":36,"gold_loss":0}],"is_beta":false,"boss_relics":[{"not_picked":["Coffee Dripper","Tiny House"],"picked":"Sozu"},{"not_picked":["Calling Bell","Runic Pyramid"],"picked":"Black Star"}],"items_purged_floors":[21,29,37],"is_endless":false,"potions_floor_spawned":[7,11,13,14,16,18,19,20,22,24,25,27,28,31,33,35,38,39,40,41,44,45,47,48],"ascension_level":3}}