{"host":"mkv3lj8gfkr85ioo","time":1607895358,"event":{"mods":["AchievementEnabler","BaseMod","Colored Map","Minty Spire (QoL Compilation)","SuperFastMode"],"gold_per_floor":[369,369,379,142,155,186,186,205,205,22,22,53,53,74,74,74,74],"floor_reached":16,"playtime":431,"items_purged":["Strike_R","Strike_R"],"score":215,"play_id":"c9d1fa08-daf5-40dc-9b35-1d27ba1dca10","local_time":"20201214063558","is_ascension_mode":true,"campfire_choices":[{"floor":7.0,"key":"REST"},{"floor":15,"key":"REST"}],"circlet_count":0,"master_deck":["AscendersBane","Strike_R","Strike_R","Strike_R","Defend_R","Defend_R","Defend_R","Defend_R","Bash+1","Whirlwind","Wild Strike","Shrug It Off","Second Wind","Fire Breathing"],"relics":["Burning Blood","Bronze Scales","Singing Bowl","Ornamental Fan","Golden Idol","Akabeko"],"acts_visited":["Exordium"],"potions_floor_usage":[12,16,16],"damage_taken":[{"damage":4.0,"enemies":"Small Slimes","floor":1.0,"turns":4.0},{"damage":17.0,"enemies":"Cultist","floor":3.0,"turns":4.0},{"damage":12.0,"enemies":"Jaw Worm","floor":5.0,"turns":2.0},{"damage":41.0,"enemies":"Lagavulin","floor":6.0,"turns":8.0},{"damage":4.0,"enemies":"2 Fungi Beasts","floor":8.0,"turns":3.0},{"damage":11,"enemies":"3 Sentries","floor":12,"turns":5},{"damage":4,"enemies":"Red Slaver","floor":14,"turns":4},{"damage":38,"enemies":"Slime Boss","floor":16,"turns":6}],"seed_played":"6487750473466697940","potions_obtained":[{"floor":6.0,"key":"SkillPotion"},{"floor":8.0,"key":"LiquidBronze"},{"floor":14,"key":"LiquidBronze"}],"is_trial":false,"path_per_floor":["M","?","M","$","M","E","R","M","T","$","?","E","$","M","R","B"],"character_chosen":"IRONCLAD","items_purchased":["Bronze Scales","Fire Breathing"],"campfire_rested":2,"item_purchase_floors":[4,10],"current_hp_per_floor":[68,68,57,57,51,16,36,38,38,38,15,12,12,16,37,0,0],"gold":74,"neow_bonus":"TWO_FIFTY_GOLD","is_daily":false,"chose_seed":false,"campfire_upgraded":0,"win_rate":0.0,"timestamp":1607895358,"path_taken":["M","?","M","$","M","E","R","M","T","?","?","E","?","M","R","BOSS"],"items_purchased_type":["Relic","Card"],"build_version":"2020-11-30","purchased_purges":2,"victory":false,"max_hp_per_floor":[68,68,68,68,68,68,68,68,68,68,68,70,70,72,72,72,72],"card_choices":[{"not_picked":["Armaments","Blood for Blood"],"picked":"Whirlwind","floor":1.0},{"not_picked":["Reckless Charge","Rage"],"picked":"Wild Strike","floor":3.0},{"not_picked":["Pummel","Anger","Armaments"],"picked":"SKIP","floor":5.0},{"not_picked":["Thunderclap","Searing Blow"],"picked":"Shrug It Off","floor":6.0},{"not_picked":["Headbutt","Hemokinesis"],"picked":"Second Wind","floor":8.0},{"not_picked":["Seeing Red","Infernal Blade","Armaments"],"picked":"Singing Bowl","floor":12},{"not_picked":["Twin Strike","True Grit","Rage"],"picked":"Singing Bowl","floor":14}],"player_experience":143511,"relics_obtained":[{"floor":6.0,"key":"Singing Bowl"},{"floor":9.0,"key":"Ornamental Fan"},{"floor":12,"key":"Akabeko"}],"event_choices":[{"damage_healed":0.0,"max_hp_gain":0.0,"max_hp_loss":0.0,"gold_gain":0.0,"event_name":"Upgrade Shrine","player_choice":"Upgraded","floor":2.0,"gold_loss":0.0,"damage_taken":0.0,"cards_upgraded":["Bash"]},{"damage_healed":0.0,"max_hp_gain":0.0,"max_hp_loss":0.0,"gold_gain":0.0,"event_name":"Golden Idol","player_choice":"Take Damage","floor":11.0,"gold_loss":0.0,"damage_taken":23.0,"relics_obtained":["Golden Idol"]}],"is_beta":false,"boss_relics":[],"items_purged_floors":[4,10],"is_endless":false,"potions_floor_spawned":[6,8,14],"killed_by":"Slime Boss","ascension_level":19}}