{"host":"8ckadkuma08xrap8","time":1607871480,"event":{"mods":["BaseMod","DeckTracker","Lobotomy","LobotomyExtend","Minty Spire (QoL Compilation)","StSLib"],"gold_per_floor":[112,129,148,167,187,187,206,206,206,204,166,192,204,204],"floor_reached":13,"playtime":922,"items_purged":[],"score":81,"play_id":"75ef64b4-1ab5-4d40-8a41-f0f059b23032","local_time":"20201213235800","is_ascension_mode":false,"campfire_choices":[],"circlet_count":0,"master_deck":["SpecialBullet","SpecialBullet","SpecialBullet","SpecialBullet","SpecialBullet","SpecialBullet","WelfareCode","ExtractionCode","SecurityCode","Twilight","Wellcheers","VoidDream","OldLady","Lamp+3","InformationCode","Diffraction","Regret_ego","Adoration","ScreamingWedge"],"relics":["CogitoBucket","LetterFromLob","AdjustmentMirror","MawBank"],"acts_visited":["Exordium"],"potions_floor_usage":[13],"damage_taken":[{"damage":11.0,"enemies":"2 Louse","floor":1.0,"turns":3.0},{"damage":10.0,"enemies":"Small Slimes","floor":2.0,"turns":4.0},{"damage":1.0,"enemies":"Jaw Worm","floor":3.0,"turns":3.0},{"damage":15.0,"enemies":"2 Fungi Beasts","floor":4.0,"turns":4.0},{"damage":7.0,"enemies":"Blue Slaver","floor":5.0,"turns":3.0},{"damage":43.0,"enemies":"Red Slaver","floor":7.0,"turns":5.0},{"damage":23.0,"enemies":"Exordium Thugs","floor":10.0,"turns":4.0},{"damage":33,"enemies":"Exordium Wildlife","floor":12,"turns":6},{"damage":29,"enemies":"Gremlin Nob","floor":13,"turns":7}],"seed_played":"-4943035104945238503","potions_obtained":[{"floor":10,"key":"EssenceOfSteel"}],"is_trial":false,"path_per_floor":["M","M","M","M","M","R","M","?","T","M","?","M","E"],"character_chosen":"Angela","items_purchased":[],"campfire_rested":0,"item_purchase_floors":[],"current_hp_per_floor":[67,68,70,66,70,70,41,41,41,29,29,10,0,0],"gold":204,"neow_bonus":"ONE_RANDOM_RARE_CARD","is_daily":false,"chose_seed":false,"campfire_upgraded":0,"win_rate":0.0,"timestamp":1607871480,"path_taken":["M","M","M","M","M","R","M","?","T","M","?","M","E"],"items_purchased_type":[],"build_version":"2020-11-30","purchased_purges":0,"victory":false,"max_hp_per_floor":[70,70,70,70,70,70,70,70,70,70,70,70,70,70],"card_choices":[{"not_picked":["BeautyBeast","PunishingBird"],"picked":"Wellcheers","floor":1.0},{"not_picked":["Horn","Tough"],"picked":"SKIP","floor":1.0},{"not_picked":["Lantern","Horn"],"picked":"SKIP","floor":1.0},{"not_picked":["BeautyBeast","LittlePrince"],"picked":"VoidDream","floor":2.0},{"not_picked":["Hypocrisy","FourthMatchFlame"],"picked":"SKIP","floor":2.0},{"not_picked":["CherryBlossom","Hypocrisy"],"picked":"SKIP","floor":2.0},{"not_picked":["PunishingBird","Alriune"],"picked":"OldLady","floor":3.0},{"not_picked":["Tough","RedEyes"],"picked":"SKIP","floor":3.0},{"not_picked":["SomewhereSpear","Harmony"],"picked":"Lamp","floor":4.0},{"not_picked":["Soda","DaCapo","Penitence"],"picked":"SKIP","floor":4.0},{"not_picked":["Wingbeat","MagicBullet"],"picked":"Diffraction","floor":5.0},{"not_picked":["GrinderMk4","TodaysExpression","Beak"],"picked":"SKIP","floor":5.0},{"not_picked":["Loneliness","Amita","Pleasure"],"picked":"SKIP","floor":7.0},{"not_picked":["Beak","ShedSkin"],"picked":"Regret_ego","floor":10},{"not_picked":["RedEyes","InTheNameOfLoveAndHate"],"picked":"Adoration","floor":12},{"not_picked":["Horn","FrostShard"],"picked":"ScreamingWedge","floor":12}],"player_experience":210306,"relics_obtained":[{"floor":1.0,"key":"LetterFromLob"},{"floor":9.0,"key":"MawBank"}],"event_choices":[{"cards_removed":["SpecialBullet"],"damage_healed":0.0,"max_hp_gain":0.0,"max_hp_loss":0.0,"gold_gain":0.0,"event_name":"Living Wall","player_choice":"Forget","floor":8.0,"gold_loss":0.0,"damage_taken":0.0},{"cards_removed":["SpecialBullet"],"damage_healed":0,"gold_gain":0,"player_choice":"Card Removal","damage_taken":0,"max_hp_gain":0,"max_hp_loss":0,"event_name":"The Cleric","floor":11,"gold_loss":50}],"is_beta":false,"boss_relics":[],"items_purged_floors":[],"is_endless":false,"potions_floor_spawned":[10],"killed_by":"Gremlin Nob","ascension_level":0}}