{"host":"d3vxos6womvqm2ts","time":1607819123,"event":{"mods":["AchievementEnabler","Bard","BaseMod","Colored Powertips","Downfall","Hermit","Minty Spire (QoL Compilation)","Robot Space Explorer","SOS???????","StSLib","Td1madao Mod","The Alterego","The Animator","The Cursed","The Death Knight","The Judge","The Necromancer","The Poker Player","The Runesmith","The Servant 0.9.4","The Wild Card","Yuri Mod"],"gold_per_floor":[119,28,46,100,154,154,154,174,174,174,174],"floor_reached":10,"playtime":671,"items_purged":[],"score":60,"play_id":"5cc91b72-cb07-4db6-befb-3d7a00450b57","local_time":"20201212192523","is_ascension_mode":false,"campfire_choices":[{"data":"theWildCard:Scathach","floor":7,"key":"SMITH"}],"circlet_count":0,"master_deck":["Attack_a","Attack_a","Attack_b","Shoot","Shoot","Provocation","Defend_Dante","Defend_Dante","Defend_Dante","Defend_Dante","Redorb","Unrisingdragon","LucifercomboC","LucifercomboB","Gilgamesh","Rebellion","DevilstarS","theWildCard:Scathach+1","LucifercomboA"],"relics":["SSS","Combocheck","NeowsBlessing","Matryoshka"],"acts_visited":["Exordium"],"potions_floor_usage":[10,10],"damage_taken":[{"damage":0,"enemies":"Cultist","floor":1,"turns":1},{"damage":0,"enemies":"2 Louse","floor":3,"turns":1},{"damage":0,"enemies":"Small Slimes","floor":4,"turns":2},{"damage":11,"enemies":"2 Fungi Beasts","floor":5,"turns":3},{"damage":8,"enemies":"Red Slaver","floor":8,"turns":3},{"damage":4,"enemies":"3 Sentries","floor":10,"turns":5}],"seed_played":"1068462549903632252","potions_obtained":[{"floor":1,"key":"Block Potion"},{"floor":3,"key":"DeathKnight:RimePotion"},{"floor":4,"key":"sneckomod:MuddlingPotion"}],"is_trial":false,"path_per_floor":["M","$","M","M","M","?","R","M","T","E"],"character_chosen":"DANTE","items_purchased":["LucifercomboC","LucifercomboB"],"campfire_rested":0,"item_purchase_floors":[2,2],"current_hp_per_floor":[80,80,80,80,69,69,69,61,61,57,57],"gold":174,"neow_bonus":"THREE_ENEMY_KILL","is_daily":false,"chose_seed":false,"campfire_upgraded":1,"win_rate":0.0,"timestamp":1607819123,"path_taken":["M","?","M","?","M","?","R","M","T","E"],"items_purchased_type":["Card","Card"],"build_version":"2020-11-30","purchased_purges":0,"victory":false,"max_hp_per_floor":[80,80,80,80,80,80,80,80,80,80,80],"card_choices":[{"not_picked":["DevilstarS","Hightime"],"picked":"Unrisingdragon","floor":1},{"not_picked":["Millionkick","VitalstarS"],"picked":"Gilgamesh","floor":3},{"not_picked":["CoyoteA","VitalstarM"],"picked":"Rebellion","floor":4},{"not_picked":["VitalstarS","Fullhouse"],"picked":"DevilstarS","floor":5},{"not_picked":["Splesh","Kick13"],"picked":"LucifercomboA","floor":8}],"player_experience":64736,"relics_obtained":[{"floor":9,"key":"Matryoshka"}],"event_choices":[],"is_beta":false,"boss_relics":[],"items_purged_floors":[],"is_endless":false,"potions_floor_spawned":[1,3,4],"killed_by":"3 Sentries","ascension_level":0}}