{"host":"usewcu4ohw2wtmxk","time":1607899876,"event":{"mods":["AchievementEnabler","BaseMod","BetterRewards","Colored Powertips","Minty Spire (QoL Compilation)","Permanent Neow","Quick Restart","Relic Sorter","Relic Stats","Shop Mod","StSLib","UnlockEverythingMod"],"gold_per_floor":[110,70,90,15,15,15,26,38,61,19,49,64,99,99,99,99,99],"floor_reached":16,"playtime":227,"items_purged":["Defend_P"],"score":270,"play_id":"b4374b4e-5b1b-4758-8b53-38e347e86134","local_time":"20201214065116","is_ascension_mode":true,"campfire_choices":[{"data":"Eruption","floor":6.0,"key":"SMITH"},{"data":"Judgement","floor":15.0,"key":"SMITH"}],"circlet_count":0,"master_deck":["AscendersBane","Strike_P","Strike_P","Strike_P","Strike_P","Defend_P","Defend_P","Defend_P","Eruption+1","Vigilance","Judgement+1","FlurryOfBlows","CutThroughFate","InnerPeace"],"relics":["PureWater","MealTicket","Pear","Tiny Chest"],"acts_visited":["Exordium"],"potions_floor_usage":[],"damage_taken":[{"damage":2.0,"enemies":"Cultist","floor":1.0,"turns":4.0},{"damage":0.0,"enemies":"Small Slimes","floor":3.0,"turns":3.0},{"damage":2.0,"enemies":"Jaw Worm","floor":7.0,"turns":2.0},{"damage":0.0,"enemies":"2 Fungi Beasts","floor":8.0,"turns":1.0},{"damage":0.0,"enemies":"Gremlin Nob","floor":11.0,"turns":2.0},{"damage":14.0,"enemies":"Exordium Thugs","floor":12.0,"turns":2.0},{"damage":27.0,"enemies":"Lagavulin","floor":13.0,"turns":6.0},{"damage":0,"enemies":"Slime Boss","floor":16,"turns":1}],"seed_played":"-5967881860238244508","potions_obtained":[{"floor":2.0,"key":"Weak Potion"},{"floor":2.0,"key":"Ambrosia"},{"floor":2.0,"key":"EssenceOfSteel"},{"floor":3.0,"key":"SteroidPotion"},{"floor":11.0,"key":"Fire Potion"},{"floor":13.0,"key":"ColorlessPotion"}],"is_trial":false,"path_per_floor":["M","?","M","$","?","R","M","M","T","$","E","M","E","?","R","B"],"character_chosen":"WATCHER","items_purchased":["InnerPeace"],"campfire_rested":0,"item_purchase_floors":[10],"current_hp_per_floor":[41,41,41,41,30,30,28,28,28,43,53,39,12,12,12,12,12],"gold":99,"neow_bonus":"THREE_RARE_CARDS","is_daily":false,"chose_seed":false,"campfire_upgraded":2,"win_rate":0.0,"timestamp":1607899876,"path_taken":["M","?","?","?","?","R","M","M","T","$","E","M","E","?","R","BOSS"],"items_purchased_type":["Card"],"build_version":"2020-11-30","purchased_purges":1,"victory":false,"max_hp_per_floor":[68,68,68,68,68,68,68,68,68,68,78,78,78,78,78,78,78],"relic_stats":{"counters":[8,21],"MealTicket":15,"Tiny Chest":0,"obtain_stats":[{"Pear":11,"MealTicket":5,"Tiny Chest":13,"PureWater":0},{"Pear":5,"MealTicket":2,"Tiny Chest":7,"PureWater":0},{"Pear":12,"MealTicket":7,"Tiny Chest":20,"PureWater":0}]},"card_choices":[{"not_picked":["Establishment","Vault"],"picked":"Judgement","floor":0.0},{"not_picked":["CrushJoints","FlyingSleeves"],"picked":"FlurryOfBlows","floor":1.0},{"not_picked":["Wireheading","Nirvana"],"picked":"CutThroughFate","floor":3.0},{"not_picked":["Sanctity","FollowUp","Worship"],"picked":"SKIP","floor":7.0},{"not_picked":["BattleHymn","Worship","ForeignInfluence"],"picked":"SKIP","floor":8.0},{"not_picked":["Crescendo","Pray","Evaluate"],"picked":"SKIP","floor":11.0},{"not_picked":["CrushJoints","FlyingSleeves","ForeignInfluence"],"picked":"SKIP","floor":12.0},{"not_picked":["PathToVictory","Consecrate","JustLucky"],"picked":"SKIP","floor":13.0}],"player_experience":251540,"relics_obtained":[{"floor":11.0,"key":"Pear"},{"floor":13.0,"key":"Tiny Chest"}],"event_choices":[{"damage_healed":0.0,"max_hp_gain":0.0,"max_hp_loss":0.0,"gold_gain":0.0,"event_name":"The Woman in Blue","player_choice":"Bought 3 Potions","floor":2.0,"gold_loss":0.0,"damage_taken":0.0},{"damage_healed":0.0,"max_hp_gain":0.0,"max_hp_loss":0.0,"gold_gain":0.0,"event_name":"Scrap Ooze","player_choice":"Success","floor":5.0,"gold_loss":0.0,"damage_taken":11.0,"relics_obtained":["MealTicket"]},{"damage_healed":0.0,"max_hp_gain":0.0,"max_hp_loss":0.0,"gold_gain":0.0,"event_name":"Liars Game","player_choice":"Ignored","floor":14.0,"gold_loss":0.0,"damage_taken":0.0}],"is_beta":false,"boss_relics":[],"items_purged_floors":[4],"is_endless":false,"potions_floor_spawned":[3,11,13],"killed_by":"Slime Boss","ascension_level":20}}