{"host":"ks12kfi5c4d9hdxy","time":1607889890,"event":{"mods":["BaseMod","Conspire","GifTheSpireLib","HololiveMod","Koishi","LagranYue(拉格朗・月)","Marisa（F雨　魔理沙）","Minty Spire (QoL Compilation)","Reimu（博丽灵梦）","Remilia（蕾米莉亚）","Replay The Spire","RumiaBox-露米娅的神秘盒子","StSLib","SuperFastMode","The Administrix","The Servant 0.9.4","Youmu（魂魄妖梦）","Yuyuko","【功能Mod】混沌之环修复补丁","【功能Mod】聪明的最终Boss","篝火指南"],"gold_per_floor":[110,110,126,51,64,94,109,109,109,138,155,155,180,180,180,180,180],"floor_reached":16,"playtime":484,"items_purged":["Strike_MRS"],"score":254,"play_id":"9c11b3c5-7bf5-4065-b085-0bdf73898b47","local_time":"20201214040450","is_ascension_mode":true,"campfire_choices":[{"floor":8.0,"key":"REST"},{"data":"EscapeVelocity","floor":12.0,"key":"SMITH"},{"floor":15.0,"key":"REST"}],"circlet_count":0,"master_deck":["AscendersBane","Strike_MRS","Strike_MRS","Strike_MRS","Defend_MRS","Defend_MRS","Defend_MRS","Defend_MRS","MasterSpark","UpSweep","GrandCross","UltimateShortwave","PropBag","MilkyWay","EscapeVelocity+1","MilkyWay","EnergyFlow+1"],"relics":["MiniHakkero","LagranYue:RandomDrawCardRelic","NeowsBlessing","ReplayTheSpireMod:Ninjato","Nunchaku","Potion Belt","Frozen Egg 2","Smiling Mask","Shuriken"],"acts_visited":["Exordium"],"potions_floor_usage":[16,16],"damage_taken":[{"damage":0.0,"enemies":"Jaw Worm","floor":1.0,"turns":1.0},{"damage":0.0,"enemies":"Cultist","floor":3.0,"turns":1.0},{"damage":0.0,"enemies":"2 Louse","floor":5.0,"turns":1.0},{"damage":20.0,"enemies":"Lagavulin","floor":6.0,"turns":5.0},{"damage":14.0,"enemies":"Red Slaver","floor":7.0,"turns":3.0},{"damage":11.0,"enemies":"3 Sentries","floor":10.0,"turns":6.0},{"damage":7.0,"enemies":"2 Fungi Beasts","floor":11.0,"turns":3.0},{"damage":12.0,"enemies":"Lagavulin","floor":13.0,"turns":5.0},{"damage":58,"enemies":"Fading Forest","floor":16,"turns":11}],"seed_played":"3681982817595944235","potions_obtained":[{"floor":2.0,"key":"SkillPotion"},{"floor":2.0,"key":"BottledSpark"},{"floor":5.0,"key":"Explosive Potion"},{"floor":7.0,"key":"SkillPotion"},{"floor":10.0,"key":"ColorlessPotion"},{"floor":11.0,"key":"ColorlessPotion"}],"is_trial":false,"path_per_floor":["M","?","M","$","M","E","M","R","T","E","M","R","E","?","R","B"],"character_chosen":"MARISA","items_purchased":[],"campfire_rested":2,"item_purchase_floors":[],"current_hp_per_floor":[63,63,63,63,63,43,29,50,50,39,32,32,20,20,41,0,0],"gold":180,"neow_bonus":"THREE_ENEMY_KILL","is_daily":false,"chose_seed":false,"campfire_upgraded":1,"win_rate":0.0,"timestamp":1607889890,"path_taken":["M","?","M","$","?","E","M","R","T","E","M","R","E","?","R","BOSS"],"items_purchased_type":[],"build_version":"2020-11-30","purchased_purges":1,"victory":false,"max_hp_per_floor":[70,70,70,70,70,70,70,70,70,70,70,70,70,70,70,70,70],"card_choices":[{"not_picked":["MilkyWay","SporeBomb"],"picked":"GrandCross","floor":1.0},{"not_picked":["ShootTheMoon","StarlightTyphoon","Orbital"],"picked":"SKIP","floor":3.0},{"not_picked":["DarkMatter","UnstableBomb"],"picked":"UltimateShortwave","floor":5.0},{"not_picked":["Acceleration","DeepEcoloBomb"],"picked":"PropBag","floor":6.0},{"not_picked":["IllusionStar","PowerUp"],"picked":"MilkyWay","floor":7.0},{"not_picked":["MysteriousBeam","DC"],"picked":"EscapeVelocity","floor":10.0},{"not_picked":["ManaConvection","OpenUniverse"],"picked":"MilkyWay","floor":11.0},{"not_picked":["IllusionStar","ShootingEcho"],"picked":"EnergyFlow+1","floor":13.0}],"player_experience":453927,"relics_obtained":[{"floor":6.0,"key":"ReplayTheSpireMod:Ninjato"},{"floor":9.0,"key":"Nunchaku"},{"floor":10.0,"key":"Potion Belt"},{"floor":13.0,"key":"Frozen Egg 2"},{"floor":14.0,"key":"Smiling Mask"}],"event_choices":[{"damage_healed":0.0,"max_hp_gain":0.0,"max_hp_loss":0.0,"gold_gain":0.0,"event_name":"Lab","player_choice":"Got Potions","floor":2.0,"gold_loss":0.0,"damage_taken":0.0},{"damage_healed":0.0,"max_hp_gain":0.0,"max_hp_loss":0.0,"gold_gain":0.0,"event_name":"Wheel of Change","player_choice":"Relic","floor":14.0,"gold_loss":0.0,"damage_taken":0.0}],"is_beta":false,"boss_relics":[],"items_purged_floors":[4],"is_endless":false,"potions_floor_spawned":[5,7,10,11],"killed_by":"Fading Forest","ascension_level":15}}