{"host":"bnbc66jny2i0hx0x","time":1607900037,"event":{"mods":["AchievementEnabler","BaseMod","Minty Spire (QoL Compilation)","Relic Sorter","StSLib"],"gold_per_floor":[113,128,138,155,155,155,180,150,150,183,200,218,56,67,67,144,144,156,174,29,40,50,50,84,84,84,100,110,33,43,74,74,147,147,164,210,210,210,226,226,151,151,151,185,185,213,226,20,20,20,20],"floor_reached":50,"playtime":2411,"items_purged":["Strike_B"],"score":1057,"play_id":"b91eb209-3ec4-4739-95fb-bbf153305df1","local_time":"20201213145357","is_ascension_mode":true,"campfire_choices":[{"data":"Core Surge","floor":6.0,"key":"SMITH"},{"floor":15.0,"key":"REST"},{"data":"Biased Cognition","floor":23.0,"key":"SMITH"},{"data":"Fission","floor":25.0,"key":"SMITH"},{"floor":32.0,"key":"REST"},{"floor":40.0,"key":"REST"},{"data":"Fission","floor":42.0,"key":"SMITH"},{"floor":49.0,"key":"REST"}],"circlet_count":0,"master_deck":["AscendersBane","Defend_B+1","Defend_B","Defend_B","Defend_B","Zap+1","Dualcast","Beam Cell","FTL","Core Surge+1","Glacier","Hologram","Sunder","Self Repair","Biased Cognition+1","White Noise","Fission+1","Defragment","Echo Form","Fission+1","BootSequence+1","Buffer+1","Amplify+1","Recycle+1","Thunder Strike+1"],"relics":["Cracked Core","Thread and Needle","HornCleat","Mercury Hourglass","Emotion Chip","Nuclear Battery","Strange Spoon","Regal Pillow","Molten Egg 2","Calipers","Astrolabe","Ice Cream","Pear","War Paint","Shuriken","Bag of Marbles"],"acts_visited":["Exordium","TheCity","TheBeyond"],"potions_floor_usage":[50],"damage_taken":[{"damage":4.0,"enemies":"2 Louse","floor":1.0,"turns":2.0},{"damage":0.0,"enemies":"Small Slimes","floor":2.0,"turns":2.0},{"damage":0.0,"enemies":"Cultist","floor":3.0,"turns":2.0},{"damage":15.0,"enemies":"Lots of Slimes","floor":4.0,"turns":3.0},{"damage":18.0,"enemies":"Gremlin Nob","floor":7.0,"turns":4.0},{"damage":5.0,"enemies":"Lagavulin","floor":10.0,"turns":6.0},{"damage":0.0,"enemies":"3 Louse","floor":11.0,"turns":2.0},{"damage":0.0,"enemies":"Large Slime","floor":12.0,"turns":3.0},{"damage":0.0,"enemies":"2 Fungi Beasts","floor":14.0,"turns":3.0},{"damage":23.0,"enemies":"Slime Boss","floor":16.0,"turns":12.0},{"damage":1.0,"enemies":"Spheric Guardian","floor":18.0,"turns":4.0},{"damage":0.0,"enemies":"2 Thieves","floor":19.0,"turns":3.0},{"damage":10.0,"enemies":"Snake Plant","floor":21.0,"turns":3.0},{"damage":14.0,"enemies":"Shelled Parasite and Fungi","floor":22.0,"turns":4.0},{"damage":33.0,"enemies":"Gremlin Leader","floor":24.0,"turns":7.0},{"damage":0.0,"enemies":"Snecko","floor":27.0,"turns":5.0},{"damage":6.0,"enemies":"Sentry and Sphere","floor":28.0,"turns":5.0},{"damage":3.0,"enemies":"Cultist and Chosen","floor":30.0,"turns":5.0},{"damage":4.0,"enemies":"Book of Stabbing","floor":31.0,"turns":6.0},{"damage":30.0,"enemies":"Automaton","floor":33.0,"turns":13.0},{"damage":0.0,"enemies":"Orb Walker","floor":35.0,"turns":3.0},{"damage":37.0,"enemies":"2 Orb Walkers","floor":36.0,"turns":6.0},{"damage":16.0,"enemies":"3 Darklings","floor":39.0,"turns":6.0},{"damage":0.0,"enemies":"Nemesis","floor":44.0,"turns":9.0},{"damage":0.0,"enemies":"Reptomancer","floor":46.0,"turns":7.0},{"damage":25.0,"enemies":"Transient","floor":47.0,"turns":5.0},{"damage":58,"enemies":"Awakened One","floor":50,"turns":7}],"seed_played":"3922055223936447672","potions_obtained":[{"floor":8.0,"key":"EssenceOfSteel"},{"floor":8.0,"key":"SneckoOil"},{"floor":10.0,"key":"Strength Potion"},{"floor":11.0,"key":"SmokeBomb"},{"floor":12.0,"key":"Fruit Juice"},{"floor":16.0,"key":"SpeedPotion"},{"floor":19.0,"key":"PowerPotion"},{"floor":24.0,"key":"SkillPotion"},{"floor":36.0,"key":"PowerPotion"},{"floor":46.0,"key":"BlessingOfTheForge"}],"is_trial":false,"path_per_floor":["M","M","M","M","?","R","E","?","T","E","M","M","$","M","R","B",null,"M","M","$","M","M","R","E","R","T","M","M","$","M","E","R","B",null,"M","?","?","?","M","R","$","R","T","E","?","E","M","$","R","B"],"character_chosen":"DEFECT","items_purchased":["Sunder","Self Repair","Strange Spoon","Defragment","Bag of Marbles","ColorlessPotion"],"campfire_rested":4,"item_purchase_floors":[13,13,20,29,48,48],"current_hp_per_floor":[60,60,60,45,40,40,22,22,22,17,17,17,17,24,51,35,66,72,76,76,73,66,66,40,40,40,47,48,48,52,55,76,53,70,76,53,53,48,46,76,76,76,86,86,86,86,68,68,86,28,28],"gold":20,"neow_bonus":"UPGRADE_CARD","is_daily":false,"chose_seed":false,"campfire_upgraded":4,"win_rate":0.0,"timestamp":1607900037,"path_taken":["M","M","M","M","?","R","E","?","T","E","M","M","$","M","R","BOSS","BOSS","M","?","$","M","?","R","E","R","T","M","M","$","M","E","R","BOSS","M","?","?","?","M","R","$","R","T","E","?","E","M","$","R","BOSS"],"items_purchased_type":["Card","Card","Relic","Card","Relic","Potion"],"build_version":"2020-11-30","purchased_purges":1,"victory":false,"max_hp_per_floor":[71,71,71,71,71,71,71,71,71,71,71,71,71,71,76,76,76,76,76,76,76,76,76,76,76,76,76,76,76,76,76,76,76,76,76,76,76,76,76,76,76,76,86,86,86,86,86,86,86,86,86],"card_choices":[{"not_picked":["Compile Driver","Barrage"],"picked":"Sweeping Beam","floor":1.0},{"not_picked":["Steam","Stack"],"picked":"Beam Cell","floor":2.0},{"not_picked":["Sweeping Beam","Skim"],"picked":"FTL","floor":3.0},{"not_picked":["Stack","Hologram"],"picked":"Core Surge","floor":4.0},{"not_picked":["Recycle","Redo","Rebound"],"picked":"SKIP","floor":7.0},{"not_picked":["Turbo","Sweeping Beam"],"picked":"Glacier","floor":10.0},{"not_picked":["Aggregate","Turbo","Heatsinks"],"picked":"SKIP","floor":11.0},{"not_picked":["Chaos","Meteor Strike"],"picked":"Hologram","floor":12.0},{"not_picked":["Go for the Eyes","Redo","Steam Power"],"picked":"SKIP","floor":14.0},{"not_picked":["Reboot","All For One"],"picked":"Biased Cognition","floor":16.0},{"not_picked":["FTL","Conserve Battery","Beam Cell"],"picked":"SKIP","floor":18.0},{"not_picked":["Barrage","Cold Snap","Rebound"],"picked":"SKIP","floor":19.0},{"not_picked":["Consume","Rebound"],"picked":"White Noise","floor":21.0},{"not_picked":["Scrape","Streamline","Turbo"],"picked":"SKIP","floor":22.0},{"not_picked":["Rebound","Ball Lightning"],"picked":"Fission","floor":24.0},{"not_picked":["Compile Driver+1","Leap","Gash+1"],"picked":"SKIP","floor":27.0},{"not_picked":["Scrape+1","FTL+1","Rainbow"],"picked":"SKIP","floor":28.0},{"not_picked":["Sweeping Beam+1","Loop","Conserve Battery"],"picked":"SKIP","floor":30.0},{"not_picked":["Multi-Cast","Force Field"],"picked":"Echo Form","floor":31.0},{"not_picked":["Amplify","Multi-Cast"],"picked":"Fission","floor":33.0},{"not_picked":["Barrage+1","Hologram","Cold Snap+1"],"picked":"SKIP","floor":35.0},{"not_picked":["Conserve Battery","Rebound+1"],"picked":"Recycle","floor":36.0},{"not_picked":["Streamline+1","Go for the Eyes+1","Compile Driver+1"],"picked":"SKIP","floor":39.0},{"not_picked":["Compile Driver+1","Rip and Tear+1"],"picked":"Thunder Strike+1","floor":44.0},{"not_picked":["Cold Snap+1","Streamline+1","Compile Driver+1"],"picked":"SKIP","floor":46.0},{"not_picked":["Sweeping Beam+1","Ball Lightning+1","Reprogram+1"],"picked":"SKIP","floor":47.0}],"player_experience":1242265,"relics_obtained":[{"floor":7.0,"key":"HornCleat"},{"floor":9.0,"key":"Mercury Hourglass"},{"floor":10.0,"key":"Emotion Chip"},{"floor":24.0,"key":"Regal Pillow"},{"floor":26.0,"key":"Molten Egg 2"},{"floor":31.0,"key":"Calipers"},{"floor":36.0,"key":"Ice Cream"},{"floor":43.0,"key":"Pear"},{"floor":44.0,"key":"War Paint"},{"floor":46.0,"key":"Shuriken"}],"event_choices":[{"damage_healed":0.0,"max_hp_gain":0.0,"max_hp_loss":0.0,"gold_gain":0.0,"event_name":"Scrap Ooze","player_choice":"Success","floor":5.0,"gold_loss":0.0,"damage_taken":5.0,"relics_obtained":["Thread and Needle"]},{"damage_healed":0.0,"max_hp_gain":0.0,"max_hp_loss":0.0,"gold_gain":0.0,"event_name":"The Woman in Blue","player_choice":"Bought 2 Potions","floor":8.0,"gold_loss":0.0,"damage_taken":0.0},{"damage_healed":0.0,"max_hp_gain":0.0,"max_hp_loss":0.0,"gold_gain":0.0,"event_name":"Mysterious Sphere","player_choice":"Fight","floor":36.0,"gold_loss":0.0,"damage_taken":0.0},{"damage_healed":0.0,"max_hp_gain":0.0,"max_hp_loss":0.0,"gold_gain":0.0,"event_name":"Tomb of Lord Red Mask","player_choice":"Ignored","floor":37.0,"gold_loss":0.0,"damage_taken":0.0},{"damage_healed":0.0,"max_hp_gain":0.0,"max_hp_loss":0.0,"gold_gain":0.0,"event_name":"SensoryStone","player_choice":"Memory 2","floor":38.0,"gold_loss":0.0,"damage_taken":5.0},{"cards_removed":["Sweeping Beam"],"damage_healed":0.0,"max_hp_gain":0.0,"max_hp_loss":0.0,"gold_gain":0.0,"event_name":"Falling","player_choice":"Removed Attack","floor":45.0,"gold_loss":0.0,"damage_taken":0.0}],"is_beta":false,"boss_relics":[{"not_picked":["Philosopher\u0027s Stone","Empty Cage"],"picked":"Nuclear Battery"},{"not_picked":["FrozenCore","Runic Pyramid"],"picked":"Astrolabe"}],"items_purged_floors":[41],"is_endless":false,"potions_floor_spawned":[10,11,12,16,19,22,24,30,36,46],"killed_by":"Awakened One","ascension_level":15}}