{"host":"2yqfi47fogfu1ic4","time":1607883792,"event":{"mods":["AchievementEnabler","BaseMod","Colored Map","Colored Powertips","Highlight Path","Minty Spire (QoL Compilation)","Permanent Neow","Relic Stats","StSLib"],"gold_per_floor":[118,43,54,4,23,23,57,73,96,18,44,63,76,55,55,129,129,140,215,225,241,261,293,293,293,316,330,358,458,477,503,503,579,579,594,608,624,636,646,681,701,701,701,729,741,691,703,715,715,715,715,715,715,5,37,37],"floor_reached":57,"playtime":8726,"items_purged":["Decay","Dagger Spray","Envenom"],"score":2848,"play_id":"8a07ad9a-e3fb-4bc8-b183-433f0333228a","local_time":"20201213192312","is_ascension_mode":true,"campfire_choices":[{"data":"Apotheosis","floor":6.0,"key":"SMITH"},{"data":"Footwork","floor":15.0,"key":"SMITH"},{"floor":25.0,"key":"REST"},{"floor":32.0,"key":"RECALL"},{"floor":49.0,"key":"REST"},{"floor":53.0,"key":"REST"}],"circlet_count":0,"master_deck":["AscendersBane","Defend_G+1","Defend_G","Defend_G","Defend_G","Defend_G","Survivor","Neutralize","Apotheosis+1","Cloak And Dagger","Flechettes","Bouncing Flask","Bane+1","Bouncing Flask","Footwork+1","Deflect","Leg Sweep","Adrenaline","Blade Dance+1","Bane","Leg Sweep","Night Terror","Bite","Bite","Bite","Bite+1","Bite","Noxious Fumes","Blur","Catalyst","Footwork","Night Terror","Leg Sweep+1","Backflip","Venomology","PiercingWail+1","Malaise","Footwork","Outmaneuver+1","Outmaneuver","Dark Shackles"],"relics":["Ring of the Snake","Vajra","Toy Ornithopter","Matryoshka","Fusion Hammer","MealTicket","Gremlin Horn","The Courier","Darkstone Periapt","Strawberry","TungstenRod","Bottled Tornado","Smiling Mask","Runic Pyramid","Regal Pillow","Blue Candle","Bird Faced Urn","Oddly Smooth Stone","Anchor","Nunchaku","Whetstone","War Paint"],"acts_visited":["Exordium","TheCity","TheBeyond","TheEnding"],"potions_floor_usage":[56,56,56],"damage_taken":[{"damage":3.0,"enemies":"Small Slimes","floor":1.0,"turns":4.0},{"damage":0.0,"enemies":"Cultist","floor":3.0,"turns":5.0},{"damage":1.0,"enemies":"Jaw Worm","floor":5.0,"turns":5.0},{"damage":21.0,"enemies":"Gremlin Nob","floor":7.0,"turns":4.0},{"damage":0.0,"enemies":"Gremlin Gang","floor":8.0,"turns":6.0},{"damage":16.0,"enemies":"3 Sentries","floor":11.0,"turns":7.0},{"damage":3.0,"enemies":"Exordium Wildlife","floor":12.0,"turns":5.0},{"damage":3.0,"enemies":"3 Louse","floor":13.0,"turns":4.0},{"damage":7.0,"enemies":"Exordium Thugs","floor":14.0,"turns":4.0},{"damage":0.0,"enemies":"Slime Boss","floor":16.0,"turns":8.0},{"damage":0.0,"enemies":"3 Byrds","floor":18.0,"turns":6.0},{"damage":0.0,"enemies":"Chosen","floor":20.0,"turns":3.0},{"damage":12.0,"enemies":"Snake Plant","floor":21.0,"turns":5.0},{"damage":29.0,"enemies":"Chosen and Byrds","floor":22.0,"turns":8.0},{"damage":27.0,"enemies":"Book of Stabbing","floor":23.0,"turns":6.0},{"damage":8.0,"enemies":"Centurion and Healer","floor":27.0,"turns":15.0},{"damage":23.0,"enemies":"Gremlin Leader","floor":28.0,"turns":7.0},{"damage":11.0,"enemies":"Colosseum Slavers","floor":29.0,"turns":9.0},{"damage":32.0,"enemies":"Colosseum Nobs","floor":29.0,"turns":7.0},{"damage":0.0,"enemies":"Snecko","floor":30.0,"turns":8.0},{"damage":26.0,"enemies":"Collector","floor":33.0,"turns":9.0},{"damage":0.0,"enemies":"3 Shapes","floor":35.0,"turns":6.0},{"damage":22.0,"enemies":"3 Darklings","floor":36.0,"turns":12.0},{"damage":0.0,"enemies":"Sphere and 2 Shapes","floor":37.0,"turns":7.0},{"damage":13.0,"enemies":"4 Shapes","floor":38.0,"turns":8.0},{"damage":28.0,"enemies":"Writhing Mass","floor":39.0,"turns":17.0},{"damage":2.0,"enemies":"Reptomancer","floor":40.0,"turns":5.0},{"damage":7.0,"enemies":"Sphere and 2 Shapes","floor":41.0,"turns":8.0},{"damage":12.0,"enemies":"Giant Head","floor":44.0,"turns":12.0},{"damage":7.0,"enemies":"3 Darklings","floor":45.0,"turns":9.0},{"damage":0.0,"enemies":"Maw","floor":47.0,"turns":9.0},{"damage":28.0,"enemies":"Spire Growth","floor":48.0,"turns":8.0},{"damage":24.0,"enemies":"Donu and Deca","floor":50.0,"turns":11.0},{"damage":29.0,"enemies":"Time Eater","floor":51.0,"turns":11.0},{"damage":52.0,"enemies":"Shield and Spear","floor":55.0,"turns":14.0},{"damage":32,"enemies":"The Heart","floor":56,"turns":10}],"seed_played":"-8572378549025182659","potions_obtained":[{"floor":3.0,"key":"Block Potion"},{"floor":5.0,"key":"LiquidBronze"},{"floor":7.0,"key":"Explosive Potion"},{"floor":13.0,"key":"Regen Potion"},{"floor":14.0,"key":"DuplicationPotion"},{"floor":22.0,"key":"SteroidPotion"},{"floor":23.0,"key":"CunningPotion"},{"floor":27.0,"key":"Strength Potion"},{"floor":33.0,"key":"LiquidMemories"},{"floor":39.0,"key":"SpeedPotion"},{"floor":40.0,"key":"SkillPotion"},{"floor":47.0,"key":"Fruit Juice"}],"is_trial":false,"path_per_floor":["M","$","M","?","M","R","E","M","T","$","E","M","M","M","R","B",null,"M","T","M","M","M","E","?","R","T","M","E","?","M","T","R","B",null,"M","M","M","M","M","E","M","?","T","E","M","$","M","M","R","B","B",null,"R","$","E","B",null],"character_chosen":"THE_SILENT","items_purchased":["Footwork","Oddly Smooth Stone","Anchor","DuplicationPotion","Nunchaku","Dark Shackles","Whetstone"],"campfire_rested":3,"item_purchase_floors":[10,54,54,54,54,54,54],"current_hp_per_floor":[56,56,56,56,57,57,38,40,40,40,31,30,29,24,24,46,61,63,63,65,54,27,7,7,26,26,66,65,50,61,61,61,54,68,73,73,73,72,69,73,73,73,73,73,73,73,73,77,78,78,67,75,78,78,58,59],"gold":37,"neow_bonus":"RANDOM_COLORLESS_2","is_daily":false,"chose_seed":false,"campfire_upgraded":2,"win_rate":0.0,"timestamp":1607883792,"path_taken":["M","$","M","?","M","R","E","M","T","?","E","M","M","M","R","BOSS","M","?","?","M","M","E","?","R","T","M","E","?","M","?","R","BOSS","M","M","M","?","M","E","M","?","T","E","M","$","M","M","R","BOSS","BOSS","R","$","E","BOSS"],"items_purchased_type":["Card","Relic","Relic","Potion","Relic","Card","Relic"],"build_version":"2020-11-30","purchased_purges":3,"victory":true,"max_hp_per_floor":[66,66,66,66,66,66,66,66,66,66,66,66,66,66,66,66,66,66,66,66,66,66,66,66,66,66,66,73,73,73,73,73,73,73,73,73,73,73,73,73,73,73,73,73,73,73,73,78,78,78,78,78,78,78,78,78],"relic_stats":{"Darkstone Periapt":0,"Regal Pillow":0,"Gremlin Horn":[40,40],"counters":[36,282],"Blue Candle":[0],"Whetstone":["Bite","Bane"],"War Paint":["Blade Dance","Defend_G"],"Smiling Mask":80,"Nunchaku":[4],"Bird Faced Urn":[28],"MealTicket":0,"obtain_stats":[{"Darkstone Periapt":26,"Regal Pillow":40,"Gremlin Horn":19,"Blue Candle":43,"Vajra":7,"Oddly Smooth Stone":54,"The Courier":23,"Whetstone":54,"Bottled Tornado":29,"War Paint":55,"Smiling Mask":31,"Blood Vial":4,"Anchor":54,"Nunchaku":54,"Matryoshka":11,"Strawberry":28,"Bird Faced Urn":44,"MealTicket":19,"Fusion Hammer":17,"Toy Ornithopter":9,"TungstenRod":29,"Ring of the Snake":0,"Runic Pyramid":34},{"Darkstone Periapt":15,"Regal Pillow":27,"Gremlin Horn":11,"Blue Candle":28,"Vajra":4,"Oddly Smooth Stone":34,"The Courier":15,"Whetstone":34,"Bottled Tornado":19,"War Paint":35,"Smiling Mask":20,"Blood Vial":2,"Anchor":34,"Nunchaku":34,"Matryoshka":6,"Strawberry":17,"Bird Faced Urn":29,"MealTicket":11,"Fusion Hammer":10,"Toy Ornithopter":5,"TungstenRod":19,"Ring of the Snake":0,"Runic Pyramid":21},{"Darkstone Periapt":80,"Regal Pillow":190,"Gremlin Horn":58,"Blue Candle":198,"Vajra":18,"Oddly Smooth Stone":258,"The Courier":80,"Whetstone":258,"Bottled Tornado":118,"War Paint":272,"Smiling Mask":126,"Blood Vial":9,"Anchor":258,"Nunchaku":258,"Matryoshka":31,"Strawberry":102,"Bird Faced Urn":210,"MealTicket":58,"Fusion Hammer":52,"Toy Ornithopter":24,"TungstenRod":118,"Ring of the Snake":0,"Runic Pyramid":135}],"Toy Ornithopter":51,"TungstenRod":64,"Ring of the Snake":[72]},"card_choices":[{"not_picked":["Secret Technique","Chrysalis"],"picked":"Apotheosis","floor":0.0},{"not_picked":["Tactician","Reflex"],"picked":"Cloak And Dagger","floor":1.0},{"not_picked":["Heel Hook","Eviscerate"],"picked":"Flechettes","floor":3.0},{"not_picked":["Eviscerate","Sucker Punch"],"picked":"Bouncing Flask","floor":5.0},{"not_picked":["Slice","Sucker Punch"],"picked":"Bane","floor":7.0},{"not_picked":["Caltrops","Underhanded Strike"],"picked":"Bouncing Flask","floor":8.0},{"not_picked":["Prepared","Dagger Throw"],"picked":"Envenom","floor":11.0},{"not_picked":["Reflex","Tactician"],"picked":"Deflect","floor":12.0},{"not_picked":["Prepared","Slice"],"picked":"Leg Sweep","floor":13.0},{"not_picked":["Backflip","Dagger Throw"],"picked":"Well Laid Plans","floor":14.0},{"not_picked":["Doppelganger","Grand Finale"],"picked":"Adrenaline","floor":16.0},{"not_picked":["Bane","Dodge and Roll"],"picked":"Blade Dance","floor":18.0},{"not_picked":["Underhanded Strike","Slice+1"],"picked":"Bane","floor":20.0},{"not_picked":["Deadly Poison+1","Escape Plan"],"picked":"Leg Sweep","floor":21.0},{"not_picked":["Masterful Stab","Accuracy"],"picked":"Dagger Spray","floor":22.0},{"not_picked":["Crippling Poison","Dodge and Roll"],"picked":"Night Terror","floor":23.0},{"not_picked":["Dodge and Roll","Backflip+1"],"picked":"Noxious Fumes","floor":27.0},{"not_picked":["Noxious Fumes","Bouncing Flask"],"picked":"Blur","floor":28.0},{"not_picked":["Underhanded Strike","Footwork"],"picked":"Catalyst","floor":29.0},{"not_picked":["Well Laid Plans","Underhanded Strike"],"picked":"Footwork","floor":30.0},{"not_picked":["Bullet Time","Unload"],"picked":"Night Terror","floor":33.0},{"not_picked":["Dodge and Roll","Dagger Throw"],"picked":"Leg Sweep+1","floor":35.0},{"not_picked":["Cloak And Dagger","Finisher"],"picked":"Backflip","floor":36.0},{"not_picked":["Bane+1","Slice+1","Accuracy"],"picked":"SKIP","floor":37.0},{"not_picked":["Predator+1","Riddle With Holes"],"picked":"Venomology","floor":38.0},{"not_picked":["Flechettes","Quick Slash+1"],"picked":"PiercingWail+1","floor":39.0},{"not_picked":["Acrobatics","Dash"],"picked":"Malaise","floor":40.0},{"not_picked":["Caltrops","Prepared"],"picked":"Footwork","floor":41.0},{"not_picked":["Quick Slash","Backstab","Blade Dance"],"picked":"SKIP","floor":44.0},{"not_picked":["Bouncing Flask","All Out Attack"],"picked":"Outmaneuver+1","floor":45.0},{"not_picked":["Predator+1","Skewer"],"picked":"Outmaneuver","floor":47.0},{"not_picked":["Flying Knee","Dagger Throw","Dagger Spray"],"picked":"SKIP","floor":48.0},{"not_picked":["Distraction","Crippling Poison","Flechettes+1"],"picked":"SKIP","floor":55.0}],"player_experience":1736628,"relics_obtained":[{"floor":7.0,"key":"Vajra"},{"floor":9.0,"key":"Toy Ornithopter"},{"floor":11.0,"key":"Matryoshka"},{"floor":19.0,"key":"MealTicket"},{"floor":19.0,"key":"Gremlin Horn"},{"floor":23.0,"key":"The Courier"},{"floor":26.0,"key":"Darkstone Periapt"},{"floor":28.0,"key":"Strawberry"},{"floor":29.0,"key":"TungstenRod"},{"floor":29.0,"key":"Bottled Tornado"},{"floor":31.0,"key":"Smiling Mask"},{"floor":40.0,"key":"Regal Pillow"},{"floor":43.0,"key":"Blue Candle"},{"floor":44.0,"key":"Bird Faced Urn"},{"floor":55.0,"key":"War Paint"}],"event_choices":[{"damage_healed":0.0,"max_hp_gain":0.0,"max_hp_loss":0.0,"gold_gain":0.0,"event_name":"WeMeetAgain","player_choice":"Paid Gold","floor":4.0,"gold_loss":50.0,"damage_taken":0.0,"relics_obtained":["Blood Vial"]},{"damage_healed":0.0,"max_hp_gain":0.0,"max_hp_loss":0.0,"gold_gain":0.0,"event_name":"Vampires","player_choice":"Became a vampire (Vial)","floor":24.0,"relics_lost":["Blood Vial"],"gold_loss":0.0,"damage_taken":0.0,"cards_obtained":["Bite","Bite","Bite","Bite","Bite"]},{"damage_healed":0.0,"max_hp_gain":0.0,"max_hp_loss":0.0,"gold_gain":0.0,"event_name":"Colosseum","player_choice":"Fight","floor":29.0,"gold_loss":0.0,"damage_taken":0.0},{"damage_healed":0.0,"max_hp_gain":0.0,"max_hp_loss":0.0,"gold_gain":0.0,"event_name":"Colosseum","player_choice":"Fought Nobs","floor":29.0,"gold_loss":0.0,"damage_taken":0.0},{"cards_removed":["Well Laid Plans"],"damage_healed":0.0,"max_hp_gain":0.0,"max_hp_loss":0.0,"gold_gain":0.0,"event_name":"Falling","player_choice":"Removed Power","floor":42.0,"gold_loss":0.0,"damage_taken":0.0}],"is_beta":false,"boss_relics":[{"not_picked":["Philosopher\u0027s Stone","Pandora\u0027s Box"],"picked":"Fusion Hammer"},{"not_picked":["SacredBark","WristBlade"],"picked":"Runic Pyramid"}],"items_purged_floors":[2,46,54],"is_endless":false,"potions_floor_spawned":[3,5,7,13,14,22,23,27,33,39,40,45,47,55],"ascension_level":20}}