{"host":"ds28d883r3sz42zs","time":1607828032,"event":{"mods":["2.2 Compatiblity","AchievementEnabler","Act Like it!","BaseMod","Bestiary","Better Match","Better Sensory Stone","Better Third Choice","Better-Laid Plans","BetterRewards","Block Reminder","Challenge The Spire","Colored Map","Colored Powertips","Defuse TimeMaze Blight","Disable Question Mark Monsters","Displayed Cursed Tome","Emptier Cage","GifTheSpireLib","Gold Saver","Minty Spire (QoL Compilation)","Permanent Neow","Practice Mode","Quick Restart","Random Character Button","Rare Cards Sparkle","Relic Filter","Relic Stats","SacredBarkPlus","StSLib","SuperFastMode","Uncapped","Unknown Chances"],"gold_per_floor":[408,408,424,424,424,424,447,478,503,537,547,547,565,594,594,696,696,708,708,708,623,643,673,409,419,443,443,463,498,516,304,304,407,407,427,337,357,370,424,424,459,471,529,541,553,599,611,255,255,255,255,255,14,41,41],"floor_reached":56,"playtime":2405,"items_purged":["Strike_G","Strike_G","Strike_G"],"score":2058,"play_id":"4c45dce8-ac15-4118-ac72-ad5625279390","local_time":"20201212215352","is_ascension_mode":true,"campfire_choices":[{"data":"Neutralize","floor":6,"key":"SMITH"},{"data":"Crippling Poison","floor":12,"key":"SMITH"},{"data":"Dash","floor":15,"key":"SMITH"},{"data":"Malaise","floor":27,"key":"SMITH"},{"data":"Leg Sweep","floor":32,"key":"SMITH"},{"data":"A Thousand Cuts","floor":40,"key":"SMITH"},{"floor":45,"key":"RECALL"},{"floor":47,"key":"DIG"},{"floor":49,"key":"DIG"},{"floor":52,"key":"DIG"}],"circlet_count":0,"master_deck":["Defend_G","Defend_G","Defend_G","Defend_G","Defend_G","Survivor","Neutralize+1","Slice","Slice","Predator","Crippling Poison+1","Slice","Dash+1","Malaise+1","Slice+1","Ghostly","Ghostly","Ghostly+1","Ghostly","Ghostly","PiercingWail","Sucker Punch+1","Adrenaline","Slice+1","Dodge and Roll","Blur","Leg Sweep+1","A Thousand Cuts+1","Blade Dance+1","Backflip","Blade Dance+1","Blade Dance+1","Dodge and Roll","Flash of Steel","Panache","Slice+1","Slice"],"relics":["Ring of the Serpent","NeowsBlessing","WarpedTongs","Lantern","Dream Catcher","Bag of Marbles","CaptainsWheel","HornCleat","Nunchaku","Pen Nib","Kunai","Membership Card","Orichalcum","Shovel","Sundial","Runic Dome","Gambling Chip","MawBank","MealTicket","Anchor","Ancient Tea Set","Tough Bandages","OrangePellets","Centennial Puzzle","Mercury Hourglass","Ornamental Fan","Medical Kit","Paper Crane"],"acts_visited":["Exordium","TheCity","TheBeyond","TheEnding"],"potions_floor_usage":[53,55,55,55],"damage_taken":[{"damage":0,"enemies":"Jaw Worm","floor":1,"turns":1},{"damage":0,"enemies":"2 Louse","floor":3,"turns":1},{"damage":0,"enemies":"3 Sentries","floor":8,"turns":1},{"damage":2,"enemies":"Lagavulin","floor":10,"turns":5},{"damage":0,"enemies":"Cultist","floor":11,"turns":2},{"damage":0,"enemies":"Exordium Wildlife","floor":13,"turns":3},{"damage":2,"enemies":"3 Sentries","floor":14,"turns":5},{"damage":5,"enemies":"The Guardian","floor":16,"turns":7},{"damage":4,"enemies":"Shell Parasite","floor":18,"turns":6},{"damage":0,"enemies":"2 Thieves","floor":22,"turns":5},{"damage":1,"enemies":"Gremlin Leader","floor":23,"turns":5},{"damage":0,"enemies":"Snake Plant","floor":25,"turns":5},{"damage":2,"enemies":"Cultist and Chosen","floor":28,"turns":6},{"damage":0,"enemies":"Slavers","floor":29,"turns":7},{"damage":0,"enemies":"Snecko","floor":30,"turns":7},{"damage":3,"enemies":"Champ","floor":33,"turns":25},{"damage":0,"enemies":"3 Darklings","floor":35,"turns":7},{"damage":0,"enemies":"Orb Walker","floor":37,"turns":4},{"damage":0,"enemies":"Jaw Worm Horde","floor":38,"turns":3},{"damage":3,"enemies":"2 Orb Walkers","floor":39,"turns":6},{"damage":0,"enemies":"Reptomancer","floor":41,"turns":6},{"damage":4,"enemies":"Nemesis","floor":46,"turns":7},{"damage":0,"enemies":"Awakened One","floor":50,"turns":18},{"damage":2,"enemies":"Shield and Spear","floor":54,"turns":4},{"damage":2,"enemies":"The Heart","floor":55,"turns":12}],"seed_played":"6723637158471703056","potions_obtained":[{"floor":8,"key":"Dexterity Potion"},{"floor":11,"key":"Poison Potion"},{"floor":14,"key":"SteroidPotion"},{"floor":22,"key":"Regen Potion"},{"floor":35,"key":"BlessingOfTheForge"}],"is_trial":false,"path_per_floor":["M","?","M","?","?","R","T","E","T","E","M","R","M","E","R","B",null,"M","?","?","?","M","E","$","M","T","R","M","E","M","$","R","B",null,"M","?","M","M","?","R","E","?","T","?","R","E","R","$","R","B",null,"R","$","E","B",null],"character_chosen":"THE_SILENT","items_purchased":["Membership Card","Orichalcum","Sundial","Leg Sweep","Tough Bandages","Slice","OrangePellets","Fruit Juice","Ornamental Fan","Medical Kit","Ancient Potion"],"campfire_rested":0,"item_purchase_floors":[24,24,31,31,48,48,48,48,53,53,53],"current_hp_per_floor":[63,56,56,56,56,56,56,56,56,54,54,54,54,52,52,47,64,60,35,35,35,35,34,34,34,34,34,32,32,32,32,32,29,34,34,34,34,34,31,31,31,31,31,31,31,27,27,35,35,35,35,35,40,38,36],"gold":41,"neow_bonus":"THREE_ENEMY_KILL","is_daily":false,"chose_seed":false,"campfire_upgraded":6,"win_rate":0.0,"timestamp":1607828032,"path_taken":["M","?","M","?","?","R","?","E","T","E","?","R","M","E","R","BOSS","M","?","?","?","M","E","?","M","T","R","?","E","M","$","R","BOSS","M","?","?","M","?","R","E","?","T","?","R","E","R","$","R","BOSS","R","$","E","BOSS"],"items_purchased_type":["Relic","Relic","Relic","Card","Relic","Card","Relic","Potion","Relic","Relic","Potion"],"build_version":"2020-11-30","purchased_purges":3,"victory":true,"max_hp_per_floor":[70,70,70,70,70,70,70,70,70,70,70,70,70,70,70,70,70,70,35,35,35,35,35,35,35,35,35,35,35,35,35,35,35,35,35,35,35,35,35,35,35,35,35,35,35,35,35,35,35,35,35,35,40,40,40],"relic_stats":{"counters":[25,158],"Pen Nib":[38],"Orichalcum":[54],"MawBank":84,"Medical Kit":[2],"WarpedTongs":[145],"Mercury Hourglass":[51],"OrangePellets":[0],"Dream Catcher":0,"Nunchaku":[38],"Tough Bandages":[30],"Centennial Puzzle":[3],"Shovel":3,"Sundial":[10],"Ornamental Fan":[72],"Gambling Chip":[12],"MealTicket":8,"Kunai":[85],"obtain_stats":[{"Lantern":7,"Ancient Tea Set":47,"Dream Catcher":8,"Nunchaku":20,"Tough Bandages":48,"Centennial Puzzle":49,"HornCleat":14,"Shovel":29,"Sundial":31,"Gambling Chip":39,"MealTicket":43,"Kunai":23,"Ring of the Snake":0,"NeowsBlessing":0,"Pen Nib":21,"Orichalcum":24,"Paper Crane":54,"MawBank":41,"Medical Kit":53,"WarpedTongs":4,"Mercury Hourglass":52,"Runic Dome":34,"OrangePellets":48,"CaptainsWheel":10,"Anchor":46,"Ornamental Fan":53,"Bag of Marbles":9,"Membership Card":24,"Ring of the Serpent":17},{"Lantern":2,"Ancient Tea Set":22,"Dream Catcher":3,"Nunchaku":9,"Tough Bandages":22,"Centennial Puzzle":22,"HornCleat":7,"Shovel":14,"Sundial":15,"Gambling Chip":20,"MealTicket":21,"Kunai":11,"Ring of the Snake":0,"NeowsBlessing":0,"Pen Nib":9,"Orichalcum":11,"Paper Crane":24,"MawBank":21,"Medical Kit":23,"WarpedTongs":2,"Mercury Hourglass":23,"Runic Dome":16,"OrangePellets":22,"CaptainsWheel":4,"Anchor":22,"Ornamental Fan":23,"Bag of Marbles":3,"Membership Card":11,"Ring of the Serpent":8},{"Lantern":2,"Ancient Tea Set":124,"Dream Catcher":3,"Nunchaku":31,"Tough Bandages":124,"Centennial Puzzle":124,"HornCleat":18,"Shovel":59,"Sundial":66,"Gambling Chip":111,"MealTicket":117,"Kunai":41,"Ring of the Snake":0,"NeowsBlessing":0,"Pen Nib":31,"Orichalcum":41,"Paper Crane":146,"MawBank":117,"Medical Kit":142,"WarpedTongs":2,"Mercury Hourglass":142,"Runic Dome":91,"OrangePellets":124,"CaptainsWheel":8,"Anchor":124,"Ornamental Fan":142,"Bag of Marbles":3,"Membership Card":41,"Ring of the Serpent":25}]},"card_choices":[{"not_picked":["Blur","Accuracy"],"picked":"Slice","floor":1},{"not_picked":["Underhanded Strike","Terror"],"picked":"Slice","floor":3},{"not_picked":["Cloak And Dagger","PiercingWail"],"picked":"Predator","floor":8},{"not_picked":["Escape Plan","Masterful Stab"],"picked":"Crippling Poison","floor":10},{"not_picked":["Skewer","Flying Knee"],"picked":"Terror","floor":11},{"not_picked":["Cloak And Dagger","Outmaneuver"],"picked":"Slice","floor":13},{"not_picked":["Sucker Punch","Endless Agony"],"picked":"Dash","floor":14},{"not_picked":["Bullet Time","Phantasmal Killer"],"picked":"Malaise","floor":16},{"not_picked":["Poisoned Stab+1","Prepared+1"],"picked":"Slice+1","floor":18},{"not_picked":["Deadly Poison","Poisoned Stab"],"picked":"PiercingWail","floor":22},{"not_picked":["Dodge and Roll","Backstab"],"picked":"Sucker Punch+1","floor":23},{"not_picked":["Terror+1","Backflip+1"],"picked":"Adrenaline","floor":25},{"not_picked":["Underhanded Strike","Deadly Poison"],"picked":"Slice+1","floor":28},{"not_picked":["Expertise","Venomology"],"picked":"Dodge and Roll","floor":29},{"not_picked":["Flechettes","Accuracy"],"picked":"Blur","floor":30},{"not_picked":["Venomology","Phantasmal Killer"],"picked":"A Thousand Cuts","floor":33},{"not_picked":["Sucker Punch","Dash"],"picked":"Blade Dance+1","floor":35},{"not_picked":["Poisoned Stab","Dash"],"picked":"Backflip","floor":37},{"not_picked":["Tactician+1","Dagger Spray"],"picked":"Blade Dance+1","floor":38},{"not_picked":["Dash+1","Catalyst"],"picked":"Blade Dance+1","floor":39},{"not_picked":["Blade Dance+1","Envenom"],"picked":"Dodge and Roll","floor":41},{"not_picked":["Dark Shackles","Bandage Up"],"picked":"Flash of Steel","floor":42},{"not_picked":["Enlightenment","Trip"],"picked":"Panache","floor":42},{"not_picked":["Bane","Prepared+1"],"picked":"Slice+1","floor":46},{"not_picked":["Outmaneuver+1","Bouncing Flask+1","Backstab+1"],"picked":"SKIP","floor":54}],"player_experience":645585,"relics_obtained":[{"floor":7,"key":"Lantern"},{"floor":8,"key":"Dream Catcher"},{"floor":9,"key":"Bag of Marbles"},{"floor":10,"key":"CaptainsWheel"},{"floor":14,"key":"HornCleat"},{"floor":23,"key":"Kunai"},{"floor":29,"key":"Shovel"},{"floor":39,"key":"Gambling Chip"},{"floor":41,"key":"MawBank"},{"floor":43,"key":"MealTicket"},{"floor":46,"key":"Anchor"},{"floor":47,"key":"Ancient Tea Set"},{"floor":49,"key":"Centennial Puzzle"},{"floor":52,"key":"Mercury Hourglass"},{"floor":54,"key":"Paper Crane"}],"event_choices":[{"cards_removed":["Strike_G"],"damage_healed":0,"gold_gain":0,"player_choice":"Card Removal","damage_taken":7,"max_hp_gain":0,"max_hp_loss":0,"event_name":"Golden Wing","floor":2,"gold_loss":0},{"damage_healed":0,"gold_gain":0,"player_choice":"Rummage","damage_taken":0,"relics_obtained":["WarpedTongs"],"max_hp_gain":0,"max_hp_loss":0,"event_name":"Accursed Blacksmith","floor":4,"gold_loss":0,"cards_obtained":["Pain"]},{"cards_removed":["Pain"],"damage_healed":0,"gold_gain":0,"player_choice":"Forget","damage_taken":0,"max_hp_gain":0,"max_hp_loss":0,"event_name":"Living Wall","floor":5,"gold_loss":0},{"damage_healed":0,"gold_gain":0,"player_choice":"Became a Ghost","damage_taken":0,"max_hp_gain":0,"max_hp_loss":35,"event_name":"Ghosts","floor":19,"gold_loss":0,"cards_obtained":["Ghostly","Ghostly","Ghostly","Ghostly","Ghostly"]},{"damage_healed":0,"gold_gain":0,"player_choice":"Opened","damage_taken":0,"relics_obtained":["Nunchaku"],"max_hp_gain":0,"max_hp_loss":0,"event_name":"The Mausoleum","floor":20,"gold_loss":0},{"damage_healed":0,"gold_gain":0,"player_choice":"Obtained Relic","damage_taken":0,"relics_obtained":["Pen Nib"],"max_hp_gain":0,"max_hp_loss":0,"event_name":"Addict","floor":21,"gold_loss":85},{"cards_removed":["Strike_G"],"damage_healed":0,"gold_gain":0,"player_choice":"Upgrade and Remove","damage_taken":0,"max_hp_gain":0,"max_hp_loss":0,"event_name":"Designer","floor":36,"gold_loss":90,"cards_upgraded":["Ghostly"]},{"damage_healed":0,"gold_gain":0,"player_choice":"Fight","damage_taken":0,"max_hp_gain":0,"max_hp_loss":0,"event_name":"Mysterious Sphere","floor":39,"gold_loss":0},{"damage_healed":0,"gold_gain":3,"player_choice":"1","damage_taken":0,"max_hp_gain":0,"max_hp_loss":0,"event_name":"betterStone:BetterStone","floor":42,"gold_loss":0},{"cards_removed":["Terror"],"damage_healed":0,"gold_gain":0,"player_choice":"Removed Skill","damage_taken":0,"max_hp_gain":0,"max_hp_loss":0,"event_name":"Falling","floor":44,"gold_loss":0}],"is_beta":false,"boss_relics":[{"not_picked":["Fusion Hammer","Philosopher\u0027s Stone"],"picked":"Ring of the Serpent"},{"not_picked":["Snecko Eye","Pandora\u0027s Box"],"picked":"Runic Dome"}],"items_purged_floors":[24,31,48],"is_endless":false,"potions_floor_spawned":[8,11,14,18,22,28,29,35,38,41],"ascension_level":9}}