{"host":"1dny1q6uquk6isnr","time":1607899705,"event":{"mods":["BaseMod","Curses Come First","Minty Spire (QoL Compilation)","Relic Stats","StSLib","The Dragon Tamer"],"gold_per_floor":[113,123,142,155,155,190,190,44,44,75,94,94,94,104,104,206,206,216,216,231,246,272,272,302,312,339,356,381,381,410,425,425,527,527,547,547,557,1,20,53,65,65,92,110,128,145,178,191,191,191,191,191,9,42,42],"floor_reached":56,"playtime":7111,"items_purged":["DTMod:Strike","DTMod:Overwhelm"],"score":1410,"play_id":"ec92e5e8-05ea-4c5c-977c-9bf30edc8ca6","local_time":"20201213144825","is_ascension_mode":false,"metric_token":403,"campfire_choices":[{"data":"DTMod:Shift","floor":7,"key":"SMITH"},{"data":"DTMod:CrossStep","floor":12,"key":"SMITH"},{"data":"DTMod:Inferno","floor":15,"key":"SMITH"},{"data":"DTMod:TriAttack","floor":23,"key":"SMITH"},{"data":"DTMod:Training","floor":29,"key":"SMITH"},{"data":"DTMod:Weaken","floor":32,"key":"SMITH"},{"data":"DTMod:Multitask","floor":42,"key":"SMITH"},{"floor":49,"key":"RECALL"},{"data":"DTMod:Threaten","floor":52,"key":"SMITH"}],"dtmod_dragon_data":[2,56,0,3,12,11],"circlet_count":0,"master_deck":["DTMod:DoubleHit","DTMod:SwitchingTactic+1","DTMod:PurifyingFlame","DTMod:MasterPlan+1","DTMod:Shift+1","DTMod:TauntingStrike","DTMod:DeepFocus","Good Instincts","DTMod:Weaken+1","DTMod:CrossStep+1","DTMod:ComboAttack","DTMod:ShieldDrain","DTMod:Inferno+1","DTMod:TriAttack+1","DTMod:Safeguard","DTMod:Adaptation","DTMod:BurningForce","DTMod:BlueScale","DTMod:Training+1","DTMod:Multitask+1","DTMod:Threaten+1","DTMod:SneakAttack","DTMod:CleansingStrike","DTMod:ComboAttack","DTMod:Coolant","DTMod:Shift+1","DTMod:TriAttack","DTMod:LowKick","DTMod:TriAttack","DTMod:ComboAttack","DTMod:ComboAttack","DTMod:Shift","DTMod:SneakAttack","DTMod:BuildUp+1","DTMod:MagiciansMark","DTMod:DarkBreath","DTMod:WarmUp"],"relics":["DTMod:PactStone","Orichalcum","Darkstone Periapt","Bird Faced Urn","Pandora\u0027s Box","Red Mask","Shuriken","Vajra","Lantern","Eternal Feather","Busted Crown","Medical Kit","InkBottle","Bag of Preparation","Oddly Smooth Stone","Strawberry"],"acts_visited":["Exordium","TheCity","TheBeyond","TheEnding"],"potions_floor_usage":[6,18,28,33,33,45,50,50,54],"damage_taken":[{"damage":0,"enemies":"Jaw Worm","floor":1,"turns":4},{"damage":0,"enemies":"Cultist","floor":2,"turns":3},{"damage":0,"enemies":"Small Slimes","floor":3,"turns":3},{"damage":0,"enemies":"Exordium Thugs","floor":4,"turns":6},{"damage":0,"enemies":"3 Sentries","floor":6,"turns":10},{"damage":0,"enemies":"Lagavulin","floor":10,"turns":9},{"damage":0,"enemies":"3 Louse","floor":11,"turns":2},{"damage":0,"enemies":"2 Fungi Beasts","floor":14,"turns":4},{"damage":4,"enemies":"The Guardian","floor":16,"turns":14},{"damage":0,"enemies":"Spheric Guardian","floor":18,"turns":4},{"damage":0,"enemies":"3 Byrds","floor":20,"turns":7},{"damage":0,"enemies":"Sentry and Sphere","floor":21,"turns":3},{"damage":0,"enemies":"Masked Bandits","floor":22,"turns":4},{"damage":0,"enemies":"Gremlin Leader","floor":24,"turns":5},{"damage":0,"enemies":"Snecko","floor":25,"turns":5},{"damage":0,"enemies":"Cultist and Chosen","floor":27,"turns":6},{"damage":0,"enemies":"Slavers","floor":28,"turns":1},{"damage":0,"enemies":"Book of Stabbing","floor":30,"turns":6},{"damage":0,"enemies":"Centurion and Healer","floor":31,"turns":6},{"damage":19,"enemies":"Automaton","floor":33,"turns":9},{"damage":9,"enemies":"3 Shapes","floor":35,"turns":3},{"damage":0,"enemies":"Orb Walker","floor":37,"turns":2},{"damage":14,"enemies":"Spire Growth","floor":39,"turns":6},{"damage":2,"enemies":"Giant Head","floor":40,"turns":4},{"damage":13,"enemies":"Sphere and 2 Shapes","floor":41,"turns":4},{"damage":0,"enemies":"4 Shapes","floor":44,"turns":12},{"damage":0,"enemies":"Spire Growth","floor":45,"turns":4},{"damage":0,"enemies":"Transient","floor":46,"turns":5},{"damage":10,"enemies":"Nemesis","floor":47,"turns":5},{"damage":0,"enemies":"3 Darklings","floor":48,"turns":3},{"damage":33,"enemies":"Awakened One","floor":50,"turns":10},{"damage":2,"enemies":"Shield and Spear","floor":54,"turns":4},{"damage":53,"enemies":"The Heart","floor":55,"turns":11}],"seed_played":"929670715438632999","potions_obtained":[{"floor":2,"key":"AttackPotion"},{"floor":3,"key":"Fruit Juice"},{"floor":6,"key":"ColorlessPotion"},{"floor":11,"key":"Dexterity Potion"},{"floor":18,"key":"LiquidMemories"},{"floor":30,"key":"SpeedPotion"},{"floor":31,"key":"Fruit Juice"},{"floor":39,"key":"Explosive Potion"},{"floor":41,"key":"PowerPotion"},{"floor":45,"key":"PowerPotion"}],"is_trial":false,"path_per_floor":["M","M","M","M","?","E","R","$","T","E","M","R","?","M","R","B",null,"M","?","M","M","?","R","E","M","T","M","E","R","E","M","R","B",null,"M","?","M","$","M","E","M","R","T","M","M","M","E","M","R","B",null,"R","$","E","B",null],"character_chosen":"THE_DT","items_purchased":["DTMod:CrossStep","Medical Kit","InkBottle","DTMod:ComboAttack","DTMod:MagiciansMark","DTMod:DarkBreath","DTMod:WarmUp"],"campfire_rested":0,"item_purchase_floors":[8,38,38,38,53,53,53],"current_hp_per_floor":[45,45,45,45,45,45,45,45,45,45,45,45,45,45,45,41,45,50,50,50,50,50,50,50,50,50,50,50,50,50,50,50,37,50,41,50,50,50,38,44,39,50,50,50,55,55,49,53,55,30,55,55,55,62,12],"gold":42,"neow_bonus":"UPGRADE_CARD","is_daily":false,"chose_seed":false,"campfire_upgraded":8,"win_rate":0.0,"timestamp":1607899705,"path_taken":["M","M","M","M","?","E","R","?","T","E","M","R","?","?","R","BOSS","M","?","M","M","?","R","E","M","T","M","E","R","E","M","R","BOSS","M","?","M","$","M","E","M","R","T","?","M","M","E","M","R","BOSS","R","$","E","BOSS"],"items_purchased_type":["Card","Relic","Relic","Card","Card","Card","Card"],"build_version":"2020-11-30","purchased_purges":2,"victory":true,"max_hp_per_floor":[45,45,45,45,45,45,45,45,45,45,45,45,45,45,45,45,45,50,50,50,50,50,50,50,50,50,50,50,50,50,50,50,50,50,50,50,50,50,50,50,50,50,50,50,55,55,55,55,55,55,55,55,55,62,62],"relic_stats":{"Darkstone Periapt":0,"Busted Crown":22,"counters":[33,184],"Shuriken":[45],"Bird Faced Urn":[45],"Pandora\u0027s Box":["DTMod:Safeguard","DTMod:Adaptation","DTMod:BurningForce","DTMod:BlueScale","DTMod:Overwhelm","DTMod:Training","DTMod:Multitask"],"Eternal Feather":13,"Bag of Preparation":[18],"Orichalcum":[396],"Medical Kit":[10],"obtain_stats":[{"Darkstone Periapt":9,"Lantern":28,"Vajra":26,"Oddly Smooth Stone":47,"Eternal Feather":30,"Bag of Preparation":40,"Orichalcum":6,"Medical Kit":38,"Busted Crown":34,"DTMod:PactStone":0,"Shuriken":24,"Bird Faced Urn":10,"Strawberry":54,"Pandora\u0027s Box":17,"Red Mask":22,"InkBottle":38},{"Darkstone Periapt":5,"Lantern":17,"Vajra":15,"Oddly Smooth Stone":29,"Eternal Feather":18,"Bag of Preparation":24,"Orichalcum":5,"Medical Kit":22,"Busted Crown":20,"DTMod:PactStone":0,"Shuriken":14,"Bird Faced Urn":6,"Strawberry":32,"Pandora\u0027s Box":9,"Red Mask":13,"InkBottle":22},{"Darkstone Periapt":26,"Lantern":90,"Vajra":83,"Oddly Smooth Stone":156,"Eternal Feather":96,"Bag of Preparation":126,"Orichalcum":26,"Medical Kit":116,"Busted Crown":111,"DTMod:PactStone":0,"Shuriken":78,"Bird Faced Urn":35,"Strawberry":173,"Pandora\u0027s Box":55,"Red Mask":73,"InkBottle":116}],"InkBottle":[38]},"card_choices":[{"not_picked":["DTMod:BurningEnergy","DTMod:BizarreTactic"],"picked":"DTMod:PurifyingFlame","floor":1},{"not_picked":["DTMod:QuickFly","DTMod:Dissolve"],"picked":"DTMod:MasterPlan","floor":2},{"not_picked":["DTMod:Punisher","DTMod:Training"],"picked":"DTMod:Shift","floor":3},{"not_picked":["DTMod:BlueScale","DTMod:MasterPlan"],"picked":"DTMod:TauntingStrike","floor":4},{"not_picked":["DTMod:RecklessFlurry","DTMod:CleansingStrike"],"picked":"DTMod:Weaken","floor":6},{"not_picked":["DTMod:Training","DTMod:Cover"],"picked":"DTMod:ComboAttack","floor":10},{"not_picked":["DTMod:Feint","DTMod:GhostSkin"],"picked":"DTMod:ShieldDrain","floor":11},{"not_picked":["DTMod:HeatWave","DTMod:Cover"],"picked":"DTMod:Inferno","floor":14},{"not_picked":["DTMod:RepeatStrike","DTMod:ExcessFootwork"],"picked":"DTMod:TriAttack","floor":16},{"not_picked":["DTMod:CrossStep","DTMod:Hide+1"],"picked":"DTMod:Threaten","floor":18},{"not_picked":["DTMod:Threaten","DTMod:Weaken+1"],"picked":"DTMod:SneakAttack","floor":20},{"not_picked":["DTMod:RecklessFlurry","DTMod:FlameSlash","DTMod:Punisher"],"picked":"SKIP","floor":21},{"not_picked":["DTMod:LowKick","DTMod:BurningEnergy"],"picked":"DTMod:CleansingStrike","floor":22},{"not_picked":["DTMod:CleansingStrike","DTMod:MasterPlan","DTMod:Haste"],"picked":"SKIP","floor":24},{"not_picked":["DTMod:DarkBreath","DTMod:Hide"],"picked":"DTMod:ComboAttack","floor":25},{"not_picked":["DTMod:RunningTactic","DTMod:Punisher+1"],"picked":"DTMod:Coolant","floor":27},{"not_picked":["DTMod:BurningForce","DTMod:Adaptation+1"],"picked":"DTMod:Shift+1","floor":28},{"not_picked":["DTMod:CleansingStrike","DTMod:Cover"],"picked":"DTMod:TriAttack","floor":30},{"not_picked":["DTMod:CleansingStrike","DTMod:Feint+1"],"picked":"DTMod:LowKick","floor":31},{"not_picked":["DTMod:Safeguard","DTMod:Outburst"],"picked":"DTMod:TriAttack","floor":33},{"not_picked":["DTMod:RecklessFlurry"],"picked":"SKIP","floor":35},{"not_picked":[],"picked":"DTMod:ComboAttack","floor":37},{"not_picked":["DTMod:Haste"],"picked":"SKIP","floor":39},{"not_picked":[],"picked":"DTMod:Shift","floor":40},{"not_picked":[],"picked":"DTMod:SneakAttack","floor":41},{"not_picked":["DTMod:Overwhelm+1"],"picked":"SKIP","floor":44},{"not_picked":["DTMod:Punisher"],"picked":"SKIP","floor":45},{"not_picked":[],"picked":"DTMod:BuildUp+1","floor":46},{"not_picked":["DTMod:BuildUp+1"],"picked":"SKIP","floor":47},{"not_picked":["DTMod:MagicField+1"],"picked":"SKIP","floor":48},{"not_picked":["DTMod:ShieldDrain"],"picked":"SKIP","floor":54}],"player_experience":330734,"relics_obtained":[{"floor":6,"key":"Orichalcum"},{"floor":9,"key":"Darkstone Periapt"},{"floor":10,"key":"Bird Faced Urn"},{"floor":22,"key":"Red Mask"},{"floor":24,"key":"Shuriken"},{"floor":26,"key":"Vajra"},{"floor":28,"key":"Lantern"},{"floor":30,"key":"Eternal Feather"},{"floor":40,"key":"Bag of Preparation"},{"floor":47,"key":"Oddly Smooth Stone"},{"floor":54,"key":"Strawberry"}],"event_choices":[{"damage_healed":0,"gold_gain":0,"player_choice":"2 cards matched","damage_taken":0,"max_hp_gain":0,"max_hp_loss":0,"event_name":"Match and Keep!","floor":5,"gold_loss":0,"cards_obtained":["DTMod:DeepFocus","Good Instincts"]},{"damage_healed":0,"gold_gain":0,"player_choice":"Upgraded","damage_taken":0,"max_hp_gain":0,"max_hp_loss":0,"event_name":"Upgrade Shrine","floor":13,"gold_loss":0,"cards_upgraded":["DTMod:MasterPlan"]},{"damage_healed":0,"gold_gain":0,"player_choice":"Ignored","damage_taken":0,"max_hp_gain":0,"max_hp_loss":0,"event_name":"Ghosts","floor":19,"gold_loss":0},{"damage_healed":0,"gold_gain":0,"player_choice":"Fought Bandits","damage_taken":0,"max_hp_gain":0,"max_hp_loss":0,"event_name":"Masked Bandits","floor":22,"gold_loss":0},{"damage_healed":9,"gold_gain":0,"player_choice":"Full Heal","damage_taken":0,"max_hp_gain":0,"max_hp_loss":0,"event_name":"Wheel of Change","floor":36,"gold_loss":0}],"is_beta":false,"boss_relics":[{"not_picked":["Fusion Hammer","Black Star"],"picked":"Pandora\u0027s Box"},{"not_picked":["SacredBark","DTMod:TheChair"],"picked":"Busted Crown"}],"items_purged_floors":[8,38],"is_endless":false,"potions_floor_spawned":[2,3,6,11,14,18,21,22,30,31,39,41,45,46,47],"ascension_level":0}}