{"host":"p7j7o00jacnw7qzt","time":1607895086,"event":{"mods":["BaseMod","Colored Map","Colored Powertips","DeckTracker","Highlight Path","Minty Spire (QoL Compilation)","Relic Stats"],"gold_per_floor":[412,138,138,138,138,138,203,203,203],"floor_reached":8,"playtime":175,"items_purged":["Strike_R"],"score":88,"play_id":"04794698-c92e-405d-940c-3769001aad6e","local_time":"20201213163126","is_ascension_mode":true,"campfire_choices":[{"floor":6.0,"key":"REST"}],"circlet_count":0,"master_deck":["AscendersBane","Strike_R","Strike_R","Strike_R","Defend_R","Defend_R","Defend_R","Defend_R","Bash","Body Slam","HandOfGreed","Power Through","Dark Embrace"],"relics":["Burning Blood","Old Coin","Dream Catcher","Golden Idol"],"acts_visited":["Exordium"],"potions_floor_usage":[],"damage_taken":[{"damage":19.0,"enemies":"Jaw Worm","floor":1.0,"turns":5.0},{"damage":0.0,"enemies":"2 Louse","floor":7.0,"turns":4.0},{"damage":49,"enemies":"Gremlin Nob","floor":8,"turns":4}],"seed_played":"-6404946456814558192","potions_obtained":[],"is_trial":false,"path_per_floor":["M","$","?","?","?","R","M","E"],"character_chosen":"IRONCLAD","items_purchased":["HandOfGreed"],"campfire_rested":1,"item_purchase_floors":[2],"current_hp_per_floor":[37,37,19,12,12,32,38,0,0],"gold":203,"neow_bonus":"ONE_RARE_RELIC","is_daily":false,"chose_seed":true,"campfire_upgraded":0,"win_rate":0.0,"timestamp":1607895086,"path_taken":["M","$","?","?","?","R","M","E"],"items_purchased_type":["Card"],"build_version":"2020-11-30","purchased_purges":1,"victory":false,"max_hp_per_floor":[75,75,75,75,68,68,68,68,68],"relic_stats":{"Dream Catcher":1,"counters":[3,13],"Golden Idol":5,"obtain_stats":[{"Dream Catcher":3,"Golden Idol":5,"Burning Blood":0,"Old Coin":0},{"Dream Catcher":1,"Golden Idol":1,"Burning Blood":0,"Old Coin":0},{"Dream Catcher":5,"Golden Idol":5,"Burning Blood":0,"Old Coin":0}],"Burning Blood":12},"card_choices":[{"not_picked":["Headbutt","Iron Wave"],"picked":"Body Slam","floor":1.0},{"not_picked":["Fire Breathing","Clothesline"],"picked":"Power Through","floor":6.0},{"not_picked":["Body Slam","Uppercut"],"picked":"Dark Embrace","floor":7.0}],"player_experience":836916,"relics_obtained":[],"event_choices":[{"damage_healed":0.0,"max_hp_gain":0.0,"max_hp_loss":0.0,"gold_gain":0.0,"event_name":"Scrap Ooze","player_choice":"Success","floor":3.0,"gold_loss":0.0,"damage_taken":18.0,"relics_obtained":["Dream Catcher"]},{"cards_removed":["Strike_R"],"damage_healed":0.0,"max_hp_gain":0.0,"max_hp_loss":0.0,"gold_gain":0.0,"event_name":"Golden Wing","player_choice":"Card Removal","floor":4.0,"gold_loss":0.0,"damage_taken":7.0},{"damage_healed":0.0,"max_hp_gain":0.0,"max_hp_loss":7.0,"gold_gain":0.0,"event_name":"Golden Idol","player_choice":"Lose Max HP","floor":5.0,"gold_loss":0.0,"damage_taken":0.0,"relics_obtained":["Golden Idol"]}],"is_beta":false,"boss_relics":[],"items_purged_floors":[2],"is_endless":false,"potions_floor_spawned":[],"killed_by":"Gremlin Nob","ascension_level":20}}