{"host":"7bu9q13m6bmpbxjk","time":1607898445,"event":{"mods":["BaseMod","Colored Powertips","Googly Eyes","Highlight Path","Minty Spire (QoL Compilation)","Random Character Button","Relic Stats","StSLib"],"gold_per_floor":[111,42,7,19,38,38,38,48,48,98,126,126,153,164,164,267,317,335,434,136,136,151,151,162,174,174,192,206,206,219,219,219,316,316,328,328,343,65,0,0,48,48,48,65,65,80,97,108,108,108,108],"floor_reached":50,"playtime":2807,"items_purged":[],"score":456,"play_id":"56e6ee72-d687-48c3-a50b-d6011751811a","local_time":"20201213232725","is_ascension_mode":false,"campfire_choices":[{"data":"Zap","floor":6,"key":"SMITH"},{"floor":15,"key":"REST"},{"floor":23,"key":"RECALL"},{"floor":29,"key":"REST"},{"floor":32,"key":"REST"},{"floor":40,"key":"REST"},{"floor":42,"key":"REST"},{"data":"Force Field","floor":45,"key":"SMITH"},{"floor":49,"key":"REST"}],"circlet_count":0,"master_deck":["Strike_B+1","Strike_B+1","Strike_B+1","Defend_B+1","Defend_B+1","Defend_B+1","Defend_B+1","Zap+1","Dualcast","Loop","Streamline","BootSequence","Force Field+1","Leap","Hello World","Swift Strike","Electrodynamics+1","Hyperbeam","Redo","Melter","Loop+1","Glacier+1","Redo+1","Thunder Strike","Hologram","Storm+1","Electrodynamics+1","Leap","Panacea","Self Repair+1","Barrage+1"],"relics":["Cracked Core","Symbiotic Virus","Sundial","Kunai","Tiny House","Frozen Egg 2","Busted Crown","Cables","Red Mask","Bird Faced Urn","Bag of Preparation"],"acts_visited":["Exordium","TheCity","TheBeyond"],"potions_floor_usage":[16,16,18,25,25,25,25,27,27,33,33,41,44,48],"damage_taken":[{"damage":8,"enemies":"Jaw Worm","floor":1,"turns":4},{"damage":2,"enemies":"2 Louse","floor":4,"turns":3},{"damage":0,"enemies":"Small Slimes","floor":5,"turns":4},{"damage":8,"enemies":"Red Slaver","floor":8,"turns":4},{"damage":28,"enemies":"3 Sentries","floor":11,"turns":8},{"damage":17,"enemies":"Gremlin Nob","floor":13,"turns":4},{"damage":0,"enemies":"Exordium Thugs","floor":14,"turns":3},{"damage":13,"enemies":"Hexaghost","floor":16,"turns":8},{"damage":35,"enemies":"3 Byrds","floor":18,"turns":4},{"damage":0,"enemies":"Spheric Guardian","floor":22,"turns":2},{"damage":21,"enemies":"Centurion and Healer","floor":24,"turns":5},{"damage":4,"enemies":"Cultist and Chosen","floor":25,"turns":6},{"damage":14,"enemies":"Shelled Parasite and Fungi","floor":27,"turns":5},{"damage":0,"enemies":"Sentry and Sphere","floor":28,"turns":3},{"damage":10,"enemies":"Snecko","floor":30,"turns":4},{"damage":35,"enemies":"Collector","floor":33,"turns":9},{"damage":26,"enemies":"3 Darklings","floor":35,"turns":3},{"damage":13,"enemies":"Orb Walker","floor":37,"turns":3},{"damage":55,"enemies":"2 Orb Walkers","floor":41,"turns":6},{"damage":12,"enemies":"Maw","floor":44,"turns":7},{"damage":19,"enemies":"Transient","floor":46,"turns":5},{"damage":45,"enemies":"Writhing Mass","floor":47,"turns":4},{"damage":27,"enemies":"3 Darklings","floor":48,"turns":5},{"damage":72,"enemies":"Awakened One","floor":50,"turns":5}],"seed_played":"7964460480809682685","potions_obtained":[{"floor":11,"key":"DistilledChaos"},{"floor":13,"key":"CultistPotion"},{"floor":14,"key":"Explosive Potion"},{"floor":17,"key":"CultistPotion"},{"floor":18,"key":"EntropicBrew"},{"floor":22,"key":"PotionOfCapacity"},{"floor":28,"key":"Energy Potion"},{"floor":30,"key":"DistilledChaos"},{"floor":37,"key":"EssenceOfSteel"},{"floor":41,"key":"Weak Potion"},{"floor":47,"key":"Regen Potion"}],"is_trial":false,"path_per_floor":["M","$","?","M","M","R","$","M","T","?","E","?","E","M","R","B",null,"M","?","$","?","M","R","M","M","T","M","M","R","M","?","R","B",null,"M","?","M","$","?","R","?","R","T","M","R","M","M","M","R","B"],"character_chosen":"DEFECT","items_purchased":["BootSequence","Frozen Egg 2","Loop+1","Cables","Self Repair+1"],"campfire_rested":6,"item_purchase_floors":[2,20,20,38,38],"current_hp_per_floor":[67,67,75,73,73,73,73,65,65,65,37,37,20,20,42,29,80,45,45,45,45,45,45,24,20,20,6,6,30,20,20,44,9,80,54,54,41,41,41,65,20,44,44,56,56,61,38,33,57,0,0],"gold":108,"neow_bonus":"TRANSFORM_CARD","is_daily":false,"chose_seed":false,"campfire_upgraded":2,"win_rate":0.0,"timestamp":1607898445,"path_taken":["M","$","?","M","M","R","$","M","T","?","E","?","E","M","R","BOSS","M","?","$","?","?","R","M","M","T","M","M","R","M","?","R","BOSS","M","?","M","$","?","R","?","R","T","M","R","M","M","M","R","BOSS"],"items_purchased_type":["Card","Relic","Card","Relic","Card"],"build_version":"2020-11-30","purchased_purges":0,"victory":false,"max_hp_per_floor":[75,75,75,75,75,75,75,75,75,75,75,75,75,75,75,75,80,80,80,80,80,80,80,80,80,80,80,80,80,80,80,80,80,80,80,80,80,80,80,80,80,80,80,80,80,80,80,80,80,80,80],"relic_stats":{"Busted Crown":16,"counters":[24,113],"Sundial":[6],"Bird Faced Urn":[62],"Bag of Preparation":[10],"Kunai":[13],"obtain_stats":[{"Tiny House":17,"Busted Crown":34,"Sundial":11,"Bird Faced Urn":41,"Red Mask":39,"Bag of Preparation":43,"Kunai":13,"Frozen Egg 2":20,"Cracked Core":0,"Symbiotic Virus":9,"Cables":38},{"Tiny House":8,"Busted Crown":16,"Sundial":5,"Bird Faced Urn":19,"Red Mask":18,"Bag of Preparation":19,"Kunai":6,"Frozen Egg 2":9,"Cracked Core":0,"Symbiotic Virus":4,"Cables":18},{"Tiny House":37,"Busted Crown":75,"Sundial":22,"Bird Faced Urn":87,"Red Mask":81,"Bag of Preparation":87,"Kunai":26,"Frozen Egg 2":41,"Cracked Core":0,"Symbiotic Virus":14,"Cables":81}],"Cables":[28,25,0,3,0]},"card_choices":[{"not_picked":["Barrage","Gash"],"picked":"Streamline","floor":1},{"not_picked":["Gash","Doom and Gloom"],"picked":"Force Field","floor":4},{"not_picked":["Conserve Battery","Streamline"],"picked":"Leap","floor":5},{"not_picked":["Darkness","Chaos"],"picked":"Hello World","floor":8},{"not_picked":["Turbo","Beam Cell","Go for the Eyes"],"picked":"SKIP","floor":11},{"not_picked":["Double Energy","Capacitor"],"picked":"Electrodynamics","floor":13},{"not_picked":["Steam","Skim","Glacier"],"picked":"SKIP","floor":14},{"not_picked":["Fission","Biased Cognition"],"picked":"Hyperbeam","floor":16},{"not_picked":["Stack","Beam Cell"],"picked":"Redo","floor":17},{"not_picked":["Rebound+1","Darkness"],"picked":"Melter","floor":18},{"not_picked":["Sweeping Beam","Steam"],"picked":"Glacier+1","floor":22},{"not_picked":["Darkness","Go for the Eyes","Beam Cell"],"picked":"SKIP","floor":24},{"not_picked":["Coolheaded+1","Beam Cell"],"picked":"Redo+1","floor":25},{"not_picked":["Compile Driver+1","Sweeping Beam"],"picked":"Thunder Strike","floor":27},{"not_picked":["Barrage","Coolheaded"],"picked":"Hologram","floor":28},{"not_picked":["Sweeping Beam","Cold Snap"],"picked":"Storm+1","floor":30},{"not_picked":["Biased Cognition+1","Core Surge"],"picked":"Electrodynamics+1","floor":33},{"not_picked":[],"picked":"Leap","floor":35},{"not_picked":[],"picked":"Panacea","floor":36},{"not_picked":["Undo"],"picked":"SKIP","floor":37},{"not_picked":["Darkness"],"picked":"SKIP","floor":44},{"not_picked":[],"picked":"Barrage+1","floor":46},{"not_picked":["Turbo"],"picked":"SKIP","floor":47},{"not_picked":["Gash+1"],"picked":"SKIP","floor":48}],"player_experience":512811,"relics_obtained":[{"floor":9,"key":"Symbiotic Virus"},{"floor":11,"key":"Sundial"},{"floor":13,"key":"Kunai"},{"floor":41,"key":"Bird Faced Urn"},{"floor":43,"key":"Bag of Preparation"}],"event_choices":[{"damage_healed":18,"gold_gain":0,"player_choice":"Healed","damage_taken":0,"max_hp_gain":0,"max_hp_loss":0,"event_name":"The Cleric","floor":3,"gold_loss":35},{"damage_healed":0,"gold_gain":50,"player_choice":"Gained Gold","damage_taken":0,"max_hp_gain":0,"max_hp_loss":0,"event_name":"Golden Wing","floor":10,"gold_loss":0},{"damage_healed":0,"gold_gain":0,"player_choice":"1 cards matched","damage_taken":0,"max_hp_gain":0,"max_hp_loss":0,"event_name":"Match and Keep!","floor":12,"gold_loss":0,"cards_obtained":["Swift Strike"]},{"damage_healed":0,"gold_gain":99,"player_choice":"Stole From Cult","damage_taken":0,"max_hp_gain":0,"max_hp_loss":0,"event_name":"Nest","floor":19,"gold_loss":0},{"damage_healed":0,"gold_gain":0,"player_choice":"Ignored","damage_taken":0,"max_hp_gain":0,"max_hp_loss":0,"event_name":"Cursed Tome","floor":21,"gold_loss":0},{"damage_healed":0,"gold_gain":0,"player_choice":"Simplicity","damage_taken":0,"max_hp_gain":0,"max_hp_loss":0,"event_name":"Back to Basics","floor":31,"gold_loss":0,"cards_upgraded":["Strike_B","Strike_B","Strike_B","Defend_B","Defend_B","Defend_B","Defend_B"]},{"damage_healed":0,"gold_gain":0,"player_choice":"Memory 1","damage_taken":0,"max_hp_gain":0,"max_hp_loss":0,"event_name":"SensoryStone","floor":36,"gold_loss":0},{"damage_healed":0,"gold_gain":0,"player_choice":"Paid","damage_taken":0,"relics_obtained":["Red Mask"],"max_hp_gain":0,"max_hp_loss":0,"event_name":"Tomb of Lord Red Mask","floor":39,"gold_loss":65},{"damage_healed":0,"gold_gain":0,"player_choice":"Fight","damage_taken":0,"max_hp_gain":0,"max_hp_loss":0,"event_name":"Mysterious Sphere","floor":41,"gold_loss":0}],"is_beta":false,"boss_relics":[{"not_picked":["Ectoplasm","Philosopher\u0027s Stone"],"picked":"Tiny House"},{"not_picked":["SacredBark","Fusion Hammer"],"picked":"Busted Crown"}],"items_purged_floors":[],"is_endless":false,"potions_floor_spawned":[11,13,14,18,22,28,30,37,41,47],"killed_by":"Awakened One","ascension_level":0}}