{"host":"p7j7o00jacnw7qzt","time":1607900496,"event":{"mods":["BaseMod","Colored Map","Colored Powertips","DeckTracker","Highlight Path","Minty Spire (QoL Compilation)","Relic Stats"],"gold_per_floor":[110,185,185,210,78,78,113,113,168,191,214,114,114,130,130,223,223,239,239,239,262,262,262,282,296,296,336,336,375,250,300,300,395,395,420,436,212,545,555,587,640,640,640,668,678,678,449,479,479,479,479,479,479,121,151,151,151],"floor_reached":56,"playtime":2821,"items_purged":["Strike_G","Strike_G","Strike_G","Defend_G","Defend_G","Neutralize+1"],"score":2267,"play_id":"a25a8ebb-b878-42a5-a6e0-1c8b3d467e38","local_time":"20201213180136","is_ascension_mode":true,"campfire_choices":[{"data":"Acrobatics","floor":6.0,"key":"SMITH"},{"data":"Neutralize","floor":8.0,"key":"SMITH"},{"data":"Acrobatics","floor":15.0,"key":"SMITH"},{"data":"Flechettes","floor":23.0,"key":"SMITH"},{"data":"Reflex","floor":28.0,"key":"SMITH"},{"floor":32.0,"key":"RECALL"},{"data":"Calculated Gamble","floor":42.0,"key":"SMITH"},{"data":"Reflex","floor":46.0,"key":"SMITH"},{"data":"Phantasmal Killer","floor":49.0,"key":"SMITH"},{"data":"Survivor","floor":53.0,"key":"SMITH"}],"circlet_count":0,"master_deck":["AscendersBane","Defend_G","Defend_G","Survivor+1","Catalyst","Acrobatics+1","Endless Agony","Acrobatics+1","Infinite Blades","Concentrate","Phantasmal Killer+1","Flechettes+1","Reflex+1","Endless Agony","Reflex+1","Calculated Gamble+1"],"relics":["Ring of the Snake","NeowsBlessing","Vajra","Lantern","HoveringKite","Sundial","Snake Skull","Centennial Puzzle","Empty Cage","Pen Nib","Calipers","Eternal Feather","Bag of Marbles","Lee\u0027s Waffle","InkBottle"],"acts_visited":["Exordium","TheCity","TheBeyond","TheEnding"],"potions_floor_usage":[56,56],"damage_taken":[{"damage":0.0,"enemies":"Jaw Worm","floor":1.0,"turns":1.0},{"damage":0.0,"enemies":"Small Slimes","floor":4.0,"turns":1.0},{"damage":0.0,"enemies":"3 Sentries","floor":7.0,"turns":1.0},{"damage":0.0,"enemies":"Cultist","floor":10.0,"turns":4.0},{"damage":4.0,"enemies":"2 Fungi Beasts","floor":11.0,"turns":4.0},{"damage":5.0,"enemies":"Gremlin Gang","floor":14.0,"turns":4.0},{"damage":17.0,"enemies":"The Guardian","floor":16.0,"turns":15.0},{"damage":29.0,"enemies":"Shell Parasite","floor":18.0,"turns":6.0},{"damage":1.0,"enemies":"Spheric Guardian","floor":21.0,"turns":3.0},{"damage":0.0,"enemies":"Cultist and Chosen","floor":24.0,"turns":5.0},{"damage":3.0,"enemies":"Centurion and Healer","floor":25.0,"turns":5.0},{"damage":7.0,"enemies":"Gremlin Leader","floor":27.0,"turns":6.0},{"damage":10.0,"enemies":"Slavers","floor":29.0,"turns":2.0},{"damage":12.0,"enemies":"Collector","floor":33.0,"turns":5.0},{"damage":0.0,"enemies":"Orb Walker","floor":35.0,"turns":2.0},{"damage":3.0,"enemies":"3 Darklings","floor":36.0,"turns":3.0},{"damage":5.0,"enemies":"Writhing Mass","floor":39.0,"turns":2.0},{"damage":4.0,"enemies":"Giant Head","floor":40.0,"turns":2.0},{"damage":0.0,"enemies":"2 Orb Walkers","floor":41.0,"turns":1.0},{"damage":0.0,"enemies":"Reptomancer","floor":44.0,"turns":1.0},{"damage":0.0,"enemies":"Maw","floor":45.0,"turns":2.0},{"damage":0.0,"enemies":"Nemesis","floor":48.0,"turns":1.0},{"damage":25.0,"enemies":"Time Eater","floor":50.0,"turns":2.0},{"damage":0.0,"enemies":"Awakened One","floor":51.0,"turns":2.0},{"damage":0.0,"enemies":"Shield and Spear","floor":55.0,"turns":1.0},{"damage":72,"enemies":"The Heart","floor":56,"turns":3}],"seed_played":"-2906883274698252451","potions_obtained":[{"floor":7.0,"key":"CunningPotion"},{"floor":11.0,"key":"Fruit Juice"},{"floor":14.0,"key":"AttackPotion"},{"floor":16.0,"key":"SmokeBomb"},{"floor":18.0,"key":"SteroidPotion"},{"floor":27.0,"key":"Fire Potion"},{"floor":29.0,"key":"GamblersBrew"},{"floor":33.0,"key":"LiquidMemories"},{"floor":35.0,"key":"Weak Potion"},{"floor":40.0,"key":"LiquidMemories"}],"is_trial":false,"path_per_floor":["M","?","?","M","$","R","E","R","T","M","M","$","?","M","R","B",null,"M","?","?","M","?","R","M","M","T","E","R","E","$","?","R","B",null,"M","M","$","?","M","E","?","R","T","E","M","R","$","E","R","B","B",null,"R","$","E","B"],"character_chosen":"THE_SILENT","items_purchased":["Acrobatics","Calculated Gamble","FearPotion","Lee\u0027s Waffle"],"campfire_rested":0,"item_purchase_floors":[5,37,47,54],"current_hp_per_floor":[59,48,48,48,48,48,48,48,48,48,44,44,44,44,44,27,56,27,27,27,26,65,65,65,62,62,55,55,45,45,45,45,33,57,57,54,54,54,49,45,45,45,45,45,45,54,54,54,63,38,38,58,65,72,72,0,0],"gold":151,"neow_bonus":"THREE_ENEMY_KILL","is_daily":false,"chose_seed":false,"campfire_upgraded":9,"win_rate":0.0,"timestamp":1607900496,"path_taken":["M","?","?","M","$","R","E","R","T","M","M","?","?","M","R","BOSS","M","?","?","?","?","R","?","M","T","E","R","E","$","?","R","BOSS","M","M","$","?","M","E","?","R","T","E","M","R","$","E","R","BOSS","BOSS","R","$","E","BOSS"],"items_purchased_type":["Card","Card","Potion","Relic"],"build_version":"2020-11-30","purchased_purges":6,"victory":false,"max_hp_per_floor":[66,66,60,60,60,60,60,60,60,60,60,60,60,65,65,65,65,65,65,65,65,65,65,65,65,65,65,65,65,65,65,65,65,65,65,65,65,65,65,65,65,65,65,65,65,65,65,65,65,65,65,65,65,72,72,72,72],"relic_stats":{"Centennial Puzzle":[16],"Lee\u0027s Waffle":7,"counters":[26,84],"Sundial":[66],"HoveringKite":[40],"Eternal Feather":25,"Snake Skull":[0],"Pen Nib":[9],"obtain_stats":[{"Lantern":9,"Lee\u0027s Waffle":54,"Calipers":41,"NeowsBlessing":0,"Golden Idol":3,"Vajra":7,"HoveringKite":17,"Eternal Feather":44,"Snake Skull":27,"Pen Nib":40,"Empty Cage":34,"Centennial Puzzle":29,"Sundial":26,"Bag of Marbles":48,"InkBottle":55,"Ring of the Snake":0},{"Lantern":3,"Lee\u0027s Waffle":24,"Calipers":19,"NeowsBlessing":0,"Golden Idol":1,"Vajra":3,"HoveringKite":7,"Eternal Feather":20,"Snake Skull":12,"Pen Nib":18,"Empty Cage":14,"Centennial Puzzle":13,"Sundial":11,"Bag of Marbles":22,"InkBottle":25,"Ring of the Snake":0},{"Lantern":3,"Lee\u0027s Waffle":80,"Calipers":72,"NeowsBlessing":0,"Golden Idol":1,"Vajra":3,"HoveringKite":30,"Eternal Feather":73,"Snake Skull":55,"Pen Nib":71,"Empty Cage":62,"Centennial Puzzle":57,"Sundial":49,"Bag of Marbles":76,"InkBottle":81,"Ring of the Snake":0}],"InkBottle":[7],"Ring of the Snake":[55]},"card_choices":[{"not_picked":["Sucker Punch","Crippling Poison"],"picked":"Catalyst","floor":1.0},{"not_picked":["Underhanded Strike","Flying Knee","Dagger Spray"],"picked":"SKIP","floor":4.0},{"not_picked":["Dagger Throw","Finisher"],"picked":"Endless Agony","floor":7.0},{"not_picked":["Poisoned Stab","Terror"],"picked":"Acrobatics","floor":10.0},{"not_picked":["Flying Knee","Cloak And Dagger"],"picked":"Infinite Blades","floor":11.0},{"not_picked":["Quick Slash","Setup"],"picked":"Concentrate","floor":14.0},{"not_picked":["Envenom","Doppelganger"],"picked":"Phantasmal Killer","floor":16.0},{"not_picked":["Dagger Throw","Concentrate"],"picked":"Flechettes","floor":18.0},{"not_picked":["Flying Knee","Poisoned Stab","Bouncing Flask"],"picked":"SKIP","floor":21.0},{"not_picked":["Setup","Finisher","Crippling Poison"],"picked":"SKIP","floor":24.0},{"not_picked":["Dagger Throw","Poisoned Stab","Leg Sweep"],"picked":"SKIP","floor":25.0},{"not_picked":["Underhanded Strike","PiercingWail","Deadly Poison"],"picked":"SKIP","floor":27.0},{"not_picked":["Masterful Stab","Blade Dance","Infinite Blades"],"picked":"SKIP","floor":29.0},{"not_picked":["Choke","Dagger Throw","Endless Agony"],"picked":"SKIP","floor":35.0},{"not_picked":["Dodge and Roll","Crippling Poison"],"picked":"Reflex","floor":36.0},{"not_picked":["Riddle With Holes","Quick Slash","Infinite Blades+1"],"picked":"SKIP","floor":39.0},{"not_picked":["Predator","Masterful Stab","Accuracy"],"picked":"SKIP","floor":40.0},{"not_picked":["Catalyst","Accuracy+1","Backflip"],"picked":"SKIP","floor":44.0},{"not_picked":["Slice","Masterful Stab","Acrobatics"],"picked":"SKIP","floor":45.0},{"not_picked":["Blur+1","Calculated Gamble+1","Flechettes"],"picked":"SKIP","floor":48.0},{"not_picked":["Cloak And Dagger","Bane","Choke+1"],"picked":"SKIP","floor":55.0}],"player_experience":839080,"relics_obtained":[{"floor":7.0,"key":"Vajra"},{"floor":9.0,"key":"Lantern"},{"floor":26.0,"key":"Sundial"},{"floor":27.0,"key":"Snake Skull"},{"floor":29.0,"key":"Centennial Puzzle"},{"floor":40.0,"key":"Pen Nib"},{"floor":41.0,"key":"Calipers"},{"floor":44.0,"key":"Eternal Feather"},{"floor":48.0,"key":"Bag of Marbles"},{"floor":55.0,"key":"InkBottle"}],"event_choices":[{"damage_healed":0.0,"max_hp_gain":0.0,"max_hp_loss":0.0,"gold_gain":75.0,"event_name":"World of Goop","player_choice":"Gather Gold","floor":2.0,"gold_loss":0.0,"damage_taken":11.0},{"damage_healed":0.0,"max_hp_gain":0.0,"max_hp_loss":6.0,"gold_gain":0.0,"event_name":"Golden Idol","player_choice":"Lose Max HP","floor":3.0,"gold_loss":0.0,"damage_taken":0.0,"relics_obtained":["Golden Idol"]},{"damage_healed":0.0,"max_hp_gain":0.0,"max_hp_loss":0.0,"gold_gain":0.0,"event_name":"Shining Light","player_choice":"Ignored","floor":13.0,"gold_loss":0.0,"damage_taken":0.0},{"damage_healed":0.0,"max_hp_gain":0.0,"max_hp_loss":0.0,"gold_gain":0.0,"event_name":"The Library","player_choice":"Read","floor":19.0,"gold_loss":0.0,"damage_taken":0.0,"cards_obtained":["Reflex"]},{"damage_healed":0.0,"max_hp_gain":0.0,"max_hp_loss":0.0,"gold_gain":0.0,"cards_transformed":["Strike_G"],"event_name":"Transmorgrifier","player_choice":"Transformed","floor":20.0,"gold_loss":0.0,"damage_taken":0.0,"cards_obtained":["Endless Agony"]},{"damage_healed":39.0,"max_hp_gain":0.0,"max_hp_loss":0.0,"gold_gain":0.0,"event_name":"Wheel of Change","player_choice":"Full Heal","floor":22.0,"gold_loss":0.0,"damage_taken":0.0},{"damage_healed":0.0,"max_hp_gain":0.0,"max_hp_loss":0.0,"gold_gain":50.0,"event_name":"Golden Shrine","player_choice":"Pray","floor":31.0,"gold_loss":0.0,"damage_taken":0.0},{"damage_healed":0.0,"max_hp_gain":0.0,"max_hp_loss":0.0,"gold_gain":333.0,"event_name":"The Moai Head","player_choice":"Gave Idol","floor":38.0,"relics_lost":["Golden Idol"],"gold_loss":0.0,"damage_taken":0.0},{"damage_healed":0.0,"max_hp_gain":0.0,"max_hp_loss":0.0,"gold_gain":0.0,"event_name":"Mysterious Sphere","player_choice":"Fight","floor":41.0,"gold_loss":0.0,"damage_taken":0.0}],"is_beta":false,"boss_relics":[{"not_picked":["WristBlade","Tiny House"],"picked":"HoveringKite"},{"not_picked":["Runic Dome","Black Star"],"picked":"Empty Cage"}],"items_purged_floors":[5,12,30,37,47,54],"is_endless":false,"potions_floor_spawned":[7,11,14,16,18,27,29,33,35,36,40,55],"killed_by":"The Heart","ascension_level":20}}