{"host":"ow9msrs9p2ctkx99","time":1607860386,"event":{"mods":["AchievementEnabler","BaseMod","Colored Map","Colored Powertips","Minty Spire (QoL Compilation)","Permanent Neow","Quick Restart","SuperFastMode"],"gold_per_floor":[364,379,454,153,153,183,194,194,194,194,211,111,137,153,153,258,258,275,294,294,294,320,320,346,73,99,99,99,99,99,99],"floor_reached":30,"playtime":532,"items_purged":["Strike_B","Regret","Injury"],"score":394,"play_id":"e629870d-5f61-43ea-be4f-1e4f5211af81","local_time":"20201213125306","is_ascension_mode":true,"campfire_choices":[{"data":"Sunder","floor":8,"key":"SMITH"},{"data":"Dualcast","floor":10,"key":"SMITH"},{"data":"1","floor":15,"key":"LIFT"},{"data":"2","floor":23,"key":"LIFT"}],"circlet_count":0,"master_deck":["AscendersBane","Strike_B+1","Strike_B+1","Strike_B+1","Defend_B+1","Defend_B+1","Defend_B+1","Defend_B+1","Zap","Dualcast+1","Lockon","Compile Driver","Sunder+1","Turbo","FTL","Conserve Battery","Coolheaded","Steam","Meteor Strike","Redo+1","FTL","Capacitor+1","Writhe","Writhe"],"relics":["Cracked Core","DataDisk","Eternal Feather","Emotion Chip","Centennial Puzzle","Girya","Cursed Key","Anchor","Bronze Scales","Nunchaku","Omamori"],"acts_visited":["Exordium","TheCity"],"potions_floor_usage":[13,16,16,24,24],"damage_taken":[{"damage":4,"enemies":"2 Louse","floor":1,"turns":3},{"damage":2,"enemies":"Jaw Worm","floor":2,"turns":3},{"damage":22,"enemies":"Gremlin Nob","floor":6,"turns":4},{"damage":0,"enemies":"Small Slimes","floor":7,"turns":2},{"damage":0,"enemies":"Looter","floor":11,"turns":1},{"damage":8,"enemies":"3 Sentries","floor":13,"turns":5},{"damage":4,"enemies":"Red Slaver","floor":14,"turns":2},{"damage":20,"enemies":"The Guardian","floor":16,"turns":10},{"damage":4,"enemies":"Chosen","floor":18,"turns":4},{"damage":11,"enemies":"2 Thieves","floor":19,"turns":3},{"damage":6,"enemies":"Book of Stabbing","floor":24,"turns":4},{"damage":51,"enemies":"Gremlin Leader","floor":30,"turns":7}],"seed_played":"-1427865409167373270","potions_obtained":[{"floor":2,"key":"BlessingOfTheForge"},{"floor":6,"key":"SkillPotion"},{"floor":13,"key":"Energy Potion"},{"floor":14,"key":"EntropicBrew"}],"is_trial":false,"path_per_floor":["M","M","?","$","?","E","M","R","T","R","M","$","E","M","R","B",null,"M","M","?","?","T","R","E","$","T","$","?","$","E"],"character_chosen":"DEFECT","items_purchased":["DataDisk","Sunder","Bronze Scales"],"campfire_rested":0,"item_purchase_floors":[4,4,25],"current_hp_per_floor":[64,62,51,51,51,29,29,38,38,47,47,47,39,35,44,24,57,53,42,42,42,42,54,48,48,48,48,48,48,0,0],"gold":99,"neow_bonus":"TWO_FIFTY_GOLD","is_daily":false,"chose_seed":false,"campfire_upgraded":2,"win_rate":0.0,"timestamp":1607860386,"path_taken":["M","M","?","$","?","E","M","R","T","R","M","?","E","?","R","BOSS","M","M","?","?","?","R","E","?","T","$","?","?","E"],"items_purchased_type":["Relic","Card","Relic"],"build_version":"2020-11-30","purchased_purges":3,"victory":false,"max_hp_per_floor":[68,68,68,68,68,68,68,68,68,68,68,68,68,68,68,68,68,68,68,68,68,68,68,68,68,68,68,68,68,68,68],"card_choices":[{"not_picked":["Turbo","Glacier"],"picked":"Lockon","floor":1},{"not_picked":["Reprogram","Steam Power"],"picked":"Compile Driver","floor":2},{"not_picked":["Streamline","Beam Cell"],"picked":"Turbo","floor":6},{"not_picked":["Recycle","Consume"],"picked":"FTL","floor":7},{"not_picked":["Tempest","Go for the Eyes"],"picked":"Conserve Battery","floor":11},{"not_picked":["Beam Cell","Darkness"],"picked":"Coolheaded","floor":13},{"not_picked":["Leap","Storm"],"picked":"Steam","floor":14},{"not_picked":["Multi-Cast","Rainbow"],"picked":"Meteor Strike","floor":16},{"not_picked":["Coolheaded","Chill"],"picked":"Redo+1","floor":18},{"not_picked":["Conserve Battery","Leap","Double Energy"],"picked":"SKIP","floor":19},{"not_picked":["Beam Cell","Aggregate"],"picked":"Capacitor+1","floor":24}],"player_experience":1007037,"relics_obtained":[{"floor":6,"key":"Emotion Chip"},{"floor":9,"key":"Centennial Puzzle"},{"floor":13,"key":"Girya"},{"floor":24,"key":"Anchor"},{"floor":26,"key":"Nunchaku"}],"event_choices":[{"damage_healed":0,"gold_gain":75,"player_choice":"Gather Gold","damage_taken":11,"max_hp_gain":0,"max_hp_loss":0,"event_name":"World of Goop","floor":3,"gold_loss":0},{"damage_healed":0,"gold_gain":0,"player_choice":"Box","damage_taken":0,"relics_obtained":["Eternal Feather"],"max_hp_gain":0,"max_hp_loss":0,"event_name":"Big Fish","floor":5,"gold_loss":0,"cards_obtained":["Regret"]},{"damage_healed":0,"gold_gain":0,"player_choice":"Read","damage_taken":0,"max_hp_gain":0,"max_hp_loss":0,"event_name":"The Library","floor":20,"gold_loss":0,"cards_obtained":["FTL"]},{"damage_healed":0,"gold_gain":0,"player_choice":"Simplicity","damage_taken":0,"max_hp_gain":0,"max_hp_loss":0,"event_name":"Back to Basics","floor":21,"gold_loss":0,"cards_upgraded":["Strike_B","Strike_B","Strike_B","Defend_B","Defend_B","Defend_B","Defend_B"]},{"damage_healed":0,"gold_gain":0,"player_choice":"Opened","damage_taken":0,"relics_obtained":["Omamori"],"max_hp_gain":0,"max_hp_loss":0,"event_name":"The Mausoleum","floor":28,"gold_loss":0,"cards_obtained":["Writhe"]}],"is_beta":false,"boss_relics":[{"not_picked":["Fusion Hammer","Philosopher\u0027s Stone"],"picked":"Cursed Key"}],"items_purged_floors":[4,12,25],"is_endless":false,"potions_floor_spawned":[2,6,13,14],"killed_by":"Gremlin Leader","ascension_level":11}}