{"host":"zi8o4akxlgxypwgb","time":1607844894,"event":{"mods":["BaseMod","Minty Spire (QoL Compilation)","Replay The Spire","StSLib","SuperFastMode"],"gold_per_floor":[114,131,143,143,161,195,224,236,236,267,267,302,302,302,302,399,399,412,412,511,511,531,861,861,892,892,910,285,285,322,357,357,471,498,522,551,577,577,577,577,618,639,639,658,679,679,714,936,936,936],"floor_reached":51,"playtime":5695,"items_purged":["Strike_G"],"score":1300,"play_id":"9cfc244f-8693-4bd9-bc28-8b3cb3e7a028","local_time":"20201213153454","is_ascension_mode":true,"campfire_choices":[{"data":"ReplayTheSpireMod:Necrosis","floor":24.0,"key":"SMITH"},{"data":"Magnetism","floor":29.0,"key":"SMITH"},{"data":"Acrobatics","floor":40,"key":"SMITH"},{"data":"Adrenaline","floor":46,"key":"SMITH"},{"data":"Acrobatics","floor":49,"key":"SMITH"}],"circlet_count":0,"master_deck":["Defend_G","Survivor","Neutralize","Unload","Acrobatics+1","Acrobatics+1","Dagger Throw","Adrenaline+1","Slice","ReplayTheSpireMod:Splinters","Deadly Poison","Flying Knee","Envenom+1","Doubt","Cloak And Dagger","Setup+1","ReplayTheSpireMod:Necrosis+1","AbeCurse","Blade Dance","Masterful Stab","Reflex","Ghostly","Ghostly","Ghostly","Ghostly","Ghostly","Dagger Throw+1","Underhanded Strike+1","Prepared+1","Slice+1","Magnetism+1","Dark Shackles","Dagger Throw+1","Blur","Bullet Time+1","Deflect+1","Caltrops+1","Envenom+1","Catalyst+1","Bane+1","Flechettes+1","Accuracy+1","Reflex","Quick Slash+1","Backflip+1","Parasite","Outmaneuver+1"],"relics":["Ring of the Snake","Meat on the Bone","Gambling Chip","Incense Burner","Pocketwatch","Ring of Misfortune","ReplayTheSpireMod:Ring of Addiction","Potion Belt","Chameleon Ring","Replay:Mystery Machine","Abe\u0027s Treasure","Old Coin","PreservedInsect","HornCleat","Strange Spoon","CeramicFish","Red Mask","MealTicket","Astrolabe","Ice Cream","Blue Candle"],"acts_visited":["Exordium","TheCity","TheBeyond"],"potions_floor_usage":[33,33,44,50,50,50,50,50,50,50,50],"damage_taken":[{"damage":0.0,"enemies":"2 Louse","floor":1.0,"turns":2.0},{"damage":0.0,"enemies":"Small Slimes","floor":2.0,"turns":4.0},{"damage":3.0,"enemies":"Cultist","floor":3.0,"turns":4.0},{"damage":20.0,"enemies":"Lots of Slimes","floor":5.0,"turns":4.0},{"damage":43.0,"enemies":"Lagavulin","floor":6.0,"turns":6.0},{"damage":5.0,"enemies":"Exordium Wildlife","floor":8.0,"turns":3.0},{"damage":17.0,"enemies":"3 Sentries","floor":10.0,"turns":8.0},{"damage":0.0,"enemies":"Gremlin Nob","floor":12.0,"turns":2.0},{"damage":4.0,"enemies":"Fading Forest","floor":16.0,"turns":11.0},{"damage":0.0,"enemies":"Shell Parasite","floor":18.0,"turns":4.0},{"damage":6.0,"enemies":"3 Byrds","floor":22.0,"turns":5.0},{"damage":0.0,"enemies":"Gremlin Leader","floor":23.0,"turns":8.0},{"damage":4.0,"enemies":"Book of Stabbing","floor":25.0,"turns":6.0},{"damage":8.0,"enemies":"Sentry and Sphere","floor":27.0,"turns":6.0},{"damage":6.0,"enemies":"Masked Bandits","floor":30.0,"turns":4.0},{"damage":3.0,"enemies":"Slavers","floor":31.0,"turns":4.0},{"damage":2,"enemies":"Pondfish","floor":33,"turns":12},{"damage":0,"enemies":"3 Darklings","floor":35,"turns":6},{"damage":0,"enemies":"3 Shapes","floor":36,"turns":5},{"damage":13,"enemies":"Sphere and 2 Shapes","floor":37,"turns":6},{"damage":1,"enemies":"Giant Head","floor":41,"turns":6},{"damage":4,"enemies":"Maw","floor":42,"turns":5},{"damage":5,"enemies":"3 Darklings","floor":44,"turns":7},{"damage":0,"enemies":"Spire Growth","floor":45,"turns":5},{"damage":0,"enemies":"Writhing Mass","floor":47,"turns":4},{"damage":7,"enemies":"Awakened One","floor":50,"turns":10}],"seed_played":"1980883725075602284","potions_obtained":[{"floor":1.0,"key":"Poison Potion"},{"floor":7.0,"key":"Adrenaline Potion"},{"floor":7.0,"key":"CultistPotion"},{"floor":8.0,"key":"GhostInAJar"},{"floor":10.0,"key":"Explosive Potion"},{"floor":11.0,"key":"Regen Potion"},{"floor":11.0,"key":"Block Potion"},{"floor":11.0,"key":"Poison Potion"},{"floor":25.0,"key":"GamblersBrew"},{"floor":31.0,"key":"FairyPotion"},{"floor":32.0,"key":"EntropicBrew"},{"floor":32.0,"key":"LiquidBronze"},{"floor":33,"key":"Doom Potion"},{"floor":35,"key":"BlessingOfTheForge"},{"floor":44,"key":"Elixir"},{"floor":45,"key":"BlessingOfTheForge"}],"is_trial":false,"path_per_floor":["M","M","M","?","M","E","?","M","T","E","?","E","?","?","R","B",null,"M","?","?","?","M","E","R","E","T","M","$","R","?","E","R","B",null,"M","M","M","?","?","R","E","M","T","M","M","R","M","?","R","B",null],"character_chosen":"THE_SILENT","items_purchased":["Strange Spoon","CeramicFish","Magnetism","Dark Shackles"],"campfire_rested":0,"item_purchase_floors":[28,28,28,28],"current_hp_per_floor":[70,70,67,64,44,13,13,20,20,15,15,27,27,27,27,45,62,62,62,62,33,27,27,27,23,23,27,27,27,21,18,18,16,26,26,26,25,25,25,25,24,20,20,15,15,15,15,15,15,20],"gold":936,"neow_bonus":"ONE_RANDOM_RARE_CARD","is_daily":false,"chose_seed":false,"campfire_upgraded":5,"win_rate":0.0,"timestamp":1607844894,"path_taken":["M","M","M","?","M","E","?","M","T","E","?","E","?","?","R","BOSS","M","?","?","?","M","E","R","E","T","M","$","R","?","E","R","BOSS","M","M","M","?","?","R","E","?","T","M","M","R","M","?","R","BOSS"],"items_purchased_type":["Relic","Relic","Card","Card"],"build_version":"2020-11-30","purchased_purges":1,"victory":true,"max_hp_per_floor":[70,70,70,70,70,70,70,70,70,70,70,70,70,70,70,68,68,68,68,68,33,33,33,33,33,33,31,31,31,29,29,29,29,29,29,29,27,27,27,25,25,25,23,23,23,23,23,21,21,21],"card_choices":[{"not_picked":["Bouncing Flask","Deadly Poison"],"picked":"Acrobatics","floor":1.0},{"not_picked":["Poisoned Stab","Dagger Spray"],"picked":"Acrobatics","floor":2.0},{"not_picked":["Noxious Fumes","Deadly Poison"],"picked":"Dagger Throw","floor":3.0},{"not_picked":["ReplayTheSpireMod:Exploit Weakness","Deadly Poison"],"picked":"Adrenaline","floor":5.0},{"not_picked":["Outmaneuver","Bane"],"picked":"Slice","floor":6.0},{"not_picked":["Acrobatics","Deflect"],"picked":"Deadly Poison","floor":7.0},{"not_picked":["Deadly Poison","Concentrate"],"picked":"Flying Knee","floor":8.0},{"not_picked":["Dodge and Roll","Masterful Stab"],"picked":"Envenom","floor":10.0},{"not_picked":["All Out Attack","Reflex"],"picked":"Cloak And Dagger","floor":12.0},{"not_picked":["Envenom","Night Terror"],"picked":"ReplayTheSpireMod:Necrosis","floor":16.0},{"not_picked":["Toxin Wave","Deflect"],"picked":"Blade Dance","floor":18.0},{"not_picked":["Eviscerate","Deflect+1"],"picked":"Dagger Throw+1","floor":22.0},{"not_picked":["Bouncing Flask","Poisoned Stab"],"picked":"Underhanded Strike+1","floor":23.0},{"not_picked":["Noxious Fumes+1","ReplayTheSpireMod:Shiv Toss+1"],"picked":"Prepared+1","floor":25.0},{"not_picked":["After Image","Outmaneuver"],"picked":"Slice+1","floor":27.0},{"not_picked":["Outmaneuver","Underhanded Strike"],"picked":"Dagger Throw+1","floor":30.0},{"not_picked":["Poisoned Stab","Blade Dance+1"],"picked":"Blur","floor":31.0},{"not_picked":["Corpse Explosion","Tools of the Trade"],"picked":"Bullet Time","floor":33},{"not_picked":["Escape Plan","Leg Sweep+1"],"picked":"Catalyst+1","floor":35},{"not_picked":["Underhanded Strike+1","Outmaneuver+1"],"picked":"Bane+1","floor":36},{"not_picked":["Dagger Spray+1","Choke"],"picked":"Flechettes+1","floor":37},{"not_picked":["Die Die Die","Prepared"],"picked":"Accuracy+1","floor":41},{"not_picked":["Accuracy+1","Endless Agony"],"picked":"Reflex","floor":42},{"not_picked":["Cloak And Dagger","Backstab"],"picked":"Quick Slash+1","floor":44},{"not_picked":["Sucker Punch+1","ReplayTheSpireMod:Speed Training"],"picked":"Backflip+1","floor":45},{"not_picked":["Dash","Crippling Poison"],"picked":"Outmaneuver+1","floor":47}],"player_experience":294543,"relics_obtained":[{"floor":6.0,"key":"Gambling Chip"},{"floor":9.0,"key":"Incense Burner"},{"floor":10.0,"key":"Pocketwatch"},{"floor":11.0,"key":"Ring of Misfortune"},{"floor":11.0,"key":"ReplayTheSpireMod:Ring of Addiction"},{"floor":11.0,"key":"Potion Belt"},{"floor":11.0,"key":"Chameleon Ring"},{"floor":12.0,"key":"Replay:Mystery Machine"},{"floor":23.0,"key":"Old Coin"},{"floor":25.0,"key":"PreservedInsect"},{"floor":26.0,"key":"HornCleat"},{"floor":30.0,"key":"Red Mask"},{"floor":31.0,"key":"MealTicket"},{"floor":41,"key":"Ice Cream"},{"floor":43,"key":"Blue Candle"}],"event_choices":[{"damage_healed":0.0,"max_hp_gain":0.0,"max_hp_loss":0.0,"gold_gain":0.0,"event_name":"Scrap Ooze","player_choice":"Success","floor":4.0,"gold_loss":0.0,"damage_taken":3.0,"relics_obtained":["Meat on the Bone"]},{"cards_removed":["Strike_G"],"damage_healed":0.0,"max_hp_gain":0.0,"max_hp_loss":0.0,"gold_gain":0.0,"event_name":"Purifier","player_choice":"Purged","floor":14.0,"gold_loss":0.0,"damage_taken":0.0},{"damage_healed":0.0,"max_hp_gain":0.0,"max_hp_loss":0.0,"gold_gain":0.0,"event_name":"Upgrade Shrine","player_choice":"Upgraded","floor":15.0,"gold_loss":0.0,"damage_taken":0.0,"cards_upgraded":["Envenom"]},{"damage_healed":0.0,"max_hp_gain":0.0,"max_hp_loss":0.0,"gold_gain":0.0,"cards_transformed":["Defend_G","Defend_G"],"event_name":"Drug Dealer","player_choice":"Became Test Subject","floor":19.0,"gold_loss":0.0,"damage_taken":0.0,"cards_obtained":["Masterful Stab","Reflex"]},{"damage_healed":0.0,"max_hp_gain":0.0,"max_hp_loss":0.0,"gold_gain":99.0,"event_name":"Nest","player_choice":"Stole From Cult","floor":20.0,"gold_loss":0.0,"damage_taken":0.0},{"damage_healed":0.0,"max_hp_gain":0.0,"max_hp_loss":33.0,"gold_gain":0.0,"event_name":"Ghosts","player_choice":"Became a Ghost","floor":21.0,"gold_loss":0.0,"damage_taken":0.0,"cards_obtained":["Ghostly","Ghostly","Ghostly","Ghostly","Ghostly"]},{"damage_healed":0.0,"max_hp_gain":0.0,"max_hp_loss":0.0,"gold_gain":0.0,"event_name":"Masked Bandits","player_choice":"Fought Bandits","floor":30.0,"gold_loss":0.0,"damage_taken":0.0},{"cards_removed":["Defend_G"],"damage_healed":0,"gold_gain":0,"player_choice":"Removed Skill","damage_taken":0,"max_hp_gain":0,"max_hp_loss":0,"event_name":"Falling","floor":38,"gold_loss":0},{"damage_healed":0,"gold_gain":0,"player_choice":"Upgraded","damage_taken":0,"max_hp_gain":0,"max_hp_loss":0,"event_name":"Upgrade Shrine","floor":39,"gold_loss":0,"cards_upgraded":["Bullet Time"]},{"damage_healed":0,"gold_gain":222,"player_choice":"Wore Mask","damage_taken":0,"max_hp_gain":0,"max_hp_loss":0,"event_name":"Tomb of Lord Red Mask","floor":48,"gold_loss":0}],"is_beta":false,"boss_relics":[{"not_picked":["Ectoplasm","Snecko Heart"],"picked":"Abe\u0027s Treasure"},{"not_picked":["SlaversCollar","ReplayTheSpireMod:DimensionalGlitch"],"picked":"Astrolabe"}],"items_purged_floors":[28],"is_endless":false,"potions_floor_spawned":[1,8,10,25,31,33,35,44,45],"ascension_level":5}}